4106 6344
523 152 584 207 11
1596 150 1655 208 S.
1695 147 2061 210 PHCEBADII
2100 147 2317 209 EPISC.
2351 148 2767 208 AGINNENSIS
3766 149 3834 207 η

524 283 664 332 ηιιιε.
699 273 757 324 et
796 267 1119 324 Arianorum
1150 265 1395 338 perﬁdia:
1433 265 1732 325 insectator
1773 267 2074 324 acerrimus
2103 285 2118 320 :
2146 268 2199 331 Α
2226 265 2417 321 iisdem
2449 267 2583 322 viris
2613 266 2708 322 cll.
2738 264 2912 336 magis
2934 263 3238 335 probantur
3260 278 3456 321 eccum
3481 263 3706 336 placito,
3739 266 3831 332 qui

523 365 722 419 charos
792 373 1083 434 propterea
1145 376 1256 432 prae
1307 361 1521 417 caeteris
1592 371 1781 416 sancto
1834 361 2126 416 Ambrosio

529 458 918 515 Mediolanensi
961 456 1242 527 episcopo,
1273 465 1332 510 ut
1369 471 1441 510 ex
1480 453 1653 526 ipsius
1684 455 1914 525 epistola
1947 453 2123 508 eidem

526 551 825 608 Phtebadio
862 566 926 606 ac
976 549 1244 622 Delphino
1277 548 1657 620 Burdigalensi
1707 541 1930 619 praesuli
1963 547 2130 603 simul

530 647 793 716 inscripta
827 643 1182 718 intelligimus
1212 643 1312 714 (α).
1338 641 1609 699 Caeterum
1635 642 1754 712 ejus
1781 642 2042 697 memoria
2072 642 2126 696 in

530 739 728 794 tabulis
770 737 1016 793 ecclesiae
1064 737 1396 807 Agiuuensis
1443 736 1704 791 recolilur
1750 735 1842 791 die
1868 734 2130 806 S5Apri-

523 833 612 888 lis.
641 831 756 900 Qua
779 830 850 886 de
874 843 936 886 re
966 830 1214 901 pluribus
1248 827 1540 902 Dionysius
1565 827 2021 887 Samarttianus
2051 825 2132 901 (ὁ)

527 934 582 981 et
615 923 957 979 Bollandiani
995 919 1092 993 (ε),

598 1017 674 1071 Ex
708 1015 775 1071 iis
802 1030 966 1086 porro
993 1015 1297 1070 litterarum
1330 1014 1700 1069 monumentis
1725 1029 1848 1083 qua:
1872 1012 1942 1067 ad
1971 1012 2128 1068 ﬁdem

527 1107 974 1180 propugnandam
1027 1106 1262 1176 posteris
1319 1101 1726 1161 commendavit
1775 1103 2128 1172 thbadius,

525 1220 692 1258 unum
724 1212 991 1258 memorat
1020 1201 1222 1256 Doctor
1262 1200 1563 1266 maximus;
1601 1198 1808 1269 reliqua
1841 1214 1970 1255 vero
2011 1213 2132 1268 quin

526 1297 596 1352 ab
626 1295 818 1352 eodem
851 1301 1077 1350 auctore
1111 1294 1412 1364 perscripta
1448 1295 1792 1357 ferebantur,
1825 1301 1886 1348 se
1917 1305 2026 1346 non
2058 1289 2133 1346 le-

525 1389 673 1459 gisse
712 1389 1000 1460 prolitetur
1035 1387 1117 1459 (d)
1148 1404 1161 1439 :
1196 1384 1403 1452 Edidit,
1448 1386 1649 1457 inquit,
1695 1394 1874 1439 contra
1915 1386 2134 1440 Arianos

527 1485 737 1539 librum.
767 1481 1030 1537 Dicuntur
1056 1493 1100 1536 et
1139 1483 1250 1552 ejus
1281 1499 1392 1537 esse
1422 1483 1529 1536 alia
1557 1483 1834 1554 apuscula,
1866 1497 1982 1552 qua:
2013 1498 2133 1536 nec-

529 1576 654 1630 dum
701 1574 825 1648 legi.
874 1575 942 1630 Et
981 1581 1159 1629 exstat
1205 1574 1423 1643 quidem
1479 1574 1608 1628 liber
1661 1561 1839 1628 contra
1888 1575 2131 1640 Arianos,

2229 358 2345 412 sive
2388 357 2584 428 Vigilio
2607 357 2894 425 Tapsensi,
2931 358 3046 413 sive
3075 357 3340 430 Gregorio
3371 357 3719 412 liliberitanae
3748 372 3835 414 se-

2231 452 2316 510 dis
2342 453 2396 508 in
2433 453 2710 522 provincia
2742 454 2936 508 Bmtica
2980 455 3240 525 episeopo
3276 452 3667 510 ascribendum
3699 468 3838 524 Opus

2230 555 2584 603 censncnint.
3831 536 3839 545 '

2305 643 2371 698 Et
2396 644 2516 712 jure
2546 643 2752 713 optimo
2779 643 3063 709 enimvero
3089 661 3102 697 :
3136 659 3260 698 nam
3293 645 3459 700 totius
3487 646 3680 716 operis
3709 661 3840 701 cono

2231 745 2413 792 ton-tus
2459 737 2746 809 styiusque
2789 751 2964 790 unum
3007 736 3168 805 plane
3210 730 3566 794 thbadlum
3611 739 3836 793 clamat.

2232 821 2302 885 Et
2328 829 2563 902 primum
2585 823 2805 901 quidem
2830 829 2932 885 sub
2965 828 3183 886 initium
3216 838 3403 892 auctor
3422 830 3520 904 (lit)
3543 847 3554 885 ι
3581 831 3707 886 lam
3735 832 3839 902 pri-

2235 926 2378 990 dem,
2441 925 2645 995 inquit,
2703 925 2950 978 adversus
3005 924 3225 978 Arianos
3273 923 3508 979 libellum
3555 925 3838 980 edideram.

2235 1017 2445 1087 Ecquis
2475 1034 2606 1074 vero
2635 1033 2748 1074 non
2776 1017 2956 1074 videat
2987 1017 3136 1072 hisee
3176 1019 3361 1073 verbis
3402 1019 3724 1087 praecedens
3762 1019 3844 1073 in-

2235 1109 2402 1167 dieari
2429 1109 2768 1181 Opusculum.
2796 1111 2986 1181 procul
3012 1111 3178 1167 dubio
3206 1112 3656 1179 Phasbadianum,
3682 1121 3844 1183 atque

2236 1203 2307 1258 ita
2341 1204 2556 1272 quidem
2589 1203 2928 1273 inscriptum,
2964 1204 3420 1274 quemadmodum
3448 1215 3501 1258 et
3539 1205 3669 1259 illud
3714 1205 3842 1281 Ilie-

2238 1303 2499 1368 rony'mus
2527 1298 2864 1352 nominavit?
2896 1297 2978 1351 Ad
3004 1297 3121 1352 luce
3150 1298 3368 1353 easdem
3393 1299 3648 1369 loquendi
3681 1301 3846 1353 ratio-

2239 1407 2336 1448 nes
2374 1401 2602 1462 utroquc
2654 1393 2706 1446 in
2759 1407 2928 1462 Opere
2969 1393 3378 1462 comperimus:
3414 1393 3702 1463 utrobique
3750 1392 3848 1448 Sa-

2240 1484 2460 1555 pientiae
2491 1483 2630 1538 liber
2656 1485 2758 1539 sub
2782 1485 3005 1540 nomine
3028 1484 3339 1543 Salomonis
3371 1486 3621 1540 laudatur
3647 1485 3765 1557 (n);
3795 1497 3850 1542 et

2241 1579 2549 1649 symbolum
2583 1576 2884 1645 Nicmnum,
2920 1589 3175 1634 tractatus
3217 1579 3462 1634 Nira’nus
3491 1590 3719 1635 vocatur
3749 1580 3846 1653 (0).

526 1686 687 1744 quem
706 1669 951 1724 exaravit
974 1667 1165 1724 beatus
1185 1668 1412 1722 antistes
1433 1667 1498 1722 ad
1523 1667 1823 1723 secundum
1847 1666 2138 1723 formulam
2171 1670 2218 1732 Β
2246 1669 2552 1741 Utrobique
2569 1669 2880 1724 Sabelliana
2914 1669 3144 1726 haeresis
3181 1688 3305 1727 cum
3343 1674 3540 1726 Ariana
3570 1673 3854 1743 conjungi-

531 1763 890 1819 Sirmiensem
946 1762 1160 1830 penitus
1212 1759 1637 1832 proﬂigandam,
1691 1757 1756 1815 ab
1810 1751 2030 1816 Arianis
2082 1760 2136 1815 in

531 1855 736 1914 Gallias
769 1855 1013 1921 missam,
1036 1853 1338 1925 Latineque
1363 1855 1733 1925 conscriptam
1759 1863 1815 1908 ut
1842 1865 2036 1908 auctor
2055 1862 2140 1910 est

534 1951 872 2008 Athanasius
903 1949 1008 2022 (e),
1051 1960 1214 2020 atque
1255 1951 1324 2005 ab
1365 1949 1574 2006 Hilario
1616 1949 1843 2004 relatam
1888 1947 1982 2021 (Ι).
2029 1949 2139 2004 Hu-

527 2043 771 2116 iusmodi
803 2053 982 2098 autem
1011 2042 1334 2112 Opusculum
1367 2056 1490 2097 eum
1522 2042 1642 2096 aliis
1673 2041 1953 2098 nonnullis
1994 2042 2139 2098 anti-

531 2151 761 2210 quorum
782 2137 1001 2206 scriptis
1029 2133 1239 2208 primus
1261 2135 1536 2207 evolgavit
1563 2135 1798 2192 Genequ
1827 2149 1970 2190 anno
2000 2134 2139 2191 1570

531 2223 858 2287 Theodorus
884 2229 1022 2285 Beza
1046 2247 1060 2296 ;
1089 2229 1229 2284 unde
1253 2229 1307 2284 in
1329 2228 1548 2285 Patrum
1573 2230 1932 2286 bibliothecas
1957 2242 2137 2288 trans-

532 2324 615 2381 iit.
661 2323 870 2380 Deinde
911 2323 1275 2396 quorumdam
1327 2334 1569 2378 veterum
1613 2324 1889 2380 Gallorum
1927 2325 2136 2382 theolo-

525 2429 720 2488 gorum
754 2417 1013 2486 Operibus
1046 2417 1338 2482 intextum,
1371 2414 1515 2471 Petri
1544 2405 1740 2474 Pithoei
1779 2417 1958 2472 studio
1986 2416 2138 2472 Pari-

530 2513 628 2568 siis
660 2511 865 2583 prodiit
891 2526 1034 2565 anno
1083 2511 1246 2566 1586.
1288 2511 1592 2582 Separatim
1642 2521 1907 2582 prmterea
1956 2513 2134 2580 ipsum

530 2611 652 2661 eum
700 2601 846 2659 notis
890 2604 1060 2660 edidit
1081 2602 1288 2674 Caspar
1318 2603 1570 2660 Barthius
1601 2604 1947 2660 Francolurti
1995 2621 2137 2660 anno

533 2693 700 2754 1625.
730 2695 975 2765 Denique
1008 2697 1231 2754 Parisiis
1261 2699 1456 2754 iterum
1501 2715 1644 2753 anno
1695 2699 1830 2754 1666
1869 2695 2139 2755 excuden-

527 2792 656 2848 dum
696 2795 912 2848 curavit
945 2785 1300 2848 Delalandius
1328 2792 1428 2867 (g).
1463 2793 1739 2865 Scriptum
1782 2806 1962 2851 autem
2001 2810 2138 2867 opus

530 2886 727 2942 merito
773 2885 1122 2942 existimatur
1147 2901 1293 2941 anno
1331 2887 1554 2942 circiter
1580 2901 1806 2942 CCCLVIII
1847 2887 2024 2944 adhuc
2047 2903 2137 2944 su-

529 2980 760 3052 perstile
805 2975 968 3034 Hosio
999 2973 1342 3035 Cordubensi
1373 2980 1462 3049 qui
1517 2979 1797 3034 laudatum
1843 2977 2135 3037 formulam

2245 1773 2331 1818 tur
2360 1764 2462 1834 (p).
2495 1763 2694 1818 Eadem
2729 1774 2994 1834 praeterea
3026 1766 3319 1836 utrobique
3356 1766 3631 1834 doctrina,
3664 1767 3754 1823 ubi
3786 1767 3854 1824 de

2241 1858 2456 1914 ratione
2481 1857 2663 1927 agitur
2687 1874 2789 1925 qua
2821 1858 2962 1912 Deus
2995 1858 3235 1928 antiquis
3266 1859 3514 1928 patribus
3544 1875 3604 1915 se
3636 1862 3853 1930 conspi-

2242 1949 2494 2005 ciendum
2529 1948 2779 2018 praebuit.
2813 1949 2893 2021 (ᾳ)
2929 1949 3130 2006 Eadem
3154 1953 3388 2022 denique
3429 1953 3723 2024 utrobique
3758 1969 3852 2009 eo-

2241 2045 2489 2101 rumdem
2535 2043 2821 2112 scripturae
2873 2044 3122 2102 locorum
3172 2047 3600 2116 interpretatio,
3649 2048 3741 2102 ubi
3789 2048 3855 2104 de

2245 2155 2494 2210 personat
2509 2154 2600 2194 um
2621 2137 2978 2195 distinctione
3000 2155 3186 2196 sermo.
3205 2140 3455 2196 habetur.
3481 2141 3612 2197 llaec
3635 2141 3856 2209 aliaque

2241 2232 2521 2303 complura
2541 2230 2704 2288 latius
2724 2239 3054 2301 pertractata
3076 2233 3268 2290 videas
3285 2234 3424 2300 apud
3444 2233 3672 2290 Gallicae
3687 2234 3857 2291 histo-

2242 2329 2337 2384 rire
2361 2327 2640 2383 litterariae
2659 2327 2985 2396 scriptores,
3001 2343 3140 2400 quos
3165 2329 3326 2386 modo
3345 2330 3514 2385 semel
3543 2328 3858 2402 iterumque

2243 2421 2608 2478 laudavimus.

2315 2517 2448 2576 Illud
2480 2531 2646 2586 porro
2675 2517 2966 2575 advertere
2997 2518 3224 2588 iuverit.
3257 2517 3404 2589 quod
3433 2517 3636 2573 nemini
3669 2517 3854 2575 hacte-

2247 2628 2348 2674 nus
2391 2612 2746 2668 observatum
2790 2629 2805 2669 :
2858 2611 3216 2672 thbadium
3247 2613 3456 2670 scilicet
3498 2614 3853 2669 consuevisse

2242 2707 2650 2764 lucubrationes
2674 2723 2802 2764 suae
2832 2708 3002 2766 tacito
3030 2709 3271 2764 auctoris
3307 2710 3530 2763 nomine
3566 2707 3622 2761 in
3656 2708 3850 2778 vulgus

2241 2802 2512 2863 emittere,
2559 2806 2619 2854 ut
2659 2799 2890 2869 ipsemet
2921 2810 3153 2856 testatur
3177 2800 3268 2858 ubi
3295 2799 3370 2853 ait
3399 2797 3492 2871 (r),
3529 2816 3548 2851 ι
3582 2813 3642 2856 se
3671 2799 3850 2854 amico

2244 2893 2528 2964 legendum
2560 2892 2780 2951 dedisse
2826 2893 3056 2948 libellum
3097 2893 3342 2948 adversus
3373 2892 3620 2958 Arianae,
3659 2892 3852 2947 simul-

2246 3003 2353 3056 que
2382 2987 2451 3042 ab
2480 3003 2548 3044 eo
2569 3001 2899 3058 magnopere
2923 2989 3249 3058 postulasse,
3277 2993 3337 3040 ut
3357 2986 3575 3040 interim
3603 2985 3849 3039 dissimu-

531 3072 890 3131 Sirmiensem
935 3071 1375 3144 subsignaverat,
1409 3083 1460 3128 ut
1509 3089 1578 3129 ex
1611 3075 1728 3144 ipso
1765 3087 1990 3132 auctore
2017 3091 2134 3132 eru-

2246 3083 2354 3140 ιαω
2381 3097 2610 3149 auctore,
2637 3083 2820 3139 doct-is
2867 3084 2995 3138 viris
3020 3093 3079 3137 et
3117 3079 3473 3151 prudentibus
3504 3080 3745 3150 legeret;
3789 3088 3848 3135 ut

529 3165 710 3222 dimur
741 3165 848 3238 (Ιι).

604 3261 810 3319 Verum
861 3276 970 3316 non
1019 3260 1245 3332 huj‘usee
1286 3268 1492 3315 tantum
1550 3259 1671 3318 libri
1723 3273 1920 3318 auctor
1968 3263 2139 3319 fuisse

530 3356 852 3429 perhibetur
881 3363 1072 3412 noster
1103 3355 1429 3426 Aginnensis
1459 3356 1706 3410 antistes.
1744 3356 2136 3429 Hieronymum

531 3453 676 3509 enim
727 3449 893 3505 modo
949 3458 1296 3504 euarrantem
1350 3447 1686 3514 audivimus,
1735 3450 1838 3505 alia
1892 3448 2138 3521 ejusdem

531 3543 820 3618 Scriptori‘s
848 3544 1112 3615 npuscula
1145 3559 1244 3598 suo
1289 3552 1534 3614 tempore
1566 3544 1870 3620 exstitisse,
1895 3563 2015 3618 quae
2056 3555 2137 3601 ta-

533 3657 660 3698 men
713 3639 1027 3708 neutiquam
1079 3636 1198 3708 ipse
1251 3637 1459 3709 legerit.
1515 3638 1580 3694 Et
1633 3639 1865 3696 alterum
1917 3640 2136 3710 quidem

533 3735 833 3793 etiamnum
857 3741 1109 3804 superest
1133 3733 1454 3803 prmclarum
1476 3748 1614 3805 opus
1633 3733 1698 3788 de
1718 3733 1823 3804 ﬁde
1847 3736 2138 3791 orthodoxa

535 3839 715 3885 contra
736 3827 961 3882 Arianos
985 3825 1126 3897 quod
1156 3840 1254 3880 nos
1279 3825 1487 3895 abstine
1513 3827 1619 3881 ulla
1643 3829 1998 3885 cunctatione
2024 3829 2139 3886 vel-

534 3932 596 3978 ut
655 3922 956 3993 genuinum
1013 3918 1293 3975 Phtebadii
1352 3919 1522 3976 fctum
1579 3922 1965 3991 agnoscimus,
2023 3924 2137 3979 sive

532 4013 852 4088 Hieronymi
899 4012 1088 4080 ductu,
1117 4015 1237 4068 sive
1281 4012 1422 4070 haud
1471 4013 1680 4069 levibus
1712 4018 1986 4071 rationum
2019 4034 2138 4072 mo-

532 4110 732 4166 mentis
781 4107 1035 4176 permoti,
1067 4122 1202 4176 quas
1249 4108 1302 4162 in
1351 4106 1586 4162 medium
1635 4108 1978 4176 protulerunt
2007 4126 2134 4166 eru-

535 4202 794 4260 ditissimi
817 4201 919 4256 viri
954 4199 1017 4271 (i)
1041 4199 1106 4254 ad
1132 4201 1376 4256 eamdem
1403 4201 1730 4257 sententiam
1761 4204 2130 4260 astruendam.

535 4297 729 4354 Exstat
755 4311 918 4367 porro
945 4293 1253 4364 hujusmodi
1286 4295 1425 4350 liber
1449 4295 1590 4351 inter
1617 4295 1864 4369 Gregorii
1907 4299 2136 4356 Nazian-

534 4393 655 4448 zeni
706 4393 776 4462 (j)
817 4401 871 4446 et
911 4389 1183 4445 Ambrosii
1231 4388 1311 4464 (k)
1356 4405 1522 4460 opera
1572 4392 1853 4463 evulgata;
1902 4410 2132 4465 quorum

2241 3176 2287 3231 si
2312 3193 2472 3246 quem
2500 3176 2790 3243 movisset,
2817 3175 2964 3242 quod
2993 3176 3104 3230 illic
3127 3175 3251 3243 plus
3281 3180 3376 3227 aut
3401 3172 3583 3226 minus
3610 3174 3844 3240 positum

2242 3269 2544 3334 videretur,
2587 3279 2775 3340 posset
2815 3268 3178 3339 plurimorum
3223 3266 3457 3322 consilio
3483 3266 3785 3322 emendari.
3821 3284 3840 3319 δ

2241 3362 2370 3420 Haec
2401 3364 2511 3420 ille.
2541 3362 2722 3434 Atque
2745 3364 2816 3420 ita
2846 3377 3066 3434 quoque
3091 3379 3154 3419 se
3178 3361 3410 3434 gmserit
3436 3374 3662 3418 sanctus
3687 3360 3846 3417 Pater

2241 3456 2296 3510 iu
2327 3472 2396 3515 eo
2418 3457 2752 3526 evulgaudo,
2783 3457 2852 3514 de
2881 3473 2988 3528 quo
3018 3457 3182 3514 verba
3213 3456 3461 3512 Eruimus.
3513 3455 3652 3510 Hinc
3693 3469 3843 3522 vero,

2242 3560 2302 3604 ut
2347 3566 2447 3621 par
2475 3560 2561 3606 est
2597 3551 2899 3621 conjicere,
2942 3561 3062 3606 orta
3092 3553 3314 3606 occasio.
3355 3549 3663 3619 huiusmodi
3709 3562 3845 3618 opus

2239 3647 2509 3718 Gregorio
2557 3645 2904 3702 Nician-mna
2933 3654 2989 3700 et
3029 3646 3345 3710 Ambrosio,
3391 3645 3556 3698 tantis
3582 3642 3843 3698 Ecclesiae

2241 3743 2359 3796 sive
2389 3742 2595 3798 Graecae
2627 3739 2743 3794 sive
2771 3738 2976 3794 Latium
3026 3737 3270 3807 patribus
3293 3778 3306 3798 ,
3365 3735 3696 3791 aseribendi.
3743 3739 3845 3788 Ae-

2238 3835 2386 3892 cedit
2413 3843 2704 3906 praeterea,
2735 3843 2794 3887 ut
2827 3830 2957 3886 viris
2983 3830 3162 3886 doctis
3191 3829 3655 3895 animadversum,
3697 3827 3843 3899 quod

2239 3945 2310 3986 ex
2338 3929 2530 3984 eodem
2578 3924 2856 3982 Plimbadii
2891 3939 3060 3993 opere
3093 3923 3340 3978 avulsum
3386 3921 3752 3990 fragmentum
3783 3920 3846 3976 li-

2241 4024 2337 4080 bro
2366 4024 2431 4078 de
2460 4021 2640 4076 Patris
2666 4031 2712 4075 et
2744 4019 2874 4074 Filii
2906 4019 3102 4073 unitate
3126 4017 3396 4073 intextum
3419 4016 3546 4082 iuit,
3574 4016 3666 4084 qui
3703 4016 3843 4071 inter

2238 4116 2426 4172 llilarii
2455 4114 2792 4170 Pictavensis
2821 4125 2986 4179 opera
3035 4110 3420 4168 circuadiertur
3450 4109 3557 4181 (ι),
3593 4122 3696 4164 nec
3732 4121 3842 4163 non

2237 4209 2475 4268 sermoni
2501 4223 2659 4275 quem
2683 4205 2990 4263 diutissime
3012 4202 3318 4274 Augustino
3341 4201 3730 4271 ailjndi'earunt
3749 4200 3840 4268 (ε).

2239 4304 2371 4371 Qum
2404 4305 2586 4373 utique
2630 4301 2814 4356 omnia
2858 4298 3090 4369 junctim
3135 4307 3380 4365 accepta.
3408 4295 3592 4362 operis
3617 4301 3674 4348 et
3701 4293 3845 4350 antis

2239 4396 2501 4465 quitatem
2555 4399 2787 4460 arguunt
2831 4399 2886 4444 et
2929 4388 3286 4468 elegantiam,
3331 4385 3605 4455 simulque
3649 4395 3841 4442 aucto-

532 4493 718 4540 tamen
757 4483 973 4554 utrique
1015 4481 1434 4553 abjudicandum
1465 4498 1610 4552 esse,
1641 4484 1926 4544 doctorum
1961 4487 2137 4542 homi-
2162 4471 2216 4530 D
2241 4504 2357 4544 rem
2384 4488 2628 4544 doctrina
2669 4496 2719 4541 et
2749 4483 3057 4540 eruditione
3095 4491 3447 4552 praestantem
3476 4481 3651 4536 virum
3678 4482 3835 4539 evin-

535 4595 667 4637 num
725 4577 907 4634 studio
957 4576 1263 4633 luculenter
1313 4586 1595 4635 ostensum
1641 4581 1726 4651 (ι).
1774 4580 1962 4652 Neque
2008 4596 2138 4638 vero

603 4782 680 4856 (α)
711 4780 965 4856 Ambros.
997 4779 1436 4856 epist.__87,_opp.
1470 4788 1605 4836 tom.
1640 4781 1706 4856 ll,
1735 4797 1788 4851 ῃ.
1827 4783 1983 4856 1106.

631 4851 683 4922 ὁ)
707 4854 1057 4923 Sammartli.
1088 4851 1230 4907 Gall.
1265 4851 1470 4907 Christ.
1502 4863 1634 4906 tom.
1665 4853 1728 4912 ll.
1761 4869 1812 4923 p.
1840 4853 1966 4908 896.

631 4858 683 4922 b)
724 4858 1057 4907 Sammartlt.
1088 4858 1230 4907 Gall.
1265 4858 1470 4907 Christ.
1502 4863 1634 4906 tom.
1667 4858 1728 4912 ll.
1761 4869 1812 4923 p.
1840 4858 1966 4908 896.

529 4939 537 4982 .'
602 4858 679 4998 ie)
705 4919 952 4980 Bolland.
984 4925 1105 4998 Mt.
1137 4923 1240 4978 SS.
1276 4923 1453 4994 April.
1485 4931 1620 4978 tom.
1653 4923 1740 4989 IIl,
1775 4941 1827 4996 p.
1863 4925 1985 4980 566.

631 5002 686 5067 d)
723 4998 948 5051 Hienm.
979 4996 1020 5049 l.
1047 5010 1096 5050 c.

631 5002 686 5067 ά)
723 4999 948 5051 Hier-im.
979 4999 1020 5049 l.
1047 5010 1096 5050 c.

605 4999 910 5195 $.78‘)“Alhﬂti.
955 5068 1023 5123 de
1064 5066 1294 5137 Synod.,
1337 5066 1365 5137 §
1405 5065 1497 5129 ‘28,
1546 5081 1672 5136 opp.
1724 5075 1763 5121 t.
1804 5068 1842 5135 Ι,
1883 5078 2020 5139 part.
2073 5086 2130 5137 ιι,

528 5157 589 5215 p.
621 5157 746 5198 7M.

607 5218 677 5286 in
715 5212 884 5286 llilar.
919 5210 986 5286 d_e
1009 5207 1218 5286 Synod.
1307 5206 1392 5262 ιο.

609 5277 897 5354 (ὣυθιίὶιι
933 5277 1213 5354 supplent.
1246 5277 1456 5354 Concil.
1486 5277 1630 5354 Gali.
1653 5295 1757 5354 pp,
1789 5282 1947 5340 δοθῇ,

608 5343 977 5428 Ἰξιιωικξςι.
1012 5343 1109 5428 lib.
1143 5359 1329 5428 centri)
1362 5347 1551 5402 Arian.
1583 5348 1615 5421 ᾗ
1644 5343 1747 5413 ἐξ,
1777 5355 1944 5410 ium...

595 5419 837 5500 (illiust.
896 5424 995 5476 litt.
1055 5423 1118 5475 de
1170 5420 1224 5473 la
1275 5419 1517 5486 France,
1567 5419 1702 5478 tum.
1757 5428 1796 5488 l,
1851 5439 1992 5498 part.
2051 5446 2125 5496 ll,

525 5516 618 5574 PD-
648 5501 756 5574 97.5
793 5509 943 5574 “qs.
1040 5559 1042 5561 μ

605 5574 682 5644 (j)
703 5573 866 5644 (ἐπιδ.
899 5562 1030 5617 Naz.
1057 5563 1307 5644 πωπω,
1345 5573 1634 5644 0pp._tom,
1657 5567 1813 5644 Mm.
1842 5571 2130 5644 "79mm

551 5717 560 5726 ι
595 5594 693 5770 id};
697 5594 974 5768 ξῖιῖἒὶτᾶὲῗ
983 5594 1038 5687 ’ῖι
1051 5594 1813 5707 @3235."inii'."'ii,'j"};,""£1"g
1843 5594 2123 5702 sum:

551 5730 593 5770 IS
601 5757 612 5770 .
745 5750 757 5764 σ
1489 5747 1494 5750 ·
1826 5748 1828 5750 ·

514 5730 612 5772 l‘lS.
650 5730 757 5770 DD.
1489 5747 1494 5750 -
1826 5748 1828 5750 -

2242 4589 2391 4638 cunt.

2312 4784 2380 4855 (ι.)
2411 4785 2624 4857 Nourry
2671 4785 3041 4858 adiAmbros.
3079 4785 3328 4858 Append.
3381 4787 3418 4842 Ι.
3470 4801 3562 4850 c.;
3604 4784 3834 4858 _Tillem.

2242 4856 2400 4936 hiem.
2428 4858 2561 4936 eccl.
2595 4856 2842 4936 tumqui,
2875 4856 3350 4936 p._7‘27,_uot._64,
3377 4875 3470 4914 sur
3588 4856 3837 4932 Grégoin
3943 4909 3960 4936 ι

2239 4929 2304 4983 de
2330 4929 2634 4995 Nazianze;
2672 4930 2896 4985 Histoire
2924 4932 3028 4986 litt.
3061 4933 3123 4986 de
3154 4933 3205 4987 la
3236 4931 3462 4994 France,
3496 4931 3532 4984 l.
3563 4946 3613 4985 c.

2311 5000 2407 5073 (ιη)
2437 5002 2697 5057 thhad.
2723 5002 2794 5058 de
2827 5003 2961 5058 Fide
2983 5005 3198 5058 orthod.
3221 5019 3271 5059 c.
3301 5004 3357 5064 ‘2,
3391 5001 3552 5057 infra.

2297 5071 2396 5154 in)
2428 5073 2539 5135 ld.,
2572 5075 2698 5130 libr.
2734 5086 2923 5130 contra
2954 5077 3220 5137 Arianos,
3260 5074 3324 5147 §§
3357 5076 3410 5141 7,
3446 5074 3504 5128 ll
3528 5114 3544 5142 ,
3577 5090 3666 5144 pp.
3701 5071 3827 5138 251,

2235 5141 2374 5201 25:2:
2405 5147 2471 5200 de
2502 5145 2620 5200 Fid.
2650 5145 2867 5201 Orthod.
2900 5163 2946 5200 c.
2983 5147 3032 5201 5.
3068 5164 3120 5201 ι).
3153 5147 3280 5200 261.

2312 5160 2374 5211 2;
2405 5160 2471 5200 ue
2502 5160 2620 5200 rm.
2650 5160 2867 5202 orrnoo.
2900 5163 2946 5200 c.
2983 5160 3032 5204 δ,
3068 5160 3280 5211 p.21”.

2312 5164 2374 5211 z;
2405 5164 2471 5200 ue
2502 5164 2620 5200 rm.
2650 5164 2867 5202 orrnoa.
2900 5164 2946 5200 c.
2983 5164 3032 5204 δ.
3068 5164 3120 5218 ρ.
3153 5164 3298 5216 2m,

2309 5217 2385 5290 (υ)
2420 5218 2521 5279 ld.,
2555 5220 2680 5274 libr.
2710 5231 2898 5274 contra
2921 5218 3174 5285 Arianos,
3203 5218 3231 5290 §
3257 5210 3350 5286 ‘27,
3378 5227 3431 5286 p.
3451 5211 3591 5285 2‘56;
3619 5215 3686 5272 de
3711 5213 3826 5270 Fid.

2234 5291 2530 5363 orthod.c.
2565 5292 2707 5363 8,_p.
2737 5292 2863 5363 $64.

2307 5362 2385 5432 (ρ)
2421 5362 2502 5418 ld.
2535 5355 2700 5428 ibidI,
2735 5355 2762 5435 ς
2795 5365 2883 5430 l3,
2917 5357 3108 5435 p.253
3133 5363 3248 5435 ;_de
3282 5361 3401 5417 rm.
3438 5377 3488 5415 c.
3525 5361 3580 5428 8,
3617 5375 3668 5435 ι).
3698 5358 3828 5415 est.

2307 5436 2380 5508 (q)
2411 5435 2486 5508 Id.
2525 5435 2676 5508 ibid?
2701 5433 2862 5508 ς17ἲ
2885 5433 3105 5508 p.234;
3131 5433 3199 5508 de
3232 5435 3351 5490 Fid.
3376 5449 3426 5508 e.
3453 5435 3507 5498 8,
3540 5450 3592 5504 p.
3619 5433 3751 5492 264.

2307 5503 2378 5575 (θλ)
2407 5507 2482 5561 ld.
2516 5507 2583 5561 de
2613 5503 2739 5562 Fid:
2763 5503 3053 5562 orthodox.
3085 5507 3115 5579 ς
3145 5507 3201 5569 2,
3234 5523 3286 5575 p.
3319 5507 3449 5579 257.

2309 5581 2378 5650 (δ)
2415 5579 2585 5650 llilar.
2614 5595 2741 5650 opp.
2775 5589 2904 5632 tom.
2941 5579 3005 5640 ll,
3039 5577 3226 5650 p.'7l9
3256 5580 3341 5634 ed.
3379 5577 3586 5650 Veron.

2304 5649 2552 5722 (t)_Aug.
2602 5667 2731 5722 opp.
2785 5661 2915 5708 tom.
2963 5651 3004 5707 ν
3044 5649 3107 5707 in
3163 5649 3415 5722 Append.
3466 5657 3633 5706 serui.
3699 5649 3824 5718 115,

2231 5720 2351 5792 ρας.
2377 5720 2602 5780 med:
2629 5721 2754 5779 ΒΕ.
2776 5723 2948 5780 Poris.
3093 5741 3100 5744 ”
3195 5720 3260 5743 ν⁷⁷
