4106 6344
426 167 496 228 15

438 377 570 431 tium
600 374 679 429 sic
709 373 1000 429 ascribilur
1021 415 1034 434 .
1071 372 1160 427 ﬁni
1190 372 1459 427 obnoxius
1486 385 1594 425 non
1628 383 1876 441 negetur.
1904 370 2042 425 Sub-

431 474 615 542 jectus
662 469 862 523 deinde
908 467 1057 522 Patri
1106 467 1279 522 Filius
1329 466 1564 532 dicitur;
1600 482 1706 519 non
1756 475 1938 519 tamen
1988 473 2045 519 ut

436 565 611 622 Filius
655 562 835 629 Patri,
868 561 963 616 sed
997 571 1055 616 ut
1110 577 1300 616 servus
1335 561 1592 625 Domino,
1622 575 1746 613 cum
1798 558 2045 629 legamus

439 674 657 713 servum
690 653 965 711 baaredem
992 670 1114 710 esse
1143 671 1248 709 non
1284 669 1464 725 posse.
1488 653 1726 723 Denique
1754 668 1877 707 cum
1901 650 2047 706 omni

440 761 691 808 creatura
720 748 1004 817 subjectus
1035 750 1145 803 Deo
1170 747 1406 803 refertur
1426 789 1440 814 ,
1472 745 1793 811 invisibilis,
1827 745 2050 799 immor-

441 842 566 898 talis
596 842 760 897 Pater
784 841 1098 907 nuntiatur,
1130 852 1185 895 ut
1216 839 1427 894 scilicet
1458 838 1509 893 itt
1541 836 1829 892 contrariis
1859 851 2047 893 eorum

442 936 616 993 Filius
636 936 836 1006 jaceat.
871 944 896 972 α
929 935 983 992 Si
1028 935 1146 990 lucc
1194 935 1360 1006 igitur
1408 933 1617 1003 singula
1662 948 1769 988 non
1817 931 2050 987 humana

442 1028 996 1104 praesumptiottemed
1018 1030 1344 1083 auctoritate
1368 1026 1549 1082 divina
1574 1025 2047 1098 loquirelellimus:

448 1140 792 1197 consequens
822 1126 928 1179 erit
959 1123 1014 1178 in
1045 1138 1106 1179 ea
1143 1132 1295 1191 parte
1321 1123 1645 1177 catholicam
1691 1120 1850 1176 ﬁdem
1883 1129 2051 1187 stare,

451 1233 575 1290 qua:
630 1218 794 1272 talem
847 1215 1041 1286 recipit
1090 1215 1305 1283 Deum,
1352 1214 1527 1286 qualis
1578 1214 1742 1270 debet
1788 1228 1913 1270 esse
1965 1209 2056 1282 qui

453 1312 601 1369 Deus
629 1321 732 1367 est.

1075 1399 1304 1457 CAPUT
1344 1399 1433 1456 Ill.

911 1515 1178 1571 Venenum
1209 1516 1361 1571 melle
1385 1515 1554 1570 litum.

529 1635 706 1694 Unum
732 1676 745 1699 ,
779 1633 988 1704 inquit,
1018 1639 1233 1688 constat
1262 1632 1431 1686 Deum
1459 1646 1603 1686 esse.
1636 1629 1817 1685 Videri
1837 1629 2058 1701 quidem

454 1747 562 1787 non
597 1739 822 1799 possunt
848 1724 1306 1783 calumniantibus
1349 1725 1681 1796 cntijecturis
1714 1733 2062 1796 argumenta-

455 1825 537 1891 ri,
571 1834 625 1880 et
655 1823 997 1877 sanctitatem
1032 1820 1154 1876 ﬁdei
1185 1818 1450 1889 simplicis
1477 1820 1708 1888 maligna
1734 1820 2061 1888 interpreta-

457 1917 609 1972 tione
657 1925 933 1987 torquere.
978 1914 1085 1969 Sed
1133 1912 1539 1983 respiciendum
1581 1912 1646 1966 ad
1696 1910 1979 1968 Ursacium
2011 1921 2066 1966 et

454 2006 740 2063 Valentem
787 2016 843 2062 et
884 2005 1225 2069 Potamium,
1273 2000 1399 2072 quia
1449 2019 1829 2074 sirpenumero
1873 2002 2065 2057 iisdem

459 2100 653 2156 verbis
692 2098 1110 2154 unicum'Deum
1157 2096 1383 2151 subdola
1416 2096 1605 2150 fraude
1651 2095 1884 2151 confessi
1918 2103 2063 2150 sunt.

456 2194 602 2253 Nihil
633 2194 865 2262 simplex
888 2192 940 2247 in
975 2191 1077 2247 hac
1107 2189 1234 2245 ﬁdei
1284 2187 1623 2259 professione
1670 2187 1919 2258 suscepi,
1947 2204 2068 2258 qua:

457 2289 633 2361 prima
680 2288 863 2343 fronte
909 2286 976 2341 ad
1021 2283 1375 2352 decipiendos
1423 2283 1747 2353 imperitos,
1778 2282 2066 2349 credulos,

458 2386 743 2446 incautos,
774 2382 1033 2436 bmretica
1075 2378 1375 2434 subtilitate
1416 2377 1720 2433 blanditur:
1753 2378 1866 2443 pari
1908 2375 2071 2431 modo

462 2492 574 2548 quo
600 2475 796 2532 veneni
828 2472 1080 2544 poculum
1112 2471 1274 2526 mella
1302 2469 1708 2525 commendant.
1738 2467 1914 2523 Unum
1936 2510 1949 2534 ,
1984 2468 2069 2521 in-

462 2569 619 2641 quit,
660 2574 875 2621 constat
929 2565 1097 2620 Deum
1142 2564 1571 2633 omnipotentem
1616 2562 1851 2617 Patrem.
1900 2560 2072 2616 Nemo

463 2673 716 2720 nostrum
741 2660 1008 2729 abnegat,
1033 2658 1155 2727 quia
1186 2672 1347 2712 nemo
1369 2657 1608 2727 ignorat:
1639 2656 1732 2711 sed
1758 2656 1839 2726 (ut
1860 2653 2071 2724 probari

460 2758 709 2827 ipsorum
741 2753 1059 2810 tractatibus
1084 2751 1286 2823 potest)
1309 2751 1537 2806 dicimus
1561 2751 1679 2805 illos
1700 2750 1804 2805 hoc
1824 2750 1943 2805 loco
1965 2764 2071 2804 non

465 2862 578 2906 tam
606 2866 772 2905 unum
802 2849 973 2903 Deutn
1004 2848 1308 2917 professos,
1342 2862 1501 2916 quam
1535 2862 1700 2901 unum
1730 2846 1942 2901 Patrem
1966 2860 2073 2901 om-

463 2942 832 3010 nipotentem.
884 2940 1130 3010 Namque
1177 2950 1232 2995 et
1277 2938 1470 2994 eadem
1527 2938 1835 2994 conSIantia
1876 2937 2073 2993 Filium

468 3033 707 3100 nolunt,
754 3041 810 3087 et
855 3032 1021 3088 Deum
1071 3040 1252 3086 tamen
1305 3029 1499 3084 Filium
1549 3031 1896 3085 conﬁtentur.
1938 3028 2074 3086 Puto
2104 3070 2149 3134 Ο

466 3127 780 3197 suscepisse
830 3126 1062 3180 alterum
1097 3138 1206 3177 non
1260 3123 1575 3193 negabunt;
1611 3133 1665 3177 et
1697 3123 1897 3179 ideirco
1941 3125 2077 3179 inte-

468 3236 627 3293 grum
660 3220 767 3274 illis
795 3226 883 3273 est
918 3218 972 3273 in
1008 3220 1107 3271 bac
1150 3232 1243 3272 sua
1279 3214 1502 3285 perﬁdia
1529 3258 1543 3283 ,
1588 3232 1694 3272 non
1736 3216 1877 3281 ﬁde,
1912 3234 2077 3275 unum

468 3314 641 3368 Deum
667 3310 907 3375 Patrem,
926 3324 1087 3381 quam
1112 3325 1275 3363 unum
1304 3308 1470 3363 Deum
1518 3309 1718 3364 dicant.
1742 3310 2077 3382 Quamquam

469 3405 529 3462 in
581 3404 728 3459 omni
776 3404 1134 3475 professionis
1179 3419 1294 3458 suae
1334 3418 1565 3473 corpore
1619 3404 1697 3459 sic
1754 3405 1930 3475 ipsum
1974 3405 2079 3461 Do-

475 3501 690 3557 minum
733 3508 978 3553 nostrum
1012 3513 1119 3554 non
1168 3506 1405 3567 negant,
1439 3507 1495 3552 ut
1544 3498 1710 3553 Demn
1760 3499 2079 3568 destruant,

471 3597 579 3652 hoc
605 3602 722 3657 est,
755 3602 814 3648 ut
840 3601 1052 3649 tantum
1083 3595 1303 3647 nomine
1337 3593 1552 3647 Domini
1584 3593 1805 3659 dicant,
1834 3611 1943 3666 quo
1986 3612 2082 3650 no-

473 3686 623 3743 mine
651 3686 814 3739 etiam
851 3700 948 3739 nos
975 3684 1238 3755 appellari
1267 3685 1412 3739 soliti
1454 3700 1665 3741 sumus.
1705 3685 1845 3758 Ego,
1884 3689 2079 3761 inquit,

470 3782 616 3837 dixi:
654 3779 752 3835 Vos
783 3778 857 3833 dii
904 3779 1026 3834 estis
1054 3777 1233 3850 (Psal.
1270 3794 1465 3841 um.
1495 3777 1574 3850 6).
1606 3778 1725 3846 Quo
1772 3783 1993 3838 nomine
2029 3791 2085 3839 et

470 3874 690 3947 Moyses
737 3883 865 3927 ante
906 3874 1139 3928 donatus
1180 3886 1256 3928 cSI
1288 3891 1301 3926 :
1350 3871 1568 3928 Faciam
1602 3884 1669 3936 te.
1700 3874 1896 3945 inquit,
1928 3875 2084 3931 deum

478 3965 758 4021 Pharaoni
787 3964 1093 4039 (Exod.vu.
1114 3968 1188 4035 l).
1215 3966 1295 4022 Ne
1316 3967 1440 4036 quis
1462 3983 1593 4037 ergo
1621 3977 1771 4039 putet
1795 3967 1877 4024 bis
1904 3971 2087 4025 verbis

474 4061 664 4133 perlici
682 4058 1005 4114 catholicam
1036 4057 1581 4131 professionetn,siet
1602 4078 1763 4115 unum
1790 4063 1958 4117 Deum
1978 4062 2083 4117 Pa-

473 4164 616 4210 trem
648 4152 972 4209 conﬁtemur
993 4196 1007 4221 ,
1032 4163 1089 4210 et
1119 4155 1283 4209 Deum
1309 4154 1503 4209 Filium
1532 4170 1638 4209 non
1674 4170 1953 4225 negamus.
1982 4156 2088 4211 Po-

478 4254 589 4303 test
617 4252 763 4301 enim
805 4258 858 4301 et
902 4247 1043 4302 Deus
1074 4247 1232 4302 Pater
1270 4248 1350 4302 sic
1378 4263 1517 4302 unus
1561 4246 1704 4303 Dens
1740 4247 1883 4312 dici,
1916 4257 1973 4303 ut
2016 4250 2086 4304 sit

477 4355 622 4395 unus
652 4338 845 4403 Pater,
870 4355 977 4395 non
1006 4340 1145 4395 Deus
1172 4356 1330 4396 unus.
1356 4341 1541 4397 Potest
1566 4350 1621 4397 et
1646 4344 1725 4398 sic
1750 4342 1788 4397 F
1793 4340 1917 4399 ilius
1941 4343 2086 4400 Deus

479 4432 587 4489 dici
608 4473 624 4502 ,
656 4440 714 4487 ut
742 4433 885 4489 Deus
915 4447 1023 4488 non
1053 4433 1144 4487 sit.

1107 4543 1340 4600 CAPUT
1377 4544 1470 4600 IV.

728 4658 872 4715 Deus
897 4678 1029 4716 unus
1050 4700 1064 4726 ,
1092 4670 1182 4715 aut
1213 4661 1411 4715 nullus.
1441 4660 1578 4716 chi
1604 4662 1852 4718 lueretici.

554 4779 731 4837 Duos,
764 4776 969 4846 inquit,
998 4775 1130 4829 deos
1160 4791 1259 4832 nec
1308 4790 1467 4846 posse
1489 4815 1502 4837 .
1537 4791 1637 4832 nec
1666 4777 1944 4847 praédirari
1990 4779 2085 4837 de-

476 4870 613 4928 bere
643 4870 865 4926 scimus.
902 4866 1015 4922 lloc
1048 4882 1146 4922 nec
1189 4882 1442 4938 umquam
1470 4883 1536 4923 cx
1576 4884 1673 4924 ore
1718 4881 1907 4927 nostro
1948 4873 2084 4930 duos

479 4963 614 5021 deos
642 4962 993 5035 proferimus.
1029 4961 1173 5016 Deus
1204 4961 1346 5015 enim
1397 4961 1440 5015 si
1488 4978 1595 5018 non
1641 4981 1780 5020 unus
1822 4977 1877 5021 et
1923 4983 2082 5025 verus

480 5067 599 5124 est,
636 5057 774 5113 Deus
805 5072 911 5111 non
943 5069 1047 5110 est.
1080 5054 1188 5111 Sed
1239 5055 1630 5114 advertendum
1681 5070 1766 5117 est
1790 5080 1892 5133 qua
1938 5066 2083 5122 ἰδιυά

479 5153 799 5210 deﬁnitione
822 5159 1059 5221 ponatur
1079 5193 1094 5216 ,
1121 5151 1205 5205 cui
1241 5151 1480 5220 perﬁdia:
1513 5164 1732 5224 paretur
1757 5156 1858 5213 hoc
1889 5167 2081 5229 totum,

478 5247 533 5301 in
568 5246 714 5315 quod
760 5246 1031 5318 piaculum
1079 5248 1387 5299 cotnmunia
1430 5247 1707 5303 nobiscum
1745 5253 1909 5307 verba
1960 5271 2080 5324 pro-

479 5328 753 5410 rumpant.
782 5338 974 5395 Statim
1014 5340 1158 5395 enim
1186 5356 1282 5393 cur
1308 5340 1444 5392 duos
1470 5340 1603 5395 deos
1636 5348 1955 5415 negaverint
1978 5365 2079 5417 po-

478 5444 644 5489 nunt:
679 5433 810 5502 Quia
846 5434 961 5499 ipse.
997 5435 1135 5487 Ιιοιις
1164 5433 1231 5485 ait
1260 5452 1273 5489 :
1319 5432 1462 5487 Vada
1492 5437 1560 5489 ad
1588 5435 1796 5493 Patrem
1824 5457 1992 5495 meum
2031 5454 2079 5499 et

477 5525 691 5582 Patrem
720 5537 972 5594 vestrum,
1001 5526 1070 5580 ad
1101 5524 1267 5581 Deum
1298 5544 1465 5583 meum
1493 5539 1537 5582 et
1562 5530 1630 5584 ad
1665 5531 1831 5588 Deum
1857 5546 2077 5591 vestrum

544 5740 572 5770 α
612 5729 695 5788 Si.
731 5727 807 5787 ita
838 5729 1208 5788 rescribimus.
1241 5728 1331 5785 Al.
1364 5733 1462 5788 sic.

1481 163 1540 219 S.
1582 160 1946 220 PHiEBADll
1985 160 2199 221 EPISC.
2241 162 2653 223 AGINNENSIS
3675 156 3742 215 56

435 284 504 340 ad
539 291 751 352 tempus
795 280 997 336 habere
1044 278 1324 335 credatur.
1363 277 1501 332 Puto
1555 285 1769 343 autem,
1802 278 1888 333 cui
1940 278 2042 332 ini-
2068 284 2117 340 Α

2149 277 2331 346 (Joan.
2366 296 2468 346 xx,
2503 279 2615 351 i7):
2644 293 2755 350 qua
2795 278 3110 337 deﬁnitione
3136 278 3301 336 mala:
3339 275 3745 349 interpretatio—

2149 374 2232 429 nis
2263 375 2312 435 iu
2343 382 2547 449 tantum
2576 375 2791 433 aPatre
2832 375 3003 431 Filius
3034 383 3352 446 separatur,
3383 382 3438 429 et
3466 370 3603 428 intra
3629 385 3745 424 om-

2151 461 2482 539 nipotentem
2534 470 2708 526 Deum
2752 471 3004 542 ponitur:
3037 481 3097 524 ut
3150 469 3305 526 nobis
3354 475 3410 523 et
3448 464 3747 522 nativitatis

2150 562 2391 618 conditio
2410 605 2426 629 ,
2453 571 2508 618 et
2535 564 2883 619 humanitatis
2911 562 3198 619 inﬁrmitas
3219 561 3475 616 societur.
3510 555 3747 628 Denique

2151 657 2484 729 subjungunt
2523 658 2692 714 Deum
2724 657 2965 713 omnium
2986 699 3003 725 ,
3037 657 3185 714 Unus
3210 666 3292 711 est
3324 655 3502 717 Deus,
3534 667 3644 726 quo
3664 652 3747 708 di-

2151 759 2240 805 cto
2271 750 2528 805 Dominus
2558 766 2665 806 non
2699 751 2842 806 Deus
2868 750 3115 805 absolute
3160 749 3499 818 denegatur;
3531 746 3641 801 Deo
3670 754 3751 803 et-

2152 846 2299 903 enim
2321 848 2461 904 Patri
2485 864 2592 904 non
2616 847 2740 904 Filii
2770 848 3008 914 nomine,
3032 845 3128 903 sed
3150 853 3413 902 creaturae
3437 842 3752 901 conditione

2153 939 2459 1010 subjicitur.
2496 940 2562 995 Et
2587 939 2752 997 credo
2774 982 2788 1007 ,
2824 939 2926 995 hoc
2956 940 3076 996 loco
3117 939 3413 994 auctoritas
3444 937 3752 1007 Apostolica

2154 1035 2518 1090 vindicabitur
2540 1077 2553 1097 .
2582 1046 2641 1090 ut
2677 1035 2818 1091 Dens
2845 1033 3092 1090 Cbrisms
3115 1033 3327 1089 dicatur
3368 1032 3550 1102 potius
3591 1044 3754 1101 qnam

2157 1127 2260 1182 sit:
2301 1127 2425 1198 quia
2472 1125 2703 1182 dixerit:
2744 1124 2812 1180 Et
2855 1126 3065 1181 donavit
3104 1126 3181 1181 illi
3213 1125 3354 1180 Deus
3396 1140 3582 1178 nomen
3620 1124 3757 1196 quod

2156 1234 2312 1287 super
2340 1234 2490 1274 omne
2524 1235 2708 1273 nomen
2737 1228 2811 1273 est
2833 1216 3120 1291 (Philipp.,
3153 1232 3191 1273 tt
3210 1259 3225 1283 ,
3249 1216 3330 1288 9).
3357 1214 3466 1273 Sed
3508 1224 3564 1271 et
3589 1215 3759 1283 ipsius

2161 1311 2375 1367 Domini
2406 1312 2652 1380 negantis
2679 1326 2802 1367 esse
2847 1327 2908 1368 se
2954 1310 3125 1365 Deum
3168 1324 3390 1374 verum,
3417 1324 3541 1365 cum
3589 1307 3755 1364 dicit:

2164 1401 2292 1458 Hazc
2315 1406 2511 1457 estvita
2536 1414 2759 1470 (eterna,
2789 1413 2845 1457 ut
2876 1411 3182 1476 cognoscant
3215 1411 3262 1458 te
3280 1401 3451 1457 solum
3501 1412 3551 1456 et
3584 1416 3761 1457 rerum

2163 1494 2333 1550 Deum
2379 1495 2561 1568 (Joan.
2600 1512 2748 1565 xvtt,
2781 1497 2874 1565 5);
2925 1507 3024 1552 et:
3060 1496 3201 1565 Quid
3240 1513 3353 1563 me,
3384 1495 3598 1567 inquit,
3632 1494 3761 1551 dicis

2167 1591 2399 1646 bonum?
2426 1608 2572 1647 nemo
2599 1592 2762 1647 bonus
2797 1593 2896 1647 nisi
2926 1608 3058 1647 unus
3090 1591 3229 1647 Deus
3268 1590 3423 1666 (Luc.
3466 1607 3615 1657 xvut,
3646 1589 3759 1663 i9).

2089 1679 2137 1739 Β
2165 1682 2357 1738 Adbuc
2394 1684 2616 1740 audies:
2662 1683 2770 1739 Cur
2812 1684 3072 1741 bonore‘m
3118 1685 3188 1741 ab
3241 1701 3348 1740 uno
3390 1694 3445 1741 et
3485 1684 3605 1740 solo
3648 1683 3763 1741 Deo

2166 1792 2271 1832 non
2314 1778 2589 1848 qumritis?
2634 1778 2712 1833 De
2757 1779 2839 1833 die
2882 1790 3049 1834 autent
3088 1790 3138 1835 et
3179 1778 3309 1834 liora
3347 1796 3495 1834 nemo
3544 1780 3639 1834 scit
3666 1778 3768 1834 nisi

2166 1869 2328 1925 Pater
2352 1870 2493 1926 solus
2526 1870 2738 1940 (Matth.
2778 1888 2908 1926 XXIV
2928 1914 2941 1937 ,
2974 1871 3089 1944 56).
3120 1872 3165 1928 0
3192 1872 3359 1927 duces
3404 1872 3568 1927 caeci!
3602 1886 3637 1925 ο
3665 1885 3767 1926 sa:-

2166 1962 2273 2018 culi
2300 1963 2597 2019 ambitione
2617 1963 2861 2034 decepti!
2894 1979 3004 2019 non
3050 1963 3445 2034 distinguentes
3473 1963 3766 2019 Dominicaa
3798 2032 3803 2037 ἢ

2170 2058 2428 2127 potentiae
2476 2058 2749 2130 duplicem
2810 2067 3052 2125 statuat,
3097 2059 3149 2113 in
3179 2075 3275 2114 sua
3326 2073 3768 2131 unumquemque

2170 2154 2500 2223 proprietate
2542 2154 2869 2220 distantem;
2898 2162 2953 2209 et
2982 2151 3241 2223 quidquid
3268 2152 3338 2208 de
3388 2151 3606 2209 bomine
3650 2152 3769 2222 ejus

2170 2243 2375 2300 dictum
2423 2253 2542 2311 est,
2590 2246 2702 2302 Deo
2748 2246 3067 2317 applicatis,
3119 2255 3178 2301 ut
3215 2246 3331 2317 ipse
3379 2245 3523 2302 Deus
3563 2244 3771 2302 bomini

2173 2337 2549 2395 imbecillitate
2576 2340 2829 2394 societur.

2796 2472 3025 2531 CAPUT
3064 2474 3130 2531 V.

2353 2594 2661 2649 Arianorum
2692 2593 3045 2664 blasphemim.
3076 2594 3321 2667 Epistula
3350 2593 3601 2651 Potamii.

2250 2734 2315 2789 Et
2364 2734 2572 2789 ideirco
2617 2734 2890 2803 duplicem
2936 2734 3081 2791 hunc
3126 2744 3358 2800 statum,
3392 2752 3501 2793 non
3544 2736 3773 2808 conjun-

2176 2835 2348 2888 ctum,
2397 2826 2492 2881 sed
2537 2826 2824 2882 confusum
2872 2828 3034 2883 vultis
3084 2827 3377 2895 videri,ut
3423 2830 3587 2885 etiam
3636 2845 3775 2886 unus

2176 2928 2452 2980 vestrum.
2484 2919 2537 2974 id
2569 2930 2684 2982 est,
2732 2920 2975 2991 Epistola
3024 2921 3257 2977 Potamii
3305 2938 3425 2993 quin
3455 2923 3525 2977 ab
3551 2922 3777 2979 Oriente

2179 3022 2234 3067 et
2262 3012 2559 3068 Occidente
2608 3014 2927 3068 transmissa
2975 3022 3093 3081 est,
3122 3030 3227 3085 qua
3259 3014 3496 3079 asserit;
3528 3030 3694 3071 carne
3722 3024 3779 3073 et

2181 3106 2378 3174 Spiritu
2420 3105 2623 3162 Clll'isli
2672 3108 2980 3179 cnagulatis
3025 3125 3123 3179 per
3148 3109 3470 3180 sanguinem
3502 3108 3683 3165 Mariae
3722 3118 3781 3165 et

2181 3198 2235 3253 in
2270 3214 2439 3254 unum
2469 3214 2670 3269 corpus
2698 3200 2968 3266 redactis,
3004 3200 3319 3270 passibilem
3354 3201 3522 3257 Deum
3550 3200 3774 3257 factum.

2180 3291 2295 3348 Hoc
2342 3293 2464 3348 ideo
2495 3309 2563 3349 ne
2617 3294 2738 3363 quis
2772 3294 2924 3349 illum
2968 3309 3037 3350 ex
3068 3310 3135 3350 eo
3163 3295 3442 3362 crederet,
3475 3311 3635 3367 quem
3678 3296 3778 3352 im-

2181 3386 2495 3456 passibilem
2545 3386 2679 3442 satis
2708 3396 2944 3442 constet.
2999 3386 3232 3445 Fecisﬁs
3262 3389 3427 3460 igitur
3471 3389 3539 3446 de
3572 3390 3777 3460 Spiritu

2183 3479 2279 3535 Dei
2312 3491 2366 3535 et
2390 3496 2557 3535 carne
2585 3480 2822 3536 hominis
2855 3483 3041 3538 nescio
3070 3482 3197 3553 quid
3231 3484 3449 3539 tertium
3482 3502 3496 3538 :
3525 3484 3651 3553 quia
3679 3498 3780 3540 nec

2182 3588 2309 3629 vere
2336 3572 2501 3628 etiam
2534 3574 2676 3630 Deus
2707 3582 2823 3637 est,
2852 3575 2919 3629 si.
2945 3574 3187 3631 Verbum
3218 3591 3341 3633 esse
3378 3576 3584 3633 desinit
3612 3577 3780 3652 (caro

2183 3668 2328 3723 enim
2358 3667 2529 3722 lactus
2556 3666 2678 3740 est)
2703 3684 2719 3731 ;
2753 3683 2931 3738 neque
2964 3685 3089 3726 vere
3118 3670 3303 3736 homo,
3337 3672 3465 3743 quia
3489 3685 3595 3727 non
3650 3687 3781 3741 pro-

2185 3761 2305 3832 prie
2350 3776 2519 3829 caro,
2553 3761 2651 3816 fuit
2679 3762 2825 3817 enim
2858 3762 3121 3829 Verbum,
3154 3778 3219 3819 ac
3242 3764 3288 3820 si
3314 3779 3382 3821 ex
3413 3774 3642 3835 utraque
3666 3765 3780 3833 jam

2186 3864 2441 3911 neutrum
2473 3864 2557 3910 est
2578 3896 2593 3920 ,
2650 3855 2766 3921 ille,
2795 3856 3042 3927 inquam,
3070 3857 3161 3913 ille
3189 3858 3281 3929 qui
3309 3867 3499 3914 contra
3533 3859 3635 3914 hoc
3683 3874 3781 3916 ve-

2186 3963 2386 4003 nenum
2412 3959 2694 4018 utramque
2723 3950 3083 4006 substantiam
3109 3967 3263 4008 suam
3287 3950 3514 4009 aﬁectus
3538 3952 3783 4023 proprie-

2186 4050 2297 4097 tate
2327 4043 2600 4099 distinxit.
2635 4042 2767 4098 Nam
2798 4055 2855 4101 et
2904 4045 3137 4116 Spiritus
3189 4045 3243 4103 in
3277 4047 3370 4104 illo
3417 4063 3506 4104 res
3534 4061 3661 4103 suas
3698 4062 3788 4103 re-

2185 4135 2287 4206 git,
2321 4135 2371 4190 id
2404 4146 2508 4203 est,
2537 4136 2769 4194 virtutes
2796 4149 2851 4195 et
2878 4153 3048 4210 opera
3089 4152 3144 4197 et
3172 4141 3326 4213 signa
3357 4158 3371 4197 :
3399 4150 3454 4197 et
3480 4156 3608 4199 caro
3658 4155 3788 4213 pas-

2189 4227 2440 4285 sionibus
2476 4231 2590 4286 suis
2636 4231 2820 4287 functa
2862 4243 2967 4290 est.
3009 4233 3200 4289 Cibum
3248 4234 3618 4301 desideravit,
3660 4250 3784 4293 cum

2192 4329 2497 4379 tentaretur
2524 4340 2555 4379 a
2595 4325 2791 4381 zabqu
2825 4342 2840 4380 :
2874 4325 3048 4383 sitivit
3093 4327 3157 4382 ad
3214 4336 3434 4396 puteum
3486 4326 3782 4398 Samaria,

2110 4462 2166 4523 Β
2189 4430 2312 4472 cum
2366 4421 2644 4489 prOpbetaz
2697 4435 2805 4475 vox
2835 4420 2906 4475 sit
2940 4437 2954 4475 :
2984 4421 3129 4476 Deus
3157 4430 3399 4477 aeternus
3429 4436 3613 4493 neque
3639 4422 3788 4480 sitiet

2193 4526 2369 4581 neque
2399 4513 2625 4569 esuriet.
2657 4513 2796 4583 Quid
2829 4513 3007 4570 adhuc
3035 4514 3103 4569 de
3133 4512 3372 4570 hominis
3413 4513 3609 4572 aﬁ‘ectu
3640 4516 3790 4573 ﬂevit

2190 4603 2454 4662 Lazarum
2502 4618 2557 4662 et
2605 4606 2955 4664 Jerusalem?
3003 4617 3283 4679 postremo
3334 4609 3528 4664 anxius
3577 4609 3676 4666 fuit
3718 4610 3787 4667 ad

2190 4707 2451 4756 mortem.
2485 4701 2593 4757 Sed
2640 4702 2782 4771 quod
2832 4702 3106 4773 expressit
3133 4700 3355 4769 allecto,
3390 4703 3648 4773 numquid
3680 4718 3787 4760 non

2190 4801 2427 4848 testatus
2478 4805 2561 4850 est
2586 4795 2806 4851 verbis?
2834 4794 2926 4851 Ait
2969 4794 3115 4851 enim
3154 4794 3451 4853 Nicodemo
3481 4814 3495 4851 :
3528 4795 3681 4864 Quod
3722 4797 3788 4852 de

2189 4903 2346 4941 carne
2374 4896 2550 4942 natum
2580 4896 2672 4954 est,
2707 4906 2829 4943 caro
2886 4898 2998 4956 est,
3027 4898 3075 4945 et
3100 4890 3242 4961 quod
3290 4889 3358 4944 de
3392 4891 3602 4963 spiritu,
3631 4892 3788 4961 spiri-

2194 4990 2275 5035 tus
2304 4979 2484 5053 (Joan.
2514 4997 2592 5048 ul,
2627 4982 2714 5054 6);
2748 4993 2803 5038 et
2845 4999 2999 5049 cara,
3034 4982 3229 5053 inquit,
3283 4983 3517 5051 inﬁrma,
3571 4986 3787 5053 spiritus

2191 5083 2461 5145 promptus
2491 5085 2565 5130 est
2594 5075 2808 5149 (Matth.
2841 5091 2935 5132 χχι
2957 5117 2971 5141 ,
3001 5074 3117 5147 46).
3148 5073 3263 5130 Νοη
3307 5090 3442 5145 ergo
3471 5075 3532 5131 ﬁt
3559 5077 3789 5147 Spiritus

2192 5183 2340 5232 Caro.
2391 5186 2491 5225 nec
2539 5187 2668 5226 caro
2719 5170 2989 5241 spiritus:
3021 5170 3165 5241 quod
3214 5170 3300 5225 isti
3348 5171 3536 5226 volunt
3580 5174 3787 5245 egregii

2190 5261 2445 5320 doctores
2469 5304 2486 5330 ,
2515 5272 2574 5318 ut
2601 5262 2777 5318 factus
2802 5264 2873 5318 sit
2898 5263 3113 5319 scilicet
3139 5261 3404 5317 Dominus
3433 5276 3489 5320 et
3522 5265 3662 5321 Deus
3691 5281 3789 5321 no-

2188 5366 2304 5409 stcr
2328 5371 2395 5409 ex
2441 5356 2539 5410 bac
2585 5355 3016 5410 substantiarutn
3078 5354 3438 5422 permiXtione
3488 5357 3783 5429 paSSibilis.

2187 5448 2312 5504 Ideo
2344 5458 2523 5503 autem
2557 5450 2870 5519 passibilem
2899 5449 3087 5505 volunt
3113 5447 3249 5516 diei,
3286 5464 3357 5506 ne
3381 5460 3438 5507 et
3467 5451 3786 5522 itupassibi-

2184 5541 2253 5597 lis
2280 5544 2559 5597 credatur.
