4106 6344
216 214 280 273 17
1436 214 1640 274 LIBER
1679 213 1957 276 CONTRA
1998 215 2320 276 ABIANOS.
3462 225 3535 283 18

870 334 1093 394 CAPUT
1132 335 1219 392 Vl.

458 470 707 528 Nicwna
740 474 985 547 synodus.
1023 473 1229 530 Veritas
1256 475 1582 547 incorrupta.

283 657 389 715 Sed
422 658 557 728 quid
596 670 952 718 necesseest
979 660 1168 715 altiora
1199 661 1463 725 scrutari,
1491 668 1548 715 et
1572 658 1722 715 virus
1749 659 1833 714 in-

219 761 424 808 ternum
456 767 558 820 per
594 763 933 822 argumenta
974 753 1231 823 prodiens
1259 753 1530 808 communi
1561 766 1836 822 exponere

222 853 273 899 et
299 844 589 915 publicare
638 844 879 915 judicio,
911 861 1034 902 cum
1082 844 1313 916 lucifuga
1346 859 1574 915 serpens
1616 859 1714 915 per
1741 859 1839 898 att-

222 939 415 995 fractus
459 940 756 995 evolvens
805 942 1003 997 seriem
1059 955 1211 994 suam
1256 950 1609 1007 tortuoseqne
1648 952 1840 1005 proce-

224 1033 379 1099 dens,
411 1034 603 1104 qualis
636 1044 988 1103 quantusque
1038 1033 1108 1088 sit
1155 1032 1449 1104 aliquando
1498 1031 1840 1103 prodiderit,

224 1135 274 1183 et
298 1141 575 1182 venenum
614 1125 778 1196 prius
806 1126 969 1181 solito
1005 1126 1198 1180 solitus
1234 1140 1526 1196 aspergere
1556 1123 1839 1190 libertate,

224 1223 460 1277 victoriis
490 1230 691 1277 totum
722 1222 932 1293 pariter
969 1219 1258 1277 eli’nderit?
1287 1220 1370 1275 Ab
1401 1218 1681 1289 Episcopis
1720 1234 1844 1288 pro-

226 1315 361 1371 cedit
386 1316 644 1373 edictum
683 1333 697 1371 :
729 1314 902 1371 Nemo
931 1331 1093 1370 unam
1126 1316 1487 1371 substantiam
1520 1316 1703 1370 dicat:
1736 1313 1841 1369 hoc

226 1420 301 1466 εει
332 1427 346 1463 :
376 1408 557 1467 Nemo
588 1410 649 1465 in
685 1409 931 1466 Ecclesia
953 1409 1216 1482 praedicet
1237 1409 1413 1465 Patris
1438 1417 1494 1465 et
1522 1407 1647 1463 Filii
1679 1422 1842 1463 uuam

227 1517 341 1561 esse
364 1504 667 1560 virtutem.
699 1502 844 1571 Quid
872 1503 1055 1574 egistis
1075 1548 1091 1571 ,
1126 1518 1160 1558 ο
1191 1504 1362 1560 beatae
1393 1504 1673 1558 memoria:
1705 1500 1840 1567 viri,

226 1598 309 1670 qui
339 1612 407 1654 ex
437 1597 717 1654 omnibus
745 1596 899 1653 orbis
930 1596 1176 1668 partibus
1216 1595 1449 1652 Nicaeam
1494 1593 1842 1665 congregati,

227 1700 274 1747 et
296 1689 470 1746 sacris
497 1689 893 1746 voluminibus
921 1688 1229 1760 pertractis,
1260 1687 1560 1761 perlectam
1593 1685 1720 1742 ﬁdei
1751 1701 1842 1741 ca-

227 1783 433 1840 tholicae
465 1783 737 1856 regulam
789 1784 1255 1853 circuminspecto
1307 1796 1562 1837 sermone
1602 1780 1839 1848 fecistis,

225 1877 406 1933 dantes
460 1877 616 1932 bene
647 1876 1008 1933 credentibus
1037 1876 1346 1931 communis
1392 1874 1514 1930 lidei
1543 1874 1797 1929 dexteras
1826 1916 1839 1938 ,

226 1968 539 2024 errantibus
566 1982 711 2023 vero
739 1971 971 2022 formam
1004 1966 1300 2022 credendi?
1332 1966 1409 2021 En
1444 1966 1594 2022 labor
1634 1975 1840 2030 vester,

227 2079 286 2120 en
314 2064 483 2119 anxia
535 2061 869 2118 sollicitudo
914 2076 1020 2133 quo
1051 2061 1264 2127 recidit,
1296 2076 1399 2131 qua
1446 2061 1672 2115 orientis
1714 2060 1844 2115 mali

228 2158 450 2224 sentina,
487 2167 770 2228 quantum
806 2156 858 2210 in
886 2156 1039 2210 vobis
1066 2166 1193 2209 tunc
1224 2153 1345 2217 fuit,
1382 2154 1724 2225 professione
1753 2168 1846 2208 ca-

225 2249 415 2306 tholica
469 2249 829 2305 necavisris?
876 2248 1099 2303 Vetatnr
1131 2248 1182 2303 in
1226 2248 1471 2305 Ecclesia
1522 2247 1842 2317 praedicari,

224 2341 356 2411 quod
386 2341 577 2397 solum
608 2338 891 2395 sanxistis
920 2339 990 2392 ob
1026 2340 1260 2395 litereses
1282 2338 1613 2410 detegendas
1639 2338 1845 2393 debere

226 2432 275 2487 itt
307 2433 561 2490 Ecclesia
615 2431 939 2503 praedicari.
971 2430 1208 2487 Tollitur
1258 2433 1400 2502 quod
1453 2432 1724 2501 probastis
1746 2474 1761 2498 ,
1791 2442 1846 2487 et

226 2529 360 2599 quod
392 2527 718 2584 damnastis
750 2526 1026 2581 inducitur
1056 2545 1069 2579 :
1102 2527 1225 2596 quia
1256 2525 1601 2582 mendacium
1640 2524 1842 2591 astrui,

228 2621 322 2677 nisi
349 2621 634 2678 destructa
664 2620 903 2675 veritate
931 2636 1036 2675 non
1062 2629 1298 2689 poterat.
1336 2617 1699 2673 Destruetioni
1726 2620 1847 2687 qni-

226 2714 342 2770 detn
377 2714 467 2769 illa
502 2730 618 2770 non
667 2712 954 2784 sulijacet,
983 2724 1036 2768 et
1066 2724 1122 2768 ttt
1170 2722 1253 2769 est
1281 2728 1501 2782 semper
1530 2712 1846 2780 incorrupta

229 2804 468 2872 durabit;
498 2807 601 2863 sed
647 2820 853 2860 manus
884 2805 986 2861 sibi
1014 2805 1314 2876 sacrilegas
1348 2804 1679 2869 inferentes,
1717 2810 1847 2857 tam-

228 2918 388 2975 quam
419 2904 686 2960 violatam
718 2900 956 2974 punivit.

839 3105 1070 3164 CAPUT
1119 3106 1233 3162 Vll.

616 3242 948 3299 Substantia:
970 3258 1067 3297 eoa:
1096 3243 1403 3313 explicatur.

295 3424 467 3481 Nemo
516 3439 695 3481 unam
728 3422 1096 3479 substantiam
1145 3422 1313 3477 dicat.
1346 3422 1499 3489 Quod
1532 3421 1803 3493 piaculum
1824 3464 1842 3488 ,

231 3518 372 3590 quod
399 3518 620 3575 facinus
650 3517 710 3573 in
742 3516 850 3573 hoc
878 3517 1065 3582 verbo,
1100 3533 1204 3587 qua
1237 3533 1301 3573 ex
1334 3529 1490 3588 parte
1515 3518 1845 3577 catholicam

232 3611 393 3669 ﬁdem
436 3611 677 3684 pulsat?
730 3609 1000 3667 Utrumne
1042 3625 1182 3666 sono
1232 3611 1489 3677 vocabili,
1543 3626 1613 3665 an
1675 3610 1847 3665 inter-

230 3707 539 3777 pretatione
586 3704 674 3760 rei
729 3703 951 3775 ipsius?
1016 3703 1161 3758 Niltil
1225 3702 1431 3759 fallor:
1464 3704 1850 3774 interpretatio

232 3810 379 3855 caret
404 3801 594 3869 culpa.
628 3796 949 3855 Substantia
980 3798 1123 3852 enim
1153 3796 1356 3852 dicitur
1377 3796 1428 3851 id
1459 3797 1602 3866 quod
1633 3811 1852 3866 semper

234 3906 303 3948 ex
328 3907 452 3949 sese
483 3900 579 3947 est
613 3907 628 3945 :
666 3889 777 3945 hoc
807 3898 912 3956 est,
946 3889 1089 3962 quod
1123 3890 1336 3960 propria
1372 3889 1512 3944 intra
1542 3905 1603 3943 se
1650 3890 1853 3943 virtute

235 3987 517 4051 subsistit;
548 4000 677 4057 quae
704 3985 791 4039 vis
835 3985 927 4038 uni
974 3994 1029 4039 et
1060 3985 1163 4040 soli
1218 3985 1328 4039 Deo
1355 3984 1637 4053 competit.
1667 3982 1850 4038 Usita-

236 4088 349 4135 tum
398 4096 533 4136 vero
562 4087 622 4135 et
671 4075 949 4133 familiare
976 4078 1176 4133 divinis
1205 4080 1580 4134 voluminibus
1609 4079 1710 4132 ltoc
1754 4091 1854 4130 no-

239 4187 366 4229 men
394 4188 496 4228 nec
529 4174 684 4241 ipsos
708 4181 843 4241 puto
866 4172 1117 4241 ignorare
1136 4173 1227 4243 qui
1257 4182 1475 4241 negant.
1512 4171 1677 4226 David
1709 4170 1853 4225 enim

238 4282 309 4323 ex
338 4281 581 4339 persona
615 4264 820 4321 Christi
872 4282 885 4318 :
930 4262 1135 4335 [alimus
1166 4282 1282 4318 sum
1306 4266 1361 4318 in
1401 4266 1525 4319 limo
1567 4264 1851 4335 profundi,

240 4372 287 4414 et
320 4378 421 4415 non
452 4368 530 4414 est
556 4357 855 4413 substantia
902 4355 1075 4428 (Psal.
1126 4372 1336 4423 xxvm,
1369 4357 1447 4427 ὅ).
1479 4358 1544 4410 Et
1588 4371 1805 4411 rursum
1840 4372 1853 4408 :

244 4454 556 4509 Substatttia
584 4468 698 4507 mea
729 4452 787 4504 in
817 4450 1146 4521 inferioribus
1194 4461 1345 4504 terra:
1368 4447 1550 4521 (Psnl.
1581 4462 1819 4503 cxxvvnt
1838 4488 1854 4509 ,

1872 1738 1921 1799 B

1852 331 1909 395 Α
1932 345 1995 388 ea:
2022 334 2306 391 substantia
2356 354 2467 393 mea
2493 337 2647 409 (Luc.
2680 355 2803 404 χιι,
2837 339 2915 411 8).
2946 340 3075 395 Ideo
3099 340 3219 396 hmc
3266 341 3320 397 in
3366 358 3537 396 unum

1936 430 2182 491 exempla
2207 434 2604 501 congessimus,
2636 449 2704 489 ne
2731 450 2916 490 sermo
2943 434 3038 490 ille
3086 446 3306 508 caperet
3354 436 3543 493 indoc-

1936 529 2041 581 t0s.
2076 524 2221 592 quod
2249 527 2427 579 teStati
2455 536 2615 593 sunt;
2647 527 2854 584 idcirco
2878 530 3243 584 substantiam
3275 545 3381 584 non
3410 545 3545 598 pra:-

1937 614 2190 682 dicatam,
2220 619 2343 686 quia
2395 618 2447 673 itt
2493 619 2694 674 divinis
2740 621 3035 690 Seriptnris
3091 636 3351 692 tittSqttam
3388 622 3541 677 inve-

1938 708 2169 764 niretur.
2205 709 2353 781 Ergo
2378 717 2421 765 si
2458 729 2635 783 neque
2663 714 2840 784 ipSnm
2873 715 3195 769 voeabnlttm
3216 714 3542 771 substantia:

1940 803 2115 856 sacris
2143 802 2342 869 litteris
2390 820 2587 860 novum
2622 816 2737 869 est,
2770 824 2946 879 neque
3000 810 3379 879 interpretatio
3427 812 3548 879 ejus

1943 895 2110 952 habet
2139 898 2380 964 crimen;
2414 909 2666 970 superest
2692 911 2749 957 ut
2776 902 3130 974 dispiciamus
3157 918 3266 975 qna
3291 920 3355 959 ex
3380 918 3545 960 causa

1943 990 2266 1059 repudietur
2321 993 2425 1048 hoc
2482 1009 2706 1050 nomen.
2776 995 3149 1067 Dispicientes
3197 1009 3401 1062 autem.
3460 998 3550 1053 in—

1944 1085 2198 1139 venimus
2244 1086 2367 1142 illos
2419 1103 2524 1143 non
2555 1105 2788 1157 nomen,
2818 1094 2912 1147 sed
2965 1094 3206 1147 nominis
3253 1093 3549 1164 repudiare

1945 1176 2226 1234 virtutem.
2260 1180 2416 1246 Quod
2446 1181 2493 1236 si
2522 1184 2821 1245 relncebit.
2850 1185 2957 1240 erit
3001 1187 3145 1253 apud
3177 1200 3278 1241 nos
3321 1186 3552 1242 intuitus

1947 1271 2183 1325 nominis
2213 1280 2389 1328 Status
2417 1291 2432 1329 :
2460 1276 2571 1329 erit
2598 1288 2652 1331 et
2682 1275 2902 1331 illorum
2941 1294 3142 1333 sensus
3176 1280 3230 1334 in
3258 1279 3428 1346 vitio,
3456 1278 3554 1351 qui

1947 1362 2076 1419 dum
2109 1366 2353 1422 novellas
2381 1367 2625 1435 profante
2654 1369 3037 1441 intelligentia;
3070 1373 3187 1427 vias
3215 1380 3492 1443 quaerunt,
3522 1387 3552 1424 τι

1946 1468 2100 1513 recto
2130 1458 2553 1531 Evangeliorum
2581 1462 2752 1519 limite
2779 1475 3153 1521 recesserunt.

2541 1642 2771 1701 CAPUT
2809 1644 2952 1702 VIII.

2240 1778 2615 1837 Ilwreticorum
2644 1783 2953 1853 objectiones
2984 1784 3279 1840 solvuntur.

2023 1940 2180 1994 Prius
2203 1948 2387 1995 tamen
2415 1955 2578 2012 quam
2612 1952 2801 1997 astruo
2832 1941 2977 2013 quod
3026 1940 3316 2012 spopondi,
3368 1954 3560 1997 occur-

1950 2031 2181 2087 rendum
2210 2033 2445 2088 estillis
2483 2050 2601 2104 quae
2663 2035 2716 2089 in
2768 2034 3103 2089 contrarium
3152 2043 3559 2105 proponuntur.

1947 2123 2117 2179 Aiunt
2144 2126 2289 2179 enim
2322 2126 2549 2180 inveniri
2581 2126 2802 2194 quidem
2851 2127 2906 2181 in
2940 2126 3145 2181 divinis
3183 2125 3559 2181 voluminibus

1950 2231 2146 2271 nomen
2175 2218 2515 2278 substantias.
2544 2218 2640 2272 sed
2674 2235 2779 2272 tton
2805 2221 2988 2272 statim
3015 2218 3296 2287 pertinens
3324 2218 3390 2273 ad
3415 2233 3561 2272 cam-

1948 2307 2074 2362 dem
2127 2308 2365 2376 Speciem
2395 2324 2517 2377 qua:
2567 2309 2859 2365 inducatur
2886 2325 2915 2364 a
2950 2310 3129 2365 nobis.
3161 2309 3239 2365 Ibi
3285 2310 3431 2364 enim
3465 2323 3561 2378 per

1948 2402 2271 2457 substantite
2322 2404 2645 2458 vocabulum
2672 2445 2686 2470 ,
2720 2414 2814 2459 aut
2855 2404 3118 2459 virtutem
3170 2413 3261 2459 attt
3308 2403 3565 2458 divinita—

1951 2503 2057 2549 tem
2102 2494 2422 2564 signiﬁcari.
2475 2497 2545 2551 Et
2592 2512 2693 2552 nos
2739 2513 2873 2567 ergo
2924 2514 3088 2553 unam
3138 2497 3318 2553 Patris
3346 2506 3401 2552 et
3432 2496 3560 2553 Filii

1948 2586 2309 2642 substantiam
2340 2588 2700 2654 vindicantes,
2732 2591 2860 2661 quid
2892 2590 3038 2645 aliud
3090 2605 3250 2657 quam
3296 2590 3349 2643 in
3402 2596 3557 2644 utro-

1949 2694 2057 2749 qne
2087 2694 2246 2748 pares
2276 2679 2519 2746 divitias,
2551 2683 2715 2736 unius
2742 2682 2957 2738 scilicet
3004 2681 3313 2737 divinitatis
3360 2679 3561 2751 praedi-

1949 2775 2174 2828 camus?
2209 2776 2280 2829 lie
2329 2776 2527 2845 quibus
2577 2776 2781 2831 divitiis
2828 2778 2904 2830 ait
2953 2776 3247 2845 Apostolus
3294 2791 3307 2828 :
3346 2773 3557 2837 Notas,

1948 2868 2147 2939 inquit,
2177 2869 2295 2937 fecit
2326 2868 2460 2923 Deus
2505 2871 2710 2925 divitias
2741 2871 2924 2943 gloria:
2952 2887 3062 2926 sua:
3092 2870 3317 2943 (Coloss.
3352 2885 3391 2937 ι,
3417 2868 3510 2941 27)
3546 2886 3559 2922 :

1951 2963 2095 3032 quod
2128 2975 2212 3019 est
2241 2965 2511 3020 Christus.
2549 2966 2617 3020 Et
2644 2982 2812 3021 unam
2840 2967 3129 3036 utriusque
3178 2965 3415 3020 dicimus
3442 2979 3565 3019 esse

1951 3056 2238 3123 virtutem,
2268 3057 2337 3112 de
2364 3073 2468 3128 qua
2502 3058 2644 3113 idem
2677 3058 2979 3129 Apostolus
3007 3060 3085 3113 ait
3119 3076 3131 3111 :
3161 3056 3430 3123 Christus,
3461 3058 3566 3112 vir-

1875 3126 1921 3188 (ἶ
1954 3157 2035 3201 tus
2062 3147 2157 3203 Dei
2181 3160 2254 3203 est
2283 3150 2328 3223 (l
2358 3126 2477 3203 Cor.
2512 3167 2551 3215 ι,
2578 3151 2695 3219 2i).
2729 3126 2862 3218 Quae
2911 3151 3129 3220 quidem
3178 3151 3386 3215 virtus,
3435 3150 3564 3220 quia

1949 3240 2154 3295 nullius
2182 3250 2462 3297 extranea:
2489 3242 2609 3313 opis
2640 3243 2877 3311 indiget;
2911 3243 3056 3297 dicta
3098 3242 3402 3298 snhSIantia
3442 3252 3565 3307 est,

1952 3344 2011 3388 ut
2059 3350 2227 3401 supra
2278 3335 2547 3403 diximus,
2579 3336 2843 3407 quidquid
2886 3335 3019 3390 illttd
3071 3345 3155 3391 est
3186 3336 3293 3389 sibi
3335 3334 3565 3390 debcns.

1949 3427 2091 3483 Nihil
2123 3443 2255 3499 ergo
2284 3430 2334 3485 in
2367 3430 2468 3483 Itoc
2497 3429 2768 3484 vocabulo
2809 3445 3032 3495 novum,
3063 3429 3197 3484 nihil
3232 3439 3560 3484 extraneum

1953 3520 2209 3586 dicimus,
2233 3521 2372 3576 nihil
2401 3522 2764 3593 incoogrunm
2789 3522 3269 3586 divinitati,etiant
3297 3521 3351 3576 in
3381 3537 3572 3592 quam-

1956 3616 2043 3670 vis
2072 3625 2284 3684 partem
2331 3615 2713 3686 significantite
2764 3615 3149 3671 transferatur.
3197 3615 3303 3672 Sed
3339 3621 3430 3689 (ut
3459 3630 3575 3672 cte-

1956 3723 2145 3779 peram
2174 3708 2404 3780 dicere)
2438 3709 2615 3763 omnis
2647 3713 2746 3763 ista
2780 3709 3012 3780 quaestio
3043 3708 3281 3764 nominis
3301 3750 3316 3773 ,
3346 3707 3573 3764 alterius

1958 3815 2042 3857 εει
2070 3801 2278 3856 doloris
2311 3818 2323 3854 :
2361 3816 2461 3855 nec
2501 3802 2825 3858 vocabulum
2848 3844 2865 3869 ,
2897 3801 2991 3857 sed
3039 3801 3123 3857 vis
3172 3801 3421 3858 vocabuli
3454 3800 3572 3855 dis-

1960 3897 2148 3967 plicet.
2181 3896 2392 3964 Quibus
2421 3895 2569 3950 enim
2602 3897 2858 3966 accipere
2886 3896 3112 3950 auribus
3148 3896 3362 3965 possint
3407 3909 3571 3949 unam

1959 3989 2140 4045 Patris
2167 4001 2218 4044 et
2247 3987 2370 4043 Filii
2400 3989 2763 4043 substantiam
2795 3988 3101 4058 pra'dicari,
3137 3989 3241 4043 hoc
3267 3996 3376 4051 est,
3405 3987 3579 4041 hono-

1961 4099 2100 4145 rem.
2130 4081 2449 4152 dignitatum
2474 4122 2489 4144 ,
2516 4082 2856 4147 claritatem,
2887 4084 3151 4137 virtutem
3179 4123 3195 4147 ,
3228 4080 3573 4151 majestatem

1966 4178 2082 4246 pari
2115 4176 2167 4230 in
2204 4187 2435 4246 utroque
2485 4177 2723 4230 veritate
2772 4174 3276 4243 commonent;qui
3326 4188 3355 4225 a
3410 4171 3574 4226 Patre

1964 4269 2160 4324 Filium
2193 4280 2481 4338 separant,
2515 4279 2569 4323 et
2598 4269 2788 4322 divisis
2817 4266 3137 4321 substantiis
3165 4266 3216 4319 in
3247 4280 3346 4320 sua
3376 4281 3574 4320 utinm-

1963 4376 2231 4431 quentqne
2266 4362 2603 4430 proprietate
2632 4359 2947 4429 degentem,
2976 4357 3258 4428 repudiata
3309 4357 3570 4413 divinita-

1966 4456 2035 4510 tis
2064 4455 2447 4510 communione
2495 4453 2843 4525 proponunt?
2894 4452 2992 4508 Hic
3031 4467 3160 4524 ergo
3190 4451 3573 4520 blasphemiae,

250 4548 361 4617 15).
398 4549 509 4604 Ει;
545 4548 859 4604 Substantia
912 4562 1023 4601 mea
1070 4556 1189 4599 ante
1227 4554 1275 4599 te
1316 4553 1391 4597 est
1438 4558 1635 4615 semper
1682 4542 1851 4615 (Psal.

1968 4548 2055 4604 hic
2080 4548 2255 4604 dictus
2283 4548 2579 4618 sacrilegus
2608 4547 2789 4614 dolor,
2819 4563 2928 4617 quo
2957 4547 3009 4601 in
3042 4545 3201 4602 Patre
3230 4555 3285 4601 et
3324 4545 3460 4601 Filio
3490 4561 3579 4602 re-

246 4657 495 4707 xxsvm,
529 4640 623 4711 8).
658 4640 730 4695 Et
764 4656 778 4693 :
824 4638 1129 4695 Substantia
1166 4654 1283 4692 mea
1330 4647 1591 4707 tamquam
1638 4637 1860 4691 nihilum

249 4747 369 4791 ante
395 4745 445 4791 te
472 4734 759 4809 (lbid.,6).
795 4733 1067 4788 Scrutetur
1095 4737 1353 4803 formator
1382 4731 1724 4785 substantiam
1748 4732 1863 4803 ejus

249 4827 427 4898 (Psal.
465 4844 616 4892 ornt,
653 4827 767 4895 ll).
800 4826 906 4882 Sed
936 4833 993 4881 et
1028 4824 1339 4880 Salomonis
1369 4826 1638 4879 sententia
1668 4843 1681 4878 :
1725 4824 1863 4880 Sub-

251 4924 523 4988 stantiam,
558 4919 758 4990 inquit,
791 4928 929 4973 tuam
957 4930 1007 4972 et
1025 4917 1350 4973 dulcedinem
1376 4930 1517 4972 tuam
1551 4918 1720 4991 (Sap.
1750 4935 1862 4985 va,

251 5016 341 5086 2).
371 5018 435 5074 Et
465 5019 738 5076 Jeremias
769 5035 783 5071 :
818 5017 880 5074 Si
923 5019 1182 5073 stetissent
1208 5019 1262 5071 in
1289 5017 1577 5073 substantia
1603 5033 1716 5072 mea
1748 5016 1865 5089 (Je-

258 5129 389 5170 rem.
420 5129 591 5179 χλιιι,
621 5112 732 5178 22,
763 5128 866 5167 sec.
901 5110 1093 5181 LXX).
1130 5110 1199 5167 Et
1229 5114 1280 5166 in
1330 5112 1648 5167 Proverbiis
1681 5129 1695 5167 :
1733 5112 1872 5167 Sub-

259 5210 455 5264 stantia
500 5208 679 5263 divitis
705 5250 721 5273 ,
754 5208 935 5261 civitas
980 5207 1179 5260 munita
1229 5205 1429 5278 (Prov.
1465 5223 1517 5271 κ,
1553 5204 1662 5271 15).
1698 5206 1767 5261 Ει
1814 5207 1867 5261 in

262 5306 455 5362 eodem
491 5323 507 5360 :
538 5303 774 5358 Domum
816 5313 864 5356 et
894 5301 1235 5356 substantiam
1264 5301 1498 5354 dividunt
1528 5309 1700 5372 patres
1748 5300 1873 5369 ﬁliis

269 5395 454 5471 (Prov.
481 5412 613 5463 xm,
642 5395 765 5465 22).
794 5394 901 5450 Sed
951 5405 1006 5449 et
1048 5393 1246 5447 Tobias
1278 5412 1292 5448 :
1325 5392 1385 5448 Si
1439 5393 1631 5461 fuerit,
1662 5394 1868 5463 inquit,

218 5492 219 5495 “
270 5494 361 5547 tibi
402 5496 616 5562 copiosa
663 5490 951 5545 substantia
970 5486 1121 5557 (Tob.
1152 5502 1241 5551 1v,
1272 5486 1352 5555 9).
1404 5486 1473 5541 Et
1520 5488 1658 5541 idem
1692 5505 1704 5541 :
1743 5485 1872 5551 Fili,

273 5604 340 5644 ea:
365 5587 654 5644 substantia
683 5594 774 5640 tua
817 5584 902 5653 [ac
928 5583 1300 5653 elsetttosynam
1328 5579 1519 5655 (lbid.,
1552 5582 1630 5650 7).
1679 5580 1786 5637 Sed
1820 5588 1877 5635 et

278 5679 555 5737 Joannes:
595 5680 700 5749 Qui
754 5676 985 5731 habuerit
1029 5675 1361 5729 substantiam
1416 5673 1593 5727 mundi
1644 5672 1873 5741 (lJoan.

286 5775 359 5843 at,
392 5758 499 5847 t1).
536 5769 607 5831 Et
638 5770 691 5830 lu
719 5766 1012 5842 Evangelia
1048 5782 1061 5828 t
1099 5763 1247 5833 Emi
1280 5763 1781 5840 indltihidimilﬁum
1812 5769 1879 5823 ita

1966 4645 2167 4713 cipitttr
2217 4645 2357 4699 Deus
2406 4658 2567 4698 unus.
2602 4642 2830 4697 Mortuis
2860 4642 3007 4697 enim
3040 4640 3358 4696 auctoribus
3409 4639 3573 4710 hujus

1969 4737 2206 4802 veneni,
2237 4738 2446 4791 scelera
2495 4746 2679 4789 tamen
2711 4749 2903 4789 eorum
2932 4744 2990 4789 et
3013 4734 3263 4788 doctrina
3314 4748 3422 4786 non
3453 4748 3577 4787 nto-

1970 4833 2128 4887 ritur.
2181 4831 2312 4896 Illis,
2366 4834 2620 4898 ittqu.tm,
2652 4830 2971 4883 auctoribus
3021 4829 3074 4882 in
3110 4836 3320 4882 tantum
3350 4842 3379 4880 a
3412 4826 3577 4882 Patre

1972 4928 2351 4997 separantibns
2382 4924 2617 4989 Filium,
2647 4932 2708 4979 ut
2750 4939 2849 4979 ore
2893 4923 3163 4992 sacrilego
3211 4922 3575 4991 protulerint,

1974 5022 2170 5078 Filium
2213 5020 2307 5075 Dei
2336 5026 2461 5074 aute
2504 5017 2702 5072 sa-cula
2745 5016 2965 5084 quidem
2998 5026 3241 5070 creatum
3286 5024 3341 5070 et
3382 5012 3577 5069 funda-

1976 5124 2111 5180 tum,
2141 5112 2239 5168 sed
2270 5112 2453 5166 vivere
2482 5118 2537 5165 et
2566 5124 2689 5165 esse
2718 5124 2746 5162 a
2778 5108 2940 5163 Patre
2964 5109 3273 5176 suscepisse
3304 5124 3319 5160 :
3353 5115 3410 5162 et
3444 5107 3579 5161 fuis-

1975 5226 2034 5267 se
2060 5219 2350 5279 antequam
2383 5215 2734 5270 nasceretur;
2760 5214 2814 5259 et
2841 5203 3012 5258 Deum
3044 5202 3263 5273 quidem
3294 5215 3444 5261 esse.
3477 5200 3578 5255 sed

1978 5321 2086 5360 non
2116 5317 2239 5358 esse
2284 5316 2472 5355 verum
2505 5299 2699 5355 Deum.
2728 5296 3159 5352 Snccessoribns
3210 5294 3372 5365 igitur
3416 5292 3583 5359 hujus

1980 5397 2249 5469 perfidiae,
2284 5407 2390 5447 non
2426 5393 2574 5456 lidei,
2609 5407 2703 5459 per
2739 5403 2877 5459 quos
2906 5390 3172 5442 malorum
3202 5386 3372 5455 serpit
3400 5386 3565 5438 licere~

1980 5492 2145 5556 ditas,
2176 5488 2372 5544 merito
2424 5502 2525 5541 una
2572 5483 2870 5539 subsmntia
2926 5480 3220 5548 displicet,
3250 5494 3411 5551 qnam
3462 5475 3583 5530 tolli

1981 5585 2129 5641 velut
2177 5581 2496 5637 scandalum
2546 5588 2599 5633 et
2651 5578 2877 5632 unitatis
2924 5575 3218 5628 divortium
3270 5571 3578 5641 postulant,

1983 5681 2294 5750 ignorantes
2345 5674 2469 5729 illos
2504 5666 3229 5750 tantum;cittlttilicosjesse
3278 5661 3584 5750 dicendos;

1984 5742 2075 5837 qui
2104 5767 2159 5821 la
2187 5762 2345 5829 Italus
2374 5759 2731 5821 professionis
2758 5746 3145 5815 commttnlonu
3174 5742 3532 5809 concta-itaut.
