4106 6344
527 233 596 292 19
1585 227 1646 289 Β.
1686 224 2057 291 ΡΗΦΒΑΒΠ
2096 224 2145 289 Ftl

2245 224 2312 283 ﬂ.
2353 223 2765 291 AGINHENSIS
3560 226 3575 241 "
3758 224 3830 284 ρο

1134 347 1364 409 CAPUT
1409 346 1501 423 Ix.

523 489 713 561 Ignoto
760 488 953 545 Christi
1002 490 1259 545 nativitas.
1314 488 1553 545 Christus
1583 505 1648 544 ea:
1692 480 1841 555 Deo,
1888 490 1942 543 in
1973 486 2123 557 Deo,

1175 594 1292 636 cum
1320 580 1451 637 Deo.

595 741 733 800 Illud
772 752 954 800 autem
1001 742 1126 813 quis
1173 741 1320 799 ferte
1371 741 1757 811 equanimiter
1806 739 2015 812 poSsit,
2069 749 2131 795 ut

526 851 686 905 quem
720 835 933 892 initium
968 835 1171 892 habere
1196 849 1297 907 pro
1322 842 1478 891 certo
1505 844 1790 902 asserunt,
1825 834 1988 903 hujus
2036 847 2131 888 na-

519 930 787 985 tivitatem
832 930 1071 987 habeant
1119 930 1175 985 in
1220 929 1529 986 incertum?
1577 928 1685 985 Aut
1727 939 2025 999 utrumque
2072 928 2129 982 in

520 1026 738 1082 occulto
760 1027 1073 1083 iubendum
1106 1036 1222 1092 est,
1252 1027 1379 1097 quia
1407 1029 1815 1097 contemperale
1858 1037 1944 1082 est
1982 1044 1993 1080 :
2039 1034 2132 1083 aut

524 1124 819 1190 Utrumque
845 1137 968 1177 esse
995 1122 1272 1192 cognitum
1307 1121 1486 1177 debet.
1509 1121 1757 1177 Alterum
1780 1121 1925 1176 enim
1954 1134 2132 1191 neque

528 1212 703 1277 nosci,
741 1229 918 1282 neque
950 1213 1189 1283 ignorari
1216 1216 1338 1269 sine
1360 1214 1534 1269 altero
1584 1221 1780 1284 potest.
1808 1214 1980 1269 liabet
2028 1218 2134 1280 (in-

526 1308 667 1377 quit)
696 1309 909 1366 initium
943 1308 1143 1373 Filius,
1178 1309 1277 1364 sed
1303 1318 1392 1365 est
1420 1309 1664 1379 ejusdem
1689 1311 1904 1365 occulta
1935 1310 2131 1365 nativi-

530 1407 633 1453 tas.
663 1398 781 1455 Non
804 1411 889 1456 est
914 1400 1185 1471 iniquum,
1200 1400 1324 1472 quis
1353 1401 1594 1472 prodidit
1610 1401 1679 1457 de
1696 1400 2017 1458 nativitate?
2038 1416 2135 1458 cur

532 1494 736 1547 tacuit?
768 1493 938 1549 Immo
964 1497 1081 1564 ipse
1114 1494 1367 1550 nativitas
1414 1496 1559 1551 unde
1578 1506 1734 1563 uota,
1768 1511 1890 1567 qua:
1935 1498 2136 1551 asseri-

530 1597 617 1640 tur
646 1587 861 1657 ignota?
892 1586 996 1642 Sed
1045 1586 1147 1643 hoc
1194 1587 1314 1641 loco
1354 1586 1605 1644 homines
1653 1589 1801 1643 omni
1843 1605 1940 1659 spe
1992 1589 2134 1643 bona

532 1679 688 1733 vacui
738 1678 1100 1749 pra'scribunt
1141 1679 1422 1749 prephetm
1468 1681 1785 1735 auctoritati
1845 1681 2077 1735 dicentis
2122 1697 2133 1732 :

531 1770 872 1825 Nativitatem
924 1775 1036 1849 ejus
1083 1774 1199 1849 quis
1246 1774 1503 1829 enarravit
1545 1771 1690 1843 (lsa.
1722 1788 1868 1839 Lvnt,
1893 1772 1985 1844 8)?

533 1864 898 1934 intelligeules
939 1865 1047 1934 jam
1100 1876 1225 1919 tunc
1272 1880 1367 1920 eos
1412 1866 1716 1936 prophetali
1774 1864 1967 1935 spiritu
2011 1879 2136 1920 esse

531 1957 830 2027 prmvisos,
859 1959 947 2029 qui
982 1957 1159 2017 daturi
1190 1968 1345 2013 erant
1392 1958 1602 2015 initium
1638 1957 1735 2015 Dei
1785 1956 1997 2024 Verbo,
2032 1955 2137 2012 hoc

532 2060 643 2115 cst,
674 2050 769 2107 Dei
802 2050 960 2115 Filia.
996 2049 1356 2115 Nativitatem,
1387 2050 1582 2122 inquit,
1620 2054 1734 2124 ejus
1762 2052 1875 2122 quis
1925 2065 2139 2106 enarra-

536 2144 647 2207 vit?
676 2145 781 2201 hoc
817 2155 899 2207 est
945 2144 1131 2201 dicere
1162 2162 1174 2198 :
1206 2144 1374 2201 Nemo
1404 2146 1684 2203 hominum
1716 2146 1937 2217 poterit.
1967 2144 2139 2201 Nemo

533 2239 679 2301 enim
710 2239 886 2307 potuit
912 2245 1109 2308 prmter
1150 2239 1349 2307 ipsum,
1381 2239 1473 2309 qui
1504 2239 1685 2295 sinum
1716 2238 1893 2294 Patris
1933 2237 2143 2295 edisse-

534 2347 686 2397 rens,
706 2329 1085 2403 principaliter
1113 2331 1271 2389 nobis
1285 2342 1500 2389 secreta
1521 2332 1822 2389 nativitatis
1844 2347 1962 2388 sua)
1988 2347 2141 2388 rem

536 2422 690 2479 lavit.
724 2422 883 2485 Nam,
913 2437 965 2479 et
1000 2424 1237 2496 legimus
1267 2425 1334 2480 ad
1364 2424 1618 2491 canitiem
1648 2425 1894 2494 speciem
1929 2424 2137 2481 dictum

532 2532 658 2573 esse
688 2534 699 2568 :
730 2516 859 2582 Qui:
890 2518 1152 2587 cognoscit
1200 2534 1408 2575 sensum
1454 2516 1661 2573 Domini
1713 2517 1893 2587 (Rom.
1921 2532 1999 2583 st,
2028 2514 2098 2571 34
2126 2532 2140 2581 ;

536 2605 705 2669 ICor.
736 2625 776 2676 ι,
807 2608 932 2679 lli)?
963 2608 1071 2665 Sed
1120 2626 1339 2665 rursum
1390 2610 1647 2675 docemur
1694 2627 1709 2665 :
1756 2608 1877 2664 Nisi
1925 2609 2145 2678 spiritus

537 2705 628 2765 qni
650 2699 706 2755 in
740 2701 851 2771 ipso
876 2710 974 2757 est.
1008 2698 1346 2763 Nutivitateut
1378 2704 1491 2768 eius
1520 2702 1635 2770 quis
1665 2701 1926 2759 enarravit
1953 2698 1995 2770 (I
2021 2698 2143 2754 Cor.

537 2811 576 2856 ι,
610 2791 737 2865 11)?
772 2793 875 2850 hoc
903 2805 988 2849 est
1026 2794 1244 2851 dicere:
1278 2794 1450 2851 Nemo
1476 2795 1675 2851 audeat
1702 2808 1961 2851 enarrare
2002 2791 2147 2863 quod

541 2903 651 2943 non
682 2896 881 2961 potest.
932 2888 1040 2953 Cur
1083 2898 1265 2951 autem
1314 2904 1483 2951 neuio
1520 2886 1758 2957 poterit?
1784 2888 1908 2956 quia
1938 2886 2149 2943 scilicet

542 2999 649 3039 non
687 2982 865 3045 solum
914 2998 982 3049 ex
1011 2998 1077 3043 eo
1116 2994 1173 3039 et
1208 2999 1332 3038 cum
1365 2997 1433 3043 eo
1458 3022 1473 3047 ,
1520 2981 1620 3039 sed
1650 2992 1707 3035 et
1739 2982 1794 3037 in
1822 2992 1889 3034 eo
1928 2988 2016 3034 est
2050 2978 2147 3049 qui

536 3083 689 3133 caret
714 3074 1021 3137 nativitate.
1055 3074 1289 3137 Genitos
1328 3076 1478 3141 enim
1518 3077 1589 3135 ab
1616 3072 1893 3143 ingenito,
1938 3073 2023 3128 his
2061 3072 2146 3129 die

539 3170 678 3225 νῑιιςυ
708 3169 898 3238 gloriae
932 3170 1088 3223 bonis
1130 3176 1291 3225 natus
1337 3137 1421 3234 est
1464 3184 1589 3237 quin
1636 3137 1809 3235 penes
1847 3167 2144 3235 ingenitum
2178 3137 2225 3207 Ο

540 3271 733 3325 erant;
766 3271 825 3315 et
876 3277 1042 3331 penes
1089 3263 1341 3323 eumdem
1389 3262 1687 3331 ingenitum
1745 3260 1947 3319 desivit
1984 3260 2149 3317 Pater

544 3354 744 3409 habch
774 3354 916 3421 quod
964 3355 1171 3425 genuit,
1204 3353 1455 3409 eumdem
1484 3355 1539 3407 in
1573 3352 1871 3420 semetipso
1900 3352 2154 3409 habendo

543 3463 704 3516 quem
751 3448 969 3516 genuit?
1011 3448 1174 3521 llujus
1226 3448 1389 3515 igitur
1429 3448 1684 3505 nativitas
1714 3447 1836 3505 ideo
1870 3447 2155 3507 int-narra-

541 3536 668 3605 hilis
697 3541 1002 3601 nuntiatur.
1036 3543 1156 3609 quia
1191 3556 1289 3609 por
1312 3542 1484 3608 ipsam
1534 3543 1898 3607 inconceptus
1925 3539 2154 3604 θαμειαὶ

545 3630 824 3701 perfectus
850 3647 925 3693 ex
959 3634 1065 3693 Deo
1096 3634 1256 3693 ttatre
1288 3632 1458 3693 Filius
1492 3634 1635 3693 Deus
1664 3642 1781 3698 est,
1814 3634 1939 3702 quia
1968 3647 2157 3689 secum

546 3726 676 3787 dum
708 3725 1020 3795 Scriptnrus
1050 3727 1121 3789 de
1146 3726 1290 3783 Filio
1310 3726 1579 3791 diximus,
1608 3743 1673 3782 ea
1697 3743 1789 3791 eo,
1819 3736 1867 3782 et
1895 3743 2013 3783 eum
2060 3745 2152 3797 eo,

547 3828 597 3881 et
629 3820 681 3873 in
709 3833 770 3872 eo
795 3817 981 3888 (Rom.
1012 3835 1090 3886 ιι,
1124 3818 1238 3891 ὃὸ).

1194 3995 1424 4061 CAPUT
1464 3997 1534 4059 Χ.

550 4139 802 4195 Doctrina
848 4138 1151 4212 hujusmodi
1191 4138 1491 4210 exponitur.
1546 4136 1757 4205 Verbis,
1806 4154 1909 4193 non
1955 4154 2109 4193 sensu
2136 4179 2152 4205 ,

1048 4230 1273 4285 haeretici
1304 4230 1449 4284 nobis
1486 4229 1815 4285 conveniunt.

610 4391 695 4450 Ne
724 4390 846 4461 quis
895 4387 1355 4460 signiﬁcationum
1400 4390 1666 4445 varietate
1704 4388 1985 4455 turbetur,
2019 4389 2152 4445 red.-

548 4486 723 4547 denda
765 4495 849 4542 est
886 4485 1026 4545 ratio
1055 4484 1323 4540 dictorum
1356 4501 1370 4540 :
1401 4494 1457 4540 et
1491 4501 1557 4540 ne
1600 4487 1885 4555 proposita
1910 4486 2152 4541 coniun-

2156 349 2208 417 Α
2233 344 2409 400 tilium
2443 343 2631 400 fraude
2656 345 2945 403 verborum
2976 360 2989 398 :
3015 343 3214 401 Genuit
3244 343 3468 416 quidem
3498 342 3701 398 Filium
3729 341 3832 396 Pa-

2234 449 2333 505 ter,
2364 438 2458 493 sed
2491 452 2648 492 nemo
2679 440 2780 492 scit
2810 438 2971 501 unde.
3008 438 3138 499 Nam
3164 445 3219 501 et
3248 437 3504 492 similiter
3530 433 3706 499 .[uda-i
3751 432 3834 487 di-

2231 542 2464 590 xerunt:
2509 531 2621 587 Nos
2646 534 2835 588 scimus
2891 533 3027 602 quod
3061 531 3234 602 Moysi
3281 532 3483 586 locutus
3532 540 3605 585 est
3649 526 3834 582 Deus:

2232 629 2371 691 hunc
2392 636 2559 689 autent
2585 628 2837 681 nescimus
2858 626 2994 680 unde
3019 627 3083 685 sit
3111 623 3311 697 (Joan.
3342 640 3397 680 lx
3416 666 3429 691 ,
3453 622 3524 679 29
3547 620 3589 694 ).
3626 621 3834 689 Quam-

2231 720 2315 775 vis
2346 721 2491 775 enim
2539 719 2832 791 aliquando
2880 718 3163 776 nobiscum
3215 716 3413 771 iaciant
3454 714 3837 783 communione

2235 814 2557 877 verborum,
2606 802 2659 867 et
2704 813 2964 867 nonnulla
3011 812 3300 883 videantur
3330 810 3477 869 dicta
3507 807 3839 883 simpliciter

2234 905 2453 962 infamia
2496 906 2767 960 hccreticze
2812 904 3101 978 pravitatis
3143 912 3685 977 aspergere;tamen
3714 901 3841 973 quia

2233 1000 2387 1057 feretl
2418 1015 2609 1059 eorum
2638 1000 2864 1055 veniunt
2893 999 3157 1053 adversus
3190 996 3348 1069 ﬁdem
3373 1011 3580 1072 veram,
3615 1009 3842 1063 necesse

2234 1106 2318 1151 est
2362 1093 2657 1157 secundum
2708 1094 2859 1164 plura
2906 1091 3138 1161 intelligi
3194 1089 3483 1161 pauciora;
3530 1086 3839 1164 praesertim

2235 1200 2356 1242 cum
2399 1187 2443 1249 si
2473 1186 2600 1257 quid
2631 1193 2915 1257 receptum
2943 1182 3108 1247 fuerit
3136 1189 3326 1251 contra
3369 1180 3527 1251 ﬁdem
3571 1179 3838 1253 veniens,

2239 1281 2403 1335 totius
2428 1278 2551 1333 ﬁdei
2574 1278 2832 1333 damnum
2865 1278 2957 1343 sit.
2988 1274 3153 1329 Nemo
3184 1275 3311 1340 scit,
3345 1273 3557 1351 inquit,
3588 1271 3845 1344 quomodo

2238 1375 2440 1448 genitus
2483 1374 2545 1435 sit
2594 1370 2804 1439 Filius,
2860 1371 2957 1424 nisi
3009 1368 3170 1422 Pater
3195 1369 3338 1429 solus
3397 1350 3591 1440 (Ὶοιιη.
3617 1383 3666 1439 ι,
3702 1365 3843 1447 l8

2239 1454 2378 1536 Quid
2410 1482 2540 1549 ergo
2571 1466 2673 1519 sihi
2704 1464 2815 1519 vult
2845 1464 2935 1520 illa
2984 1464 3254 1529 sententia
3283 1504 3296 1528 ,
3346 1461 3471 1541 quia
3528 1460 3631 1535 hoc
3662 1459 3847 1533 Domi-

2243 1576 2343 1623 nus
2376 1560 2628 1631 ignorare
2681 1574 2779 1613 nos
2820 1560 3053 1623 nolens:
3124 1554 3273 1626 Ego,
3326 1554 3533 1625 inquit,
3583 1555 3646 1606 de
3696 1551 3850 1613 Patre

2242 1630 2409 1718 exivi,
2438 1660 2487 1706 et
2525 1652 2586 1706 de
2618 1652 2735 1715 sinu
2767 1648 2943 1713 Patris
2988 1647 3193 1727 (Joan.
3221 1663 3344 1721 xw,
3373 1630 3466 1727 27ξ
3498 1644 3569 1701 28
3591 1632 3660 1721 )?
3707 1642 3851 1717 Proh

2028 1788 2134 1827 ,ιοη
2167 1751 2217 1819 Β
2242 1748 2435 1814 dolor!
2468 1745 2577 1813 Cur
2608 1756 2881 1802 seetnntes
2920 1742 3247 1827 ignoranti-3
3286 1741 3544 1796 tenebras
3590 1737 3852 1809 ignorare

2242 1856 2341 1895 nos
2369 1839 2586 1895 noluit?
2612 1849 2666 1903 et
2694 1838 2886 1917 utique
2917 1823 3090 1892 noluit
3110 1878 3124 1904 ,
3151 1845 3206 1903 ut
3233 1844 3457 1889 auctore
3472 1831 3633 1891 nobis
3659 1829 3855 1909 cogni-

2243 1942 2326 1998 to,
2358 1940 2533 1987 status
2556 1934 2637 1991 sui
2672 1928 2906 2005 quaestio
2935 1929 3235 1987 tolleretur.
3263 1926 3380 1981 Non
3397 1926 3681 1999 enimernt
3705 1938 3856 2005 qua:-

2240 2026 2472 2082 rendum
2497 2068 2509 2091 ,
2540 2027 2681 2097 quis,
2709 2025 2986 2109 quomodo
3016 2023 3100 2077 vel
3130 2022 3309 2103 qualis
3338 2030 3487 2085 esset
3511 2062 3524 2084 ,
3555 2032 3679 2072 cum
3710 2015 3854 2089 unde

2240 2131 2387 2175 esset
2411 2133 2784 2173 nosceremos.
2817 2116 2923 2181 Sed
2952 2118 2995 2169 si
3023 2116 3124 2169 hoc
3151 2115 3270 2168 loco
3293 2112 3463 2183 ipsius
3482 2109 3701 2164 Domini
3730 2122 3857 2163 sen-

2245 2214 2409 2267 tentia
2436 2212 2487 2266 id
2517 2212 2895 2273 conlirmatum
2920 2224 3044 2264 esse
3073 2209 3423 2279 proponitur,
3447 2203 3682 2259 dicentis
3710 2200 3859 2265 scili-

2244 2315 2358 2359 cet:
2380 2302 2547 2357 Nemo
2565 2303 2703 2357 novit
2720 2299 2929 2356 Patrem
2944 2302 3043 2354 nisi
3063 2299 3252 2365 Filius,
3271 2313 3361 2351 nec
3374 2293 3572 2350 Filium
3586 2295 3700 2366 quis
3719 2295 3859 2349 novit

2246 2396 2345 2450 nisi
2370 2394 2529 2451 Pater
2551 2394 2770 2467 (Matth.
2790 2410 2843 2448 ιι
2865 2435 2880 2460 ,
2911 2394 3014 2463 27)
3041 2411 3054 2458 ;
3082 2393 3307 2457 audient
3327 2405 3356 2444 a
3388 2389 3577 2455 nobis,
3608 2404 3677 2445 ne
3710 2387 3862 2443 frau-

2246 2490 2368 2543 dcm
2401 2489 2604 2542 faciant
2629 2487 2830 2542 divinae
2848 2486 3178 2549 deﬁnitioni.
3205 2485 3456 2555 Sequitur
3473 2483 3617 2537 cnim
3643 2498 3654 2539 :
3683 2478 3752 2541 Et
3777 2482 3862 2535 cui

2244 2581 2462 2636 voluerit
2490 2581 2657 2635 Filius
2680 2581 2927 2641 revelare.
2954 2578 3070 2634 Non
3104 2588 3187 2633 est
3232 2577 3378 2634 enim
3414 2578 3633 2651 penitus
3665 2577 3858 2663 necti]-

2247 2686 2359 2730 tum
2387 2674 2530 2746 quod
2575 2689 2679 2727 non
2714 2682 2894 2743 potest
2925 2671 3184 2727 revelari.
3231 2669 3527 2747 Rovelatur
3580 2669 3728 2724 enim
3753 2710 3768 2737 ,
3813 2668 3857 2739 si

2248 2770 2444 2837 dignus
2476 2766 2811 2829 revelatione
2834 2766 2954 2839 quis
2977 2765 3161 2818 fuerit.

2868 2945 3099 3002 CAPUT
3143 2945 3231 3000 ΧΙ.

2479 3088 2580 3145 Per
2609 3087 2865 3156 Spiritum
2897 3083 2991 3149 Dei
3016 3092 3210 3151 secreta
3241 3083 3621 3152 cognoscimus.

2325 3253 2445 3308 Jam
2477 3264 2607 3319 ergo
2638 3249 2755 3309 huic
2789 3246 2983 3307 notitia
3023 3244 3223 3303 secreti
3262 3255 3430 3299 eausa
3476 3258 3581 3297 non
3629 3245 3856 3313 tegitur,

2254 3361 2375 3417 quae
2414 3346 2695 3399 revelatur
2726 3357 2791 3395 ex
2839 3353 3042 3393 causa:
3090 3347 3144 3391 et
3186 3350 3527 3406 consequens
3557 3344 3725 3390 estut
3755 3350 3857 3389 nos

2258 3438 2463 3509 indigni
2496 3435 2846 3506 cognitione,
2878 3447 2985 3485 non
3013 3431 3234 3500 iniquus
3274 3428 3567 3484 habendus
3610 3429 3681 3482 sit
3716 3428 3860 3483 Deus

2256 3534 2344 3604 qui
2372 3531 2733 3601 ignorantiam
2759 3526 2944 3598 punit;
2978 3541 3084 3581 non
3104 3535 3290 3578 autem
3332 3522 3577 3592 puniret,
3603 3524 3648 3577 si
3680 3522 3862 3577 seien-
3900 3542 3911 3548 ·

2259 3627 2387 3683 tiam
2415 3638 2524 3679 non
2554 3621 2815 3677 dedisset.
2849 3616 3162 3673 Beditenini
3185 3632 3282 3686 per
3298 3616 3565 3686 Spiritum
3585 3628 3858 3677 sanetum.

2258 3717 2533 3786 Denique,
2578 3714 2843 3782 Spiritus,
2875 3712 3087 3781 inquit,
3125 3710 3354 3764 veritatis
3403 3707 3666 3762 esarrabit
3720 3708 3863 3767 nobis

2260 3827 2457 3867 omnem
2482 3808 2742 3864 veritatem
2770 3801 2953 3875 (Joan.
2983 3819 3072 3859 xu
3091 3845 3106 3871 ,
3140 3802 3267 3873 15).
3317 3802 3451 3856 Cum
3472 3801 3610 3855 dicit
3648 3814 3859 3856 munem

2257 3904 2552 3967 veritatem,
2583 3910 2735 3955 certe
2766 3898 2898 3953 nihil
2926 3898 3149 3968 excipit.
3185 3896 3284 3952 llic
3335 3905 3418 3950 est
3456 3896 3694 3965 Spiritus
3718 3894 3861 3949 uoti-

2197 4026 2211 4043 ο
2261 3998 2349 4053 tiae
2379 4005 2434 4051 et
2460 3994 2740 4059 veritatis,
2792 4007 2891 4063 per
2940 4006 3101 4062 quem
3132 3990 3393 4046 Salomon
3440 3989 3511 4045 de
3567 3989 3858 4044 Dominiea

2260 4090 2541 4147 nativitate
2564 4105 2577 4143 :
2604 4085 2743 4153 Quid
2770 4087 2870 4153 sit,
2900 4086 3110 4156 inquit,
3143 4094 3191 4138 et
3218 4082 3504 4153 sapientia,
3538 4092 3587 4135 et
3611 4080 3865 4152 quemad-

2261 4183 2471 4241 modum
2505 4188 2644 4253 tacta
2668 4180 2734 4237 sit
2757 4221 2772 4246 ,
2798 4180 3027 4250 referam
3044 4219 3058 4245 ,
3107 4186 3154 4231 et
3182 4178 3245 4231 ab
3281 4177 3433 4231 initio
3463 4176 3754 4230 nativitatis
3780 4176 3863 4228 in-

2260 4276 2516 4348 vestigabo
2545 4290 2655 4331 eam
2686 4272 2844 4345 (Sep.
2876 4287 2924 4327 tu
2950 4312 2966 4337 ,
2989 4269 3061 4326 24
3082 4270 3121 4342 ).
3154 4270 3301 4339 Ergo
3332 4285 3430 4339 per
3458 4268 3715 4324 eumdem
3738 4270 3864 4339 Spi-

2260 4374 2425 4429 ritum
2454 4383 2742 4441 possumus
2790 4367 3038 4431 invenire
3083 4364 3229 4434 quod
3275 4362 3590 4434 quaerimus.
3638 4363 3779 4418 Nam
3809 4370 3865 4417 et

2260 4463 2554 4535 Apestolus
2578 4477 2595 4514 :
2628 4459 2863 4515 reuelauit
2886 4456 3051 4522 nobis,
3077 4455 3275 4525 inquit,
3306 4454 3446 4509 Deus
3472 4471 3564 4525 per
3590 4455 3860 4524 Spiritum

546 4583 767 4648 dantur,
794 4579 1073 4639 reddenda
1104 4580 1451 4650 compendio.
1478 4579 1564 4635 Es
1583 4532 1643 4634 ei)
1670 4532 1952 4635 auctorem
1984 4602 1997 4637 :
2023 4580 2151 4634 Cum
2181 4532 2235 4603 Β
2259 4572 2449 4631 “mm;
2480 4557 2710 4629 δρίάίιιδ
2738 4557 2875 4650 ("im
2919 4554 3093 4650 οηξηία
3112 4560 3395 4650 ³⁶⁷⁸⁸⁸⁰⁴⁸⁴τν
3422 4552 3576 4650 iam“
3622 4554 3733 4606 an“
3762 4550 3860 4606 D‘i

550 4693 631 4741 eo,
652 4676 727 4731 ad
769 4675 1113 4745 unigenitum
1146 4690 1161 4727 :
1190 4671 1259 4729 In
1283 4690 1365 4741 eo,
1393 4673 1461 4728 ad
1495 4673 1835 4729 nativitatem
1893 4676 2153 4731 substan-

548 4769 639 4823 tia;
664 4765 908 4836 reSpicit.
942 4766 1057 4823 Hoc
1100 4766 1318 4822 auditor
1351 4766 1404 4820 in
1439 4766 1715 4822 omnibus.
1748 4765 1897 4822 Tene
1946 4766 2150 4823 divime

549 4859 925 4929 dispositionis
979 4860 1259 4931 mysteria.
1292 4859 1436 4915 Satis
1464 4860 1629 4917 nosti.
1664 4859 2035 4928 Nativitatem,‘
2058 4861 2148 4916 in-

549 4957 665 5027 quit
690 4997 705 5020 ,
732 4959 848 5029 ejus
876 4958 994 5027 quis
1022 4956 1457 5029 enarravittquis
1477 4958 1624 5015 enim
1643 4959 1816 5028 possit
1846 4959 2146 5015 secundum

549 5058 801 5107 naturam
856 5065 1115 5107 enarrare
1148 5050 1489 5107 nativitatem
1521 5066 1643 5124 quae
1671 5060 1865 5107 contra
1897 5062 2149 5109 naturam

548 5143 672 5199 est?
706 5143 801 5200 llic
822 5146 976 5198 enim
998 5144 1151 5199 solus
1181 5152 1267 5200 est
1291 5148 1451 5200 natus
1471 5184 1487 5211 ,
1522 5144 1821 5199 nativitatis
1852 5160 1968 5201 sua:
2015 5160 2152 5201 con-

549 5238 716 5294 scius.
743 5236 845 5294 Hie
871 5236 1016 5293 enim
1038 5237 1132 5310 qui
1157 5240 1243 5293 cui
1267 5238 1409 5294 bona
1441 5249 1783 5310 pararentur,
1834 5240 2153 5309 intelligens

550 5345 648 5401 per
678 5341 925 5388 naturam
952 5330 1247 5402 originem,
1277 5331 1426 5387 Petri
1457 5336 1632 5389 inerat
1660 5373 1675 5397 ,
1722 5332 1839 5402 ipsa
1871 5332 1962 5386 illa
2008 5345 2151 5386 con-

550 5424 757 5481 ditione
784 5439 889 5495 qua
920 5433 1079 5480 natus
1107 5435 1212 5481 est.
1259 5424 1598 5483 Nativitatem
1620 5465 1636 5493 ,
1656 5425 1831 5495 inquit
1850 5466 1865 5490 ,
1891 5422 2005 5495 ejus
2034 5423 2151 5493 quis

549 5517 843 5574 enarravit?
884 5517 948 5571 Et
974 5516 1309 5590 subiungunt
1334 5519 1470 5573 nulli
1505 5518 1647 5573 hanc
1686 5516 1987 5587 proditam,
2021 5514 2149 5585 quia

547 5610 647 5677 soli
671 5609 878 5667 scilicet
901 5618 956 5667 et
977 5610 1124 5669 Patri
1142 5620 1272 5667 nota
1298 5612 1391 5668 sit.
1412 5610 1526 5667 Hoc
1554 5616 1645 5666 est
1665 5608 1851 5664 dicere
1879 5608 1999 5663 sine
2022 5604 2154 5662 sub-

2264 4652 2315 4725 (l
2339 4650 2461 4709 Cor.
2490 4665 2560 4715 ιι,
2592 4649 2704 4721 lli).
2730 4646 2904 4703 Nemo
2924 4646 3029 4699 scit
3055 4659 3177 4713 qua:
3198 4651 3332 4697 sunt
3351 4644 3407 4696 in
3432 4640 3570 4710 Deo,
3605 4646 3710 4699 nisi
3734 4645 3864 4715 Spi-

2259 4746 2399 4804 ritus
2429 4743 2563 4802 Dei:
2592 4756 2757 4813 quem
2780 4738 3078 4810 Spiritum,
3106 4736 3153 4791 si
3179 4736 3233 4791 in
3263 4737 3425 4801 nobis
3451 4736 3861 4803 haltitareidem

2258 4839 2557 4912 Aposmlus
2587 4837 2783 4907 probat
2808 4849 2823 4899 ;
2859 4845 3149 4903 possumus
3167 4844 3301 4901 ergo
3322 4845 3421 4900 per
3449 4831 3709 4887 eumdem
3736 4831 3861 4903 Spi-

2260 4932 2573 5001 riuun,Dei
2603 4944 2704 4985 nos
2726 4929 2976 4984 inserere
3004 4924 3254 4981 secretis.
3287 4922 3540 4979 Etsane:
3596 4925 3858 4994 Quarite,

2260 5028 2433 5099 inquit
2452 5067 2467 5093 ,
2486 5035 2538 5085 et
2558 5023 2821 5083 invenietis
2853 5020 3046 5089 :petite
3062 5058 3081 5087 ,
3108 5027 3157 5072 et
3176 5016 3386 5072 dabitur
3412 5018 3557 5073 vobis
3579 5037 3600 5075 :
3621 5021 3857 5091 pulsate,

2257 5133 2307 5179 et
2325 5120 2587 5192 aperietur
2609 5116 2750 5173 vobis
2776 5114 3003 5187 (Matth.
3035 5127 3127 5178 VII,
3151 5113 3206 5177 1;
3238 5110 3366 5164 Luc.
3390 5126 3475 5175 st,
3500 5112 3622 5184 24).
3650 5117 3719 5170 Et
3740 5130 3860 5171 retu

2257 5230 2377 5277 sum
2414 5230 2428 5268 :
2462 5210 2641 5274 Pater,
2672 5223 2786 5280 qua
2812 5204 3127 5264 abscondisti
3156 5221 3187 5257 a
3208 5205 3529 5275 sapientibus
3552 5249 3567 5274 ,
3618 5209 3860 5264 τευθίδειὸ

2257 5324 2318 5365 θα
2346 5303 2574 5374 parvulis
2619 5299 2841 5371 (Matth,
2868 5313 2945 5364 si,
2972 5297 3067 5366 εδ)
3096 5312 3110 5351 :
3138 5296 3300 5352 nobis
3351 5297 3566 5370 utique,
3617 5303 3687 5356 ad
3717 5314 3861 5373 quos

2258 5399 2520 5465 Dominus
2562 5412 2576 5450 :
2618 5393 2795 5459 Vobis,
2826 5390 3022 5461 inquit,
3057 5388 3236 5445 datum
3274 5399 3350 5446 est
3374 5406 3527 5447 nosse
3550 5396 3859 5464 mysterium

2258 5491 2353 5557 Dei
2377 5488 2594 5557 (Matth.
2636 5499 2753 5552 xm,
2775 5482 2895 5554 ll);
2924 5482 3057 5539 illud
3078 5482 3265 5553 utique
3294 5486 3720 5557 mysteriumﬁe
3750 5502 3860 5559 quo

2258 5582 2557 5656 Apostolus
2585 5599 2599 5637 :
2633 5578 2784 5647 Quod
2823 5586 2966 5647 ante,
2993 5578 3192 5650 inquit,
3223 5594 3325 5647 non
3353 5580 3453 5650 fuit
3486 5589 3683 5637 notum
3722 5582 3859 5652 ﬁliis

624 5809 649 5839 ι
675 5798 813 5863 Fere
837 5818 1034 5861 eorum.
1064 5799 1420 5862 lnserendum
1444 5797 1661 5855 videtur
1677 5792 1835 5851 verba
1862 5791 1951 5849 vel
1976 5790 2137 5858 dicta,
2176 5793 2271 5844 aut
2297 5780 2501 5857 aliquid
2520 5774 2810 5853 ejusmodi,
2848 5784 2909 5832 ut
2930 5772 3091 5850 paulo
3116 5778 3263 5828 ante.
