4106 6344
230 287 290 344 st
1454 283 1656 339 Linea
1692 282 1973 340 comm
2011 266 2340 343 ARlANOS.
3485 289 3562 345 ea

231 403 522 466 hominum,
555 419 700 470 nunc
727 404 1018 458 revelatum
1047 413 1120 458 est
1151 405 1337 459 sanctis
1360 408 1470 479 ejus
1503 401 1732 476 (Ep/tes.
1777 419 1855 470 tn,
1885 410 1933 467 Α
1964 423 2162 461 mecum
2183 416 2256 464 est
2287 405 2502 480 (Joann.
2535 421 2608 475 vi,
2636 406 2728 480 29)
2755 424 2769 473 ;

232 497 305 564 ὅ).
343 494 685 551 Revelatum
726 497 920 567 plane.
953 495 1201 551 Ostendit
1233 496 1376 562 enim
1423 497 1734 551 eminentes
1776 495 1858 550 di-

235 589 390 643 vitias
422 586 621 658 gloria:
653 603 802 658 sum,
861 591 915 643 in
968 590 1210 644 bonitate
1240 603 1406 660 super
1431 604 1529 642 nos
1555 597 1580 624 ει
1611 587 1856 652 Christo,

233 683 320 756 qui
353 683 472 752 ipse
498 695 586 736 est
613 681 643 720 ι)
675 683 860 754 gloria
895 684 985 738 Dei
1012 683 1205 738 Patris.
1238 681 1358 754 ipse
1390 699 1516 738 vera
1571 683 1860 754 progenies

233 775 481 847 lngeniti.
521 775 644 830 lloc
678 787 770 832 est
808 794 820 831 :
854 776 1024 832 Nemo
1055 778 1158 832 scit
1205 778 1481 848 quomodo
1523 779 1740 849 genitus
1789 779 1861 832 sit

235 871 422 927 Filius.
476 868 668 924 Nemo
729 871 946 941 utique,
979 869 1072 926 sed
1111 887 1174 930 ex
1210 871 1293 924 his
1326 875 1378 925 in
1432 872 1662 942 quibus,
1697 880 1756 926 ut
1785 871 1860 926 ait

235 965 518 1027 Dominus,
552 965 777 1019 verbum
813 968 927 1039 ejus
956 983 1057 1019 non
1081 961 1415 1038 capit(Joan.
1443 982 1557 1032 vm,
1583 963 1696 1034 37);
1722 966 1862 1019 sicut

233 1073 327 1112 nec
354 1056 592 1121 Iudicis,
630 1055 704 1111 ad
760 1073 903 1126 quos
947 1055 1086 1111 idem
1140 1057 1402 1113 Dominus
1457 1059 1532 1111 ait
1567 1076 1578 1110 :
1615 1057 1740 1120 l'os,
1774 1056 1858 1110 itt-

233 1150 360 1221 quit,
390 1149 664 1220 ignoratis
696 1150 842 1203 unde
871 1150 1092 1213 veniam,
1123 1159 1169 1202 et
1195 1165 1292 1218 quo
1321 1166 1466 1215 eam;
1509 1148 1634 1220 quia
1682 1166 1862 1202 secun-

235 1241 350 1295 dum
377 1259 596 1296 carnem
619 1243 900 1317 judicatis
925 1243 1115 1318 (Ibid.,
1149 1243 1236 1310 14,
1266 1245 1376 1319 15).
1407 1244 1694 1313 Quomodo
1715 1247 1860 1300 enim

236 1352 422 1403 nemo,
459 1336 505 1391 si
547 1337 722 1392 Pater
777 1338 950 1392 dicit:
995 1336 1261 1392 Eructavit
1308 1355 1395 1392 cor
1450 1355 1614 1392 meum
1657 1338 1862 1392 verbum

234 1431 413 1484 bonum
460 1429 652 1500 (Psal.
711 1431 991 1501 xuvﬂ)?
1021 1431 1309 1498 Quomodo
1363 1447 1562 1497 nemo,
1612 1433 1654 1486 si
1691 1432 1863 1492 Filius

235 1530 304 1584 ait
335 1548 346 1582 :
377 1526 490 1601 Ego
515 1546 584 1583 ea:
616 1545 710 1583 ore
743 1528 1000 1583 Altissimi
1029 1529 1229 1598 prodivi
1252 1527 1426 1597 (Eccl.
1459 1543 1608 1591 xxtv,
1639 1526 1720 1598 5)?
1743 1526 1863 1584 Noli

237 1635 477 1690 quimrere
508 1619 791 1690 annilius,
824 1628 880 1674 et
905 1635 1010 1673 non
1043 1621 1211 1674 habes
1242 1621 1385 1691 quod
1408 1621 1687 1690 requiras;
1725 1618 1865 1674 nosti

239 1717 373 1770 enim
405 1722 585 1769 totum
624 1733 636 1769 :
669 1715 807 1785 quia
845 1714 983 1784 quod
1019 1713 1237 1778 dicitur,
1271 1722 1444 1770 totum
1498 1721 1602 1768 est.
1636 1711 1719 1766 Ea:
1761 1729 1857 1766 ore

241 1809 426 1878 inquit,
459 1808 731 1861 Altissimi
765 1807 990 1877 prodivi.
1027 1806 1150 1860 Haec
1175 1814 1258 1861 est
1286 1807 1432 1862 enim
1459 1804 1709 1859 nativitas
1736 1820 1858 1874 per-
1888 1809 1935 1868 B
1966 1812 2086 1880 Dei,
2125 1825 2233 1864 non
2291 1820 2470 1880 potest
2528 1823 2636 1862 non
2696 1823 2820 1864 esse
2875 1809 3114 1882 perlecta

243 1901 373 1957 lecta
407 1900 734 1966 Sermonis,
771 1899 876 1954 hoc
923 1909 1008 1954 est
1057 1899 1382 1970 principium
1418 1898 1536 1953 sine
1568 1898 1857 1968 principio.

245 1995 332 2051 Hic
357 2006 442 2050 est
475 2004 643 2049 ortus
673 1994 896 2048 habens
941 1993 1154 2048 initium
1186 1993 1238 2048 in
1269 1993 1583 2059 nativitate,
1617 1991 1669 2046 in
1718 2000 1860 2046 statu

245 2103 340 2142 non
371 2088 608 2142 habens.
648 2085 737 2140 Ex
775 2086 890 2140 Deo
918 2087 1060 2140 enim
1094 2085 1404 2139 innascibili
1439 2085 1580 2139 Deus
1629 2084 1863 2142 nascibi-

245 2183 304 2237 lis
333 2182 528 2249 exivit,
569 2196 720 2236 unus
751 2181 823 2234 ab
853 2196 982 2244 uno,
1013 2195 1175 2234 verus
1227 2195 1255 2233 α
1288 2193 1442 2244 vero,
1473 2178 1665 2249 plenus
1696 2195 1722 2231 a
1751 2179 1865 2250 ple-

249 2289 348 2339 no;
378 2289 443 2330 ac
475 2275 558 2328 sic
603 2271 896 2336 nascendo
927 2273 982 2326 in
1015 2271 1098 2326 his
1130 2287 1251 2342 qum
1282 2285 1441 2326 erant
1470 2286 1723 2340 semper,
1757 2287 1862 2324 non

249 2368 402 2437 coepit
449 2381 582 2422 esse
627 2363 784 2436 quod
820 2374 1005 2419 natum
1039 2372 1126 2418 est
1154 2364 1223 2419 de
1255 2379 1362 2418 non
1407 2365 1688 2432 conceptis
1715 2403 1730 2430 ,
1767 2377 1866 2418 nec

250 2459 399 2515 habet
437 2468 664 2528 tempus
710 2459 859 2528 quod
890 2467 972 2512 est
1022 2456 1368 2527 iutemporali
1421 2457 1563 2512 Patri
1609 2456 1866 2526 congeni-

254 2562 353 2608 tum
387 2569 490 2621 per
522 2560 814 2607 naturam.
854 2550 1130 2619 Scriptum
1161 2559 1244 2605 est
1270 2551 1412 2605 enim
1447 2567 1459 2600 :
1491 2548 1629 2602 Deus
1656 2549 1870 2618 spiritus

253 2656 321 2701 est
352 2645 534 2718 (Joan.
561 2661 640 2712 tv,
676 2643 735 2716 4)
765 2663 778 2699 :
813 2652 871 2698 et
908 2659 971 2698 ex
1024 2643 1133 2698 Deo
1184 2654 1339 2696 natus
1366 2651 1448 2697 est
1497 2650 1754 2696 attentus.
1800 2641 1871 2698 Ut

254 2757 376 2813 ergo
404 2742 524 2812 ejus
555 2749 782 2794 naturae
806 2780 822 2805 ,
857 2754 958 2808 qua
985 2746 1197 2794 constat
1230 2739 1527 2792 mternitas.
1557 2736 1670 2790 Non
1705 2735 1870 2810 igitur

256 2834 608 2903 imperfectus
644 2833 847 2893 Filius,
879 2832 1010 2887 licet
1038 2842 1215 2897 natus,
1241 2831 1364 2900 quia
1394 2839 1551 2884 natus
1577 2839 1655 2884 est
1688 2846 1714 2881 a
1746 2845 1869 2900 per-

261 2924 397 2981 fecto
426 2944 441 2982 ι
471 2942 569 2982 nec
613 2923 954 2980 imminutus
985 2925 1074 2979 ille
1128 2925 1216 2996 qui
1258 2923 1477 2994 genuit,
1523 2923 1646 2993 quia
1685 2922 1872 2993 genuit

265 3021 330 3074 de
359 3023 666 3094 semetipso.
695 3021 880 3076 Totus
913 3021 1057 3074 enim
1085 3019 1233 3075 dedit
1261 3028 1458 3086 tottttn,
1489 3027 1547 3072 ut
1573 3017 1868 3072 secundum

265 3114 484 3186 Spiritus
509 3117 778 3173 virtutem
815 3124 961 3169 totus
983 3121 1132 3169 esset
1159 3113 1212 3168 in
1241 3121 1373 3167 toto.

873 3274 1101 3332 CAPUT
1141 3273 1255 3329 XII.

371 3395 502 3450 Mali
535 3395 785 3450 doctores
806 3391 930 3463 quid
962 3392 1204 3458 sentiant,
1227 3392 1480 3462 quomodo
1510 3403 1758 3466 pugnent.

323 3534 426 3590 Sed
451 3535 564 3603 jam
592 3548 654 3588 se
699 3531 836 3586 mali
865 3529 1124 3586 doctores
1171 3531 1311 3598 intra
1351 3532 1489 3594 artis
1515 3547 1629 3592 sua!
1659 3539 1869 3595 Secreta

262 3641 361 3681 non
390 3628 714 3689 continent,
745 3633 803 3678 et
832 3623 1096 3678 adversus
1125 3623 1436 3687 veritatem,
1467 3633 1521 3679 et
1573 3625 1691 3695 ipsa
1723 3624 1872 3678 veri-

263 3728 362 3774 tate
389 3719 738 3782 consistunt,
777 3715 1041 3770 habentes
1065 3732 1264 3772 cornua
1301 3727 1359 3772 ut
1385 3718 1530 3788 agni,
1559 3729 1607 3771 et
1647 3718 1872 3785 loquen-

264 3823 647 3884 testamqualn
679 3810 982 3865 dracones.
1012 3809 1273 3866 Veientes
1323 3811 1489 3880 igitur
1529 3827 1560 3868 a
1594 3812 1760 3866 Patre
1787 3811 1876 3866 Fi-

261 3906 386 3960 lium
430 3905 692 3960 scindere
721 3916 777 3957 et
807 3900 946 3956 infra
975 3903 1147 3956 Deum
1173 3917 1404 3972 ponere,
1445 3903 1518 3958 de
1569 3902 1871 3973 Evangelia

262 4001 671 4076 praescribunt:
710 3996 894 4068 Pater,
954 3997 1166 4067 inquit,
1218 4001 1386 4063 major
1425 4014 1502 4060 mc
1521 4006 1599 4062 est
1647 3995 1867 4076 (Joann.

264 4110 373 4160 ην,
403 4094 520 4165 18).
553 4094 621 4150 Et
653 4090 936 4162 quomodo
970 4091 1177 4160 major?
1205 4091 1391 4154 Statim
1443 4091 1699 4158 literetiea
1732 4106 1870 4160 prmo

263 4189 582 4258 sumptione
635 4184 912 4256 deﬁniunt
952 4201 965 4240 :
1011 4185 1247 4260 Honore,
1277 4183 1553 4260 claritate,
1584 4167 1871 4254 dignitate,

263 4283 572 4350 majestate.
606 4277 766 4352 Quod
793 4277 836 4332 si
866 4276 934 4331 ita
963 4284 1065 4340 est,
1096 4291 1194 4328 cur
1216 4275 1447 4346 jubetnr
1473 4284 1532 4334 ut
1557 4290 1751 4338 omnes
1780 4275 1873 4332 bo-

263 4374 553 4442 noriﬂeept
589 4369 967 4436 Filium,sicnt
1003 4368 1362 4438 honoriﬁcam
1393 4367 1802 4438 Patremlouod
1830 4369 1874 4428 si

265 4468 335 4522 ita
354 4445 606 4544 est,ergo
638 4462 1354 4544 quotidieblasphetuatnns
1377 4461 1427 4518 in
1452 4461 1752 4536 gtatiarutn
1786 4475 1873 4530 ac-

267 4558 504 4628 tionibus
544 4568 598 4626 et
653 4554 1028 4624 oblationibus
1081 4553 1510 4632 sacriﬁciorum,
1561 4554 1874 4622 communia

267 4652 386 4708 lucc
413 4651 560 4726 Patri
597 4658 657 4714 et
687 4647 830 4718 Filio
857 4648 1186 4719 conﬁtentes
1211 4665 1222 4711 ;
1250 4647 1373 4728 quia
1403 4645 1613 4709 scilicet
1642 4661 1750 4702 non
1775 4661 1875 4718 po-

266 4757 376 4810 test
403 4746 582 4814 Filiug
617 4761 730 4816 non
764 4752 932 4816 totum
969 4743 1170 4818 habere
1211 4741 1354 4812 quod
1387 4741 1565 4806 Patris
1612 4753 1718 4808 est,
1752 4757 1879 4806 cum

271 4843 388 4910 ipse
419 4851 569 4912 totus
595 4842 655 4912 in
681 4839 850 4912 Patre
882 4840 972 4890 sit.
1009 4837 1253 4908 Denique
1298 4836 1544 4906 Joannes
1569 4836 1642 4895 ait
1674 4831 1882 4902 :Beum

278 4951 418 4996 nemo
450 4935 580 4988 vidit
607 4947 878 5014 umquam,
912 4930 1008 4994 nisi
1036 4928 1326 5010 unigenitus
1382 4927 1554 5004 Filius
1589 4928 1676 5008 qui
1717 4936 1790 4984 est
1830 4928 1882 4992 in

277 5030 385 5084 sinu
410 5026 590 5102 Patris
610 5024 833 5098 (.lpann.
870 5038 910 5094 ι,
947 5023 1057 5091 18).
1087 5023 1150 5084 Et
1174 5021 1299 5090 ideo
1330 5021 1542 5101 intulit;
1582 5018 1764 5074 Omnia
1797 5029 1885 5090 tua

279 5136 383 5192 mea
408 5129 552 5186 sunt,
579 5127 630 5170 et
655 5132 770 5182 mea
799 5123 886 5168 tua
918 5112 1134 5188 (Joann.
1173 5129 1302 5188 svnt,
1338 5113 1446 5190 )0);
1484 5121 1576 5182 et:
1617 5110 1766 5180 Nihil
1789 5126 1887 5184 po-

279 5221 364 5264 test
387 5211 564 5265 Filius
588 5214 767 5280 facere
795 5223 829 5258 a
856 5207 1127 5277 semetipso
1158 5203 1374 5278 (Joann.
1404 5221 1454 5271 v,
1492 5201 1605 5274 l9),
1637 5211 1691 5258 et
1717 5219 1731 5256 :
1766 5201 1886 5268 Non

2811 417 2882 477 et,
2936 408 3094 464 Pater
3123 411 3175 478 in
3198 427 3278 470 me
3323 427 3559 484 manens,

1963 499 2087 568 facit
2115 515 2269 576 Opera
2297 516 2392 552 sua
2423 497 2638 574 (Joann.
2665 515 2775 578 xw,
2823 499 2940 574 10);
2973 512 3027 570 et
3055 519 3066 554 :
3106 500 3266 571 Verba
3306 517 3424 574 qua:
3475 501 3559 556 lo-

1963 607 2112 658 quor,
2140 608 2241 645 non
2261 602 2378 645 sunt
2407 609 2538 656 mea,
2572 591 2662 646 sed
2685 591 2863 662 Patris
2889 591 2942 663 (Ι
2951 593 3055 654 bid.
3082 604 3128 648 et
3167 611 3260 662 vn,
3284 592 3364 670 6).
3390 595 3566 670 Quid-

1964 683 2092 756 quid
2134 699 2266 758 ergo
2311 685 2628 740 detrahitur
2682 684 2843 754 Filio,
2895 686 3255 760 derogabitur
3295 697 3350 743 et
3391 687 3566 756 Patri.

1963 780 2098 836 Nam
2156 779 2290 836 nihil
2337 780 2478 846 alter
2508 779 2626 836 sine
2673 781 2848 835 altero
2882 765 3058 838 facit:
3093 782 3216 853 quia
3260 797 3384 837 esse
3428 781 3567 844 alter

1965 873 2083 928 sine
2111 874 2286 928 altero
2312 887 2420 927 non
2471 881 2674 944 potest.
2708 871 2818 928 Nec
2874 874 3043 928 Filius
3089 884 3171 930 est
3218 873 3416 944 Filius,
3461 875 3567 936 nisi

1968 969 2183 1024 Patrem
2216 967 2382 1022 habet
2415 985 2427 1022 :
2457 982 2556 1023 nec
2589 968 2752 1023 Pater
2808 968 3002 1034 Pater,
3061 969 3160 1023 nisi
3221 967 3429 1028 habens
3479 968 3569 1026 Fi-

1966 1061 2122 1115 lium.
2158 1059 2342 1126 Pater,
2395 1060 2594 1131 inquit,
2643 1063 2812 1135 major
2857 1077 2937 1114 me
2977 1070 3068 1116 est.
3121 1060 3227 1117 Sed
3283 1062 3567 1134 plenitudo

1966 1153 2211 1223 ejusdem
2239 1153 2552 1207 divinitatis
2585 1155 2636 1207 in
2664 1153 2801 1208 Filio
2827 1164 2935 1208 est.
2969 1154 3216 1228 Denique
3246 1155 3565 1226 Apostolus:

1969 1249 2250 1319 Quotquot,
2287 1249 2480 1319 inquit,
2509 1248 2871 1320 promissiones
2901 1248 2996 1302 Dei
3019 1259 3138 1304 sunt
3169 1266 3188 1304 :
3213 1251 3265 1304 in
3307 1250 3398 1304 illo
3425 1247 3566 1305 EST

1967 1343 2032 1414 (II
2069 1341 2189 1396 Cor.
2228 1357 2266 1407 ι,
2299 1339 2420 1411 20).
2451 1341 2723 1411 Numquid
2757 1355 2892 1410 ergo
2917 1341 3187 1412 obsequia
3221 1341 3341 1397 Filii
3371 1341 3571 1396 divini-

1969 1436 2092 1490 latis
2169 1444 2368 1492 statum
2415 1435 2688 1495 solvunt?
2734 1434 2982 1500 Solvitur
3043 1435 3186 1490 enim
3241 1435 3298 1490 in
3353 1433 3579 1494 Christo

1966 1543 2130 1584 omne
2161 1528 2305 1604 quod
2332 1529 2471 1585 Deus
2493 1537 2595 1592 est,
2627 1528 2670 1582 si
2691 1527 2990 1597 majestatis
3013 1527 3244 1582 alterius
3265 1526 3560 1598 accipitur:

1967 1623 2189 1677 alterius
2221 1631 2400 1677 autem
2445 1622 2573 1688 erit,
2610 1622 2654 1676 si
2707 1623 2994 1691 majestate
3048 1620 3211 1678 Pater
3245 1620 3420 1691 major
3459 1631 3566 1676 est.

1967 1717 2097 1785 Quze
2129 1716 2354 1788 quidem
2405 1715 2684 1792 majestas,
2713 1717 2839 1788 quia
2873 1730 2977 1772 una
3031 1726 3136 1794 est,
3170 1716 3331 1770 unius
3363 1714 3578 1788 scilicet

3163 1825 3177 1863 :
3225 1808 3574 1880 imperfecta,

1967 1905 2256 1976 inzequalis
2296 1913 2380 1978 est
2415 1921 2427 1957 :
2459 1903 2747 1976 inaequalis
2800 1914 3012 1970 autem,
3073 1904 3119 1958 si
3169 1902 3345 1960 altero
3396 1905 3580 1976 minor

1968 2009 2074 2053 εει.

2567 2111 2799 2186 Capua
2839 2111 2981 2182 xui.

1969 2248 2226 2327 Christus,
2253 2247 2520 2317 speculum
2543 2245 2640 2300 Dei
2659 2248 2975 2319 majestatis,
2999 2246 3208 2316 plenam
3243 2244 3419 2300 Patris
3435 2245 3575 2299 imo-

2263 2341 2436 2414 ginem
2455 2339 2646 2393 reddit.
2678 2338 2898 2394 Sabellii
2920 2339 3151 2394 hwresis.

2043 2477 2152 2538 Sed
2181 2479 2234 2534 in
2281 2477 2384 2546 hoc
2430 2477 2552 2543 loco
2584 2475 2720 2532 illud
2754 2475 2911 2544 vobis
2938 2474 3234 2554 applaudet
3263 2476 3407 2547 quod
3439 2477 3573 2538 Mat-

1973 2573 2149 2636 thaeus
2177 2573 2368 2640 refert,
2401 2571 2599 2630 Filium
2635 2571 2893 2640 hominis,
2931 2572 3086 2650 quasi
3115 2572 3384 2642 privatum
3430 2573 3576 2648 sciit}

1970 2679 2056 2729 cet
2081 2679 2135 2730 et
2162 2668 2456 2734 minorem,
2487 2667 2658 2737 legite
2687 2667 2743 2732 in
2789 2665 2989 2730 eodem
3043 2665 3306 2724 Matthteo
3356 2665 3574 2743 (Matth.

1975 2779 2102 2831 xxv,
2132 2762 2248 2831 '51),
2297 2760 2500 2820 Filium
2541 2774 2665 2824 esse
2697 2771 2987 2834 venturum
3041 2759 3095 2822 in
3148 2759 3437 2832 majestate
3479 2759 3580 2830 Pa.

1976 2861 2097 2934 tris,
2121 2859 2189 2913 de
2214 2873 2324 2934 quo
2343 2857 2582 2926 adventu
2610 2866 2667 2914 et
2693 2854 2870 2920 Lucas
2897 2873 2910 2910 :
2940 2853 3074 2922 Cum
3113 2855 3326 2926 merit.
3374 2856 3576 2931 inquit.

1978 2949 2150 3006 Filius
2175 2951 2397 3006 hominis
2427 2967 2544 3008 cum
2581 2949 2750 3022 gloria
2795 2965 2890 3004 sua
2929 2957 2977 3006 et
3024 2947 3198 3010 Patris
3247 2947 3405 3022 (Luc.
3459 2966 3574 3025 ut,

1975 3043 2091 3116 27).
2123 3043 2244 3106 Non
2292 3054 2398 3106 tam
2457 3057 2590 3116 ergo
2621 3058 2653 3100 a
2692 3042 2851 3102 ambis
2876 3042 3058 3102 minor
3085 3042 3373 3116 majestate
3402 3041 3577 3114 Filius

1979 3137 2203 3205 dicitur,
2226 3151 2348 3193 eum
2382 3138 2485 3194 hoc
2540 3136 2764 3203 dicitur,
2793 3152 2954 3208 quam
2997 3137 3146 3204 Deus
3171 3147 3419 3208 negatur.
3450 3138 3573 3210 ille,

1898 3211 1942 3273 (ἶ
1978 3231 2217 3302 inquam,
2249 3230 2344 3285 ille
2375 3230 2443 3286 de
2467 3247 2584 3304 quo
2609 3229 2875 3292 Salomon
2905 3231 2984 3288 ait
3017 3247 3030 3284 :
3057 3229 3317 3302 Splendor
3340 3239 3412 3290 est
3445 3229 3572 3296 lucis

1972 3334 2200 3390 (sternte,
2229 3332 2276 3386 cl
2304 3323 2572 3396 speculum
2584 3323 2694 3376 sine
2713 3322 2917 3386 macula
2951 3321 3050 3386 Dei
3075 3322 3361 3394 majestatis
3409 3321 3572 3394 (Sep,

1973 3432 2067 3488 vu,
2116 3416 2230 3484 2.6).
2290 3415 2460 3480 Plane
2518 3414 2800 3489 speculum
2854 3416 2974 3480 sine
3040 3414 3275 3490 "13.9953:
3319 3413 3581 3486 cummi

1973 3513 2118 3570 enim
2163 3511 2255 3566 Dei
2308 3510 2520 3577 vultus;
2562 3519 2616 3572 et
2649 3509 2878 3580 ﬁguram
2939 3507 3179 3572 ﬁdeliter
3230 3509 3579 3579 exprimens.

1974 3604 2191 3682 plenam
2220 3603 2399 3660 Patris
2427 3601 2724 3672 imaginem
2769 3601 3029 3668 reddidit.
3063 3600 3137 3668 Ει
3161 3601 3296 3672 quid
3336 3601 3575 3672 ainalius

1974 3701 2042 3762 de
2074 3710 2219 3760 statu
2245 3697 2395 3768 ejus,
2425 3699 2478 3758 in
2505 3712 2615 3768 nuo
2640 3711 2698 3764 se
2738 3696 3008 3762 Dominus
3033 3695 3290 3762 Christus
3320 3696 3580 3766 agnovit?

1975 3793 2942 3866 Pater,inquit,ntttjcrest'ineJlet'ito
2955 3790 3292 3864 majorum!“
3314 3788 3572 3856 601nch

1975 3898 2169 3948 auctor
2200 3886 2320 3948 sine
2348 3894 2572 3945 auctore
2614 3893 2723 3948 est.
2755 3883 3003 3955 Denique
3057 3883 3350 3954 Apostolus
3377 3883 3448 3946 de
3489 3881 3577 3950 Fir-

1979 3981 2053 4040 l'to
2081 3998 2096 4032 ;
2127 3977 2192 4042 In
2221 3979 2356 4050 ipso,
2400 3978 2594 4049 inquit,
2644 3976 2844 4038 habitu
2885 3977 3048 4043 omnis
3075 3974 3348 4048 plenitudo
3388 3976 3578 4038 dirissi-

1977 4074 2096 4134 tatis
2113 4073 2457 4142 corporaliter
2485 4070 2710 4142 (Coloss.
2741 4086 2799 4138 tt,
2827 4067 2907 4142 9).
2935 4070 3080 4140 Ergo
3113 4082 3165 4132 ut
3194 4069 3365 4140 Filius
3397 4071 3450 4132 in
3475 4068 3575 4131 Ba-

1979 4173 2086 4230 tre,
2132 4165 2204 4226 ita
2239 4174 2294 4226 et
2313 4165 2477 4226 Pater
2505 4163 2782 4234 perlectus
2814 4163 2866 4222 in
2890 4161 3029 4220 Filio
3053 4171 3163 4218 est.
3221 4163 3468 4233 Denique
3492 4160 3579 4230 at.

1979 4274 2115 4330 cens
2150 4259 2416 4324 Domiuus
2471 4264 2660 4314 uoster
2708 4253 2977 4328 proﬁcisci
3029 4269 3060 4318 a
3107 4254 3269 4316 Patre
3310 4253 3576 4326 Spiritum

1982 4362 2254 4418 sanctum,
2291 4349 2530 4405 subdidit
2564 4368 2575 4402 :
2606 4349 2684 4403 De
2705 4365 2816 4402 meo
2839 4349 3054 4420 accipiet
3082 4347 3437 4422 (193133.131,
3463 4349 3578 4422 14).

1983 4446 2138 4501 Sicut
2173 4443 2415 4499 Joannes
2464 4457 2586 4498 cum
2611 4441 2842 4522 dixisset
2873 4457 2887 4494 :
2913 4442 3294 4495 Annuntiamus
3341 4441 3479 4494 vobis
3510 4444 3586 4496 vi-

1984 4549 2087 4593 tam
2110 4548 2352 4593 teternam
2380 4552 2496 4609 qua:
2521 4543 2630 4590 erat
2674 4535 2817 4606 apud
2870 4531 3080 4590 Patrem
3129 4535 3176 4609 (l
3201 4535 3394 4591 Joann.
3426 4551 3461 4602 ι,
3494 4536 3581 4609 2),

1905 4607 1954 4668 Ι)
1981 4635 2234 4690 addidit:
2268 4607 2599 4687 nam...
2628 4631 2739 4702 ﬁlio
2768 4633 2881 4703 ejus
2918 4639 2996 4685 ut
3020 4607 3212 4699 (tua,
3243 4629 3359 4701 tt).
3414 4628 3496 4688 se
3533 4607 3586 4685 at

1980 4746 2104 4784 cum
2151 4729 2313 4784 ambo
2347 4737 2400 4782 et
2441 4728 2708 4781 alteruter
2735 4725 2967 4796 perfecti
3011 4726 3146 4789 sint,
3199 4739 3340 4779 unus
3399 4734 3580 4779 tamen

1986 4822 2260 4893 perlectus
2285 4821 2427 4875 Deus
2453 4831 2540 4874 est
2588 4821 2639 4874 iu
2681 4819 2914 4878 duobus.
2952 4817 3130 4886 Pater,
3169 4817 3368 4894 inquit,
3417 4821 3586 4897 major

1986 4931 2066 4970 me
2096 4924 2167 4968 est
2198 4912 2415 4988 (Joann.
2472 4929 2583 4980 xw,
2640 4911 2758 4988 28).
2803 4913 2996 4968 Merito
3051 4911 3246 4994 major,
3299 4913 3428 4983 quia
3476 4928 3588 4988 non

1986 5011 2102 5088 ipse
2143 5007 2428 5070 descendit
2475 5007 2526 5062 in
2580 5005 2897 5082 Virginem;
2959 5006 3100 5077 quod
3152 5005 3425 5062 Sabellius
3486 5022 3585 5090 no-

1990 5079 2111 5170 luit,
2175 5099 2317 5182 apud
2350 5116 2510 5180 quem
2559 5079 2720 5155 Pater
2770 5110 2824 5154 et
2875 5097 3042 5180 Filius
3100 5099 3262 5178 ambo
3301 5115 3406 5180 non
3438 5079 3587 5188 sunt,

1991 5196 2095 5251 hoc
2121 5204 2227 5262 est,
2251 5194 2416 5274 duum
2453 5194 2732 5256 nominum
2769 5209 2874 5266 una
2926 5209 3194 5270 persona;
3240 5208 3363 5248 cum
3410 5193 3592 5262 Patris

279 5305 382 5358 veni
421 5305 752 5370 voluntatem
800 5313 964 5350 meam
1013 5303 1206 5368 facere,
1256 5297 1344 5349 sed
1375 5283 1486 5369 ejus
1517 5296 1601 5370 qui
1648 5311 1726 5348 me
1756 5294 1893 5360 misit
1992 5306 2185 5370 Vocem
2217 5289 2450 5364 audierit
2479 5305 2580 5360 per
2629 5287 2822 5354 Isaiam
2853 5307 2865 5342 :
2899 5286 3032 5342 Ecce
3081 5285 3250 5364 Filius
3277 5303 3416 5356 meus
3443 5298 3592 5366 quem

276 5400 490 5472 (Joann.
528 5416 606 5466 VI,
642 5394 761 5465 58).
793 5393 949 5460 Quod
980 5395 1166 5476 utique
1219 5411 1326 5468 non
1377 5393 1711 5464 inﬁrmitatis
1761 5405 1894 5456 con-

1995 5363 2106 5460 ego'
2140 5355 2302 5464 elegi,
2350 5355 2539 5460 ponant
2584 5380 2840 5456 Spiritum
2890 5395 3059 5452 meum
3097 5355 3252 5452 super
3301 5355 3414 5432 eum

273 5469 440 5553 lessio
491 5506 606 5560 est,
661 5490 765 5560 sed
818 5491 1046 5554 unitatis
1077 5469 1350 5558 assertio.
1397 5489 1618 5554 Dixerat
1667 5487 1896 5548 enimet
1998 5495 2130 5560 sui,
2164 5477 2240 5548 1);
2275 5491 2337 5531 ac
2383 5477 2643 5552 deinceps
2699 5491 2794 5545 per
2839 5474 3093 5554 eumdem
3137 5472 3459 5552 prophetam
3507 5469 3593 5548 lg-

274 5602 465 5668 contra
497 5585 897 5664 inﬁrmitatem
929 5593 985 5638 et
1037 5597 1137 5652 pro
1194 5583 1407 5648 unitate
1439 5597 1451 5636 :
1489 5581 1588 5656 Qui
1619 5597 1698 5636 me
1730 5579 1890 5664 misit,

345 5780 367 5807 ο
387 5768 640 5901 6Clu-isto.
667 5759 922 5834 Legerim
944 5762 996 5824 in
1024 5761 1231 5816 Christo
1249 5777 1370 5832 cum
1398 5759 1659 5834 Apostolo
1687 5756 1890 5836 Ephes.

277 5859 355 5913 tn,
387 5859 442 5901 o-

2002 5585 2255 5656 qpentem
2315 5570 2507 5650 Filium
2555 5579 2952 5650 recognoscat:
2985 5567 3213 5646 Spiritus
3260 5563 3467 5630 Domini
3509 5579 3600 5640 ξμ-

2073 5754 2100 5793 b
2131 5753 2329 5836 Gloria.
2355 5753 2471 5822 AL,
2501 5755 2554 5808 in
2582 5752 2771 5823 gloria.
