4106 6344
490 216 559 273 25
1564 217 1625 274 S.
1667 215 2030 276 ΡΗωΒᾹΒΙΙ
2072 218 2292 277 EPISC.
2336 220 2758 281 AGINNENSIS
3719 227 3791 285 Ἃ

481 352 575 405 per
598 352 677 390 me
707 346 916 409 propter
962 334 1101 409 quod
1152 336 1305 391 unxit
1330 350 1412 390 me
1440 332 1575 407 (Isa.
1626 350 1736 397 LXI,
1789 334 1865 405 l).
1914 336 2086 402 Quam
2116 336 2253 399 Aut
2278 346 2464 391 sancta
2514 346 2570 391 et
2608 335 2879 393 catholica
2908 335 3042 394 dicit
3087 338 3362 407 Ecclesia,
3394 338 3493 397 sed
3523 340 3603 409 (ut
3631 352 3794 409 supra

487 432 742 487 haeresim
794 431 1063 487 Dominus
1089 430 1402 503 praevidens
1427 448 1440 484 :
1470 428 1593 485 Non
1618 429 1851 497 creditis,
1885 429 2086 499 inquit,

485 527 609 597 quia
636 542 731 598 ego
760 526 816 581 in
842 525 1000 581 Patre
1022 535 1069 581 et
1104 524 1261 580 Pater
1280 526 1335 580 in
1365 542 1443 579 me
1474 524 1691 595 (Joann.
1719 540 1830 590 xw,
1864 522 1953 590 l0,
1981 521 2097 596 ll)?

487 618 653 674 Certe
694 633 800 673 non
831 618 1016 674 dixit:
1060 618 1177 690 Ego
1201 634 1321 673 sum
1367 617 1571 686 Pater,
1621 627 1675 672 ct
1704 632 1806 689 ego
1869 617 1920 671 in
1967 632 2092 672 me:

485 714 610 780 sed,
644 713 758 787 Ego
805 715 860 769 in
900 713 1062 769 Patre
1090 724 1137 769 et
1168 712 1328 767 Pater
1360 714 1413 768 in
1447 730 1527 767 me
1555 729 1573 766 :
1606 728 1712 782 quo
1762 711 1911 767 dicto
1961 711 2096 766 duas

490 806 733 861 licereses
793 806 975 872 elisit,
1038 805 1404 861 Sabellianam
1450 804 1664 859 scilicet
1715 812 1769 859 et
1814 803 2092 858 Arianam.

494 900 710 955 Patrem
753 908 811 954 et
849 899 1045 954 Filium
1076 916 1183 954 non
1213 913 1335 954 esse
1361 913 1523 953 unam
1560 912 1877 969 personam,
1919 906 1975 949 ut
2000 895 2100 949 Sa-

492 993 693 1047 bellius
726 1011 737 1046 :
771 1003 865 1048 aut
912 993 1048 1047 duas
1091 991 1458 1055 substantias,
1504 1000 1563 1045 Ill.
1620 990 1803 1057 Arius,
1854 988 1948 1045 sed
1990 988 2101 1059 (ut

489 1084 628 1143 ﬁdes
656 1088 929 1143 catholica
968 1087 1281 1157 confitetur)
1308 1100 1470 1141 unam
1502 1085 1865 1139 substantiam
1889 1083 2098 1138 etduas

491 1181 679 1238 docuit
705 1198 828 1239 esse
858 1197 1139 1254 personas.

1089 1317 1319 1375 CAPUT
1360 1316 1501 1372 XIV.

613 1442 692 1496 Em
718 1442 879 1495 sacris
908 1440 1093 1494 litteris
1115 1438 1353 1491 doctrina
1374 1437 1629 1492 catholica
1658 1438 1986 1505 conﬁrmata.

568 1558 675 1615 Sed
702 1557 833 1626 quid
863 1555 1201 1626 argumentis
1232 1569 1368 1623 opus
1397 1554 1516 1608 est?
1538 1568 1658 1608 cum
1690 1553 1809 1621 ipse
1836 1551 2101 1606 Dominus

504 1648 949 1724 pronuntiaverit
1004 1646 1281 1702 deﬁnitiva
1362 1646 1677 1701 sententia?
1754 1644 2102 1715 Quaecumque

2196 428 2460 501 diximus)
2504 439 2771 486 creatura:
2800 430 3113 488 conditione
3164 431 3518 503 proﬁtemini.
3547 432 3801 489 Dicentes

2196 525 2340 580 enim
2373 542 2386 579 :
2411 524 2543 581 Cum
2573 525 2827 582 omnibus
2858 525 2944 582 his
2969 543 3089 598 qua:
3118 528 3193 583 illi
3224 527 3388 584 Pater
3416 528 3669 597 subjecit,
3698 527 3801 584 Pa-

2197 618 2264 671 tri
2294 616 2491 674 Filium
2527 633 2651 674 esse
2680 620 2984 690 subjectum
3011 637 3026 687 ;
3060 635 3240 678 nonne
3284 621 3461 692 ipsum
3494 622 3548 677 in
3578 631 3800 677 creatu-

2198 724 2382 763 rarum
2411 709 2607 765 ordine
2634 726 2755 779 qute
2786 727 2851 766 ex
2885 720 3130 782 tempore
3152 724 3280 768 sunt
3307 714 3577 779 instituta,
3607 729 3803 771 nume-

2198 802 2379 858 ratis?
2409 802 2554 859 Nihil
2580 805 2725 859 cnim
2770 805 3068 860 secundum
3095 823 3193 863 vos
3223 808 3370 861 omni
3404 817 3655 863 creatura
3682 824 3802 863 am-

2199 896 2343 966 plius
2402 899 2564 953 habet
2607 898 2752 953 Deus
2802 909 2859 954 et
2918 898 3183 954 Dominus
3241 909 3451 964 noster,
3495 900 3601 956 nisi
3656 901 3802 972 quod

2199 994 2408 1063 primus
2459 994 2511 1047 in
2562 1008 2794 1048 numero
2825 1005 2928 1060 eSt,
2964 993 3068 1048 nisi
3113 994 3257 1065 quod
3288 995 3339 1049 ei
3363 996 3527 1051 etiam
3563 994 3651 1049 illa
3684 1009 3805 1051 ser-

2202 1086 2356 1139 viunt
2381 1100 2503 1141 cum
2532 1086 2734 1156 quibus
2750 1086 2941 1141 servit.
2966 1086 3170 1141 Servus
3193 1087 3337 1143 enim
3368 1097 3423 1143 et
3446 1088 3584 1158 ipse,
3612 1088 3657 1144 si
3687 1102 3805 1144 ser-

2200 1178 2307 1240 vit;
2354 1186 2409 1232 ct
2453 1178 2581 1233 licet
2626 1178 3017 1234 nonnullorum
3064 1180 3346 1246 Dominus,
3395 1180 3493 1236 sed
3538 1180 3805 1236 Dominus

2201 1268 2501 1335 voluntate,
2554 1271 2597 1324 si
2648 1270 2925 1327 voluntate
2971 1271 3183 1325 Domini
3230 1272 3490 1328 Dominus
3549 1273 3803 1338 etl‘ectus,

2202 1361 2308 1417 hoc
2340 1363 2457 1431 ipso
2481 1362 2749 1429 serviens,
2771 1364 2915 1433 quod
2936 1363 3123 1433 jussus
3153 1374 3237 1419 est
3261 1364 3557 1435 imperare.
3590 1366 3703 1421 Hoc
3723 1377 3808 1423 est

2204 1455 2335 1511 illud
2364 1456 2507 1527 quod
2536 1472 2632 1512 vos
2658 1459 2891 1527 occulte,
2919 1469 2973 1513 et
3008 1468 3192 1529 patres
3221 1459 3390 1514 vestri
3410 1474 3531 1514 cum
3556 1460 3808 1518 libertate

2202 1550 2497 1607 dixerunt:
2525 1550 2723 1606 Filium
2752 1553 2845 1608 Dei
2892 1552 3011 1607 sine
3050 1562 3299 1624 tempore
3338 1553 3543 1610 editum
3568 1570 3597 1609 ει
3620 1555 3808 1623 Patre,

2204 1653 2261 1700 et
2286 1643 2567 1699 fundatum
2599 1662 2705 1700 non
2741 1646 2892 1716 prius
2938 1662 3098 1716 quam
3138 1657 3477 1703 nasceretur.
3525 1648 3659 1716 Qua:
3705 1650 3809 1705 ista

500 1745 661 1799 Pater
690 1745 839 1813 facit,
869 1741 1046 1795 eadem
1070 1752 1119 1795 et
1140 1739 1313 1794 Filius
1342 1738 1558 1813 (Joann.
1584 1755 1637 1807 v,
1683 1739 1771 1810 l9)
1806 1758 1818 1793 :
1863 1754 2094 1810 quomo-
2128 1734 2174 1792 B
2201 1748 2307 1803 est,
2337 1753 2491 1809 rogo,
2517 1738 2697 1793 cordis
2728 1738 3043 1795 hebetudo?
3069 1756 3191 1811 qua:
3223 1741 3425 1797 oblivio
3447 1742 3609 1813 spei?
3639 1741 3813 1799 Immo

501 1838 572 1892 do
604 1836 819 1902 eadem,
870 1835 916 1889 si
961 1835 1209 1903 aspirare
1242 1832 1309 1887 ad
1358 1848 1629 1887 summam
1662 1843 1905 1903 paterna:
1956 1832 2103 1887 illius

496 1933 690 2003 gloria:
720 1948 823 1985 non
859 1928 1074 1999 potest?
1095 1929 1268 1983 Immo
1290 1929 1412 1998 quia
1434 1936 1638 1996 potest,
1664 1926 2102 1982 recthoanncs:

502 2026 631 2082 Sine
652 2026 783 2092 ipso,
816 2023 1012 2092 inquit,
1038 2022 1235 2091 factum
1283 2032 1353 2075 est
1382 2021 1515 2075 nihil
1551 2021 1767 2093 (Joann.
1801 2018 1866 2092 ι).
1897 2020 1961 2075 Ει
1989 2022 2106 2092 ipse

501 2119 773 2174 Dominus
799 2135 813 2173 ε
838 2114 975 2187 Ego,
1002 2114 1199 2186 inquit,
1223 2126 1271 2167 et
1304 2114 1464 2168 Pater
1491 2132 1648 2168 unum
1674 2130 1855 2168 sumus
1884 2114 2101 2185 (Joann.

505 2231 565 2282 Χ,
596 2214 708 2282 30).
742 2211 916 2268 Unum
951 2211 1137 2279 utique
1171 2225 1267 2278 per
1308 2219 1558 2264 naturam
1593 2225 1606 2262 :
1635 2209 1761 2277 quia
1803 2208 1945 2278 quod
1988 2220 2111 2263 erat

505 2307 561 2362 in
588 2304 999 2370 Filiohominis,
1024 2311 1083 2357 et
1106 2303 1157 2355 in
1181 2302 1358 2356 Patris
1379 2302 1501 2355 sinu
1534 2300 1807 2355 manebat.
1830 2302 2105 2370 Denique:

510 2396 579 2451 Et
608 2414 709 2464 me,
753 2396 949 2467 inquit,
994 2396 1176 2459 nostis,
1217 2404 1266 2447 et
1296 2395 1453 2448 nostis
1482 2393 1618 2448 unde
1645 2395 1743 2447 sint
1776 2412 1795 2447 :
1828 2402 1872 2447 et
1895 2411 1995 2448 non
2026 2410 2112 2449 ve-

511 2490 567 2544 ni
606 2507 637 2543 a
665 2505 762 2554 me,
787 2488 876 2542 sed
904 2498 975 2541 est
1000 2504 1143 2541 verus
1174 2487 1259 2557 qui
1294 2504 1371 2543 me
1401 2488 1560 2553 misit,
1594 2504 1744 2557 quem
1773 2504 1858 2541 vos
1882 2488 2108 2541 nescitis.

509 2582 628 2656 Ego
660 2582 775 2635 novi
823 2597 958 2645 eum,
982 2582 1104 2651 quia
1132 2580 1273 2652 apud
1300 2581 1450 2634 illum
1475 2598 1610 2648 sum,
1642 2593 1691 2635 et
1721 2581 1811 2636 ille
1854 2598 1934 2635 me
1978 2582 2114 2636 misit

514 2675 732 2747 (Joann.
767 2688 860 2740 vn,
892 2673 985 2735 28,
1013 2672 1129 2743 ‘29);
1159 2682 1252 2727 et:
1286 2672 1465 2739 Solus,
1495 2675 1690 2744 inquit,
1724 2691 1825 2727 non
1855 2691 1998 2737 sum,
2022 2675 2115 2730 sed

505 2784 603 2840 ego
626 2777 677 2821 et
695 2768 783 2838 qui
810 2783 889 2819 me
910 2766 1069 2831 misit,
1102 2763 1253 2818 Pater
1276 2763 1493 2835 (Joann.
1531 2782 1648 2833 vnt,
1678 2767 1795 2835 16);
1836 2778 1890 2822 et
1916 2785 1928 2820 :
1965 2766 2115 2823 Sicut

512 2879 594 2916 me
618 2861 755 2915 novit
788 2858 969 2926 Pater,
1001 2868 1047 2913 et
1072 2875 1163 2927 ego
1210 2860 1327 2912 novi
1376 2857 1589 2914 Patrem
1638 2858 1852 2930 (Joann.
1884 2877 1939 2925 κ,
1997 2860 2112 2931 15).

514 2954 712 3009 Nescio
738 2963 920 3008 autem
951 2967 1019 3005 an
1074 2966 1237 3006 nosse
1287 2951 1533 3021 potuerit
1576 2952 1791 3006 Patrem
1826 2951 2023 3019 FlllllS,
2072 2954 2118 3008 si

512 3048 729 3103 initium
760 3047 989 3100 sortitus
1027 3054 1108 3099 est
1138 3043 1329 3098 Filius.
1358 3042 1589 3100 Genitus
1639 3046 1786 3101 enim
1823 3061 1982 3102 nosse
2010 3063 2115 3103 non

2207 1850 2329 1905 qua:
2362 1844 2467 1888 tam
2502 1849 2694 1888 amens
2723 1845 2775 1889 et
2802 1834 3119 1905 blaSphema
3144 1834 3420 1891 confessio
3442 1837 3609 1893 Deum
3627 1836 3816 1893 dicen-

2209 1928 2299 1995 tis,
2322 1945 2484 1999 quem
2505 1929 2760 1985 omnibus
2782 1928 2869 1984 his
2890 1945 3009 1999 quae
3036 1947 3103 1986 ex
3128 1930 3302 1985 nihilo
3334 1931 3469 1985 facta
3495 1942 3643 1997 sunt,
3667 1947 3817 1987 com-

2210 2023 2489 2091 parastis?
2519 2021 2633 2077 lloc
2656 2030 2741 2076 est
2768 2031 2823 2077 et
2851 2021 3049 2077 Filium
3090 2021 3227 2078 falso
3256 2023 3479 2079 nomine
3506 2023 3817 2081 divinitatis

2211 2113 2459 2176 illutlerc,
2488 2115 2530 2167 si
2566 2128 2688 2169 esse
2717 2114 2883 2169 verbo
2913 2114 3135 2181 dicitur,
3170 2114 3313 2184 quod
3344 2113 3517 2170 corde
3545 2123 3813 2184 negatur;

2213 2217 2264 2263 et
2299 2207 2465 2262 Deum
2494 2206 2709 2262 Patrem
2757 2207 3075 2264 mendacem
3121 2217 3335 2275 notare,
3365 2209 3639 2265 dicentem
3666 2210 3817 2265 scili-

2215 2310 2340 2357 cet:
2373 2299 2487 2372 Ego
2521 2318 2635 2355 sum
2659 2302 2879 2372 quisum
2907 2299 3109 2368 (Exod.
3132 2318 3213 2367 ιιι,
3259 2300 3392 2372 M);
3427 2311 3519 2357 et:
3558 2301 3673 2375 Ego
3702 2318 3819 2357 sum

2218 2396 2469 2451 Dominus
2499 2398 2642 2451 solus
2669 2396 2804 2468 (Isa.
2832 2412 2983 2459 Lttttt,
3014 2397 3101 2466 ll)
3128 2414 3143 2462 ;
3195 2407 3248 2451 et
3284 2414 3296 2451 :
3325 2394 3629 2452 Claritatem
3652 2413 3821 2450 meatu

2216 2490 2365 2543 alteri
2397 2505 2498 2542 non
2531 2488 2663 2542 dabo
2694 2487 2829 2560 (Isa.
2866 2504 3001 2552 XLII,
3046 2487 3079 2541 8
3108 2505 3121 2554 ;
3152 2503 3339 2551 XLVIII,
3374 2488 3465 2558 11)
3494 2504 3509 2554 ;
3552 2496 3609 2541 et
3638 2502 3652 2540 :
3677 2486 3819 2542 Audi

2218 2581 2421 2648 Israel,
2477 2581 2728 2636 Dominus
2774 2580 2914 2635 Deus
2971 2590 3088 2634 tuus
3122 2622 3136 2649 ,
3198 2581 3338 2635 Deus
3376 2598 3511 2636 unus
3544 2592 3621 2635 est
3667 2596 3688 2646 ;
3726 2588 3818 2637 et:

2221 2674 2426 2729 Nomen
2468 2690 2642 2728 meum
2696 2691 2799 2728 non
2849 2690 3086 2739 qua’ras,
3140 2671 3280 2728 Deus
3332 2690 3520 2728 nomen
3570 2684 3642 2729 est
3692 2674 3823 2728 milii

2223 2766 2405 2840 (Deut.
2439 2782 2509 2830 vt,
2545 2765 2625 2837 4).
2656 2765 2713 2821 Si
2744 2781 2874 2835 ergo
2903 2782 3045 2820 unus
3077 2767 3237 2831 Deus,
3287 2767 3376 2821 uni
3411 2766 3515 2823 hoc
3558 2767 3822 2839 competit

2222 2878 2443 2918 nomen.
2477 2862 2626 2917 Unus
2655 2870 2835 2916 autem
2864 2861 2975 2931 jam
3004 2878 3111 2916 non
3146 2865 3271 2929 erit,
3304 2864 3407 2919 nisi
3445 2865 3495 2919 in
3519 2862 3679 2919 Patre
3710 2864 3821 2921 Deo

2223 2956 2393 3012 Filius
2418 2956 2561 3011 Deus
2584 2957 2648 3011 sit
2668 2956 2690 3009 ?
2710 2957 2775 3011 Et
2801 2958 2992 3012 merito
3021 2958 3446 3029 Dominnsjuxta
3475 2958 3819 3029 prophetam,

2221 3049 2311 3118 qui
2344 3047 2556 3102 dixerat
2583 3064 2594 3101 :
2625 3046 2933 3102 Benedictus
2964 3049 3051 3120 qui
3078 3050 3308 3104 venit‘in
3359 3052 3564 3107 nomine
3609 3048 3820 3106 Domini

514 3141 692 3211 potuit
740 3140 1067 3209 ingenitum,
1098 3146 1390 3205 antequam
1446 3141 1665 3209 genitus
1696 3151 1799 3195 est.
1831 3140 1949 3195 Jam
1982 3158 2114 3214 ergo
2142 3131 2187 3193 Ο
2219 3140 2337 3213 (Ps.
2371 3156 2537 3206 cxvn,
2586 3141 2680 3211 26)
2710 3161 2722 3196 ;
2769 3141 2906 3214 Ego,
2942 3141 3140 3210 inquit,
3173 3144 3289 3198 veni
3329 3145 3383 3197 in
3411 3145 3618 3199 nomine
3645 3142 3819 3200 Patris

510 3249 620 3289 non
652 3234 733 3289 sic
774 3232 993 3287 Patrem
1038 3232 1211 3297 novit,
1243 3241 1299 3286 ut
1332 3244 1496 3288 nutus
1525 3249 1553 3286 a
1587 3233 1747 3289 Patre
1777 3245 1863 3289 est
1890 3253 1903 3289 :
1938 3244 1992 3290 et
2023 3235 2120 3290 ad-

517 3324 871 3383 scribendum
896 3323 945 3378 ei
986 3324 1329 3379 mendacium
1371 3325 1539 3395 (quod
1570 3326 1622 3380 in
1651 3326 1883 3382 Domino
1918 3329 2119 3384 cadere

514 3435 623 3473 non
643 3419 888 3491 debet)et
909 3419 1106 3474 merito
1127 3418 1625 3486 adscribendum,si
1648 3423 1880 3475 assertio
1893 3421 2010 3491 ejus
2026 3437 2119 3475 ra-

517 3504 670 3559 tione
703 3520 811 3559 non
859 3509 1096 3561 steterit.
1150 3504 1265 3559 Non
1296 3505 1460 3560 stabit
1491 3516 1673 3561 autem
1717 3507 1820 3560 nisi
1866 3507 1955 3561 ille
2010 3516 2114 3572 est,

518 3611 575 3655 et
600 3600 693 3671 qui
720 3617 829 3655 non
859 3600 1035 3655 solum
1064 3599 1234 3655 exivit
1264 3614 1295 3653 a
1324 3600 1505 3665 Patre,
1539 3601 1633 3655 sed
1665 3602 1717 3655 in
1745 3600 1905 3655 Patre
1928 3610 1982 3654 et
2010 3610 2114 3666 est,

514 3701 573 3747 et
599 3692 697 3747 l'uit
722 3707 959 3763 semper.
989 3692 1196 3755 Omnia,
1228 3692 1425 3762 inquit,
1452 3692 1666 3747 tradidit
1698 3691 1857 3747 Pater
1880 3694 1933 3747 in
1962 3709 2117 3747 manu

515 3786 630 3851 eius
662 3784 880 3858 (Jonnn.
916 3802 994 3852 ιιι,
1025 3786 1139 3858 55).
1165 3786 1453 3853 Quomodo
1481 3787 1687 3852 omnia,
1722 3787 1825 3841 nisi
1853 3798 1905 3841 et
1936 3788 2118 3842 omnis

506 3878 813 3951 temporis?
841 3880 1126 3949 Quomodo
1153 3892 1334 3935 autem
1351 3880 1529 3935 omnis
1559 3881 1847 3950 temporis,
1889 3881 1934 3935 si
1962 3881 2117 3936 initio

511 3991 623 4031 non
645 3976 838 4030 caret?
866 3975 1183 4043 Quamlibet
1209 3974 1351 4031 enim
1376 3984 1502 4029 ante
1523 3984 1917 4042 omnetempns
1934 3983 2115 4029 uatum

514 4068 736 4134 dicatis,
772 4082 955 4125 tamen
1001 4071 1130 4141 quia
1178 4070 1341 4124 vultis
1369 4084 1494 4124 eum
1546 4068 1843 4138 aliquando
1881 4070 2117 4138 cmpisse

510 4165 605 4237 qui
638 4174 795 4219 natus
826 4175 932 4231 est,
978 4180 1079 4220 nec
1129 4164 1299 4220 fuisse
1344 4163 1486 4234 quod
1529 4161 1731 4217 factum
1765 4174 1846 4215 est
1880 4180 1893 4215 :
1929 4162 2115 4217 nescio

508 4259 786 4331 quomodo
813 4257 1123 4314 defendatis
1150 4260 1335 4313 omnia
1368 4258 1521 4312 illum
1568 4270 1597 4308 a
1652 4254 1814 4310 Patre
1837 4264 1893 4311 et
1931 4257 2114 4312 omnis

508 4355 776 4424 temporis
806 4363 1189 4409 consecutum.

1120 4491 1349 4549 CAPUT
1388 4490 1507 4547 XV.

507 4610 758 4680 Ambigue
786 4612 1066 4681 loquuntur
1095 4607 1343 4663 lueretici.
1378 4604 1525 4661 Unus
1543 4604 1704 4659 Deus.
1734 4602 1798 4659 In
1819 4602 1977 4659 Patre
2002 4604 2106 4660 Deo

1118 4702 1303 4765 Filius
1319 4700 1479 4755 Deus.

574 4845 887 4916 Subjectus,
919 4844 1120 4913 inquit,
1168 4841 1318 4897 Patri
1348 4839 1521 4895 Filius
1547 4856 1670 4894 cum
1712 4841 1969 4897 omnibus
1997 4841 2103 4907 his,

502 4952 627 5010 quae
653 4938 704 4993 ei
734 4938 851 5005 ipse
882 4938 1045 4991 Pater
1075 4936 1332 5003 subjecit.
1370 4932 1530 5000 Quod
1584 4943 1918 4988 venenatum
1951 4934 2105 4991 virus

498 5032 905 5104 exquisitorum
945 5029 1239 5084 verborum
1287 5027 1557 5081 velamine
1610 5026 1813 5098 legitis.
1849 5026 1957 5082 Nos
1977 5043 2100 5098 qua:

495 5124 808 5182 audivimus
846 5137 876 5176 a
921 5123 1165 5192 patribus
1194 5121 1421 5188 nostris,
1470 5130 1787 5176 constanter
1837 5122 2103 5194 praedica-

498 5233 622 5273 mus
655 5235 667 5270 :
699 5225 751 5269 et
795 5231 891 5270 vos
924 5231 1054 5285 ergo
1082 5213 1382 5267 doctrinam
1424 5222 1638 5283 patrum
1665 5225 1972 5269 vestrorum
2005 5216 2101 5271 de-

493 5325 685 5368 serere
711 5310 903 5366 nolite.
928 5309 1036 5373 llli,
1064 5308 1303 5377 inquam,
1335 5307 1504 5363 libere
1530 5308 1697 5364 Deum
1721 5308 1910 5379 gloriae
1931 5309 2097 5365 C(Blc-

490 5406 594 5462 stis
626 5420 732 5459 non
761 5405 931 5459 Deum
979 5416 1171 5457 verum
1201 5415 1341 5468 esse,
1376 5400 1468 5456 sed
1500 5412 1809 5459 creaturam
1842 5403 1932 5459 Dei
1966 5419 2091 5475 per-

489 5499 687 5554 fectam
719 5511 843 5551 esse
890 5494 1166 5551 dixerunt.
1218 5494 1327 5551 Vos
1373 5484 1553 5553 tamen
1607 5497 1750 5553 idem
1788 5497 2089 5553 sentientes

488 5591 720 5658 abrupta
756 5589 1119 5660 blasphemia,
1144 5590 1310 5647 verba
1340 5592 1596 5659 vitantes,
1625 5590 1877 5662 ambigua
1912 5599 2088 5646 secta-

486 5681 620 5738 mini
665 5681 731 5739 ad
789 5681 1143 5754 decipiendos
1174 5684 1449 5755 simplices
1479 5692 1535 5739 et
1562 5684 1830 5740 incautos.
1891 5682 2088 5754 Subje-

482 5773 630 5838 ctutn
655 5780 799 5835 enim
819 5778 963 5835 Patri
990 5778 1211 5837 Filium.
1244 5794 1349 5836 non
1376 5773 1552 5837 Patris
1573 5780 1659 5837 vel
1690 5772 1816 5835 Filii
1837 5770 2081 5841 nomine,

2136 4524 2190 4585 D

2220 3236 2319 3289 mei
2344 3232 2521 3304 (Joan.
2560 3251 2615 3303 v,
2645 3233 2760 3304 43).
2787 3234 2942 3303 Quod
2988 3251 3192 3292 nomen
3223 3236 3423 3303 Patris,
3449 3238 3554 3292 nisi
3586 3237 3682 3293 Dei
3717 3252 3818 3293 no-

2220 3344 2342 3384 men
2393 3341 2445 3384 ct
2497 3329 2760 3383 Domini?
2801 3328 2945 3399 quod
2976 3328 3217 3385 Joannes
3269 3331 3321 3385 in
3377 3330 3521 3386 Filio
3551 3344 3820 3401 recogno-

2218 3436 2377 3478 scens
2408 3439 2423 3479 :
2460 3420 2675 3487 Quiest,
2697 3421 2900 3493 inquit,
2926 3433 2972 3477 et
2999 3426 3088 3494 qui
3117 3433 3313 3489 erat,et
3342 3424 3428 3495 qui
3450 3433 3694 3479 venturus
3720 3434 3816 3493 est,

2219 3520 2543 3586 omnipotens
2573 3515 2761 3587 (Apoc.
2796 3532 2836 3582 ι,
2869 3516 2950 3588 8).

2770 3616 2777 3619 ⁷
2807 3654 3036 3712 CAPUT
3073 3654 3214 3711 xw.

2220 3768 2413 3838 Filius,
2448 3772 2619 3843 imago
2662 3773 2873 3844 ingeniti
2910 3770 3031 3839 Dei,
3076 3789 3178 3827 non
3222 3782 3383 3843 potest
3431 3772 3646 3845 erupisse
3687 3782 3802 3845 post

2547 3862 2729 3919 Deum.
2776 3864 2933 3919 Pater
2954 3881 3055 3919 non
3078 3874 3150 3920 est
3176 3865 3285 3921 sine
3310 3863 3471 3919 Filio.

2290 4000 2529 4065 Patrem,
2561 4001 2757 4073 inquit,
2801 4002 3015 4057 initium
3057 4018 3163 4057 non
3198 4003 3418 4060 habere.
3454 4000 3567 4057 Hoc
3604 4010 3689 4058 est
3728 4002 3814 4057 di-

2218 4108 2364 4159 cere,
2397 4092 2591 4148 Filium
2619 4094 2841 4151 habere.
2874 4094 3010 4150 Nam
3034 4111 3157 4166 qum
3177 4098 3475 4152 necessitas
3497 4095 3547 4150 id
3570 4095 3641 4152 de
3656 4094 3816 4151 Patre

2217 4202 2541 4243 asseverare
2578 4187 2723 4259 quod
2764 4199 2952 4243 notum
2990 4200 3098 4255 est,
3133 4189 3243 4245 nisi
3276 4189 3654 4261 pra'judicium
3695 4189 3815 4259 ejus

2218 4280 2496 4351 opinionis
2526 4296 2645 4351 qua:
2680 4280 2751 4336 de
2779 4279 2921 4336 Filio
2954 4282 3102 4351 paria
3142 4283 3421 4352 suscepit?
3452 4281 3691 4350 Patrem,
3725 4283 3811 4338 in-

2216 4375 2356 4445 quit,
2390 4372 2604 4429 initium
2632 4388 2743 4429 non
2773 4372 3000 4429 habere.
3027 4372 3159 4440 Quis
3199 4374 3399 4444 negat?
3431 4373 3539 4429 Sed
3568 4382 3722 4445 puto,
3757 4384 3811 4431 et

2218 4468 2398 4538 imago
2429 4467 2720 4523 invisibilis
2750 4478 2807 4524 et
2842 4466 3067 4537 ingeniti
3100 4465 3195 4522 Dei
3228 4481 3333 4521 non
3363 4476 3548 4537 potest
3575 4468 3815 4540 coepisse

2216 4573 2339 4630 post
2378 4561 2567 4615 Deum.
2608 4559 2854 4631 Denique
2899 4559 3255 4631 interroganti
3286 4560 3460 4631 Moysi
3489 4562 3611 4632 quis
3640 4572 3811 4627 esset,

2218 4652 2503 4723 reSpoudit
2531 4671 2545 4708 :
2579 4650 2691 4724 Ego
2719 4655 2941 4723 suntqui
2967 4671 3081 4708 sum
3111 4671 3311 4726 semper
3337 4653 3537 4728 (Exod.
3573 4670 3653 4721 ttt,
3688 4654 3805 4727 14).

2216 4745 2346 4801 Erat
2386 4746 2532 4801 enim
2564 4762 2807 4816 semper,
2843 4748 2935 4818 qui
2963 4758 3047 4804 est
3076 4757 3133 4804 et
3177 4749 3283 4805 erit
3314 4765 3553 4820 semper.
3586 4750 3664 4805 De
3702 4766 3813 4823 quo

2214 4838 2455 4895 Joannes
2483 4858 2498 4897 :
2536 4839 2691 4908 Quod
2720 4852 2830 4895 erat
2858 4841 2924 4895 ab
2950 4842 3123 4911 initio,
3159 4845 3324 4899 oculis
3361 4846 3551 4900 nostris
3586 4845 3813 4901 vidimus

2217 4932 2261 5005 (l
2284 4932 2443 4988 Joan.
2476 4949 2516 5001 t,
2546 4933 2623 5005 1).
2662 4934 2727 4988 Ει
2758 4950 2973 4989 rursum
3007 4952 3021 4989 :
3054 4936 3441 4992 Annuntiamus
3476 4938 3616 4992 vobis
3654 4938 3811 4993 vitam

2210 5036 2458 5082 teternam
2486 5042 2601 5096 qua:
2625 5038 2736 5080 erat
2764 5027 2905 5097 apud
2938 5027 3148 5081 Patrem
3179 5027 3227 5100 (1
3238 5029 3372 5097 bid.,
3399 5029 3461 5100 2)
3487 5047 3501 5084 :
3533 5031 3718 5101 utique
3755 5040 3811 5085 et

2210 5122 2262 5175 iu
2290 5120 2452 5175 Patre
2480 5138 2492 5173 :
2524 5135 2647 5175 nam
2678 5120 2828 5190 quod
2863 5135 2930 5175 ex
2971 5121 3091 5191 ipso
3116 5133 3258 5188 erat,
3288 5130 3439 5178 extra
3481 5125 3655 5195 ipsum
3684 5138 3809 5179 esse

2209 5229 2318 5268 non
2348 5222 2578 5283 poterat.
2608 5211 2679 5267 Et
2708 5226 2838 5267 sane
2863 5229 2987 5267 cum
3014 5213 3216 5268 dicitur
3244 5231 3257 5267 :
3288 5214 3419 5270 Erat
3442 5217 3494 5270 in
3527 5219 3646 5290 ipso
3673 5229 3809 5273 tem-

2207 5324 2332 5379 pus,
2367 5323 2475 5361 non
2509 5307 2626 5376 ipse
2656 5306 2826 5361 fuisse
2866 5307 2915 5360 iu
2956 5315 3202 5378 tempore
3234 5311 3534 5365 nuntiatur.
3566 5310 3808 5367 Aﬁterna:

2204 5405 2353 5459 enim
2377 5403 2700 5457 substantia:
2724 5403 2806 5456 vis
2837 5416 2947 5457 non
2974 5400 3117 5456 facta
3139 5412 3221 5458 est
3242 5420 3270 5457 a
3296 5405 3432 5471 Deo,
3463 5407 3557 5462 sed
3585 5423 3805 5479 egressa

2196 5513 2223 5551 a
2260 5498 2396 5561 Deo,
2422 5498 2569 5562 ideo,
2598 5494 2667 5549 Et
2697 5513 2814 5571 ego,
2846 5497 3043 5566 inquit,
3069 5513 3101 5549 o
3124 5495 3286 5554 Patre
3313 5501 3447 5556 exivi
3478 5499 3660 5574 (loan.
3688 5516 3802 5569 xvt,

2191 5588 2321 5662 28):
2355 5601 2427 5655 et,
2466 5589 2579 5660 Ego
2608 5598 2654 5643 et
2683 5588 2844 5644 Pater
2869 5606 3032 5644 unum
3056 5608 3234 5647 sumus
3259 5591 3444 5667 (Joan.
3476 5610 3530 5661 tt,
3552 5594 3684 5666 30);
3714 5605 3801 5653 et:

2196 5684 2299 5749 Qui
2340 5700 2421 5737 me
2466 5683 2624 5750 uidet,
2660 5684 2793 5739 videt
2838 5695 2884 5739 et
2923 5683 3131 5742 Patrem
3157 5685 3338 5759 (Joan.
3390 5702 3505 5754 XIV,
3559 5687 3649 5762 9);
3700 5700 3798 5770 εἰς

2193 5771 2307 5844 Ego
2344 5775 2398 5830 iii
2439 5771 2617 5839 Patre,
2662 5778 2711 5831 "et
2756 5772 2913 5835 Patei
2956 5778 3008 5834 in
3057 5790 3137 5837 me
3193 5772 3384 5850 (Ιωαρ,
3416 5778 3539 5851 id);
3575 5782 3658 5839 at:
3697 5774 3803 5849 Qiit
