4106 6344
184 236 251 293 25
1397 232 1607 291 LIBER
1642 232 1930 291 CONTRA
1971 233 2296 292 ARIANOS.
3454 240 3526 299 26

187 366 263 407 me
286 347 447 414 misit,
482 362 700 403 uiscum
727 358 808 405 est
837 347 1021 420 (Joan.
1054 346 1309 421 vm,29).
1335 347 1465 406 Ideo
1489 358 1544 404 et
1570 347 1752 404 David
1778 365 1794 405 :
1824 353 1880 418 Α
1904 348 1953 405 si
1998 349 2093 405 uni
2151 364 2342 406 eorum
2390 348 2573 408 aflinis
2635 350 3076 422 deprehenditur
3098 395 3115 422 .
3166 370 3389 429 aequum
3437 367 3527 415 est

184 449 371 505 Tecum
402 448 741 520 principium
791 450 845 503 in
886 448 968 504 die
1001 448 1204 503 virtutis
1250 457 1353 503 tua:
1391 446 1630 521 (Psalm.
1679 462 1795 513 crx,

188 542 263 614 3).
303 540 400 597 Dei
450 541 607 597 enim
666 541 932 609 Verbum,
973 540 1076 597 hoc
1122 549 1229 607 est,
1276 541 1373 597 Dei
1422 540 1616 607 Filius,
1668 548 1802 597 ante

186 650 338 693 omne
396 635 744 706 principium
797 652 917 692 cum
963 651 1028 691 eo
1081 636 1173 707 qui
1230 650 1297 692 ex
1361 649 1469 703 eo,
1522 642 1581 690 et
1630 634 1686 689 in
1734 650 1802 691 eo

188 730 266 786 cui
329 727 544 783 nullum
623 740 813 799 potest
880 744 1002 784 esse
1072 728 1419 800 principium.
1482 726 1801 783 Invenimus

190 820 397 894 quidem
455 820 685 876 dixisse
741 821 1087 879 Salomonem
1148 837 1215 877 ex
1264 836 1495 893 persona
1551 820 1803 891 Sapien-

190 913 270 970 tiae
327 913 516 986 (quam
550 912 843 970 Christum
900 929 1026 971 esse
1074 913 1489 985 defendimus):
1538 911 1802 968 Dominus

190 1005 404 1062 condidit
450 1022 572 1075 me,
617 1015 672 1061 et
698 1016 817 1062 ante
863 1008 1108 1063 sarculum
1154 1006 1389 1079 fundavit
1419 1023 1529 1073 me,
1563 1016 1609 1061 et
1657 1007 1803 1078 prior

190 1100 357 1171 abysso
393 1098 577 1171 genita
608 1116 732 1155 sum
768 1099 949 1173 (Prov.
981 1116 1106 1167 vttt,
1134 1100 1353 1171 22-24).
1384 1100 1492 1156 Sed
1530 1116 1638 1157 uon
1675 1100 1803 1158 ideo

192 1196 512 1253 credendum
542 1205 661 1264 est,
693 1197 861 1253 Deum
883 1197 1106 1254 factum.
1129 1196 1260 1253 Nam
1286 1197 1331 1253 si
1360 1196 1532 1254 factus
1556 1206 1665 1265 est,
1691 1213 1802 1254 non

192 1287 309 1343 fuit:
338 1288 381 1343 si
412 1303 532 1343 non
562 1287 705 1353 fuit,
737 1304 842 1344 non
874 1290 999 1345 erit.
1038 1290 1104 1345 Et
1150 1289 1423 1360 quomodo
1468 1290 1610 1347 Deus
1632 1332 1647 1357 ,
1676 1291 1763 1346 cui
1784 1332 1799 1354 ,

164 1428 169 1435 .
194 1395 255 1436 ne
282 1379 418 1437 Deus
448 1378 562 1447 sit,
593 1394 829 1453 utraque
856 1383 1094 1438 conditio
1124 1384 1527 1454 prmscribitur?
1547 1383 1677 1441 Ideo
1708 1400 1804 1440 au-

196 1482 291 1527 tem
317 1472 613 1544 Sapientia
638 1474 736 1528 Dei
761 1483 881 1530 nata
902 1484 957 1531 et
985 1474 1199 1531 condita
1228 1476 1506 1533 nuntiatur
1525 1518 1541 1541 ,
1571 1492 1642 1534 ne
1667 1478 1801 1549 quid

195 1576 375 1638 praeter
404 1567 597 1639 ipsum
632 1567 808 1624 Deum
838 1569 1051 1625 Patrem
1076 1612 1090 1637 ,
1122 1570 1214 1641 qui
1238 1579 1322 1626 est
1349 1572 1512 1627 etiam
1544 1572 1659 1629 suis
1691 1572 1803 1628 ori-

194 1676 253 1732 go
291 1662 592 1719 virtutibus
617 1706 632 1731 ,
666 1664 983 1721 crederetur
1028 1666 1085 1721 in
1126 1676 1339 1722 natura.
1384 1665 1597 1723 Exinde
1647 1669 1798 1724 enim

1905 443 2068 499 etiam
2099 443 2190 499 illa
2218 459 2340 516 qua:
2363 443 2583 501 fuerant
2603 444 2856 514 defensa,
2883 447 3134 505 dissolvi.
3158 447 3523 522 Invisibilem,

1905 536 2115 609 inquit,
2140 538 2354 594 Patrem
2385 553 2531 596 esse.
2559 538 2728 607 Quasi
2757 555 2893 598 vero
2920 555 3151 613 usquam
3182 542 3524 601 inveniamus

1904 631 1989 687 vel
2019 631 2215 688 Filium
2239 632 2360 690 sine
2386 635 2872 706 transﬁguratione
2900 637 3067 693 fuisse
3098 637 3369 695 visibilem
3386 681 3401 707 ,
3424 655 3521 696 an-

1904 733 2121 797 tequam
2145 726 2293 783 Patri
2313 728 2578 786 obediens
2598 729 2757 786 fieret
2776 745 2847 786 ex
2867 731 3175 788 :eternitate
3192 746 3517 804 corporeus.

1904 817 2160 888 Quamvis
2209 820 2355 876 enim
2403 831 2460 877 et
2508 822 2746 878 Abrahae
2794 824 2945 880 visus
2992 825 3097 891 sit,
3126 833 3184 881 et
3226 824 3436 892 Jacob,
3464 836 3521 883 et

1906 910 2115 984 Moysi,
2145 921 2201 968 et
2227 913 2408 981 Isaiae,
2440 922 2496 969 et
2540 916 2849 983 Ezecltieli;
2881 926 3065 974 tamen
3112 918 3346 975 visionis
3375 920 3521 976 illius

1905 1004 2141 1075 qualitas
2165 1004 2486 1077 explicatur.
2516 1005 2577 1063 In
2608 1021 2805 1064 somno
2835 1008 2981 1065 enim
3011 1018 3069 1067 et
3106 1009 3163 1065 in
3192 1010 3419 1081 specqu
3463 1019 3521 1067 et

1906 1097 1959 1152 in
1987 1097 2275 1167 aenigmate
2302 1100 2447 1155 visus
2474 1100 2732 1157 refertur.
2764 1101 3014 1174 Denique
3039 1111 3096 1158 et
3123 1103 3296 1175 Moysi
3329 1112 3522 1174 postu—

1906 1190 2035 1247 lanti
2068 1203 2125 1247 ut
2152 1201 2546 1263 cognoscenter
2570 1209 2695 1257 eum
2722 1194 2972 1259 videret,
3006 1194 3177 1252 Nemo
3199 1205 3400 1268 potest,
3432 1196 3522 1253 in-

1906 1281 2023 1354 quit
2042 1324 2058 1349 ,
2090 1282 2273 1352 [aciem
2302 1300 2466 1339 meam
2494 1285 2701 1341 videre:
2724 1286 2849 1357 quia
2874 1303 3025 1341 nemo
3050 1288 3143 1355 qui
3166 1304 3279 1342 eam
3307 1287 3518 1355 viderit,

1903 1375 2032 1430 vivet
2052 1373 2249 1446 (Exod.
2279 1393 2449 1432 χχχιιι
2471 1418 2485 1444 ,
2517 1377 2633 1449 20).
2665 1377 2812 1450 Ergo
2846 1378 2950 1435 ltoc
2994 1379 3115 1435 loco
3141 1389 3239 1435 aut
3289 1378 3515 1436 Patrem

1906 1467 2145 1524 locutum
2176 1468 2344 1526 fuisse
2388 1470 2751 1536 contendant,
2785 1471 2877 1543 qui
2925 1471 3263 1528 invisibilem
3296 1487 3423 1529 esse
3454 1486 3517 1529 se

1905 1560 2067 1617 dicit:
2089 1570 2183 1617 aut
2210 1562 2255 1617 si
2276 1561 2474 1619 Filium
2502 1578 2607 1618 non
2635 1572 2857 1636 negant,
2882 1563 3027 1621 hunc
3049 1564 3290 1622 locutum
3312 1566 3514 1633 sciant,

1906 1665 1962 1712 et
1989 1656 2141 1711 illum
2188 1672 2289 1712 suo
2319 1658 2542 1714 nomine
2586 1657 2915 1715 invisibilem
2946 1658 3150 1729 fuisse,
3196 1668 3255 1715 ut
3294 1658 3515 1716 Sermo-

194 1765 325 1812 recte
352 1756 679 1813 diceretur:
706 1756 787 1812 Ex
816 1759 953 1829 ipso,
981 1766 1040 1815 et
1069 1759 1122 1814 in
1146 1760 1265 1832 ipso
1287 1770 1468 1817 creata
1494 1760 1797 1832 Sapientia,

1912 1765 2053 1818 nem,
2078 1759 2137 1805 ut
2159 1749 2438 1821 Spiritum.
2470 1750 2768 1807 Invisibilis
2798 1752 2943 1809 Deus
2970 1745 3212 1825 denique
3241 1751 3517 1822 quomodo

196 1862 254 1904 ex
288 1864 388 1919 quo
414 1848 630 1905 eﬂ’ulsit
676 1849 749 1903 ab
778 1865 844 1906 eo
891 1851 1168 1921 unigcttita
1211 1848 1271 1909 et
1316 1852 1473 1908 beata
1521 1854 1800 1911 nativitas.

197 1938 282 2007 Qui
305 1956 435 2013 ergo
469 1941 799 2012 probaverit
820 1944 938 1999 sine
963 1943 1146 2000 Verbo
1165 1986 1180 2011 ,
1211 1944 1329 2000 sine
1360 1945 1624 2016 sapientia
1644 1988 1659 2013 ,
1684 1947 1805 2002 sine

198 2034 423 2102 ratione,
453 2034 579 2090 sine
608 2036 846 2101 virtute,
880 2037 1000 2091 sine
1029 2035 1231 2107 Spiritu
1260 2037 1555 2109 aliquando
1581 2038 1801 2095 Patrem

200 2125 383 2192 fuisse;
418 2126 469 2181 is
515 2126 780 2197 probavit
824 2141 948 2182 cum
990 2126 1151 2184 Patre
1192 2137 1247 2184 et
1292 2129 1345 2183 itt
1388 2129 1550 2186 Patre
1599 2129 1804 2185 Filium

202 2229 309 2275 ante
334 2235 501 2276 omne
534 2220 875 2291 principium
906 2235 1013 2276 non
1062 2219 1249 2278 fuisse.
1282 2221 1486 2277 Tamen
1539 2220 1729 2278 nescio
1758 2222 1803 2277 si

202 2312 274 2368 bis
298 2314 591 2370 virtutibus
615 2328 816 2370 carens
845 2314 1004 2370 Pater
1030 2316 1199 2385 possit
1230 2315 1369 2370 Deus
1390 2316 1517 2371 dici.
1546 2314 1664 2371 Non
1690 2329 1805 2370 mo-

202 2404 263 2461 do
289 2406 431 2461 enim
466 2407 614 2462 Deus
661 2407 757 2477 qui
792 2406 845 2461 in
894 2421 989 2461 sua
1022 2408 1330 2463 aeternitate
1363 2407 1637 2478 perfectus
1684 2416 1799 2473 est,

202 2500 285 2555 sed
316 2515 415 2558 nec
442 2511 709 2557 creatura
740 2501 960 2572 quidem
994 2503 1103 2558 ulla
1125 2503 1421 2558 secundum
1446 2519 1603 2559 suum
1631 2518 1808 2576 genus

205 2609 299 2650 non
343 2607 729 2651 consummata
775 2595 1066 2652 constabit.
1110 2595 1226 2651 Non
1271 2606 1448 2665 potest
1496 2595 1639 2653 enim
1675 2597 1805 2665 quid

203 2700 353 2753 esse,
383 2687 531 2757 quod
564 2702 684 2742 non
719 2688 820 2751 sit;
845 2703 955 2742 non
987 2687 1093 2742 erit
1120 2696 1333 2753 autem,
1357 2687 1401 2742 si
1433 2687 1486 2742 id
1518 2688 1595 2743 illi
1619 2687 1808 2744 defue-

206 2780 299 2843 rit,
328 2781 468 2847 quod
497 2796 633 2837 esse
668 2779 912 2836 debebit.
941 2779 1134 2835 Totum
1170 2779 1331 2849 igitur
1361 2779 1533 2836 defuit
1556 2780 1736 2847 Patri,
1760 2781 1804 2836 si

205 2872 395 2944 aliquid
420 2874 593 2930 defuit
623 2873 698 2930 de
728 2883 864 2928 toto.
901 2874 1077 2929 Defuit
1104 2882 1315 2939 autem,
1347 2873 1394 2928 si
1430 2873 1594 2929 Filius
1634 2886 1767 2929 suus
1787 2914 1803 2940 ,

208 2965 307 3022 hoc
325 2978 407 3023 est
433 2969 705 3025 virtutum
730 2983 952 3023 suarum
979 2968 1287 3038 plenitudo,
1315 2969 1471 3023 initio
1499 2984 1606 3023 non
1632 2978 1803 3023 caret:

212 3071 264 3114 et
289 3076 504 3118 necesse
529 3072 618 3117 est
670 3061 817 3117 hanc
846 3061 1158 3129 opinionem
1198 3062 1518 3116 alterutram
1547 3059 1805 3130 blaSphe-

1908 1843 2057 1898 visus
2082 1844 2181 1909 sit,
2212 1844 2402 1900 eadem
2432 1845 2707 1916 scriptura
2741 1854 2989 1900 testatur.
3021 1842 3210 1901 Refert
3250 1846 3399 1901 enim
3428 1845 3512 1900 Io-

1907 1947 2089 1993 culum
2123 1954 2245 1993 cum
2290 1953 2359 1994 eo
2399 1940 2607 2008 Deum,
2641 1948 2921 2011 tamquam
2966 1939 3036 1995 ad
3066 1940 3300 1995 amicum
3323 1981 3338 2006 ,
3377 1939 3515 1997 facie

1907 2032 1975 2087 ad
2006 2030 2221 2087 faciem.
2256 2034 2334 2086 Ac
2361 2031 2625 2102 deinceps
2670 2032 2952 2103 subjungit
3001 2032 3310 2103 postulasse
3358 2030 3513 2104 Moy-

1908 2140 2051 2191 sem,
2084 2135 2142 2180 ut
2171 2125 2361 2182 faciem
2390 2126 2508 2197 ejus
2535 2126 2772 2183 videret:
2804 2142 2965 2199 quam
2999 2126 3183 2197 utique
3207 2128 3253 2184 si
3280 2126 3515 2191 viderat.

1908 2236 2016 2275 non
2050 2224 2232 2275 statim
2265 2229 2291 2258 ιι
2321 2222 2649 2292 postulasset
2684 2221 2996 2278 videndam.
3029 2223 3121 2278 Ait
3164 2223 3386 2294 quidem
3415 2222 3511 2279 .la-

1908 2316 2039 2372 cob:
2082 2315 2205 2371 Vidi
2252 2316 2535 2371 Dominum
2580 2317 2714 2387 facie
2755 2317 2822 2370 ad
2853 2319 3075 2389 faciem,
3104 2328 3150 2372 et
3189 2319 3332 2373 salva
3374 2318 3515 2387 facta

1909 2420 1983 2466 est
2010 2411 2184 2465 anima
2209 2427 2321 2465 mea
2348 2410 2505 2481 (Gen.
2545 2427 2727 2475 χχχιι,
2759 2412 2889 2483 '50):
2930 2410 3026 2467 sed
3074 2410 3348 2483 quomodo
3391 2427 3513 2469 eam

1910 2505 2101 2561 faciem
2136 2505 2373 2561 videndo
2398 2507 2636 2561 salvatus
2664 2516 2747 2561 est
2767 2547 2781 2569 ,
2817 2522 2969 2575 quae,
2996 2506 3039 2561 si
3067 2506 3343 2572 videatur,
3372 2507 3519 2563 occi-

1910 2597 2022 2653 dit?
2051 2597 2337 2667 Quomodo
2363 2608 2419 2654 et
2450 2598 2712 2655 Dominus
2742 2599 3057 2655 ostenderat
3087 2599 3279 2656 faciem
3323 2615 3480 2656 suam
3501 2643 3518 2667 ,

1910 2707 2073 2763 quam
2114 2692 2287 2747 videri
2334 2706 2442 2747 non
2498 2707 2661 2763 posse
2708 2692 3051 2762 postmodum
3081 2693 3246 2762 dixit,
3290 2694 3394 2749 nisi
3425 2694 3517 2752 illa

1909 2783 2224 2840 conditione
2249 2800 2350 2856 qua
2384 2800 2547 2855 supra
2576 2784 2850 2853 diximus,
2887 2786 2939 2840 in
2978 2787 3202 2858 speculo
3230 2786 3438 2843 scilicet
3462 2797 3519 2843 et

1913 2877 1967 2933 in
1996 2878 2315 2948 :rnigmate,
2348 2877 2403 2932 in
2454 2878 2672 2933 somnio
2714 2889 2766 2935 et
2809 2876 3055 2935 visione?
3085 2879 3197 2935 Hoc
3239 2888 3523 2951 estergo,

1912 2970 2061 3028 illam
2089 2970 2358 3025 visibilem
2391 2969 2675 3026 materiam
2706 2971 3070 3040 assumpsisse
3100 2986 3223 3026 cum
3274 2971 3515 3042 placuit,

1911 3066 2093 3122 statim
2139 3080 2271 3120 vero
2317 3064 2645 3120 invisibilem
2691 3081 3075 3137 perseverare:
3120 3068 3246 3133 quia
3295 3081 3521 3125 necesse

208 3152 319 3210 mite
344 3166 549 3226 partem
585 3154 823 3226 profana
853 3165 907 3210 et
950 3155 1212 3225 sacrilega
1247 3154 1491 3209 finitione
1541 3154 1797 3211 transire.
1830 3155 1875 3218 C
1909 3167 2028 3226 est,
2061 3159 2105 3213 si
2134 3158 2365 3213 visibilis
2391 3159 2651 3224 docetur,
2688 3176 2795 3215 non
2824 3175 2889 3217 ex
2919 3174 2986 3215 eo
3014 3159 3168 3215 illum
3209 3174 3331 3216 esse
3355 3176 3517 3231 quem

209 3248 307 3304 Aut
328 3250 471 3305 enim
502 3250 673 3306 Pater
701 3249 1009 3305 credendus
1029 3259 1118 3306 est
1142 3265 1265 3305 cum
1295 3249 1434 3304 Filio
1460 3265 1561 3305 suo
1592 3249 1804 3305 initium

208 3340 357 3400 fuisse
385 3345 623 3399 sortitus
643 3385 659 3410 ,
691 3343 817 3414 quia
860 3344 980 3398 sine
1016 3342 1193 3411 Filio,
1224 3342 1328 3399 hoc
1357 3353 1441 3397 est
1481 3342 1600 3398 sine
1627 3342 1807 3397 virtu-

210 3436 339 3494 tibus
363 3440 508 3503 suis,
538 3453 673 3495 esse
700 3453 806 3492 non
842 3437 1049 3507 potuit;
1082 3444 1137 3491 et
1165 3437 1273 3494 erit
1300 3445 1490 3493 auctor
1518 3435 1645 3491 huic
1688 3434 1810 3490 illo-

209 3549 312 3591 runt
341 3536 499 3591 initio
527 3535 724 3592 nescio
751 3534 872 3605 quis
901 3533 1095 3588 tertius
1122 3532 1295 3588 Deus:
1321 3541 1414 3586 aut
1442 3531 1488 3586 si
1518 3532 1670 3587 solus
1693 3531 1810 3601 ipse

209 3629 317 3685 sine
344 3629 501 3685 initio
531 3628 745 3684 dicitur
784 3641 956 3698 usque
982 3625 1049 3680 ad
1076 3624 1195 3681 Filii
1219 3623 1634 3695 generationem
1654 3666 1668 3690 ,
1700 3622 1805 3679 im-

212 3723 465 3794 perfectus
493 3723 677 3779 fuisse
705 3720 972 3776 dicendus
1002 3730 1108 3775 est.
1144 3718 1496 3788 Imperfectus
1541 3718 1688 3773 enim
1712 3757 1728 3783 ,
1758 3716 1805 3771 si

214 3817 367 3889 coepit
391 3817 605 3872 habere
636 3813 785 3885 quod
811 3822 937 3868 ante
965 3827 1071 3866 non
1105 3811 1305 3867 habere
1327 3810 1520 3866 voluit.
1551 3811 1597 3865 Is
1627 3808 1809 3864 omnia

214 3923 374 3967 autem
426 3911 641 3967 habere
687 3908 875 3964 debuit
922 3921 1182 3978 semper,
1223 3907 1313 3978 qui
1360 3921 1580 3977 semper
1623 3904 1814 3961 debuit

214 4016 315 4062 esse
340 4004 661 4076 perfectus:
691 4002 818 4074 quia
862 4018 971 4057 non
1014 4002 1205 4072 recipit
1252 4011 1602 4073 augmentum
1651 3999 1812 4072 quid-

211 4095 317 4164 quid
346 4093 718 4166 occupaverit
758 4101 947 4147 totum.

794 4228 1021 4286 CAPUT
1061 4228 1225 4285 XVII.

218 4341 443 4400 Hcretici
462 4342 735 4417 quidquid
747 4342 809 4395 de
830 4340 989 4398 Patre
1014 4342 1294 4414 negant,de
1312 4341 1456 4397 Filio
1478 4343 1806 4413 conﬁtentur.

532 4437 815 4507 Quomodo
835 4437 1048 4492 visibilis
1079 4436 1220 4492 Deus
1248 4433 1443 4493 Filius.

275 4572 527 4643 Patrem,
563 4574 853 4644 inquiunt,
888 4573 1097 4628 initium
1142 4589 1250 4628 non
1299 4574 1535 4642 habere,
1569 4573 1814 4630 invisibi-
1837 4557 1893 4619 Ῑ)

214 4665 307 4724 lem
336 4683 482 4733 esse,
514 4667 886 4723 immortalem
918 4682 1063 4733 esse,
1094 4667 1492 4738 impassibilem
1515 4682 1659 4724 esse.
1688 4667 1814 4724 Ilmc

212 4763 327 4821 Ideo
368 4774 730 4838 proponunt,
776 4772 835 4818 ut
878 4764 1156 4819 contraria
1206 4764 1289 4819 Itis
1318 4763 1460 4821 Filio
1508 4765 1810 4821 ascribant.

212 4859 474 4930 Quidquid
497 4860 651 4916 enim
679 4859 748 4913 de
769 4857 931 4913 Patre
958 4866 1179 4928 negant,
1204 4858 1271 4913 de
1294 4858 1432 4913 Filio
1455 4858 1812 4924 confitentur;

212 4954 295 5023 qui
339 4955 381 5009 si
426 4954 639 5009 habere
671 4950 885 5006 initium
938 4952 1231 5022 probatur,
1281 4953 1480 5007 merito
1523 4954 1807 5017 mortalis.

216 5049 398 5103 merito
425 5047 732 5120 passibilis.
766 5046 1184 5117 Prrejudicatum
1229 5048 1447 5117 quidem
1495 5064 1618 5104 esse
1645 5049 1811 5105 debe-

214 5152 321 5206 ret,
345 5151 401 5198 et
424 5152 625 5198 caetera
657 5142 972 5212 passionum
1000 5155 1203 5212 genera
1234 5141 1287 5196 in
1313 5124 1521 5197 Filium
1542 5157 1650 5207 non
1680 5156 1811 5198 con-

211 5237 416 5304 venire,
446 5237 624 5307 prima
674 5235 1061 5306 propositionis
1109 5235 1291 5305 specie
1329 5235 1642 5299 deSIructa,
1687 5251 1810 5308 quae

210 5329 411 5388 initium
441 5332 609 5388 dabat
640 5330 738 5386 Dei
770 5328 973 5386 Verbo.
1001 5328 1077 5385 Ne
1106 5329 1233 5399 quid
1281 5339 1458 5386 tamen
1503 5330 1808 5387 diffidentia

213 5437 320 5495 prae
349 5426 570 5482 caeteris
597 5436 725 5494 quae
763 5432 889 5477 sunt
926 5421 1153 5494 profane
1199 5423 1510 5495 proposita,
1544 5433 1809 5481 retracte-

210 5532 342 5574 mus.
378 5517 529 5575 Nam'
563 5526 625 5572 ut
668 5515 879 5570 initium
920 5531 1030 5571 non
1074 5515 1333 5584 babenti,
1366 5516 1564 5573 ascribi
1614 5527 1815 5576 ca-tera

209 5626 323 5682 quas
348 5622 476 5668 sunt
501 5610 633 5666 huic
656 5606 957 5664 deﬁnitioni
998 5607 1241 5681 subjecta
1261 5650 1276 5677 ,
1304 5624 1415 5668 non
1447 5620 1704 5680 possunt:
1740 5611 1815 5666 ita

282 5802 304 5838 η
340 5764 693 5856 ροοιαιαυιι.
718 5773 831 5863 ΑΙ.)
861 5752 1166 5869 portubus

1911 3250 2240 3307 invisibilem
2272 3251 2624 3307 confitemur.

2490 3378 2721 3437 CAPUT
2759 3380 2948 3437 XVIII.

1914 3492 2089 3550 Filius
2111 3494 2210 3550 Dei
2228 3496 2438 3551 unitatis
2458 3495 2723 3551 vinculum
2748 3512 2958 3553 servans
2979 3512 3097 3551 cum
3116 3495 3302 3564 Patre,
3330 3500 3384 3552 in
3412 3506 3514 3553 ter-

2094 3591 2168 3645 ris
2199 3590 2457 3646 hominem
2485 3590 2737 3662 gestabat,
2761 3607 2923 3663 neque
2953 3608 2983 3644 a
3000 3592 3142 3647 cretis
3170 3591 3367 3647 aberat.

1988 3729 2097 3787 Sed
2148 3731 2289 3786 hanc
2340 3731 2701 3787 assertionem
2730 3773 2743 3795 ,
2794 3738 2856 3786 ut
2900 3729 3291 3803 qumstionibus
3332 3729 3526 3787 Testa-

1915 3825 2087 3883 meuti
2130 3825 2332 3882 veteris
2381 3825 2697 3896 expediant,
2739 3827 2809 3881 de
2847 3840 2989 3881 novo
3019 3824 3379 3881 Testamento
3430 3840 3523 3880 su-

1917 3929 2072 3975 munt
2113 3917 2613 3974 confirmationem.
2655 3919 2744 3974 Ait
2784 3917 2930 3974 enim
2978 3918 3243 3974 Dominus
3281 3926 3337 3972 et
3380 3918 3523 3973 Deus

1914 4029 2039 4071 cum
2071 4013 2140 4069 de
2196 4014 2355 4069 Patre
2406 4014 2723 4084 loqueretur
2776 4010 2962 4081 (Joan.
2993 4027 3033 4079 ι,
3076 4010 3193 4077 18),
3237 4008 3373 4066 nulli
3420 4010 3523 4066 Pa-

1919 4112 2020 4167 tris
2071 4110 2362 4180 imaginem
2407 4109 2617 4164 visam:
2648 4109 2793 4179 quod
2848 4107 2893 4162 si
2925 4106 3105 4176 imago
3170 4104 3351 4161 Patris
3402 4104 3520 4175 ipse

1916 4214 2003 4260 est
2031 4202 2227 4268 Filius,
2272 4210 2331 4257 ut
2364 4201 2660 4272 Apostolus
2710 4199 2902 4270 probat
2942 4198 3104 4273 (Heb.
3147 4212 3187 4264 ι,
3226 4198 3310 4268 5),
3362 4208 3523 4268 negat

1918 4297 2190 4354 visibilem
2243 4296 2435 4364 fuisse,
2496 4295 2749 4363 dicendo,
2807 4294 2941 4349 nulli
2993 4293 3170 4349 Patris
3228 4293 3520 4363 imaginem

1917 4392 2113 4447 visam.
2163 4389 2229 4444 Et
2273 4390 2439 4457 ideo,
2490 4387 2604 4443 Nec
2656 4405 2767 4455 me,
2834 4387 3046 4457 inquit,
3098 4387 3301 4449 nostis,
3360 4402 3525 4455 neque

1920 4483 2140 4539 Patrem
2191 4498 2364 4537 meum
2402 4482 2586 4555 (Joan.
2636 4479 2902 4551 vttt,19).
2956 4479 3025 4536 Εῑ
3064 4480 3151 4535 Itic
3196 4490 3345 4535 certe
3385 4478 3524 4535 duos

1919 4576 2213 4636 confirmat
2260 4576 2515 4648 ignotos,
2558 4584 2665 4631 tam
2711 4582 2892 4630 autem
2954 4573 3092 4629 duos
3148 4588 3312 4645 quam
3372 4572 3524 4629 insc-

1918 4679 2164 4745 paratos.
2216 4669 2351 4724 Nam
2385 4669 2431 4724 si
2481 4670 2657 4741 ipsum
2710 4678 2973 4734 nossent,
3020 4678 3073 4723 et
3120 4666 3340 4723 Patrem
3401 4681 3530 4723 nos-

1919 4774 2043 4823 sent
2098 4781 2112 4818 :
2157 4765 2280 4835 quia
2318 4778 2416 4834 per
2466 4763 2903 4819 individuitatem
2955 4777 3135 4834 neque
3177 4763 3305 4818 sciri
3353 4776 3529 4833 neque

1921 4857 2164 4929 ignorari
2214 4857 2355 4912 alter
2390 4858 2508 4913 sine
2553 4857 2727 4912 altero
2756 4864 2992 4927 poterat.
3036 4855 3240 4912 Similis
3269 4855 3434 4927 igitur
3457 4854 3529 4910 de

1923 4952 2141 5011 mortali
2186 4962 2240 5007 et
2286 4952 2529 5023 passiliili
2573 4952 2715 5007 ratio
2759 4952 3129 5021 subsequitur.
3174 4948 3308 5005 Nam
3352 4950 3400 5004 si
3432 4964 3530 5006 ne-

1922 5063 2031 5120 que
2082 5046 2295 5101 initium
2348 5044 2514 5099 habet
2565 5043 2758 5110 Filius,
2816 5052 3009 5115 utpote
3062 5045 3153 5114 qui
3205 5056 3426 5114 semper
3475 5043 3528 5097 in

1921 5157 1989 5198 eo
2017 5148 2072 5194 et
2103 5137 2268 5193 fuerit
2313 5145 2369 5192 et
2396 5139 2488 5200 sit.
2533 5136 2621 5191 cui
2672 5136 2892 5192 initium
2946 5150 3051 5191 non
3096 5134 3302 5201 datur;
3352 5150 3531 5205 neque

1922 5234 2181 5301 visibilis,
2234 5232 2326 5302 qui
2379 5234 2428 5287 in
2477 5231 2598 5286 sinu
2659 5231 2949 5287 invisibilis
3006 5238 3374 5300 perseverat:
3418 5229 3529 5299 jam

1924 5344 2027 5387 nec
2060 5327 2308 5383 mortalis
2358 5341 2458 5381 nec
2485 5324 2761 5396 passibilis
2789 5324 3070 5380 habendus
3100 5331 3204 5387 est,
3239 5338 3306 5379 ex
3356 5338 3418 5377 ea
3449 5328 3529 5377 ta-

1922 5438 2049 5478 men
2080 5419 2396 5475 substantiae
2426 5426 2579 5488 parte
2609 5430 2718 5489 qua
2740 5415 2907 5473 Deus.
2954 5415 3176 5473 Scimus
3215 5413 3360 5470 enim
3393 5412 3530 5469 nihil

1923 5515 2174 5590 spiritum
2216 5511 2312 5567 Dei
2360 5526 2605 5583 passum,
2650 5511 2934 5565 dumtaxat
2962 5524 3062 5563 suo
3102 5508 3327 5563 nomine
3359 5524 3373 5560 :
3403 5504 3528 5574 quia

1923 5607 2277 5681 impassibilis
2307 5606 2474 5679 Deus,
2517 5604 2646 5677 quia
2676 5603 2813 5660 Deus
2840 5604 3056 5673 spiritus
3085 5600 3268 5673 (Joan.
3298 5612 3373 5666 tv,
3409 5594 3526 5665 24).
