4106 6344
535 249 603 305 27
1596 239 1654 295 s.
1700 232 2066 293 pumeaou
2108 226 2324 290 meo.
2374 228 2780 289 AGINNENSIS

3770 220 3842 279 *ΞΒ

536 364 573 419 S
596 366 751 416 imus
781 358 925 430 quod
949 357 1124 411 omnis
1150 356 1246 410 illa
1275 354 1460 425 passio
1488 354 1704 425 proprie
1741 351 1922 406 carnis
1945 357 1998 404 ct
2019 348 2135 403 ani-
2164 349 2218 409 Α
2242 358 2317 403 est
2341 364 2359 402 :
2390 348 2443 403 id
2473 358 2579 413 est,
2613 359 2806 406 unctus
2833 366 2845 402 :
2880 347 2984 403 hoc
3023 348 3169 403 enim
3211 357 3406 400 nomen
3434 340 3499 395 ad
3528 339 3845 395 unctionem

539 474 666 525 ma},
700 456 750 510 id
784 464 866 510 est
892 453 1164 509 hominis:
1201 453 1253 506 in
1274 466 1385 522 quo
1409 450 1629 519 quidem
1658 446 1875 500 nomine
1900 458 2023 497 cum
2050 458 2143 511 pa-

540 561 747 608 teretur
768 558 885 604 erat
917 555 973 602 et
999 546 1169 601 Filius
1198 546 1294 600 Dei
1336 546 1621 599 conterens
1650 541 1726 594 illi
1753 554 1849 609 per
1889 549 2141 592 naturam

543 647 597 719 (τι
650 659 759 716 quo
789 642 1039 709 venerat)
1086 641 1272 705 Patri;
1316 648 1373 694 et
1419 637 1640 691 unitatis
1697 634 1972 688 vinculum
2023 647 2141 686 ser~

542 756 700 803 vans,
745 740 798 792 in
856 736 1016 791 terris
1060 735 1336 788 hominem
1383 729 1656 802 gestabat,
1717 742 1822 783 nec
1872 730 2065 782 aberat
2116 739 2144 778 a

542 834 716 890 caelis.
758 832 849 887 Sic
891 829 1159 884 mediator
1187 828 1385 893 dictus,
1422 826 1500 879 sic
1539 832 1824 894 sequester
1862 821 2150 888 utriusque

547 924 890 984 substantiae.
943 922 1057 977 Non
1098 936 1229 991 ergo
1277 917 1552 990 passibilis
1582 917 1677 971 Dei
1727 914 1977 985 Spiritus,
2022 913 2151 973 licet

547 1020 599 1075 in
643 1020 864 1075 homine
907 1032 1005 1072 suo
1045 1029 1238 1085 passus
1272 1031 1284 1068 :
1327 1027 1488 1083 quem
1520 1009 1768 1065 ideonec
1808 1009 1864 1065 in
1896 1007 2151 1077 passione

553 1115 817 1179 deseruit,
867 1122 924 1165 ut
967 1112 1015 1164 ei
1060 1109 1167 1178 pati
1200 1122 1358 1177 posse
1392 1114 1712 1176 prtestaret:
1741 1102 1887 1174 quod
1929 1101 2032 1156 nisi
2081 1102 2151 1156 ita

557 1210 839 1277 recipitur,
883 1204 1010 1259 ﬁdei
1050 1211 1251 1258 nostra:
1294 1200 1432 1254 ratio
1463 1215 1567 1254 non
1598 1198 1783 1262 stabit,
1831 1195 2005 1251 dantis
2047 1193 2154 1249 sei—

552 1304 674 1358 lieet
714 1302 763 1355 ei
806 1298 1039 1353 hominis
1068 1295 1443 1350 infirmitatem
1465 1308 1625 1364 quem
1670 1290 1840 1345 Deum
1897 1303 2005 1343 non
2062 1301 2157 1341 ne-

559 1407 710 1467 gant.
760 1393 893 1448 Nam
936 1394 981 1447 si
1031 1401 1087 1447 et
1126 1391 1337 1445 initium
1398 1387 1602 1441 habens
1642 1385 1872 1447 dicitur,
1925 1391 1979 1437 et
2033 1381 2158 1435 risi-

554 1490 676 1544 bilis
720 1488 967 1551 docetur,
1018 1496 1073 1541 et
1123 1484 1366 1539 mortalis
1408 1481 1719 1545 inducitur;
1749 1495 1856 1533 non
1889 1477 2048 1531 video
2090 1476 2157 1530 ab

558 1580 777 1635 homine
817 1580 944 1649 quid
990 1578 1190 1641 distet,
1236 1578 1293 1630 in
1356 1589 1515 1645 quem
1561 1580 1789 1642 regnant
1838 1569 2147 1639 hujusmodi

561 1674 865 1743 passiones.

1144 1762 1374 1820 CAPUT
1416 1760 1558 1815 XIX.

722 1907 1057 1975 Ariongnuitm
1078 1905 1224 1973 aliud
1245 1921 1332 1971 ore
1349 1948 1362 1971 ,
1396 1903 1545 1961 aliud
1576 1902 1730 1961 corde
1756 1901 2003 1965 sentiunt.

635 2071 992 2136 Contilcnmr,
1019 2068 1292 2139 inquiunt,
1325 2066 1517 2133 Filium
1550 2065 1666 2132 Dei,
1717 2066 1885 2119 Deum
1916 2081 1981 2119 ex
2035 2064 2165 2128 Deo,

564 2167 747 2221 lumen
823 2164 889 2219 de
917 2163 1141 2217 lumine.
1197 2161 1376 2215 Videri
1425 2159 1645 2231 quidem
1677 2160 1999 2227 sacrilegum
2061 2172 2165 2210 non

568 2268 778 2331 potest,
834 2257 1128 2329 perfectam
1196 2254 1318 2310 fidei
1379 2253 1665 2308 catholicae
1736 2251 2166 2322 professionem,

568 2352 801 2423 maligna
869 2350 1235 2420 disputatione
1293 2364 1536 2412 vexare;
1611 2346 1703 2417 sed
1760 2343 2167 2398 cnncedendum

570 2464 676 2504 non
716 2456 799 2503 est
827 2456 884 2501 ut
932 2446 1157 2500 tollatur
1208 2444 1366 2498 nobis
1413 2438 1541 2496 illud
1567 2440 1709 2511 quod
1754 2438 2036 2493 nobiscum
2066 2450 2173 2489 non

576 2551 804 2608 tenent,
858 2555 953 2610 per
1017 2539 1120 2592 hoc
1175 2535 1319 2606 quod
1386 2534 1665 2589 nobiscum
1726 2539 1931 2585 tenent.
1988 2529 2171 2599 Agno-

570 2635 774 2688 scimns
815 2631 980 2701 igitur
1021 2640 1073 2685 et
1124 2644 1247 2683 cum
1285 2626 1637 2683 veneratione
1672 2623 2000 2692 suscipimus
2025 2635 2176 2675 eom-

577 2727 754 2782 munis
809 2726 932 2780 ﬁdei
981 2723 1189 2788 verba,
1241 2719 1338 2777 sed
1396 2720 1523 2791 quid
1579 2717 1885 2773 faciemus?
1932 2715 2025 2770 Sic
2081 2729 2176 2769 ve-

577 2836 707 2877 sana
754 2818 1213 2874 Ariomanitarum
1257 2814 1503 2871 doctrina
1536 2811 1717 2867 tradit.
1760 2811 1825 2864 Et
1856 2810 1967 2879 ipsa
2006 2807 2176 2878 enim,

579 2913 770 2968 dicens
820 2912 985 2967 Demn
1042 2927 1108 2965 ex
1156 2908 1290 2971 Deo,
1341 2908 1518 2962 lumen
1574 2921 1638 2960 ex
1687 2903 1906 2965 lumine,
1940 2901 2067 2955 facit
2107 2916 2175 2955 ex

584 3010 693 3064 Deo
745 3009 977 3062 alterum
1036 3006 1239 3068 Deum,
1290 3019 1353 3058 ex
1401 3002 1604 3056 lumine
1659 2999 1884 3070 alterum
1948 2997 2178 3050 lumen:

584 3110 639 3155 ut
670 3100 740 3155 sit
793 3098 963 3153 Filius
991 3113 1054 3152 ex
1109 3097 1269 3151 Patre
1291 3103 1347 3149 et
1400 3110 1508 3149 non
1556 3093 1606 3147 in
1659 3092 1852 3158 Patre,
1908 3088 2013 3145 hoc
2062 3097 2176 3155 est,

584 3207 641 3250 ut
685 3195 860 3249 factus
902 3192 1047 3247 Deus
1094 3208 1120 3245 a
1156 3191 1290 3258 Deo,
1331 3206 1433 3245 non
1481 3188 1552 3242 sit
1602 3186 1909 3263 unigenitus
1956 3184 2007 3238 in
2045 3183 2175 3253 Deo.

588 3288 694 3344 Sed
742 3287 873 3357 quid
924 3285 1012 3340 hic
1061 3285 1329 3355 amplius,
1398 3298 1519 3336 cum
1575 3281 1957 3334 nonnullorum
1999 3294 2062 3332 ex
2120 3278 2183 3331 iis

588 3384 680 3452 qui
732 3395 903 3449 nuper
943 3380 1011 3432 ad
1060 3394 1160 3433 nos
1192 3378 1329 3433 itaut:
1375 3375 1531 3435 fidem
1576 3374 1850 3446 egregiam
1899 3373 2180 3437 miserunt,

588 3476 785 3544 scripta
847 3484 1155 3538 teneantur,
1214 3470 1411 3543 quibus
1450 3469 1693 3531 dicentes
1740 3466 1908 3537 Deum
1939 3480 2004 3525 ex
2046 3462 2181 3537 Deo,

592 3570 770 3625 lumen
801 3584 863 3622 ex
898 3568 1133 3623 lumine:
1169 3576 1347 3635 tamen
1389 3570 1701 3633 separatum
1741 3578 1769 3625 a
1797 3562 1955 3623 Patre
1992 3567 2047 3611 et
2090 3571 2185 3626 pe-

593 3664 737 3718 nitus
799 3663 1041 3717 excisum
1113 3660 1365 3715 Ιιιυιεειίω
1436 3658 1804 3727 disputatione
1846 3648 2186 3708 docuerunt?

591 3758 770 3829 ipsum
832 3756 1075 3827 inquiunt
1132 3754 1329 3810 Filium
1388 3752 1481 3807 Dei
1564 3751 1835 3805 hominem
1893 3746 1961 3799 de
2022 3742 2189 3797 Maria

593 3852 902 3921 suscepisse
935 3866 1031 3920 per
1057 3866 1217 3920 quem
1252 3862 1569 3917 compassus
1596 3853 1700 3902 est.
1728 3842 1980 3925 Cungruo
2031 3837 2190 3907 igitur

594 3950 774 4005 omnia
821 3949 925 4003 line
971 3946 1309 4010 claudentes,
1354 3944 1494 4015 quod
1546 3950 1725 3997 mente
1778 3942 2185 4013 conceperant,

596 4044 863 4112 scriptura
894 4039 1135 4096 confessi
1169 4047 1313 4102 sunt,
1358 4035 1717 4107 ινθμροιιάυηῑε
1744 4047 1803 4083 ca
1840 4028 2018 4083 sensui
2068 4041 2188 4091 suo,

599 4145 653 4190 et
688 4134 895 4189 occulta
926 4116 1115 4189 eorum
1168 4148 1377 4188 venena
1421 4137 1736 4185 reserante:
1770 4123 2015 4179 dicentes
2045 4120 2194 4176 scili-

597 4238 685 4285 cet
714 4226 909 4284 Filium
954 4228 1045 4282 Dei
1090 4225 1366 4281 hominem
1407 4223 1474 4278 de
1520 4220 1682 4276 Maria
1740 4215 2052 4287 suscepisse
2100 4229 2195 4285 per

597 4336 756 4389 quem
786 4335 1099 4390 compassns
1127 4326 1230 4374 est.
1265 4317 1528 4380 Primum,
1577 4328 1687 4367 non
1729 4310 1888 4365 video
1934 4326 2032 4363 cur
2082 4324 2190 4363 ma—

598 4414 799 4468 iuerint
834 4413 1269 4481 compassihilem
1307 4410 1513 4471 dicere,
1557 4422 1716 4475 quam
1764 4405 1935 4461 libere
1966 4402 2195 4474 passibi-

2247 442 2558 497 deducitnr.
2595 440 2651 497 Si
2686 456 2815 512 ergo
2848 455 2955 495 non
3003 439 3149 494 aliud
3182 454 3340 510 quatn
3382 450 3512 491 caro
3542 443 3701 489 uncta
3723 442 3846 497 est;

2246 551 2377 591 caro
2430 536 2595 605 igitur
2644 533 3025 588 tantummodo
3079 541 3287 587 mortua
3340 526 3580 593 dicitur,
3635 525 3852 597 quoties

2248 626 2501 684 Christus
2527 637 2777 683 mortuus
2805 631 3108 683 nuntiatur.

2856 741 3087 800 CAPUT
3126 741 3246 797 XX.

2253 860 2400 931 Atius
2430 879 2459 914 (ι
2494 858 2651 923 Patre
2681 858 2871 926 Filius,
2901 859 3254 922 distinctione,
3300 873 3399 923 non
3445 858 3698 917 divisione
3728 872 3845 926 per-

2325 971 2590 1023 sonarum.
2629 954 2813 1027 Sermo
2847 953 2963 1023 Dei,
2996 970 3094 1019 non
3132 970 3287 1021 genus
3320 952 3478 1019 vocis,
3509 952 3597 1005 sed
3630 967 3707 1006 res
3733 950 3857 1021 sult—

2935 1050 3176 1119 stqntivq.

2289 1150 2431 1227 'Setl
2461 1164 2511 1231 si
2548 1163 2675 1237 quis
2721 1166 3051 1235 extorquere
3090 1178 3123 1217 e
3158 1160 3375 1217 duobus
3426 1158 3656 1217 alterum
3707 1158 3862 1227 velit,

2259 1266 2434 1315 utaut
2484 1273 2652 1313 unum
2691 1257 2860 1317 Deum
2906 1255 3261 1326 singulariter
3309 1252 3765 1317 determinenms,
3819 1253 3864 1311 si

2248 1360 2426 1415 unum
2470 1355 2747 1420 fatemur;
2800 1360 2895 1411 aut
2942 1351 3080 1405 duos
3113 1350 3286 1409 libere
3325 1346 3693 1418 proferamus,
3728 1346 3773 1401 si
3810 1355 3869 1405 et

2259 1447 2475 1509 Patrem
2511 1447 2676 1505 Deum
2709 1456 2763 1501 et
2797 1443 2996 1499 Filium
3028 1443 3198 1497 Deum
3228 1440 3464 1499 dicimus
3495 1457 3508 1494 :
3558 1437 3693 1497 illud
3738 1448 3870 1497 ante

2260 1540 2443 1602 Qtnnia
2469 1540 2697 1605 sciatur,
2748 1552 2850 1594 nec
2884 1551 3049 1593 unum
3100 1549 3202 1591 nos
3232 1548 3355 1595 cum
3384 1530 3731 1602 praeiudicio,
3766 1543 3870 1591 nec

2260 1634 2396 1695 duos
2446 1633 2670 1696 dicere;
2710 1632 2835 1702 quia
2886 1644 3053 1687 unum
3102 1626 3338 1683 dicimus
3386 1626 3439 1679 in
3490 1624 3703 1679 duobus
3752 1622 3873 1692 ipso

2092 1732 2093 1743 ‘
2192 1748 2235 1806 Β
2266 1727 2489 1783 Domino
2533 1732 2867 1796 suggerente
2920 1741 2933 1777 :
2989 1721 3104 1793 Ego
3155 1728 3203 1777 et
3262 1718 3423 1772 Pater
3478 1734 3638 1772 unum
3692 1731 3873 1781 sumtis

2274 1820 2452 1894 (Joan.
2505 1836 2559 1888 ι,
2594 1820 2712 1888 30),
2760 1825 2819 1871 ut
2861 1816 2969 1871 duo
3016 1813 3371 1873 crederentur
3409 1812 3461 1866 in
3510 1827 3615 1875 una
3648 1810 3874 1867 virtute.

2271 1912 2386 1971 Non
2430 1912 2572 1971 enim
2606 1910 2743 1969 dixit
2767 1921 3042 1983 tamquam
3083 1924 3149 1971 ex
3182 1922 3284 1967 una
3314 1920 3576 1976 persona,
3610 1904 3786 1959 Patris
3818 1909 3877 1971 et

2272 2006 2414 2075 Filii,
2438 2005 2592 2077 quasi
2620 2003 2796 2061 Filius
2818 2003 3037 2059 Patrem
3065 2016 3123 2057 se
3147 2000 3479 2073 conﬁrmans
3507 2016 3519 2053 :
3543 1995 3717 2064 Filius
3736 2011 3874 2055 tuens

2270 2120 2413 2169 sum;
2464 2110 2557 2157 et:
2590 2100 2703 2171 Ego
2753 2100 2906 2157 hodie
2946 2097 3100 2168 genui
3142 2112 3254 2163 me;
3298 2104 3352 2150 et
3386 2112 3400 2148 :
3434 2097 3565 2151 Ante
3597 2090 3875 2161 luciferum

2270 2193 2424 2267 genui
2456 2208 2566 2255 nte;
2605 2200 2679 2256 ct,
2736 2188 2992 2243 Dominus
3042 2185 3276 2241 condidit
3317 2200 3397 2238 me
3424 2182 3630 2247 initium
3674 2181 3873 2241 viarum

2273 2300 2534 2355 mearum;
2567 2294 2661 2338 et:
2709 2283 2841 2343 Ante
2884 2280 3080 2336 swcuta
3112 2277 3355 2351 fundavit
3397 2292 3511 2341 me;
3558 2285 3648 2339 et:
3685 2273 3796 2346 Ego
3826 2282 3875 2337 et

2273 2378 2432 2435 Pater
2477 2393 2635 2441 unum
2675 2394 2786 2430 sum
2831 2394 2848 2430 :
2899 2375 2993 2435 sed
3065 2372 3300 2435 reddens
3370 2370 3626 2425 notitiam
3686 2381 3876 2423 sacra-

2276 2474 2444 2533 menti
2504 2472 2901 2537 distinctione,
2960 2484 3065 2523 non
3122 2465 3390 2529 divisione
3468 2474 3877 2532 personarum:

2278 2567 2411 2639 Ego,
2440 2567 2634 2637 inquit,
2662 2567 2713 2619 in
2748 2564 2925 2626 Patre,
2979 2573 3027 2615 et
3065 2559 3223 2614 Pater
3262 2559 3313 2612 in
3342 2572 3453 2610 me:
3487 2554 3596 2626 Ego
3633 2564 3679 2609 et
3720 2553 3880 2613 Pater

2278 2679 2440 2718 unum
2481 2676 2699 2725 sumus:
2731 2671 2781 2713 et
2816 2676 2827 2711 :
2870 2657 2971 2724 Qui
3021 2670 3101 2711 me
3145 2653 3301 2717 uidet,
3344 2652 3479 2711 ridet
3515 2660 3562 2705 et
3605 2648 3819 2707 Patrem
3860 2664 3879 2706 .'

2278 2758 2447 2827 videri
2504 2757 2647 2812 enim
2692 2755 2868 2807 Patris
2918 2751 3116 2816 Filius,
3175 2752 3355 2819 imago
3410 2764 3533 2802 vera
3586 2756 3640 2803 et
3708 2748 3879 2817 tigura

2282 2862 2543 2919 expressa
2584 2845 2903 2905 substantiae
2940 2843 3084 2913 ejus,
3133 2843 3239 2896 hoc
3283 2850 3368 2895 est
3396 2840 3491 2897 Dei
3515 2838 3736 2906 Sermo,
3771 2855 3878 2897 non

2283 2955 2449 3003 sonus
2505 2940 2673 3004 vocis,
2723 2936 2819 2992 sed
2860 2950 2952 3001 res
3006 2935 3346 2995 substantive
3375 2949 3437 2989 ac
3482 2949 3579 3004 per
3624 2934 3877 2989 substan-

2286 3034 2410 3089 tiam
2442 3029 2833 3101 corpulentiva.
2892 3029 3010 3085 Non
3058 3028 3200 3091 enim
3245 3029 3362 3083 sine
3405 3026 3707 3082 substantia
3748 3041 3880 3083 con-

2206 3134 2251 3198 ε
2286 3125 2446 3193 stitit,
2474 3123 2619 3193 quod
2651 3123 2718 3178 de
2767 3131 2915 3185 tanta
2939 3123 3243 3178 substantia
3272 3122 3421 3181 fecit.
3462 3119 3606 3179 Nihil
3634 3134 3764 3190 ergo
3792 3134 3881 3176 va-

2288 3235 2449 3287 cuum
2495 3218 2564 3274 de
2620 3218 2802 3287 pleno,
2860 3216 2989 3275 nihil
3037 3217 3195 3277 inane
3250 3214 3318 3271 de
3363 3214 3573 3271 solido:
3615 3218 3739 3282 quia
3782 3211 3883 3274 Dei

2290 3313 2503 3377 Sermo,
2544 3309 2770 3378 spiritus
2816 3309 2937 3374 Dei,
2986 3306 3259 3370 Christus,
3308 3306 3608 3362 instructus
3635 3313 3760 3370 est;
3804 3312 3880 3371 et,

2288 3416 2348 3471 ut
2394 3405 2700 3471 evidentius
2734 3403 2936 3468 dicam,
2988 3401 3270 3467 Sermonis
3300 3418 3500 3472 corpus
3527 3410 3613 3465 est
3642 3418 3655 3455 :
3687 3415 3885 3471 corpus

2286 3498 2431 3563 enim
2474 3496 2716 3566 spiritus,
2762 3495 2863 3551 sed
2906 3510 3112 3564 corpus
3142 3495 3225 3557 sui
3259 3494 3497 3564 generis.
3550 3493 3685 3557 Nam
3712 3501 3768 3547 et
3796 3492 3884 3555 in-

2292 3591 2519 3659 yisihilis
2545 3600 2598 3645 et
2623 3588 3195 3659 incomprehensibilis
3225 3589 3472 3657 Spiritus.
3507 3586 3774 3656 Numquid
3806 3596 3888 3645 ta,-

2291 3700 2415 3751 men
2436 3684 2667 3739 inaueet
2690 3698 2858 3739 vacua
2890 3698 2976 3739 res
3001 3681 3179 3739 Deus?
3203 3681 3347 3741 Deus
3368 3679 3511 3737 enim
3537 3679 3765 3748 spiritus
3780 3685 3886 3741 est.

2292 3776 2575 3847 Denique:
2636 3774 2805 3835 Nemo
2850 3776 2964 3843 scit,
3002 3776 3194 3844 inquit,
3231 3790 3345 3842 qua:
3370 3784 3489 3833 sunt
3528 3774 3582 3827 in
3622 3772 3751 3838 Deo,

2292 3870 2505 3942 spiritus
2520 3870 2607 3941 qui
2628 3870 2682 3924 in
2698 3870 2811 3941 ipso
2828 3879 2900 3937 est
2926 3868 2971 3937 (l
2997 3866 3118 3935 Cor.
3146 3884 3203 3931 ιι,
3227 3868 3283 3922 ll
3300 3867 3337 3939 ).
3366 3865 3618 3938 Legimas
3638 3866 3891 3936 quidem:

2292 3967 2427 4034 Quis
2448 3966 2682 4035 cognouit
2705 3980 2909 4031 sensum
2928 3963 3157 4031 Domini,
3182 3972 3270 4016 aut
3293 3961 3405 4032 quis
3430 3960 3754 4023 consiliarius
3782 3960 3895 4031 ejus

2297 4058 2396 4127 [uit
2447 4056 2623 4125 (Rom.
2680 4071 2754 4119 xu,
2806 4054 2941 4125 54)?
2972 4053 3140 4108 Nemo
3194 4056 3406 4124 utique,
3437 4053 3535 4119 sed
3584 4062 3742 4111 extra
3784 4053 3895 4127 spi-

2298 4152 2461 4206 ritum
2486 4164 2645 4203 suum
2682 4164 2878 4203 nemo:
2911 4164 3074 4227 quem
3108 4149 3358 4217 spiritum
3387 4147 3651 4218 propheta
3684 4124 3901 4218 sapien-

2300 4257 2431 4312 tem,
2478 4245 2841 4300 architectum
2874 4254 2928 4297 et
2976 4242 3283 4296 mirabilem
3316 4241 3686 4295 consiliarium
3729 4242 3896 4296 dicit:

2298 4355 2401 4396 nec
2432 4338 2727 4394 immerito.
2761 4332 2895 4395 Nam
2930 4336 3073 4392 idem
3102 4334 3325 4405 spiritus
3366 4334 3561 4389 Sermo
3602 4345 3657 4388 et
3685 4334 3903 4403 sapien-

2301 4440 2371 4493 tia
2405 4436 2500 4491 Dei
2543 4444 2626 4489 est
2660 4451 2673 4487 ἰ
2706 4448 2771 4489 ex
2808 4432 2961 4502 cujus
3002 4445 3236 4501 persona
3280 4428 3574 4487 Salomon:
3634 4426 3760 4481 Cum
3812 4446 3903 4497 pa-

599 4508 707 4601 lcm
750 4506 1023 4601 conﬁteri.
1063 4505 1229 4571 Quasi
1255 4518 1405 4601 sero
1450 4497 1988 4601 aliudusithcompati
2033 4511 2193 4581 quam
2220 4537 2458 4601 Dmre,’
2489 4529 2682 4600 inqui"
2712 4497 2915 4591 amni“
2948 4497 3040 4595 eg‘o
3066 4521 3582 4601 “demmmupmv:
3620 4539 3739 4593 ""9
3771 4523 3900 4592 27);

601 4600 730 4669 pati.
767 4599 935 4654 Porro
983 4608 1163 4653 autem
1222 4596 1267 4649 si
1316 4592 1664 4663 impassibilis
1710 4593 1874 4658 Dens,
1908 4592 2093 4662 utique
2145 4601 2198 4645 et

600 4693 1075 4763 mcempassibilis.
1108 4690 1239 4743 Tam
1268 4702 1397 4756 ergo
1415 4699 1731 4765 compassus
1763 4700 1870 4739 non
1904 4694 2008 4747 est.
2034 4700 2196 4755 quam

604 4803 702 4844 nec
728 4781 923 4858 passus
966 4793 1070 4852 est,
1115 4799 1179 4839 ex
1225 4797 1287 4837 ea
1323 4790 1499 4834 tamen
1542 4779 1852 4835 conditione
1881 4796 1981 4850 qua
2032 4781 2193 4835 Deus.

606 4884 851 4955 Denique
879 4880 1173 4951 Apostolus
1201 4895 1213 4931 :
1248 4876 1444 4931 Passus
1475 4885 1566 4942 est,
1614 4875 1789 4947 inquit
1824 4875 1892 4948 (Il
1923 4875 2045 4932 Cor.
2083 4893 2199 4945 xm,

604 4975 683 5047 4),
733 4991 798 5030 ea:
841 4973 1159 5045 infirmitate,
1207 4968 1393 5038 utique
1423 4969 1604 5021 carnis
1646 4968 1791 5040 (caro
1823 4969 2203 5040 enim(Ma:th.

607 5084 757 5135 xxvn,
812 5067 903 5135 il)
940 5063 1186 5133 infirma;
1233 5060 1444 5132 spiritus
1475 5060 1798 5133 promptus);
1834 5060 1925 5114 sed
1968 5063 2087 5116 vivit
2138 5078 2201 5117 ea:

608 5164 792 5217 virtute
813 5160 943 5215 Dei:
968 5158 1156 5226 utique
1182 5171 1245 5209 ex
1271 5155 1587 5224 semetipso.
1622 5153 1741 5225 ipse
1771 5157 1940 5221 enim,
1971 5156 2067 5211 Dei
2094 5155 2202 5210 vir—

606 5270 714 5324 tus,
745 5255 947 5309 habens
978 5251 1143 5305 vitam
1170 5251 1223 5304 in
1254 5248 1587 5319 semetipso:
1615 5247 1757 5319 quod
1796 5248 2071 5304 credimus
2101 5250 2205 5304 llo-

612 5353 814 5406 minum
859 5356 1104 5401 nostrum
1147 5361 1213 5401 ex
1256 5344 1470 5399 duabus
1501 5343 1822 5399 substantiis
1868 5344 2203 5409 constitisse,

615 5446 848 5499 humana
881 5439 1089 5496 scilicet
1130 5449 1292 5510 atque
1321 5436 1502 5493 divina
1528 5454 1542 5504 ;
1573 5447 1627 5493 et
1653 5438 1726 5493 ita
1755 5436 1906 5492 illum
1935 5436 2209 5492 immorta-

612 5538 719 5592 lem
768 5534 939 5590 fuisse
968 5533 1170 5602 divina,
1214 5541 1271 5588 ut
1312 5533 1594 5588 mortalem
1646 5546 1710 5588 ea
1752 5547 1872 5603 qum
1910 5532 2073 5587 fuerit
2111 5530 2213 5585 hu-

616 5646 821 5689 mana:
870 5645 933 5686 ex
982 5645 1085 5686 una
1135 5631 1280 5687 enim
1320 5638 1502 5698 nattts,
1550 5647 1615 5685 ex
1650 5614 2101 5701 aliaprobatus:
2145 5641 2214 5682 ex

621 5742 727 5782 una
782 5725 1125 5793 immortalis,
1177 5741 1243 5781 ex
1295 5726 1396 5779 alia
1458 5725 1724 5780 mortalis.
1775 5725 2018 5794 Denique
2071 5724 2213 5779 idem

618 5821 929 5899 Apostolus,
980 5817 1236 5887 Christus,
1285 5819 1457 5897 inquit
1487 5820 1529 5895 il
1561 5818 1680 5873 Cor.
1714 5834 1808 5887 xv,
1854 5817 1935 5899 ὅ),
1982 5827 2217 5875 mortuus

2304 4632 2396 4678 et:
2429 4622 2563 4695 ligo,
2616 4620 2812 4691 inquit,
2854 4635 2996 4677 erant
3036 4635 3150 4685 cum
3192 4619 3305 4689 illo,
3347 4628 3391 4693 et
3422 4618 3549 4677 milii
3580 4616 3905 4687 adgaudeltqt

2302 4713 2467 4788 (Ibid.
2515 4714 2627 4785 '50).
2677 4712 2791 4777 Non
2827 4727 2958 4781 ergo
2990 4711 3338 4783 consiliarius
3386 4726 3589 4778 mune,
3633 4712 3758 4781 quia
3807 4724 3907 4781 per

2304 4810 2479 4882 ipsum
2513 4808 2653 4881 facta
2684 4815 2809 4879 sunt
2840 4805 3095 4875 universa
3142 4820 3261 4877 (tum
3296 4802 3611 4879 factasnnt.
3661 4803 3909 4873 Denique

2309 4918 2429 4957 Cum
2462 4902 2649 4968 eadem
2684 4900 2949 4972 sapientia
2974 4914 3025 4959 ct
3052 4898 3287 4973 Verbum
3331 4898 3448 4965 Dei,
3482 4906 3535 4971 et
3559 4896 3783 4967 spiritus
3810 4896 3905 4955 Dei

2310 4998 2400 5062 sit,
2447 4996 2785 5069 singulorum
2826 4983 3005 5067 tamen
3036 4991 3315 5069 hominum
3358 4991 3537 5063 cilicia
3570 4992 3905 5059 nuntiantur.

2308 5090 2583 5165 Sapientia
2636 5089 2893 5161 condenti
2952 5092 3129 5159 omnia
3173 5085 3318 5153 Patri
3358 5086 3555 5155 aderat
3598 5100 3610 5147 ;
3659 5084 3908 5145 Sermone

2307 5187 2419 5257 ejus
2454 5187 2566 5240 διῖΙὶ
2610 5184 2822 5257 soliduti
2858 5190 2999 5257 sunt,
3033 5192 3080 5253 et
3119 5181 3304 5251 spiritu
3336 5180 3441 5253 gris
3466 5181 3575 5251 ejus
3613 5181 3780 5239 omnis
3812 5180 3909 5245 vir-

2311 5290 2392 5343 tus
2445 5294 2620 5349 eorum
2680 5276 2847 5346 (Psqt.
2903 5290 3069 5345 xxxn,
3119 5273 3199 5357 6).
3256 5272 3498 5354 Apparet
3569 5288 3699 5345 ergo
3747 5287 3908 5345 unum

2310 5374 2672 5445 eumdemque
2705 5371 2916 5445 venisse
2958 5382 3103 5439 nunc
3133 5368 3187 5435 in
3230 5370 3453 5441 nomine
3476 5367 3725 5441 spiritus,
3774 5379 3912 5439 nunc

2314 5468 2367 5533 in
2400 5458 2767 5541 appellatione
2798 5460 3105 5547 sapientiae.

2905 5576 3137 5641 CAPUT
3180 5576 3324 5639 XXI.

2680 5694 2846 5749 Locus
2878 5693 3030 5749 Rom.
3064 5710 3142 5759 x1,
3183 5692 3252 5748 56
3273 5690 3555 5762 expositus.

2397 5814 2539 5890 Ergo
2561 5812 2649 5871 hic
2681 5814 2895 5882 Sermo,
2935 5829 3052 5869 cum
3082 5812 3134 5867 in
3172 5811 3344 5883 forma
3368 5806 3468 5878 Dei
3491 5815 3620 5865 esset
3651 5806 3917 5885 (Philipp.
