4106 6344
239 255 307 311 29
1473 255 1684 314 ωλι
1717 255 2002 316 coma
2039 255 2364 315 ARIAIOS.
3486 258 3560 316 30

239 390 296 437 tt,
329 372 472 443 6-8),
532 373 816 443 sapientia
866 383 921 430 et
961 373 1169 430 ratione
1199 384 1255 429 et
1303 374 1528 445 spiritus
1558 373 1772 429 ratione
1799 380 1856 428 et
1881 375 1934 437 Α
1966 371 2161 439 Deum,
2220 387 2527 443 novamque
2557 384 2811 430 asserunt
2860 390 2925 431 ex
2979 375 3150 430 nihilo
3201 377 3557 433 substantiam

240 467 460 537 Spiritus
489 466 703 522 virtute
731 477 1094 534 constructus,
1139 466 1244 523 hoc
1271 479 1379 532 est,
1415 477 1583 523 totam
1616 467 1724 522 vim
1759 467 1854 522 Dei

242 559 547 630 possidens,
610 576 726 613 non
781 575 842 615 se
889 559 998 616 Deo
1047 560 1194 615 Patri
1243 559 1568 631 aquuavit,
1599 559 1694 616 sed
1739 563 1854 629 fora

241 671 374 706 mam
429 655 569 707 serui
623 655 894 723 accipiens
932 654 1221 710 humiliarit
1276 671 1329 709 se
1385 670 1546 726 usque
1591 655 1661 708 ad
1711 671 1853 708 mor-

240 758 358 802 tem.
415 743 688 801 lnduerat
737 747 886 814 enim
923 745 1067 817 quod
1108 747 1339 812 servire,
1367 746 1511 820 quod
1541 745 1684 804 mori
1731 759 1855 814 pop-

241 847 346 894 set:
393 838 686 892 hominem
730 838 942 896 silicet
971 854 1129 907 quem
1157 840 1452 894 excitatum
1493 837 1745 894 exhibuit
1784 836 1853 894 ad

240 930 458 997 caelum,
509 936 572 985 et
618 931 899 987 secundus
947 932 1112 986 Adam
1145 947 1245 1004 per
1289 932 1664 1004 obedientiam
1699 935 1856 990 resti-

240 1033 409 1078 tueret
434 1021 588 1093 quod
617 1023 832 1094 primus
857 1024 1286 1095 transgressione
1309 1023 1642 1095 perdiderat.
1681 1025 1735 1081 Si
1761 1025 1853 1096 qui

243 1118 400 1188 igitur
453 1115 647 1172 adhuc
708 1126 766 1172 et
814 1117 883 1173 de
921 1116 1184 1187 Apostolo
1241 1118 1471 1188 requirit
1519 1118 1852 1173 dominicum

240 1221 431 1267 statum
463 1255 478 1278 ,
534 1211 590 1266 id
638 1221 751 1275 est,
803 1211 1088 1284 singularis
1129 1213 1444 1267 substantia:
1489 1213 1851 1290 qualitatem,

239 1324 352 1380 qua:
398 1323 502 1379 per
541 1317 812 1365 naturam
845 1307 1056 1364 auctori
1111 1322 1214 1363 suo
1238 1293 1514 1379 jungatur,
1554 1308 1739 1364 audiat
1782 1307 1850 1364 ad

237 1403 626 1475 compendium
653 1403 790 1474 quid
826 1403 966 1459 idem
995 1403 1286 1473 Apostolus
1318 1403 1575 1470 senserit,
1599 1418 1724 1458 cum
1758 1403 1853 1459 Dei

236 1497 404 1553 Patris
431 1496 866 1568 investigabiles
908 1497 1024 1550 vias
1055 1505 1110 1552 et
1155 1496 1434 1552 recondita
1477 1506 1625 1553 retro
1670 1512 1851 1558 sacra.-

238 1601 407 1647 menta
438 1591 802 1662 loqueretur.
846 1587 930 1644 Ex
957 1591 1090 1660 ipso,
1135 1589 1399 1661 inquit,et
1430 1607 1519 1660 per
1563 1592 1756 1663 ipsum,
1799 1602 1848 1647 et

236 1686 283 1737 in
307 1685 416 1754 ipso
444 1685 628 1738 omnia
663 1683 850 1752 (Rom.
882 1697 957 1747 XI,
983 1682 1100 1752 36).
1131 1682 1265 1738 Cum
1296 1682 1502 1738 dicitur
1523 1700 1614 1752 per
1641 1685 1845 1752 ipsum,

1959 465 2293 542 constitisse.
2345 465 2604 523 Tenenda
2653 470 2948 539 estigitur,
3001 470 3343 536 utdiximus,
3401 487 3564 542 regu-

1960 559 2011 624 la
2049 575 2170 628 qua:
2198 558 2400 614 Filium
2441 561 2493 614 in
2540 560 2724 627 Patre,
2769 561 2986 617 Patrem
3019 562 3071 616 in
3103 561 3241 617 Filio
3268 562 3562 618 conﬁtetur

1960 650 2140 724 (Joan.
2173 666 2282 719 xw,
2329 653 2463 725 20);
2493 668 2614 724 qua:
2641 669 2804 709 unam
2834 655 2886 709 in
2915 655 3130 711 duabus
3158 657 3410 727 personis
3431 657 3560 713 sub-

1956 745 2208 812 stantiam
2240 760 2488 814 servans,
2517 745 2935 816 dispositionem
2955 746 3268 812 divinitatis
3289 749 3562 819 agnoscit.

1957 836 2128 908 Igitur
2157 838 2317 893 Pater
2349 840 2511 905 Deus,
2539 851 2596 895 et
2622 839 2792 895 Filius
2813 841 2992 896 Deus:
3021 844 3144 912 quia
3180 844 3231 897 in
3264 843 3422 899 Patre
3449 844 3563 901 Deo

1959 929 2130 1000 Filius
2179 933 2342 1004 Deus,
2403 933 2515 988 Hoc
2567 931 2612 988 si
2659 935 2744 988 cui
2796 934 3115 990 scandalum
3169 933 3320 1001 facit,
3371 935 3556 994 audiat

1956 1041 1985 1079 a
2019 1027 2174 1080 nobis
2223 1025 2486 1097 Spiritum
2561 1041 2682 1082 esse
2719 1027 2787 1083 de
2828 1029 2978 1094 Deo;
3031 1030 3160 1100 quia
3207 1030 3283 1086 illi
3331 1033 3416 1086 cui
3473 1038 3558 1088 est

1955 1118 2012 1173 in
2068 1117 2206 1173 Filio
2255 1119 2491 1173 secunda
2533 1134 2797 1189 persona,
2835 1132 2919 1175 est
2961 1131 3018 1176 et
3067 1123 3224 1177 tertia
3253 1125 3306 1177 in
3351 1123 3560 1192 Spirittt

1956 1222 2165 1266 sancto.
2185 1211 2432 1280 Denique
2451 1213 2747 1268 Dominus:
2777 1212 2976 1282 Petunt,
2992 1215 3190 1286 inquit,
3209 1234 3242 1271 a
3261 1215 3424 1271 Patre
3441 1235 3558 1273 meo

1955 1316 2002 1360 et
2023 1295 2184 1362 alium
2210 1305 2521 1364 advocatum
2551 1307 2691 1364 dabit
2719 1307 2861 1368 vobis
2903 1297 3114 1377 (λικιί
3136 1303 3249 1380 i6).
3297 1310 3391 1368 Sic
3421 1311 3561 1366 alius

1955 1411 1984 1452 a
2014 1397 2150 1452 Filio
2175 1397 2432 1468 Spiritus,
2482 1400 2622 1454 sicut
2660 1416 2688 1453 a
2722 1400 2883 1455 Patre
2924 1401 3118 1456 Filius.
3167 1400 3259 1459 Sic
3301 1405 3460 1458 tertia
3505 1405 3560 1460 in

1954 1491 2183 1562 Spain}.
2219 1497 2294 1546 ἰιι
2345 1493 2397 1548 iu
2431 1493 2571 1548 Filio
2620 1493 2857 1549 secunda
2889 1510 3122 1565 persona
3156 1514 3169 1550 :
3211 1512 3348 1551 unus
3379 1507 3560 1554 tamen

1956 1584 2100 1640 .Dcus
2143 1586 2357 1650 omnia,
2408 1596 2517 1641 tres
2552 1602 2717 1642 unum
2759 1596 2903 1642 sunt.
2951 1589 3062 1644 l-loc
3101 1589 3394 1655 credimus,
3451 1590 3557 1647 hoc

1954 1685 2239 1742 tenemus,
2295 1678 2420 1748 quia
2474 1678 2578 1734 hoc
2623 1680 2935 1749 accepimus
2987 1695 3018 1734 a
3072 1681 3384 1752 prophetis:
3447 1682 3550 1739 hoc

237 1792 463 1846 agnosco
519 1775 735 1831 Filium
794 1775 1086 1846 signiﬁcari
1120 1793 1133 1830 :
1187 1775 1288 1847 legi
1324 1777 1494 1842 enim,
1536 1776 1641 1831 Per
1682 1779 1854 1848 ipsum
1884 1781 1930 1841 B
1960 1773 2115 1826 nobis
2143 1772 2434 1842 Evangelia
2487 1773 2666 1828 locuta
2700 1784 2824 1828 sunt
2854 1791 2867 1828 :
2898 1774 3002 1829 hoc
3033 1776 3268 1846 apostoli
3304 1775 3556 1832 tradide—

235 1873 402 1926 eautt'a
429 1869 626 1939 (1m.
666 1886 707 1936 ι,
736 1868 820 1937 3).
849 1868 982 1924 Cum
1011 1869 1066 1923 in
1093 1869 1208 1940 ipso
1239 1870 1539 1936 nuntiatur,
1566 1869 1697 1926 nihil
1724 1871 1850 1926 novi

235 1977 344 2031 est;
371 1966 427 2020 in
473 1967 600 2036 ipso
621 1963 782 2020 enim
810 1963 1054 2018 ouium
1083 1964 1357 2020 seminum
1399 1963 1556 2018 initia
1581 1962 1850 2021 constituo

237 2067 371 2112 rant.
393 2055 509 2112 Sed
535 2070 671 2112 cum
698 2053 956 2120 refertur,
990 2069 1056 2108 ea:
1081 2055 1218 2124 ipso,
1251 2063 1405 2120 perte
1432 2055 1503 2110 ad
1533 2054 1752 2112 Patrem
1788 2065 1852 2112 ut

237 2152 297 2206 ad
328 2165 511 2216 rem
544 2149 805 2204 omnium
831 2147 1124 2218 respicitur
1144 2157 1447 2202 auctorem.
1492 2147 1561 2203 Et
1581 2147 1625 2202 si
1649 2147 1720 2202 ita
1742 2155 1849 2216 est,

239 2254 292 2300 at
308 2253 411 2311 est,
430 2243 728 2316 quantulo
751 2240 838 2296 bis
859 2242 999 2297 ratio
1013 2241 1285 2298 constabit
1300 2241 1558 2297 distincta
1573 2241 1822 2314 iungenti
1835 2273 1849 2288 -

239 2339 349 2402 bus,
373 2340 479 2394 hac
501 2347 593 2393 est
614 2335 986 2392 relercutihus
1009 2335 1077 2388 ad
1103 2351 1274 2390 unum
1302 2336 1484 2390 omnia
1509 2351 1523 2400 ;
1552 2351 1676 2391 cum
1704 2336 1848 2392 alius

237 2436 320 2497 sit,
348 2447 414 2486 ex
436 2445 550 2502 quo
585 2429 776 2485 omnia
803 2444 819 2493 ;
850 2438 901 2481 et
922 2427 1085 2493 alius,
1121 2442 1220 2498 per
1246 2441 1409 2498 quem
1442 2428 1672 2483 omnia?
1719 2428 1848 2499 quia

236 2528 365 2584 alius
394 2525 705 2597 ingenitus,
749 2523 891 2578 alias
935 2523 1273 2592 u-nigenitus,
1312 2523 1419 2580 nisi
1446 2524 1551 2580 alia
1573 2525 1848 2582 conditio-

238 2636 301 2674 ne
322 2635 425 2691 qua
467 2626 635 2674 recte
684 2615 923 2682 dicitur:
975 2625 1034 2670 et
1077 2630 1144 2670 ex
1195 2616 1333 2671 Filio
1364 2617 1572 2684 omnia,
1621 2618 1749 2674 dum
1789 2619 1845 2675 in

238 2714 350 2783 eius
390 2711 568 2768 corde
621 2720 714 2766 est
748 2724 846 2780 per
883 2718 1153 2774 naturam,
1191 2724 1259 2766 ex
1286 2726 1396 2781 quo
1421 2713 1637 2778 omnia;
1666 2721 1717 2769 et
1751 2728 1848 2784 per

239 2805 448 2861 Patrem
493 2803 714 2870 omnia,
767 2801 896 2856 dum
935 2801 988 2856 in
1019 2817 1087 2857 eo
1134 2817 1348 2874 semper
1387 2814 1492 2865 est.
1541 2819 1643 2874 per
1682 2820 1844 2876 quem

240 2899 431 2954 omnia.
483 2897 658 2952 Pater
707 2895 860 2960 enim
903 2910 1073 2950 sensu
1118 2896 1264 2966 agit:
1306 2895 1347 2949 Ρ
1354 2896 1476 2952 ilius
1499 2912 1628 2953 vero
1669 2899 1844 2970 quiin

249 2994 402 3050 Patre
443 3007 642 3052 satana
697 3005 809 3058 est,
854 2993 1044 3050 videns
1079 2995 1310 3064 perﬁcit.
1362 2993 1478 3050 Non
1527 3012 1658 3068 ergo
1701 2997 1846 3068 Apo-

243 3087 434 3141 stolum
482 3087 692 3143 tentare
726 3087 1112 3158 pronuntiasse
1137 3087 1472 3143 credendum
1502 3099 1613 3144 est:
1652 3091 1747 3146 sed
1781 3091 1847 3146 il.-

239 3182 325 3235 ιω
361 3183 707 3248 credendum
745 3196 863 3238 non
893 3185 969 3238 ita
1009 3191 1098 3238 est
1145 3183 1465 3249 credidisse,
1494 3184 1691 3240 Filium
1733 3187 1843 3241 sei-

239 3272 356 3328 lieet
403 3274 509 3329 Dei
544 3274 856 3336 menmium
901 3289 1121 3331 carnem
1159 3273 1365 3331 laetum
1407 3291 1532 3333 esse
1560 3277 1703 3348 quod
1735 3293 1844 3334 non

236 3376 364 3433 erat,
393 3370 706 3428 seettndum
735 3371 993 3440 spiritum
1014 3360 1148 3426 vicre
1171 3385 1299 3427 esse
1323 3372 1465 3440 quod
1490 3372 1686 3442 fuerit;
1717 3377 1842 3446 quia

236 3464 370 3532 quod
393 3464 502 3520 fuit
519 3479 769 3535 semper,
805 3481 913 3520 non
941 3475 1122 3537 potest
1149 3481 1254 3521 non
1271 3467 1461 3524 fuisse.

813 3603 1042 3692 carui
1085 3603 1254 3676 xui.

239 3723 367 3788 Quid
395 3721 993 3794 Patropttuianihuid
1029 3724 1250 3783 Ariani!
1283 3724 1434 3784 Fidei
1461 3729 1644 3798 regula
1679 3731 1842 3799 quae!

299 3861 563 3930 Tenenda
609 3871 698 3919 est
733 3861 898 3942 igitur
939 3863 1076 3920 ratio
1119 3879 1240 3934 quae
1271 3880 1368 3934 per
1394 3866 1624 3922 arduum
1655 3880 1708 3923 et
1748 3885 1843 3926 an-

232 3969 442 4026 gustum
503 3955 785 4014 tramitem
838 3957 998 4028 repit,
1046 3958 1559 4030 circumjacentibus
1612 3963 1738 4018 hinc
1787 3971 1844 4019 et

235 4052 350 4108 inde
407 4051 710 4123 prteruptis
761 4066 882 4124 qum
938 4051 1178 4124 zabolica
1233 4053 1420 4126 fraude
1469 4065 1667 4111 eat'cata
1724 4058 1839 4125 pla-

233 4159 293 4196 na
347 4154 404 4199 et
472 4135 662 4200 facilia
731 4143 1075 4209 submittunt,
1122 4152 1179 4224 ut
1329 4147 1539 4201 ruinam
1595 4159 1842 4220 mergant

231 4253 506 4294 cxces~us.
539 4236 682 4294 Nam
713 4235 760 4292 si
795 4253 957 4304 unum
1004 4227 1174 4307 Deum
1205 4227 1560 4312 singulariter
1599 4241 1840 4296 nomina-

232 4347 366 4399 mus,
392 4332 762 4401 excludentes
787 4331 1111 4387 vocabulum
1159 4321 1419 4412 secundae
1448 4351 1716 4414 personm,
1754 4323 1838 4391 fu-

231 4440 404 4480 rorem
428 4425 552 4498 ejus
584 4425 822 4492 ltaeresis
851 4426 1237 4498 approbamns,
1271 4443 1390 4504 quae
1425 4428 1600 4500 ipsum
1640 4431 1839 4500 asserit

1953 1873 2114 1919 runt:
2149 1865 2250 1920 hoc
2279 1878 2546 1938 martyres
2587 1869 2841 1938 passione
2877 1867 3124 1925 confessi
3155 1879 3281 1925 sunt
3311 1888 3323 1924 :
3367 1871 3420 1924 in
3454 1869 3558 1927 hoc

1953 1958 2224 2014 mentibus
2257 1959 2384 2014 ﬁdei
2427 1961 2593 2015 etiam
2637 1961 2930 2028 haeremus,
2961 1973 3149 2026 contra
3177 1963 3320 2034 quod
3351 1963 3559 2018 etiamsi

1951 2056 2164 2127 angelus
2180 2054 2243 2109 de
2259 2054 2388 2109 caelo
2413 2055 2817 2126 annuntiaverit,
2849 2037 3125 2111 anathema
3147 2058 3212 2112 sit
3235 2055 3378 2128 (Gal.
3400 2073 3439 2125 ι,
3468 2056 3549 2129 8).

2507 2216 2739 2274 CAPUT
2777 2217 2970 2275 XXIII.

2025 2332 2101 2390 De
2127 2332 2295 2390 Hosio
2323 2336 2562 2408 episwpo
2583 2333 2904 2392 Cordubensi
2927 2339 3188 2409 judicium
3208 2341 3457 2394 auctoris.

2016 2469 2125 2540 Sed
2174 2486 2279 2530 non
2323 2487 2442 2540 sum
2484 2477 2720 2542 nescius,
2766 2472 2849 2534 his
2888 2473 3140 2540 omnibus
3183 2473 3450 2538 discussis
3489 2483 3550 2532 et

1950 2564 2000 2623 in
2054 2563 2231 2634 lucem
2295 2564 2674 2636 intelligentia:
2743 2567 2969 2636 publica:
3018 2568 3360 2639 propositis,
3414 2568 3557 2632 anti-

1947 2658 2193 2730 quissimi
2237 2657 2538 2726 sacerdotis
2581 2668 2638 2725 et
2669 2671 2937 2734 promptae
2976 2676 3194 2734 semper
3230 2660 3355 2723 ﬁdei
3403 2661 3556 2736 ηοεὶὶ

1951 2766 2145 2820 nonne"
2193 2751 2344 2820 quasi
2399 2751 2689 2824 quemdam
2737 2753 2791 2822 in
2832 2767 2931 2818 nos
2961 2754 3188 2822 arietem
3235 2756 3557 2826 temperari,

1949 2859 2055 2920 quo
2073 2843 2530 2916 contradictionis
2568 2846 2847 2915 temeritas
2875 2847 3245 2920 propulsetur.
3279 2848 3383 2918 Sed
3417 2849 3558 2916 hanc

1948 2950 2135 3008 contra
2183 2953 2281 2996 nos
2327 2940 2665 3008 erigentibus
2704 2941 3010 3006 machinam
3057 2943 3204 3010 hreyi
3251 2943 3544 3012 admodum

1949 3049 2202 3106 sermone
2223 3033 2561 3104 respondeo.
2588 3034 2704 3102 Non
2726 3045 2909 3112 potest
2929 3035 3050 3107 ejus
3069 3038 3396 3106 auctoritate
3424 3053 3558 3108 pra:-

1871 3137 1915 3198 C
1951 3127 2138 3201 scribi,
2198 3127 2326 3202 quia
2383 3137 2476 3186 aut
2518 3144 2661 3200 nunc
2699 3138 2872 3200 errat,
2926 3139 3018 3186 aut
3061 3143 3282 3200 semper
3330 3129 3554 3196 erravit.

1951 3220 2110 3291 Novit
2159 3221 2302 3286 enim
2353 3220 2582 3292 mundus
2625 3235 2745 3296 quae
2789 3223 2840 3276 in
2885 3223 3023 3278 hanc
3051 3222 3558 3292 tenuerint-tatem,

1949 3330 2050 3390 qua
2081 3314 2386 3382 consmnlia
2416 3317 2557 3390 apud
2593 3314 2872 3386 Serdicam
2923 3325 2977 3377 et
3010 3316 3061 3370 in
3091 3314 3312 3382 Nicaeno
3357 3325 3557 3376 tracta-

1950 3415 2003 3464 tu
2055 3422 2311 3480 assensus
2339 3408 2408 3464 sit
2448 3416 2504 3478 et
2533 3408 2874 3478 damnaverit
2900 3408 3153 3474 Arianos.
3210 3407 3350 3486 Quid
3383 3408 3426 3461 si
3476 3408 3558 3478 di:

1949 3515 2103 3566 yet-sa
2133 3516 2277 3566 nunc
2299 3500 2484 3574 sentit,
2513 3510 2567 3560 et
2591 3516 2946 3579 (iumentaque
2970 3501 3037 3570 ab
3063 3517 3130 3566 eo
3164 3511 3313 3568 retro
3336 3501 3559 3570 damna.-

1953 3601 2003 3647 ta
2053 3593 2286 3659 fuerant,
2343 3593 2709 3649 defenduntur
2753 3611 2766 3648 :
2817 3609 2938 3664 qua:
2982 3595 3240 3662 defensa,
3293 3594 3558 3664 damnan-

1949 3690 2073 3742 tur?
2120 3688 2355 3743 Rursum
2389 3688 2536 3754 dico,
2583 3688 2852 3758 nonmihi
2893 3689 3012 3758 ejus
3046 3689 3370 3744 auctoritate
3416 3704 3562 3759 pra:-

1946 3783 2223 3840 scribitur.
2271 3781 2403 3836 Nam
2435 3783 2478 3839 si
2513 3783 2812 3864 nonaginta
2841 3781 2958 3846 fere
3007 3781 3163 3836 annis
3196 3783 3334 3836 male
3373 3781 3559 3852 credi-

1945 3877 2052 3944 dit;
2105 3885 2230 3967 post
2275 3875 2567 3958 ponaglnta
2613 3876 2761 3932 illum
2819 3889 2972 3934 reete
3026 3877 3233 3946 sentire
3283 3891 3390 3934 non
3435 3890 3559 3930 cre-

1944 3961 2239 4040 damfAut
2279 3971 2324 4044 si
2369 3961 2512 4044 nunc
2562 3979 2733 4037 recte,
2793 3970 2918 4041 quid
2975 3968 3042 4025 de
3090 3969 3174 4040 his
3216 3968 3552 4039 opinandum

1943 4074 2048 4130 est,
2089 4062 2182 4132 qui
2226 4062 2415 4140 eadem
2473 4064 2673 4140 signati
2732 4061 2839 4118 ﬁde
2873 4065 2923 4116 in
2983 4078 3085 4136 qua
3135 4061 3253 4136 ipse
3302 4071 3438 4140 eral,
3487 4061 3556 4117 de

1943 4156 2142 4234 saeculo
2177 4143 2549 4238 transierunt?
2579 4157 2708 4233 quid
2741 4166 2796 4211 et
2825 4155 2892 4210 de
2924 4157 3041 4238 ipso
3069 4155 3552 4230 pronuntiaretur,

1943 4252 1986 4304 si
2007 4231 2134 4336 ante
2160 4249 2300 4322 hanc
2325 4231 2594 4328 synodum
2626 4231 2989 4306 dormiisset'?
3022 4250 3164 4320 Ergo
3190 4260 3246 4302 ut
3275 4264 3438 4318 supra
3469 4247 3552 4302 di-

1941 4331 2141 4411 ximus,
2179 4331 2554 4418 pra'judicatae
2595 4341 2870 4418 opinionis
2903 4341 3198 4395 auctoritas
3241 4340 3375 4394 nihil
3406 4339 3554 4395 vale-

1942 4434 2040 4514 bit,
2080 4435 2205 4504 quia
2246 4444 2436 4494 contra
2468 4434 2818 4510 semetipsam
2863 4433 2978 4508 ipsa
3032 4432 3302 4488 consistit.
3355 4429 3425 4486 Et
3467 4447 3551 4486 sa-

231 4514 440 4575 Patrcm
475 4534 729 4592 passum.
781 4518 838 4572 Si
876 4518 1214 4598 admittimus
1257 4539 1543 4579 numerum
1589 4541 1712 4606 cum
1751 4525 1916 4603 di-D
1943 4543 2010 4598 ne
2055 4527 2313 4606 legimus:
2355 4526 2574 4606 Iustitia
2608 4525 2742 4602 justi
2787 4517 3137 4602 non-salvubit
3177 4543 3293 4580 eum
3332 4525 3386 4578 in
3421 4541 3552 4597 qua-

231 4610 452 4679 risione,
479 4605 788 4700 jungimur
826 4626 950 4692 cum
990 4611 1232 4686 Arianjs,
1285 4617 1374 4704 qui
1420 4603 1676 4696 faetypta
1711 4619 1825 4694 Deo
1934 4603 2150 4701 cumque
2172 4623 2257 4678 die
2281 4605 2592 4714 exerrauerit
2620 4621 2834 4708 (Ezeelt.
2869 4635 3062 4702 χχχιιι,
3091 4619 3204 4687 η).
3241 4623 3443 4675 Amen.
