  <div class='ocr_page' id='page_1' title='image "/cluster/home/n/w/nwhite01/storage/ocr_20150623/20/hvd.32044015471352/021.png"; bbox 0 0 4106 6344; ppageno 0'>
   <div class='ocr_carea' id='block_1_1' title="bbox 534 232 3842 299">
    <p class='ocr_par' dir='ltr' id='par_1_1' title="bbox 534 232 3842 299">
     <span class='ocr_line' id='line_1_1' title="bbox 534 232 3842 299; baseline -0 -2"><span class='ocrx_word' id='word_1_1' title='bbox 534 241 597 299; x_wconf 75' lang='grc'><strong>51</strong></span> <span class='ocrx_word' id='word_1_2' title='bbox 1576 238 1637 296; x_wconf 76' lang='lat'><strong>5.</strong></span> <span class='ocrx_word' id='word_1_3' title='bbox 1677 234 2036 295; x_wconf 74' lang='lat' dir='ltr'><strong>PHCEBADII</strong></span> <span class='ocrx_word' id='word_1_4' title='bbox 2073 232 2295 293; x_wconf 85' lang='lat' dir='ltr'><strong>EPISC.</strong></span> <span class='ocrx_word' id='word_1_5' title='bbox 2336 234 2755 296; x_wconf 81' lang='lat' dir='ltr'><strong>AGINNENSIS</strong></span> <span class='ocrx_word' id='word_1_6' title='bbox 3769 238 3842 296; x_wconf 70' lang='lat'><strong>32</strong></span> 
     </span>
    </p>
   </div>
   <div class='ocr_carea' id='block_1_2' title="bbox 2096 505 2212 610">
    <p class='ocr_par' dir='ltr' id='par_1_2' title="bbox 2096 505 2212 610">
     <span class='ocr_line' id='line_1_2' title="bbox 2096 505 2212 610; baseline 0.009 -1"><span class='ocrx_word' id='word_1_7' title='bbox 2096 505 2212 610; x_wconf 87' lang='grc' dir='ltr'><strong><em>Π</em></strong></span> 
     </span>
    </p>
   </div>
   <div class='ocr_carea' id='block_1_3' title="bbox 1020 715 2228 870">
    <p class='ocr_par' dir='ltr' id='par_1_3' title="bbox 1020 715 2228 870">
     <span class='ocr_line' id='line_1_3' title="bbox 1020 715 2228 870; baseline -0.003 0"><span class='ocrx_word' id='word_1_8' title='bbox 1020 726 1289 870; x_wconf 89' lang='lat' dir='ltr'><strong>DE</strong></span> <span class='ocrx_word' id='word_1_9' title='bbox 1383 715 1855 868; x_wconf 86' lang='lat' dir='ltr'><strong>FIDE</strong></span> <span class='ocrx_word' id='word_1_10' title='bbox 1950 718 2228 870; x_wconf 80' lang='lat' dir='ltr'><strong>OB</strong></span> 
     </span>
    </p>
   </div>
   <div class='ocr_carea' id='block_1_4' title="bbox 3092 388 3789 402">
    <p class='ocr_par' dir='ltr' id='par_1_4' title="bbox 3092 388 3789 402">
     <span class='ocr_line' id='line_1_4' title="bbox 3092 388 3789 402; baseline 0 -6"><span class='ocrx_word' id='word_1_11' title='bbox 3092 388 3665 401; x_wconf 34' lang='lat' dir='ltr'><strong>“ﬂwm-w-</strong></span> <span class='ocrx_word' id='word_1_12' title='bbox 3680 393 3770 402; x_wconf 70' lang='lat'><strong>-___.</strong></span> <span class='ocrx_word' id='word_1_13' title='bbox 3780 395 3789 400; x_wconf 39' lang='grc' dir='ltr'>ν</span> 
     </span>
    </p>
   </div>
   <div class='ocr_carea' id='block_1_5' title="bbox 2247 722 3370 894">
    <p class='ocr_par' dir='ltr' id='par_1_5' title="bbox 2247 722 3370 894">
     <span class='ocr_line' id='line_1_5' title="bbox 2247 722 3370 894; baseline 0.001 -28"><span class='ocrx_word' id='word_1_14' title='bbox 2247 722 3272 874; x_wconf 86' lang='lat' dir='ltr'><strong>THODOXA</strong></span> <span class='ocrx_word' id='word_1_15' title='bbox 3312 831 3370 894; x_wconf 86' lang='lat'><strong>,.</strong></span> 
     </span>
    </p>
   </div>
   <div class='ocr_carea' id='block_1_6' title="bbox 1757 945 2620 1026">
    <p class='ocr_par' dir='ltr' id='par_1_6' title="bbox 1757 945 2620 1026">
     <span class='ocr_line' id='line_1_6' title="bbox 1757 945 2620 1026; baseline -0.001 -17"><span class='ocrx_word' id='word_1_16' title='bbox 1757 945 2130 1009; x_wconf 79' lang='lat' dir='ltr'><strong>CONTRA</strong></span> <span class='ocrx_word' id='word_1_17' title='bbox 2173 945 2620 1026; x_wconf 78' lang='lat' dir='ltr'><strong>ARIANOS,</strong></span> 
     </span>
    </p>
   </div>
   <div class='ocr_carea' id='block_1_7' title="bbox 2086 1093 2275 1147">
    <p class='ocr_par' dir='ltr' id='par_1_7' title="bbox 2086 1093 2275 1147">
     <span class='ocr_line' id='line_1_7' title="bbox 2086 1093 2275 1147; baseline 0 0"><span class='ocrx_word' id='word_1_18' title='bbox 2086 1093 2275 1147; x_wconf 76' lang='lat' dir='ltr'><strong>ALIAS</strong></span> 
     </span>
    </p>
   </div>
   <div class='ocr_carea' id='block_1_8' title="bbox 698 1260 3671 1387">
    <p class='ocr_par' dir='ltr' id='par_1_8' title="bbox 698 1260 3671 1387">
     <span class='ocr_line' id='line_1_8' title="bbox 698 1260 3671 1387; baseline 0.001 -37"><span class='ocrx_word' id='word_1_19' title='bbox 698 1267 857 1350; x_wconf 90' lang='lat' dir='ltr'><strong>DE</strong></span> <span class='ocrx_word' id='word_1_20' title='bbox 914 1264 1189 1387; x_wconf 19' lang='lat' dir='ltr'><strong>,FILII</strong></span> <span class='ocrx_word' id='word_1_21' title='bbox 1264 1262 1951 1348; x_wconf 90' lang='lat' dir='ltr'><strong>DIVINITATE</strong></span> <span class='ocrx_word' id='word_1_22' title='bbox 2026 1262 2176 1345; x_wconf 88' lang='lat' dir='ltr'><strong>ET</strong></span> <span class='ocrx_word' id='word_1_23' title='bbox 2251 1260 3671 1369; x_wconf 87' lang='lat' dir='ltr'><strong>CONSUBSTANTIALITATE,</strong></span> 
     </span>
    </p>
   </div>
   <div class='ocr_carea' id='block_1_9' title="bbox 1843 1465 2527 1541">
    <p class='ocr_par' dir='ltr' id='par_1_9' title="bbox 1843 1465 2527 1541">
     <span class='ocr_line' id='line_1_9' title="bbox 1843 1465 2527 1541; baseline 0 -2"><span class='ocrx_word' id='word_1_24' title='bbox 1843 1465 2527 1541; x_wconf 83' lang='lat' dir='ltr'><strong>TRACTATUS.</strong></span> 
     </span>
    </p>
   </div>
   <div class='ocr_carea' id='block_1_10' title="bbox 2024 1672 2370 1688">
    <p class='ocr_par' dir='ltr' id='par_1_10' title="bbox 2024 1672 2370 1688">
     <span class='ocr_line' id='line_1_10' title="bbox 2024 1672 2370 1688; baseline 0.006 -2"><span class='ocrx_word' id='word_1_25' title='bbox 2024 1672 2370 1688; x_wconf 41' lang='grc' dir='ltr'><strong>ἡ</strong></span> 
     </span>
    </p>
   </div>
   <div class='ocr_carea' id='block_1_11' title="bbox 1136 1846 1525 1907">
    <p class='ocr_par' dir='ltr' id='par_1_11' title="bbox 1136 1846 1525 1907">
     <span class='ocr_line' id='line_1_11' title="bbox 1136 1846 1525 1907; baseline -0.003 -3"><span class='ocrx_word' id='word_1_26' title='bbox 1136 1846 1525 1907; x_wconf 76' lang='lat' dir='ltr'><strong>PROLOGUS.</strong></span> 
     </span>
    </p>
   </div>
   <div class='ocr_carea' id='block_1_12' title="bbox 1107 1988 1563 2061">
    <p class='ocr_par' dir='ltr' id='par_1_12' title="bbox 1107 1988 1563 2061">
     <span class='ocr_line' id='line_1_12' title="bbox 1107 1988 1563 2061; baseline -0.004 -18"><span class='ocrx_word' id='word_1_27' title='bbox 1107 1988 1379 2061; x_wconf 74' lang='lat' dir='ltr'><strong>Confessio</strong></span> <span class='ocrx_word' id='word_1_28' title='bbox 1422 1988 1563 2060; x_wconf 80' lang='lat' dir='ltr'><strong>fidei.</strong></span> 
     </span>
    </p>
   </div>
   <div class='ocr_carea' id='block_1_13' title="bbox 611 2103 2141 2175">
    <p class='ocr_par' dir='ltr' id='par_1_13' title="bbox 611 2103 2141 2175">
     <span class='ocr_line' id='line_1_13' title="bbox 611 2103 2141 2175; baseline -0.003 -14"><span class='ocrx_word' id='word_1_29' title='bbox 611 2104 903 2162; x_wconf 86' lang='lat' dir='ltr'><strong>Credimus</strong></span> <span class='ocrx_word' id='word_1_30' title='bbox 936 2104 991 2160; x_wconf 92' lang='lat' dir='ltr'><strong>in</strong></span> <span class='ocrx_word' id='word_1_31' title='bbox 1026 2104 1221 2169; x_wconf 89' lang='lat' dir='ltr'><strong>Deum,</strong></span> <span class='ocrx_word' id='word_1_32' title='bbox 1251 2103 1468 2159; x_wconf 91' lang='lat' dir='ltr'><strong>Patrem</strong></span> <span class='ocrx_word' id='word_1_33' title='bbox 1512 2104 1973 2175; x_wconf 77' lang='lat' dir='ltr'><strong>omnipotentem,</strong></span> <span class='ocrx_word' id='word_1_34' title='bbox 2025 2116 2141 2157; x_wconf 88' lang='lat' dir='ltr'><strong>om-</strong></span> 
     </span>
    </p>
   </div>
   <div class='ocr_carea' id='block_1_14' title="bbox 538 2198 2139 2263">
    <p class='ocr_par' dir='ltr' id='par_1_14' title="bbox 538 2198 2139 2263">
     <span class='ocr_line' id='line_1_14' title="bbox 538 2198 2139 2263; baseline -0.002 -7"><span class='ocrx_word' id='word_1_35' title='bbox 538 2200 688 2257; x_wconf 90' lang='lat' dir='ltr'><strong>nium</strong></span> <span class='ocrx_word' id='word_1_36' title='bbox 736 2199 1033 2255; x_wconf 82' lang='lat' dir='ltr'><strong>visibilium</strong></span> <span class='ocrx_word' id='word_1_37' title='bbox 1065 2208 1120 2255; x_wconf 93' lang='lat' dir='ltr'><strong>et</strong></span> <span class='ocrx_word' id='word_1_38' title='bbox 1160 2198 1522 2255; x_wconf 85' lang='lat' dir='ltr'><strong>invisibilium</strong></span> <span class='ocrx_word' id='word_1_39' title='bbox 1553 2198 1843 2263; x_wconf 81' lang='lat' dir='ltr'><strong>factorem,</strong></span> <span class='ocrx_word' id='word_1_40' title='bbox 1872 2207 1928 2253; x_wconf 92' lang='lat' dir='ltr'><strong>et</strong></span> <span class='ocrx_word' id='word_1_41' title='bbox 1971 2212 2139 2253; x_wconf 91' lang='lat' dir='ltr'><strong>unum</strong></span> 
     </span>
    </p>
   </div>
   <div class='ocr_carea' id='block_1_15' title="bbox 540 2289 2139 2365">
    <p class='ocr_par' dir='ltr' id='par_1_15' title="bbox 540 2289 2139 2365">
     <span class='ocr_line' id='line_1_15' title="bbox 540 2289 2139 2365; baseline -0.002 -17"><span class='ocrx_word' id='word_1_42' title='bbox 540 2290 833 2349; x_wconf 88' lang='lat' dir='ltr'><strong>Dominum</strong></span> <span class='ocrx_word' id='word_1_43' title='bbox 884 2301 1127 2348; x_wconf 90' lang='lat' dir='ltr'><strong>nostrum</strong></span> <span class='ocrx_word' id='word_1_44' title='bbox 1176 2291 1367 2365; x_wconf 81' lang='lat' dir='ltr'><strong>Jesum</strong></span> <span class='ocrx_word' id='word_1_45' title='bbox 1415 2290 1717 2357; x_wconf 74' lang='lat' dir='ltr'><strong>Christum,</strong></span> <span class='ocrx_word' id='word_1_46' title='bbox 1766 2289 1966 2348; x_wconf 87' lang='lat' dir='ltr'><strong>Filium</strong></span> <span class='ocrx_word' id='word_1_47' title='bbox 2022 2291 2139 2359; x_wconf 90' lang='lat' dir='ltr'><strong>Dei,</strong></span> 
     </span>
    </p>
   </div>
   <div class='ocr_carea' id='block_1_16' title="bbox 537 2382 2140 2449">
    <p class='ocr_par' dir='ltr' id='par_1_16' title="bbox 537 2382 2140 2449">
     <span class='ocr_line' id='line_1_16' title="bbox 537 2382 2140 2449; baseline -0.001 -10"><span class='ocrx_word' id='word_1_48' title='bbox 537 2394 723 2440; x_wconf 87' lang='lat' dir='ltr'><strong>uatum</strong></span> <span class='ocrx_word' id='word_1_49' title='bbox 750 2386 818 2440; x_wconf 92' lang='lat' dir='ltr'><strong>de</strong></span> <span class='ocrx_word' id='word_1_50' title='bbox 849 2384 1011 2440; x_wconf 97' lang='lat' dir='ltr'><strong>Patre</strong></span> <span class='ocrx_word' id='word_1_51' title='bbox 1056 2384 1301 2449; x_wconf 87' lang='lat' dir='ltr'><strong>unicum,</strong></span> <span class='ocrx_word' id='word_1_52' title='bbox 1329 2385 1432 2438; x_wconf 89' lang='lat' dir='ltr'><strong>hoc</strong></span> <span class='ocrx_word' id='word_1_53' title='bbox 1463 2392 1568 2449; x_wconf 88' lang='lat' dir='ltr'><strong>est,</strong></span> <span class='ocrx_word' id='word_1_54' title='bbox 1610 2383 1682 2439; x_wconf 92' lang='lat' dir='ltr'><strong>de</strong></span> <span class='ocrx_word' id='word_1_55' title='bbox 1703 2383 2007 2439; x_wconf 88' lang='lat' dir='ltr'><strong>substantia</strong></span> <span class='ocrx_word' id='word_1_56' title='bbox 2038 2382 2140 2439; x_wconf 84' lang='lat' dir='ltr'><strong>Pa-</strong></span> 
     </span>
    </p>
   </div>
   <div class='ocr_carea' id='block_1_17' title="bbox 537 2476 2138 2544">
    <p class='ocr_par' dir='ltr' id='par_1_17' title="bbox 537 2476 2138 2544">
     <span class='ocr_line' id='line_1_17' title="bbox 537 2476 2138 2544; baseline -0.002 -10"><span class='ocrx_word' id='word_1_57' title='bbox 537 2477 635 2534; x_wconf 88' lang='lat' dir='ltr'><strong>tris</strong></span> <span class='ocrx_word' id='word_1_58' title='bbox 660 2498 673 2532; x_wconf 90' lang='lat'><strong>:</strong></span> <span class='ocrx_word' id='word_1_59' title='bbox 710 2477 878 2534; x_wconf 91' lang='lat' dir='ltr'><strong>Deum</strong></span> <span class='ocrx_word' id='word_1_60' title='bbox 905 2478 974 2534; x_wconf 92' lang='lat' dir='ltr'><strong>de</strong></span> <span class='ocrx_word' id='word_1_61' title='bbox 1001 2478 1135 2544; x_wconf 88' lang='lat' dir='ltr'><strong>Deo,</strong></span> <span class='ocrx_word' id='word_1_62' title='bbox 1164 2478 1349 2533; x_wconf 89' lang='lat' dir='ltr'><strong>lumen</strong></span> <span class='ocrx_word' id='word_1_63' title='bbox 1376 2477 1446 2532; x_wconf 91' lang='lat' dir='ltr'><strong>de</strong></span> <span class='ocrx_word' id='word_1_64' title='bbox 1477 2476 1707 2543; x_wconf 83' lang='lat' dir='ltr'><strong>lumine,</strong></span> <span class='ocrx_word' id='word_1_65' title='bbox 1743 2476 1916 2532; x_wconf 91' lang='lat' dir='ltr'><strong>Deum</strong></span> <span class='ocrx_word' id='word_1_66' title='bbox 1948 2492 2138 2532; x_wconf 88' lang='lat' dir='ltr'><strong>verum</strong></span> 
     </span>
    </p>
   </div>
   <div class='ocr_carea' id='block_1_18' title="bbox 536 2570 2140 2638">
    <p class='ocr_par' dir='ltr' id='par_1_18' title="bbox 536 2570 2140 2638">
     <span class='ocr_line' id='line_1_18' title="bbox 536 2570 2140 2638; baseline -0.001 -11"><span class='ocrx_word' id='word_1_67' title='bbox 536 2572 604 2627; x_wconf 88' lang='lat' dir='ltr'><strong>de</strong></span> <span class='ocrx_word' id='word_1_68' title='bbox 632 2571 748 2628; x_wconf 91' lang='lat' dir='ltr'><strong>Deo</strong></span> <span class='ocrx_word' id='word_1_69' title='bbox 774 2587 936 2638; x_wconf 92' lang='lat' dir='ltr'><strong>vero;</strong></span> <span class='ocrx_word' id='word_1_70' title='bbox 969 2582 1180 2638; x_wconf 88' lang='lat' dir='ltr'><strong>natum,</strong></span> <span class='ocrx_word' id='word_1_71' title='bbox 1211 2586 1321 2626; x_wconf 91' lang='lat' dir='ltr'><strong>non</strong></span> <span class='ocrx_word' id='word_1_72' title='bbox 1354 2570 1560 2626; x_wconf 82' lang='lat' dir='ltr'><strong>factum</strong></span> <span class='ocrx_word' id='word_1_73' title='bbox 1586 2588 1600 2624; x_wconf 89' lang='lat'><strong>:</strong></span> <span class='ocrx_word' id='word_1_74' title='bbox 1633 2571 1795 2626; x_wconf 91' lang='lat' dir='ltr'><strong>unius</strong></span> <span class='ocrx_word' id='word_1_75' title='bbox 1817 2571 2140 2627; x_wconf 65' lang='lat' dir='ltr'><strong>substantiae</strong></span> 
     </span>
    </p>
   </div>
   <div class='ocr_carea' id='block_1_19' title="bbox 536 2665 2137 2740">
    <p class='ocr_par' dir='ltr' id='par_1_19' title="bbox 536 2665 2137 2740">
     <span class='ocr_line' id='line_1_19' title="bbox 536 2665 2137 2740; baseline -0.002 -16"><span class='ocrx_word' id='word_1_76' title='bbox 536 2682 661 2724; x_wconf 89' lang='lat' dir='ltr'><strong>cum</strong></span> <span class='ocrx_word' id='word_1_77' title='bbox 690 2666 873 2733; x_wconf 91' lang='lat' dir='ltr'><strong>Patre,</strong></span> <span class='ocrx_word' id='word_1_78' title='bbox 904 2665 1049 2738; x_wconf 91' lang='lat' dir='ltr'><strong>quod</strong></span> <span class='ocrx_word' id='word_1_79' title='bbox 1081 2665 1258 2722; x_wconf 63' lang='lat' dir='ltr'><strong>Graeci</strong></span> <span class='ocrx_word' id='word_1_80' title='bbox 1290 2666 1474 2721; x_wconf 89' lang='lat' dir='ltr'><strong>dicunt</strong></span> <span class='ocrx_word' id='word_1_81' title='bbox 1502 2665 1810 2740; x_wconf 62' lang='lat' dir='ltr'><strong>apoobmov;</strong></span> <span class='ocrx_word' id='word_1_82' title='bbox 1857 2682 1953 2737; x_wconf 91' lang='lat' dir='ltr'><strong>per</strong></span> <span class='ocrx_word' id='word_1_83' title='bbox 1974 2681 2137 2737; x_wconf 90' lang='lat' dir='ltr'><strong>quem</strong></span> 
     </span>
    </p>
   </div>
   <div class='ocr_carea' id='block_1_20' title="bbox 532 2759 2139 2832">
    <p class='ocr_par' dir='ltr' id='par_1_20' title="bbox 532 2759 2139 2832">
     <span class='ocr_line' id='line_1_20' title="bbox 532 2759 2139 2832; baseline -0.002 -15"><span class='ocrx_word' id='word_1_84' title='bbox 532 2762 718 2817; x_wconf 86' lang='lat' dir='ltr'><strong>Omnia</strong></span> <span class='ocrx_word' id='word_1_85' title='bbox 765 2759 909 2815; x_wconf 81' lang='lat' dir='ltr'><strong>facta</strong></span> <span class='ocrx_word' id='word_1_86' title='bbox 958 2769 1109 2826; x_wconf 90' lang='lat' dir='ltr'><strong>sunt,</strong></span> <span class='ocrx_word' id='word_1_87' title='bbox 1155 2764 1271 2816; x_wconf 87' lang='lat' dir='ltr'><strong>sive</strong></span> <span class='ocrx_word' id='word_1_88' title='bbox 1307 2776 1429 2832; x_wconf 64' lang='lat' dir='ltr'><strong>quae</strong></span> <span class='ocrx_word' id='word_1_89' title='bbox 1472 2762 1525 2815; x_wconf 93' lang='lat' dir='ltr'><strong>in</strong></span> <span class='ocrx_word' id='word_1_90' title='bbox 1577 2760 1742 2827; x_wconf 78' lang='lat' dir='ltr'><strong>C(elo,</strong></span> <span class='ocrx_word' id='word_1_91' title='bbox 1777 2759 1891 2815; x_wconf 86' lang='lat' dir='ltr'><strong>sive</strong></span> <span class='ocrx_word' id='word_1_92' title='bbox 1930 2774 2053 2829; x_wconf 66' lang='lat' dir='ltr'><strong>qua:</strong></span> <span class='ocrx_word' id='word_1_93' title='bbox 2085 2760 2139 2814; x_wconf 92' lang='lat' dir='ltr'><strong>in</strong></span> 
     </span>
    </p>
   </div>
   <div class='ocr_carea' id='block_1_21' title="bbox 536 2853 2127 2925">
    <p class='ocr_par' dir='ltr' id='par_1_21' title="bbox 536 2853 2127 2925">
     <span class='ocr_line' id='line_1_21' title="bbox 536 2853 2127 2925; baseline -0.002 -15"><span class='ocrx_word' id='word_1_94' title='bbox 536 2866 701 2911; x_wconf 87' lang='lat' dir='ltr'><strong>terra.</strong></span> <span class='ocrx_word' id='word_1_95' title='bbox 735 2853 836 2922; x_wconf 85' lang='lat' dir='ltr'><strong>Qui</strong></span> <span class='ocrx_word' id='word_1_96' title='bbox 871 2865 1093 2925; x_wconf 78' lang='lat' dir='ltr'><strong>propter</strong></span> <span class='ocrx_word' id='word_1_97' title='bbox 1122 2869 1222 2909; x_wconf 93' lang='lat' dir='ltr'><strong>nos</strong></span> <span class='ocrx_word' id='word_1_98' title='bbox 1254 2853 1507 2909; x_wconf 86' lang='lat' dir='ltr'><strong>homines</strong></span> <span class='ocrx_word' id='word_1_99' title='bbox 1543 2864 1597 2909; x_wconf 89' lang='lat' dir='ltr'><strong>et</strong></span> <span class='ocrx_word' id='word_1_100' title='bbox 1630 2863 1856 2924; x_wconf 87' lang='lat' dir='ltr'><strong>propter</strong></span> <span class='ocrx_word' id='word_1_101' title='bbox 1886 2863 2127 2907; x_wconf 88' lang='lat' dir='ltr'><strong>nostram</strong></span> 
     </span>
    </p>
   </div>
   <div class='ocr_carea' id='block_1_22' title="bbox 535 2945 2138 3012">
    <p class='ocr_par' dir='ltr' id='par_1_22' title="bbox 535 2945 2138 3012">
     <span class='ocr_line' id='line_1_22' title="bbox 535 2945 2138 3012; baseline -0.001 -10"><span class='ocrx_word' id='word_1_102' title='bbox 535 2946 769 3003; x_wconf 83' lang='lat' dir='ltr'><strong>salutem</strong></span> <span class='ocrx_word' id='word_1_103' title='bbox 791 2946 1101 3012; x_wconf 86' lang='lat' dir='ltr'><strong>descendit,</strong></span> <span class='ocrx_word' id='word_1_104' title='bbox 1123 2957 1172 3003; x_wconf 87' lang='lat' dir='ltr'><strong>et</strong></span> <span class='ocrx_word' id='word_1_105' title='bbox 1210 2949 1523 3002; x_wconf 86' lang='lat' dir='ltr'><strong>incarnatus</strong></span> <span class='ocrx_word' id='word_1_106' title='bbox 1550 2954 1655 3012; x_wconf 91' lang='lat' dir='ltr'><strong>est,</strong></span> <span class='ocrx_word' id='word_1_107' title='bbox 1688 2957 1743 3001; x_wconf 90' lang='lat' dir='ltr'><strong>et</strong></span> <span class='ocrx_word' id='word_1_108' title='bbox 1773 2946 1939 3001; x_wconf 87' lang='lat' dir='ltr'><strong>homo</strong></span> <span class='ocrx_word' id='word_1_109' title='bbox 1958 2945 2138 3000; x_wconf 79' lang='lat' dir='ltr'><strong>factus</strong></span> 
     </span>
    </p>
   </div>
   <div class='ocr_carea' id='block_1_23' title="bbox 535 3038 2137 3110">
    <p class='ocr_par' dir='ltr' id='par_1_23' title="bbox 535 3038 2137 3110">
     <span class='ocr_line' id='line_1_23' title="bbox 535 3038 2137 3110; baseline -0.001 -16"><span class='ocrx_word' id='word_1_110' title='bbox 535 3052 640 3105; x_wconf 78' lang='lat' dir='ltr'><strong>est,</strong></span> <span class='ocrx_word' id='word_1_111' title='bbox 691 3053 886 3110; x_wconf 90' lang='lat' dir='ltr'><strong>passus</strong></span> <span class='ocrx_word' id='word_1_112' title='bbox 928 3048 1033 3104; x_wconf 88' lang='lat' dir='ltr'><strong>est,</strong></span> <span class='ocrx_word' id='word_1_113' title='bbox 1081 3040 1384 3095; x_wconf 73' lang='lat' dir='ltr'><strong>resurrexit</strong></span> <span class='ocrx_word' id='word_1_114' title='bbox 1412 3040 1573 3095; x_wconf 88' lang='lat' dir='ltr'><strong>tertia</strong></span> <span class='ocrx_word' id='word_1_115' title='bbox 1618 3038 1729 3103; x_wconf 89' lang='lat' dir='ltr'><strong>die,</strong></span> <span class='ocrx_word' id='word_1_116' title='bbox 1791 3039 2042 3095; x_wconf 88' lang='lat' dir='ltr'><strong>ascendit</strong></span> <span class='ocrx_word' id='word_1_117' title='bbox 2069 3039 2137 3093; x_wconf 92' lang='lat' dir='ltr'><strong>ad</strong></span> 
     </span>
    </p>
   </div>
   <div class='ocr_carea' id='block_1_24' title="bbox 534 3131 2135 3201">
    <p class='ocr_par' dir='ltr' id='par_1_24' title="bbox 534 3131 2135 3201">
     <span class='ocr_line' id='line_1_24' title="bbox 534 3131 2135 3201; baseline -0.001 -16"><span class='ocrx_word' id='word_1_118' title='bbox 534 3132 730 3195; x_wconf 66' lang='lat' dir='ltr'><strong>caelos.</strong></span> <span class='ocrx_word' id='word_1_119' title='bbox 766 3131 891 3187; x_wconf 91' lang='lat' dir='ltr'><strong>inde</strong></span> <span class='ocrx_word' id='word_1_120' title='bbox 915 3141 1180 3187; x_wconf 87' lang='lat' dir='ltr'><strong>venturus</strong></span> <span class='ocrx_word' id='word_1_121' title='bbox 1203 3142 1286 3188; x_wconf 91' lang='lat' dir='ltr'><strong>est</strong></span> <span class='ocrx_word' id='word_1_122' title='bbox 1309 3132 1559 3201; x_wconf 80' lang='lat' dir='ltr'><strong>judicare</strong></span> <span class='ocrx_word' id='word_1_123' title='bbox 1595 3134 1750 3187; x_wconf 85' lang='lat' dir='ltr'><strong>vivos</strong></span> <span class='ocrx_word' id='word_1_124' title='bbox 1781 3140 1838 3187; x_wconf 91' lang='lat' dir='ltr'><strong>et</strong></span> <span class='ocrx_word' id='word_1_125' title='bbox 1864 3141 2135 3187; x_wconf 92' lang='lat' dir='ltr'><strong>mortuos.</strong></span> 
     </span>
    </p>
   </div>
   <div class='ocr_carea' id='block_1_25' title="bbox 536 3224 2137 3299">
    <p class='ocr_par' dir='ltr' id='par_1_25' title="bbox 536 3224 2137 3299">
     <span class='ocr_line' id='line_1_25' title="bbox 536 3224 2137 3299; baseline -0.001 -16"><span class='ocrx_word' id='word_1_126' title='bbox 536 3227 599 3283; x_wconf 81' lang='lat' dir='ltr'><strong>Et</strong></span> <span class='ocrx_word' id='word_1_127' title='bbox 623 3224 888 3298; x_wconf 87' lang='lat' dir='ltr'><strong>Spiritum</strong></span> <span class='ocrx_word' id='word_1_128' title='bbox 932 3240 1210 3283; x_wconf 90' lang='lat' dir='ltr'><strong>sanctum.</strong></span> <span class='ocrx_word' id='word_1_129' title='bbox 1254 3226 1364 3282; x_wconf 84' lang='lat' dir='ltr'><strong>Eos</strong></span> <span class='ocrx_word' id='word_1_130' title='bbox 1401 3237 1585 3283; x_wconf 90' lang='lat' dir='ltr'><strong>autem</strong></span> <span class='ocrx_word' id='word_1_131' title='bbox 1630 3227 1720 3299; x_wconf 90' lang='lat' dir='ltr'><strong>qui</strong></span> <span class='ocrx_word' id='word_1_132' title='bbox 1750 3227 1972 3283; x_wconf 87' lang='lat' dir='ltr'><strong>dicunt:</strong></span> <span class='ocrx_word' id='word_1_133' title='bbox 2002 3226 2137 3282; x_wconf 85' lang='lat' dir='ltr'><strong>Erat</strong></span> 
     </span>
    </p>
   </div>
   <div class='ocr_carea' id='block_1_26' title="bbox 532 3318 2131 3393">
    <p class='ocr_par' dir='ltr' id='par_1_26' title="bbox 532 3318 2131 3393">
     <span class='ocr_line' id='line_1_26' title="bbox 532 3318 2131 3393; baseline 0.001 -19"><span class='ocrx_word' id='word_1_134' title='bbox 532 3318 753 3391; x_wconf 82' lang='lat' dir='ltr'><strong>quando</strong></span> <span class='ocrx_word' id='word_1_135' title='bbox 801 3336 910 3375; x_wconf 92' lang='lat' dir='ltr'><strong>non</strong></span> <span class='ocrx_word' id='word_1_136' title='bbox 960 3330 1101 3389; x_wconf 85' lang='lat' dir='ltr'><strong>erat,</strong></span> <span class='ocrx_word' id='word_1_137' title='bbox 1139 3329 1197 3375; x_wconf 89' lang='lat' dir='ltr'><strong>et</strong></span> <span class='ocrx_word' id='word_1_138' title='bbox 1238 3322 1554 3393; x_wconf 74' lang='lat' dir='ltr'><strong>priusquam</strong></span> <span class='ocrx_word' id='word_1_139' title='bbox 1607 3329 1952 3387; x_wconf 87' lang='lat' dir='ltr'><strong>nasceretur,</strong></span> <span class='ocrx_word' id='word_1_140' title='bbox 2021 3335 2131 3375; x_wconf 91' lang='lat' dir='ltr'><strong>non</strong></span> 
     </span>
    </p>
   </div>
   <div class='ocr_carea' id='block_1_27' title="bbox 530 3414 2134 3482">
    <p class='ocr_par' dir='ltr' id='par_1_27' title="bbox 530 3414 2134 3482">
     <span class='ocr_line' id='line_1_27' title="bbox 530 3414 2134 3482; baseline 0.001 -14"><span class='ocrx_word' id='word_1_141' title='bbox 530 3424 677 3482; x_wconf 87' lang='lat' dir='ltr'><strong>erat,</strong></span> <span class='ocrx_word' id='word_1_142' title='bbox 725 3421 782 3468; x_wconf 90' lang='lat' dir='ltr'><strong>et</strong></span> <span class='ocrx_word' id='word_1_143' title='bbox 825 3414 1141 3469; x_wconf 85' lang='lat' dir='ltr'><strong>mutabilem</strong></span> <span class='ocrx_word' id='word_1_144' title='bbox 1193 3415 1279 3470; x_wconf 88' lang='lat' dir='ltr'><strong>vel</strong></span> <span class='ocrx_word' id='word_1_145' title='bbox 1318 3414 1730 3470; x_wconf 86' lang='lat' dir='ltr'><strong>convertibilem</strong></span> <span class='ocrx_word' id='word_1_146' title='bbox 1775 3429 1899 3471; x_wconf 89' lang='lat' dir='ltr'><strong>esse</strong></span> <span class='ocrx_word' id='word_1_147' title='bbox 1930 3414 2134 3470; x_wconf 87' lang='lat' dir='ltr'><strong>Filium</strong></span> 
     </span>
    </p>
   </div>
   <div class='ocr_carea' id='block_1_28' title="bbox 536 3505 2139 3579">
    <p class='ocr_par' dir='ltr' id='par_1_28' title="bbox 536 3505 2139 3579">
     <span class='ocr_line' id='line_1_28' title="bbox 536 3505 2139 3579; baseline -0.001 -16"><span class='ocrx_word' id='word_1_148' title='bbox 536 3505 669 3571; x_wconf 87' lang='lat' dir='ltr'><strong>Dei;</strong></span> <span class='ocrx_word' id='word_1_149' title='bbox 703 3507 803 3561; x_wconf 88' lang='lat' dir='ltr'><strong>hos</strong></span> <span class='ocrx_word' id='word_1_150' title='bbox 832 3506 1259 3562; x_wconf 86' lang='lat' dir='ltr'><strong>anathematizat</strong></span> <span class='ocrx_word' id='word_1_151' title='bbox 1302 3506 1575 3563; x_wconf 86' lang='lat' dir='ltr'><strong>catholica</strong></span> <span class='ocrx_word' id='word_1_152' title='bbox 1606 3518 1662 3564; x_wconf 90' lang='lat' dir='ltr'><strong>et</strong></span> <span class='ocrx_word' id='word_1_153' title='bbox 1689 3507 1999 3579; x_wconf 89' lang='lat' dir='ltr'><strong>apostolica</strong></span> <span class='ocrx_word' id='word_1_154' title='bbox 2034 3508 2139 3562; x_wconf 80' lang='lat' dir='ltr'><strong>Ec—</strong></span> 
     </span>
    </p>
   </div>
   <div class='ocr_carea' id='block_1_29' title="bbox 534 3598 943 3666">
    <p class='ocr_par' dir='ltr' id='par_1_29' title="bbox 534 3598 943 3666">
     <span class='ocr_line' id='line_1_29' title="bbox 534 3598 943 3666; baseline -0.002 -12"><span class='ocrx_word' id='word_1_155' title='bbox 534 3598 727 3666; x_wconf 89' lang='lat' dir='ltr'><strong>clesia,</strong></span> <span class='ocrx_word' id='word_1_156' title='bbox 761 3612 943 3653; x_wconf 90' lang='lat' dir='ltr'><strong>amen.</strong></span> 
     </span>
    </p>
   </div>
   <div class='ocr_carea' id='block_1_30' title="bbox 1175 3692 1514 3749">
    <p class='ocr_par' dir='ltr' id='par_1_30' title="bbox 1175 3692 1514 3749">
     <span class='ocr_line' id='line_1_30' title="bbox 1175 3692 1514 3749; baseline 0.003 -2"><span class='ocrx_word' id='word_1_157' title='bbox 1175 3692 1514 3749; x_wconf 75' lang='lat' dir='ltr'><strong>Prooemium.</strong></span> 
     </span>
    </p>
   </div>
   <div class='ocr_carea' id='block_1_31' title="bbox 589 3786 2134 3882">
    <p class='ocr_par' dir='ltr' id='par_1_31' title="bbox 589 3786 2134 3882">
     <span class='ocr_line' id='line_1_31' title="bbox 589 3786 2134 3882; baseline 0 -18"><span class='ocrx_word' id='word_1_158' title='bbox 589 3786 816 3864; x_wconf 37' lang='lat' dir='ltr'><strong>‘Amore</strong></span> <span class='ocrx_word' id='word_1_159' title='bbox 860 3807 1146 3864; x_wconf 69' lang='lat' dir='ltr'><strong>catholicae</strong></span> <span class='ocrx_word' id='word_1_160' title='bbox 1198 3808 1350 3865; x_wconf 88' lang='lat' dir='ltr'><strong>Fidei</strong></span> <span class='ocrx_word' id='word_1_161' title='bbox 1383 3808 1600 3878; x_wconf 85' lang='lat' dir='ltr'><strong>ductus,</strong></span> <span class='ocrx_word' id='word_1_162' title='bbox 1624 3809 1737 3882; x_wconf 88' lang='lat' dir='ltr'><strong>jam</strong></span> <span class='ocrx_word' id='word_1_163' title='bbox 1791 3809 2000 3880; x_wconf 90' lang='lat' dir='ltr'><strong>pridem</strong></span> <span class='ocrx_word' id='word_1_164' title='bbox 2033 3809 2134 3865; x_wconf 90' lang='lat' dir='ltr'><strong>ad-</strong></span> 
     </span>
    </p>
   </div>
   <div class='ocr_carea' id='block_1_32' title="bbox 534 3901 2136 3974">
    <p class='ocr_par' dir='ltr' id='par_1_32' title="bbox 534 3901 2136 3974">
     <span class='ocr_line' id='line_1_32' title="bbox 534 3901 2136 3974; baseline 0.001 -17"><span class='ocrx_word' id='word_1_165' title='bbox 534 3916 727 3957; x_wconf 90' lang='lat' dir='ltr'><strong>versus</strong></span> <span class='ocrx_word' id='word_1_166' title='bbox 752 3901 986 3956; x_wconf 84' lang='lat' dir='ltr'><strong>Arianos</strong></span> <span class='ocrx_word' id='word_1_167' title='bbox 1011 3901 1251 3958; x_wconf 89' lang='lat' dir='ltr'><strong>libellum</strong></span> <span class='ocrx_word' id='word_1_168' title='bbox 1282 3902 1589 3968; x_wconf 80' lang='lat' dir='ltr'><strong>edideram,</strong></span> <span class='ocrx_word' id='word_1_169' title='bbox 1612 3918 1773 3974; x_wconf 90' lang='lat' dir='ltr'><strong>quem</strong></span> <span class='ocrx_word' id='word_1_170' title='bbox 1800 3917 1925 3957; x_wconf 92' lang='lat' dir='ltr'><strong>cum</strong></span> <span class='ocrx_word' id='word_1_171' title='bbox 1958 3904 2136 3959; x_wconf 86' lang='lat' dir='ltr'><strong>amico</strong></span> 
     </span>
    </p>
   </div>
   <div class='ocr_carea' id='block_1_33' title="bbox 536 3992 2135 4065">
    <p class='ocr_par' dir='ltr' id='par_1_33' title="bbox 536 3992 2135 4065">
     <span class='ocr_line' id='line_1_33' title="bbox 536 3992 2135 4065; baseline -0.001 -17"><span class='ocrx_word' id='word_1_172' title='bbox 536 3992 829 4064; x_wconf 76' lang='lat' dir='ltr'><strong>legendum</strong></span> <span class='ocrx_word' id='word_1_173' title='bbox 858 3993 1159 4061; x_wconf 90' lang='lat' dir='ltr'><strong>dedissem,</strong></span> <span class='ocrx_word' id='word_1_174' title='bbox 1180 3995 1305 4065; x_wconf 88' lang='lat' dir='ltr'><strong>quia</strong></span> <span class='ocrx_word' id='word_1_175' title='bbox 1333 3995 1556 4064; x_wconf 89' lang='lat' dir='ltr'><strong>placuit,</strong></span> <span class='ocrx_word' id='word_1_176' title='bbox 1580 3994 1815 4049; x_wconf 88' lang='lat' dir='ltr'><strong>credidit</strong></span> <span class='ocrx_word' id='word_1_177' title='bbox 1847 3993 2135 4047; x_wconf 81' lang='lat' dir='ltr'><strong>transscri-</strong></span> 
     </span>
    </p>
   </div>
   <div class='ocr_carea' id='block_1_34' title="bbox 537 4088 2137 4163">
    <p class='ocr_par' dir='ltr' id='par_1_34' title="bbox 537 4088 2137 4163">
     <span class='ocr_line' id='line_1_34' title="bbox 537 4088 2137 4163; baseline -0.001 -20"><span class='ocrx_word' id='word_1_178' title='bbox 537 4088 799 4144; x_wconf 88' lang='lat' dir='ltr'><strong>bendum.</strong></span> <span class='ocrx_word' id='word_1_179' title='bbox 834 4088 881 4144; x_wconf 77' lang='grc' dir='ltr'>Α</span> <span class='ocrx_word' id='word_1_180' title='bbox 909 4104 1017 4161; x_wconf 91' lang='lat' dir='ltr'><strong>quo</strong></span> <span class='ocrx_word' id='word_1_181' title='bbox 1066 4089 1169 4146; x_wconf 89' lang='lat' dir='ltr'><strong>hoc</strong></span> <span class='ocrx_word' id='word_1_182' title='bbox 1217 4106 1319 4163; x_wconf 80' lang='lat' dir='ltr'><strong>ego</strong></span> <span class='ocrx_word' id='word_1_183' title='bbox 1366 4104 1703 4162; x_wconf 79' lang='lat' dir='ltr'><strong>magnopere</strong></span> <span class='ocrx_word' id='word_1_184' title='bbox 1754 4088 2046 4159; x_wconf 85' lang='lat' dir='ltr'><strong>postulavi,</strong></span> <span class='ocrx_word' id='word_1_185' title='bbox 2080 4096 2137 4141; x_wconf 90' lang='lat' dir='ltr'><strong>ut</strong></span> 
     </span>
    </p>
   </div>
   <div class='ocr_carea' id='block_1_35' title="bbox 534 4178 2137 4250">
    <p class='ocr_par' dir='ltr' id='par_1_35' title="bbox 534 4178 2137 4250">
     <span class='ocr_line' id='line_1_35' title="bbox 534 4178 2137 4250; baseline -0.003 -14"><span class='ocrx_word' id='word_1_186' title='bbox 534 4180 759 4236; x_wconf 89' lang='lat' dir='ltr'><strong>interim</strong></span> <span class='ocrx_word' id='word_1_187' title='bbox 795 4181 1144 4238; x_wconf 87' lang='lat' dir='ltr'><strong>dissimulato</strong></span> <span class='ocrx_word' id='word_1_188' title='bbox 1171 4194 1419 4249; x_wconf 88' lang='lat' dir='ltr'><strong>auctore,</strong></span> <span class='ocrx_word' id='word_1_189' title='bbox 1451 4181 1628 4237; x_wconf 85' lang='lat' dir='ltr'><strong>doetis</strong></span> <span class='ocrx_word' id='word_1_190' title='bbox 1655 4180 1790 4235; x_wconf 89' lang='lat' dir='ltr'><strong>viris</strong></span> <span class='ocrx_word' id='word_1_191' title='bbox 1821 4190 1875 4235; x_wconf 89' lang='lat' dir='ltr'><strong>et</strong></span> <span class='ocrx_word' id='word_1_192' title='bbox 1896 4178 2137 4250; x_wconf 90' lang='lat' dir='ltr'><strong>pruden-</strong></span> 
     </span>
    </p>
   </div>
   <div class='ocr_carea' id='block_1_36' title="bbox 538 4272 2136 4348">
    <p class='ocr_par' dir='ltr' id='par_1_36' title="bbox 538 4272 2136 4348">
     <span class='ocr_line' id='line_1_36' title="bbox 538 4272 2136 4348; baseline -0.003 -18"><span class='ocrx_word' id='word_1_193' title='bbox 538 4275 682 4331; x_wconf 87' lang='lat' dir='ltr'><strong>tibus</strong></span> <span class='ocrx_word' id='word_1_194' title='bbox 713 4275 950 4347; x_wconf 74' lang='lat' dir='ltr'><strong>legeret;</strong></span> <span class='ocrx_word' id='word_1_195' title='bbox 983 4288 1042 4332; x_wconf 89' lang='lat' dir='ltr'><strong>ut</strong></span> <span class='ocrx_word' id='word_1_196' title='bbox 1074 4277 1122 4332; x_wconf 83' lang='lat' dir='ltr'><strong>si</strong></span> <span class='ocrx_word' id='word_1_197' title='bbox 1173 4293 1334 4348; x_wconf 90' lang='lat' dir='ltr'><strong>quem</strong></span> <span class='ocrx_word' id='word_1_198' title='bbox 1367 4277 1636 4341; x_wconf 85' lang='lat' dir='ltr'><strong>novisset,</strong></span> <span class='ocrx_word' id='word_1_199' title='bbox 1679 4273 1825 4345; x_wconf 90' lang='lat' dir='ltr'><strong>quod</strong></span> <span class='ocrx_word' id='word_1_200' title='bbox 1874 4272 1985 4328; x_wconf 92' lang='lat' dir='ltr'><strong>illic</strong></span> <span class='ocrx_word' id='word_1_201' title='bbox 2010 4272 2136 4344; x_wconf 89' lang='lat' dir='ltr'><strong>plus</strong></span> 
     </span>
    </p>
   </div>
   <div class='ocr_carea' id='block_1_37' title="bbox 536 4368 2135 4444">
    <p class='ocr_par' dir='ltr' id='par_1_37' title="bbox 536 4368 2135 4444">
     <span class='ocr_line' id='line_1_37' title="bbox 536 4368 2135 4444; baseline -0.001 -18"><span class='ocrx_word' id='word_1_202' title='bbox 536 4382 631 4426; x_wconf 86' lang='lat' dir='ltr'><strong>aut</strong></span> <span class='ocrx_word' id='word_1_203' title='bbox 678 4372 859 4428; x_wconf 88' lang='lat' dir='ltr'><strong>minus</strong></span> <span class='ocrx_word' id='word_1_204' title='bbox 906 4374 1144 4444; x_wconf 90' lang='lat' dir='ltr'><strong>positum</strong></span> <span class='ocrx_word' id='word_1_205' title='bbox 1193 4373 1490 4439; x_wconf 88' lang='lat' dir='ltr'><strong>videretur,</strong></span> <span class='ocrx_word' id='word_1_206' title='bbox 1540 4380 1725 4443; x_wconf 87' lang='lat' dir='ltr'><strong>posset</strong></span> <span class='ocrx_word' id='word_1_207' title='bbox 1774 4368 2135 4442; x_wconf 88' lang='lat' dir='ltr'><strong>plurimorum</strong></span> 
     </span>
    </p>
   </div>
   <div class='ocr_carea' id='block_1_38' title="bbox 533 4464 2140 4537">
    <p class='ocr_par' dir='ltr' id='par_1_38' title="bbox 533 4464 2140 4537">
     <span class='ocr_line' id='line_1_38' title="bbox 533 4464 2140 4537; baseline 0.001 -19"><span class='ocrx_word' id='word_1_208' title='bbox 533 4465 767 4521; x_wconf 91' lang='lat' dir='ltr'><strong>consilio</strong></span> <span class='ocrx_word' id='word_1_209' title='bbox 796 4465 1098 4522; x_wconf 90' lang='lat' dir='ltr'><strong>emendari.</strong></span> <span class='ocrx_word' id='word_1_210' title='bbox 1140 4464 1311 4521; x_wconf 80' lang='lat' dir='ltr'><strong>Nemo</strong></span> <span class='ocrx_word' id='word_1_211' title='bbox 1346 4476 1431 4521; x_wconf 89' lang='lat' dir='ltr'><strong>est</strong></span> <span class='ocrx_word' id='word_1_212' title='bbox 1475 4468 1621 4520; x_wconf 90' lang='lat' dir='ltr'><strong>enim</strong></span> <span class='ocrx_word' id='word_1_213' title='bbox 1649 4465 1743 4537; x_wconf 87' lang='lat' dir='ltr'><strong>qui</strong></span> <span class='ocrx_word' id='word_1_214' title='bbox 1769 4465 1872 4519; x_wconf 89' lang='lat' dir='ltr'><strong>sibi</strong></span> <span class='ocrx_word' id='word_1_215' title='bbox 1908 4474 2015 4519; x_wconf 88' lang='lat' dir='ltr'><strong>tam</strong></span> <span class='ocrx_word' id='word_1_216' title='bbox 2049 4480 2140 4519; x_wconf 88' lang='lat' dir='ltr'><strong>ar-</strong></span> 
     </span>
    </p>
   </div>
   <div class='ocr_carea' id='block_1_39' title="bbox 531 4558 2137 4630">
    <p class='ocr_par' dir='ltr' id='par_1_39' title="bbox 531 4558 2137 4630">
     <span class='ocr_line' id='line_1_39' title="bbox 531 4558 2137 4630; baseline -0.001 -15"><span class='ocrx_word' id='word_1_217' title='bbox 531 4571 787 4630; x_wconf 82' lang='lat' dir='ltr'><strong>roganter</strong></span> <span class='ocrx_word' id='word_1_218' title='bbox 826 4576 1092 4617; x_wconf 84' lang='lat' dir='ltr'><strong>summam</strong></span> <span class='ocrx_word' id='word_1_219' title='bbox 1138 4561 1405 4615; x_wconf 78' lang='lat' dir='ltr'><strong>doctrina:</strong></span> <span class='ocrx_word' id='word_1_220' title='bbox 1462 4558 1705 4614; x_wconf 86' lang='lat' dir='ltr'><strong>caelestis</strong></span> <span class='ocrx_word' id='word_1_221' title='bbox 1761 4570 2031 4625; x_wconf 86' lang='lat' dir='ltr'><strong>assumat,</strong></span> <span class='ocrx_word' id='word_1_222' title='bbox 2078 4567 2137 4613; x_wconf 91' lang='lat' dir='ltr'><strong>ut</strong></span> 
     </span>
    </p>
   </div>
   <div class='ocr_carea' id='block_1_40' title="bbox 2166 1848 3852 1924">
    <p class='ocr_par' dir='ltr' id='par_1_40' title="bbox 2166 1848 3852 1924">
     <span class='ocr_line' id='line_1_40' title="bbox 2166 1848 3852 1924; baseline 0.004 -20"><span class='ocrx_word' id='word_1_223' title='bbox 2166 1852 2215 1912; x_wconf 83' lang='grc' dir='ltr'>Α</span> <span class='ocrx_word' id='word_1_224' title='bbox 2243 1848 2526 1906; x_wconf 82' lang='lat' dir='ltr'><strong>charitatis</strong></span> <span class='ocrx_word' id='word_1_225' title='bbox 2544 1849 2750 1918; x_wconf 83' lang='lat' dir='ltr'><strong>ofﬁcio,</strong></span> <span class='ocrx_word' id='word_1_226' title='bbox 2775 1866 2840 1907; x_wconf 91' lang='lat' dir='ltr'><strong>ea</strong></span> <span class='ocrx_word' id='word_1_227' title='bbox 2866 1866 2986 1923; x_wconf 70' lang='lat' dir='ltr'><strong>quae</strong></span> <span class='ocrx_word' id='word_1_228' title='bbox 3014 1864 3043 1905; x_wconf 90' lang='lat' dir='ltr'><strong>a</strong></span> <span class='ocrx_word' id='word_1_229' title='bbox 3073 1850 3232 1907; x_wconf 91' lang='lat' dir='ltr'><strong>nobis</strong></span> <span class='ocrx_word' id='word_1_230' title='bbox 3252 1850 3400 1907; x_wconf 90' lang='lat' dir='ltr'><strong>dicta</strong></span> <span class='ocrx_word' id='word_1_231' title='bbox 3436 1861 3586 1919; x_wconf 88' lang='lat' dir='ltr'><strong>sunt,</strong></span> <span class='ocrx_word' id='word_1_232' title='bbox 3616 1866 3852 1924; x_wconf 80' lang='lat' dir='ltr'><strong>scrupu-</strong></span> 
     </span>
    </p>
   </div>
   <div class='ocr_carea' id='block_1_41' title="bbox 2244 1942 3848 2016">
    <p class='ocr_par' dir='ltr' id='par_1_41' title="bbox 2244 1942 3848 2016">
     <span class='ocr_line' id='line_1_41' title="bbox 2244 1942 3848 2016; baseline 0.002 -18"><span class='ocrx_word' id='word_1_233' title='bbox 2244 1943 2419 1999; x_wconf 90' lang='lat' dir='ltr'><strong>losius</strong></span> <span class='ocrx_word' id='word_1_234' title='bbox 2446 1952 2810 2010; x_wconf 86' lang='lat' dir='ltr'><strong>retractaret;</strong></span> <span class='ocrx_word' id='word_1_235' title='bbox 2840 1954 2896 1999; x_wconf 89' lang='lat' dir='ltr'><strong>et</strong></span> <span class='ocrx_word' id='word_1_236' title='bbox 2925 1942 3172 2014; x_wconf 70' lang='lat' dir='ltr'><strong>qumdam</strong></span> <span class='ocrx_word' id='word_1_237' title='bbox 3206 1944 3299 2000; x_wconf 91' lang='lat' dir='ltr'><strong>ille</strong></span> <span class='ocrx_word' id='word_1_238' title='bbox 3321 1943 3408 2000; x_wconf 91' lang='lat' dir='ltr'><strong>vel</strong></span> <span class='ocrx_word' id='word_1_239' title='bbox 3436 1943 3735 2016; x_wconf 81' lang='lat' dir='ltr'><strong>superﬂua,</strong></span> <span class='ocrx_word' id='word_1_240' title='bbox 3760 1946 3848 2002; x_wconf 92' lang='lat' dir='ltr'><strong>vel</strong></span> 
     </span>
    </p>
   </div>
   <div class='ocr_carea' id='block_1_42' title="bbox 2243 2035 3844 2110">
    <p class='ocr_par' dir='ltr' id='par_1_42' title="bbox 2243 2035 3844 2110">
     <span class='ocr_line' id='line_1_42' title="bbox 2243 2035 3844 2110; baseline 0.003 -19"><span class='ocrx_word' id='word_1_241' title='bbox 2243 2038 2496 2108; x_wconf 74' lang='lat' dir='ltr'><strong>ambigua</strong></span> <span class='ocrx_word' id='word_1_242' title='bbox 2545 2037 2781 2103; x_wconf 92' lang='lat' dir='ltr'><strong>diceret,</strong></span> <span class='ocrx_word' id='word_1_243' title='bbox 2809 2052 2932 2108; x_wconf 70' lang='lat' dir='ltr'><strong>quae</strong></span> <span class='ocrx_word' id='word_1_244' title='bbox 2975 2037 3136 2093; x_wconf 88' lang='lat' dir='ltr'><strong>aliter</strong></span> <span class='ocrx_word' id='word_1_245' title='bbox 3183 2035 3395 2109; x_wconf 81' lang='lat' dir='ltr'><strong>possint</strong></span> <span class='ocrx_word' id='word_1_246' title='bbox 3423 2052 3452 2092; x_wconf 84' lang='lat' dir='ltr'><strong>a</strong></span> <span class='ocrx_word' id='word_1_247' title='bbox 3491 2038 3844 2110; x_wconf 87' lang='lat' dir='ltr'><strong>quibusdam,</strong></span> 
     </span>
    </p>
   </div>
   <div class='ocr_carea' id='block_1_43' title="bbox 2243 2130 3843 2203">
    <p class='ocr_par' dir='ltr' id='par_1_43' title="bbox 2243 2130 3843 2203">
     <span class='ocr_line' id='line_1_43' title="bbox 2243 2130 3843 2203; baseline 0.003 -18"><span class='ocrx_word' id='word_1_248' title='bbox 2243 2145 2404 2201; x_wconf 89' lang='lat' dir='ltr'><strong>quam</strong></span> <span class='ocrx_word' id='word_1_249' title='bbox 2451 2146 2483 2185; x_wconf 90' lang='lat' dir='ltr'><strong>a</strong></span> <span class='ocrx_word' id='word_1_250' title='bbox 2532 2146 2619 2185; x_wconf 93' lang='lat' dir='ltr'><strong>me</strong></span> <span class='ocrx_word' id='word_1_251' title='bbox 2650 2130 2788 2186; x_wconf 89' lang='lat' dir='ltr'><strong>dicta</strong></span> <span class='ocrx_word' id='word_1_252' title='bbox 2825 2138 2970 2195; x_wconf 89' lang='lat' dir='ltr'><strong>sunt,</strong></span> <span class='ocrx_word' id='word_1_253' title='bbox 3001 2130 3196 2203; x_wconf 88' lang='lat' dir='ltr'><strong>accipi.</strong></span> <span class='ocrx_word' id='word_1_254' title='bbox 3250 2131 3492 2188; x_wconf 85' lang='lat' dir='ltr'><strong>Proinde</strong></span> <span class='ocrx_word' id='word_1_255' title='bbox 3540 2148 3733 2188; x_wconf 82' lang='lat' dir='ltr'><strong>rursus</strong></span> <span class='ocrx_word' id='word_1_256' title='bbox 3778 2149 3843 2190; x_wconf 84' lang='lat' dir='ltr'><strong>ea</strong></span> 
     </span>
    </p>
   </div>
   <div class='ocr_carea' id='block_1_44' title="bbox 2242 2223 3839 2297">
    <p class='ocr_par' dir='ltr' id='par_1_44' title="bbox 2242 2223 3839 2297">
     <span class='ocr_line' id='line_1_44' title="bbox 2242 2223 3839 2297; baseline 0.001 -18"><span class='ocrx_word' id='word_1_257' title='bbox 2242 2224 2358 2294; x_wconf 88' lang='lat' dir='ltr'><strong>ipsa</strong></span> <span class='ocrx_word' id='word_1_258' title='bbox 2392 2224 2624 2294; x_wconf 90' lang='lat' dir='ltr'><strong>planiori</strong></span> <span class='ocrx_word' id='word_1_259' title='bbox 2656 2238 2914 2279; x_wconf 88' lang='lat' dir='ltr'><strong>sermone</strong></span> <span class='ocrx_word' id='word_1_260' title='bbox 2947 2228 2999 2279; x_wconf 85' lang='lat' dir='ltr'><strong>in</strong></span> <span class='ocrx_word' id='word_1_261' title='bbox 3035 2225 3138 2280; x_wconf 91' lang='lat' dir='ltr'><strong>hoc</strong></span> <span class='ocrx_word' id='word_1_262' title='bbox 3183 2225 3366 2281; x_wconf 91' lang='lat' dir='ltr'><strong>libello</strong></span> <span class='ocrx_word' id='word_1_263' title='bbox 3412 2223 3639 2297; x_wconf 76' lang='lat' dir='ltr'><strong>digessi,</strong></span> <span class='ocrx_word' id='word_1_264' title='bbox 3695 2236 3754 2281; x_wconf 92' lang='lat' dir='ltr'><strong>ut</strong></span> <span class='ocrx_word' id='word_1_265' title='bbox 3783 2235 3839 2282; x_wconf 86' lang='lat' dir='ltr'><strong>et</strong></span> 
     </span>
    </p>
   </div>
   <div class='ocr_carea' id='block_1_45' title="bbox 2244 2317 3845 2391">
    <p class='ocr_par' dir='ltr' id='par_1_45' title="bbox 2244 2317 3845 2391">
     <span class='ocr_line' id='line_1_45' title="bbox 2244 2317 3845 2391; baseline 0.003 -19"><span class='ocrx_word' id='word_1_266' title='bbox 2244 2317 2658 2386; x_wconf 82' lang='lat' dir='ltr'><strong>simplicitatem</strong></span> <span class='ocrx_word' id='word_1_267' title='bbox 2688 2334 2887 2374; x_wconf 83' lang='lat' dir='ltr'><strong>sensus</strong></span> <span class='ocrx_word' id='word_1_268' title='bbox 2909 2320 3015 2375; x_wconf 91' lang='lat' dir='ltr'><strong>mei</strong></span> <span class='ocrx_word' id='word_1_269' title='bbox 3042 2319 3412 2387; x_wconf 87' lang='lat' dir='ltr'><strong>ostenderem,</strong></span> <span class='ocrx_word' id='word_1_270' title='bbox 3444 2329 3498 2375; x_wconf 89' lang='lat' dir='ltr'><strong>et</strong></span> <span class='ocrx_word' id='word_1_271' title='bbox 3520 2321 3845 2391; x_wconf 88' lang='lat' dir='ltr'><strong>scrupulum</strong></span> 
     </span>
    </p>
   </div>
   <div class='ocr_carea' id='block_1_46' title="bbox 2242 2409 2950 2482">
    <p class='ocr_par' dir='ltr' id='par_1_46' title="bbox 2242 2409 2950 2482">
     <span class='ocr_line' id='line_1_46' title="bbox 2242 2409 2950 2482; baseline 0 -17"><span class='ocrx_word' id='word_1_272' title='bbox 2242 2409 2546 2480; x_wconf 76' lang='lat' dir='ltr'><strong>legentibus</strong></span> <span class='ocrx_word' id='word_1_273' title='bbox 2571 2420 2950 2482; x_wconf 87' lang='lat' dir='ltr'><strong>amputarem.</strong></span> 
     </span>
    </p>
   </div>
   <div class='ocr_carea' id='block_1_47' title="bbox 2313 2502 3842 2577">
    <p class='ocr_par' dir='ltr' id='par_1_47' title="bbox 2313 2502 3842 2577">
     <span class='ocr_line' id='line_1_47' title="bbox 2313 2502 3842 2577; baseline 0.003 -19"><span class='ocrx_word' id='word_1_274' title='bbox 2313 2502 2447 2559; x_wconf 91' lang='lat' dir='ltr'><strong>Nam</strong></span> <span class='ocrx_word' id='word_1_275' title='bbox 2477 2504 2581 2560; x_wconf 90' lang='lat' dir='ltr'><strong>hoc</strong></span> <span class='ocrx_word' id='word_1_276' title='bbox 2606 2514 2691 2560; x_wconf 90' lang='lat' dir='ltr'><strong>est</strong></span> <span class='ocrx_word' id='word_1_277' title='bbox 2716 2504 2860 2576; x_wconf 92' lang='lat' dir='ltr'><strong>quod</strong></span> <span class='ocrx_word' id='word_1_278' title='bbox 2901 2506 3057 2560; x_wconf 90' lang='lat' dir='ltr'><strong>aiunt</strong></span> <span class='ocrx_word' id='word_1_279' title='bbox 3095 2519 3255 2574; x_wconf 84' lang='lat' dir='ltr'><strong>posse</strong></span> <span class='ocrx_word' id='word_1_280' title='bbox 3286 2504 3642 2572; x_wconf 85' lang='lat' dir='ltr'><strong>reprehendi,</strong></span> <span class='ocrx_word' id='word_1_281' title='bbox 3689 2508 3842 2577; x_wconf 93' lang='lat' dir='ltr'><strong>quod</strong></span> 
     </span>
    </p>
   </div>
   <div class='ocr_carea' id='block_1_48' title="bbox 2244 2594 3848 2668">
    <p class='ocr_par' dir='ltr' id='par_1_48' title="bbox 2244 2594 3848 2668">
     <span class='ocr_line' id='line_1_48' title="bbox 2244 2594 3848 2668; baseline 0.004 -17"><span class='ocrx_word' id='word_1_282' title='bbox 2244 2594 2335 2651; x_wconf 88' lang='lat' dir='ltr'><strong>ubi</strong></span> <span class='ocrx_word' id='word_1_283' title='bbox 2385 2596 2619 2652; x_wconf 88' lang='lat' dir='ltr'><strong>Verbum</strong></span> <span class='ocrx_word' id='word_1_284' title='bbox 2668 2597 2764 2652; x_wconf 93' lang='lat' dir='ltr'><strong>Dei</strong></span> <span class='ocrx_word' id='word_1_285' title='bbox 2809 2613 2877 2652; x_wconf 81' lang='lat' dir='ltr'><strong>ex</strong></span> <span class='ocrx_word' id='word_1_286' title='bbox 2930 2612 3160 2667; x_wconf 86' lang='lat' dir='ltr'><strong>persona</strong></span> <span class='ocrx_word' id='word_1_287' title='bbox 3209 2595 3332 2652; x_wconf 84' lang='lat' dir='ltr'><strong>Filii</strong></span> <span class='ocrx_word' id='word_1_288' title='bbox 3368 2599 3680 2668; x_wconf 85' lang='lat' dir='ltr'><strong>posuimus,</strong></span> <span class='ocrx_word' id='word_1_289' title='bbox 3738 2603 3848 2659; x_wconf 86' lang='lat' dir='ltr'><strong>tale</strong></span> 
     </span>
    </p>
   </div>
   <div class='ocr_carea' id='block_1_49' title="bbox 2242 2687 3839 2761">
    <p class='ocr_par' dir='ltr' id='par_1_49' title="bbox 2242 2687 3839 2761">
     <span class='ocr_line' id='line_1_49' title="bbox 2242 2687 3839 2761; baseline 0.006 -20"><span class='ocrx_word' id='word_1_290' title='bbox 2242 2687 2347 2745; x_wconf 86' lang='lat' dir='ltr'><strong>hoc</strong></span> <span class='ocrx_word' id='word_1_291' title='bbox 2378 2688 2611 2745; x_wconf 83' lang='lat' dir='ltr'><strong>Verbum</strong></span> <span class='ocrx_word' id='word_1_292' title='bbox 2647 2690 2952 2760; x_wconf 83' lang='lat' dir='ltr'><strong>intelligere</strong></span> <span class='ocrx_word' id='word_1_293' title='bbox 2981 2701 3256 2759; x_wconf 88' lang='lat' dir='ltr'><strong>putemus,</strong></span> <span class='ocrx_word' id='word_1_294' title='bbox 3289 2690 3448 2759; x_wconf 82' lang='lat' dir='ltr'><strong>quale</strong></span> <span class='ocrx_word' id='word_1_295' title='bbox 3489 2693 3839 2761; x_wconf 79' lang='lat' dir='ltr'><strong>grammatici</strong></span> 
     </span>
    </p>
   </div>
   <div class='ocr_carea' id='block_1_50' title="bbox 2242 2781 3839 2856">
    <p class='ocr_par' dir='ltr' id='par_1_50' title="bbox 2242 2781 3839 2856">
     <span class='ocr_line' id='line_1_50' title="bbox 2242 2781 3839 2856; baseline 0.005 -21"><span class='ocrx_word' id='word_1_296' title='bbox 2242 2784 2465 2836; x_wconf 89' lang='lat' dir='ltr'><strong>tradunt</strong></span> <span class='ocrx_word' id='word_1_297' title='bbox 2490 2782 2682 2852; x_wconf 82' lang='lat' dir='ltr'><strong>spiritu</strong></span> <span class='ocrx_word' id='word_1_298' title='bbox 2714 2784 2825 2837; x_wconf 87' lang='lat' dir='ltr'><strong>oris</strong></span> <span class='ocrx_word' id='word_1_299' title='bbox 2861 2797 3045 2837; x_wconf 80' lang='lat' dir='ltr'><strong>aerem</strong></span> <span class='ocrx_word' id='word_1_300' title='bbox 3084 2781 3382 2849; x_wconf 79' lang='lat' dir='ltr'><strong>oll‘eusnm,</strong></span> <span class='ocrx_word' id='word_1_301' title='bbox 3435 2784 3839 2856; x_wconf 75' lang='lat' dir='ltr'><strong>iutelligibilem</strong></span> 
     </span>
    </p>
   </div>
   <div class='ocr_carea' id='block_1_51' title="bbox 2240 2876 3841 2951">
    <p class='ocr_par' dir='ltr' id='par_1_51' title="bbox 2240 2876 3841 2951">
     <span class='ocr_line' id='line_1_51' title="bbox 2240 2876 3841 2951; baseline 0.004 -22"><span class='ocrx_word' id='word_1_302' title='bbox 2240 2876 2450 2930; x_wconf 90' lang='lat' dir='ltr'><strong>auditu.</strong></span> <span class='ocrx_word' id='word_1_303' title='bbox 2475 2876 2582 2930; x_wconf 92' lang='lat' dir='ltr'><strong>Sed</strong></span> <span class='ocrx_word' id='word_1_304' title='bbox 2616 2890 2715 2931; x_wconf 85' lang='lat' dir='ltr'><strong>nos</strong></span> <span class='ocrx_word' id='word_1_305' title='bbox 2763 2876 3087 2946; x_wconf 85' lang='lat' dir='ltr'><strong>sapientiam</strong></span> <span class='ocrx_word' id='word_1_306' title='bbox 3138 2891 3247 2932; x_wconf 91' lang='lat' dir='ltr'><strong>non</strong></span> <span class='ocrx_word' id='word_1_307' title='bbox 3278 2876 3441 2947; x_wconf 86' lang='lat' dir='ltr'><strong>hujus</strong></span> <span class='ocrx_word' id='word_1_308' title='bbox 3471 2880 3659 2935; x_wconf 92' lang='lat' dir='ltr'><strong>mundi</strong></span> <span class='ocrx_word' id='word_1_309' title='bbox 3716 2897 3841 2951; x_wconf 84' lang='lat' dir='ltr'><strong>quae</strong></span> 
     </span>
    </p>
   </div>
   <div class='ocr_carea' id='block_1_52' title="bbox 2241 2968 3839 3045">
    <p class='ocr_par' dir='ltr' id='par_1_52' title="bbox 2241 2968 3839 3045">
     <span class='ocr_line' id='line_1_52' title="bbox 2241 2968 3839 3045; baseline 0.004 -22"><span class='ocrx_word' id='word_1_310' title='bbox 2241 2969 2562 3036; x_wconf 90' lang='lat' dir='ltr'><strong>destruitur,</strong></span> <span class='ocrx_word' id='word_1_311' title='bbox 2612 2968 2710 3025; x_wconf 88' lang='lat' dir='ltr'><strong>sed</strong></span> <span class='ocrx_word' id='word_1_312' title='bbox 2762 2970 2909 3025; x_wconf 84' lang='lat' dir='ltr'><strong>illam</strong></span> <span class='ocrx_word' id='word_1_313' title='bbox 2961 2985 3085 3041; x_wconf 70' lang='lat' dir='ltr'><strong>quae</strong></span> <span class='ocrx_word' id='word_1_314' title='bbox 3130 2986 3201 3027; x_wconf 80' lang='lat' dir='ltr'><strong>ex</strong></span> <span class='ocrx_word' id='word_1_315' title='bbox 3245 2970 3359 3027; x_wconf 92' lang='lat' dir='ltr'><strong>Deo</strong></span> <span class='ocrx_word' id='word_1_316' title='bbox 3405 2981 3517 3040; x_wconf 87' lang='lat' dir='ltr'><strong>est,</strong></span> <span class='ocrx_word' id='word_1_317' title='bbox 3567 2974 3839 3045; x_wconf 79' lang='lat' dir='ltr'><strong>novimus,</strong></span> 
     </span>
    </p>
   </div>
   <div class='ocr_carea' id='block_1_53' title="bbox 2240 3061 3845 3134">
    <p class='ocr_par' dir='ltr' id='par_1_53' title="bbox 2240 3061 3845 3134">
     <span class='ocr_line' id='line_1_53' title="bbox 2240 3061 3845 3134; baseline 0.004 -17"><span class='ocrx_word' id='word_1_318' title='bbox 2240 3078 2363 3134; x_wconf 73' lang='lat' dir='ltr'><strong>qua:</strong></span> <span class='ocrx_word' id='word_1_319' title='bbox 2410 3061 2647 3118; x_wconf 78' lang='lat' dir='ltr'><strong>Verbum</strong></span> <span class='ocrx_word' id='word_1_320' title='bbox 2698 3062 2795 3119; x_wconf 80' lang='lat' dir='ltr'><strong>Dei</strong></span> <span class='ocrx_word' id='word_1_321' title='bbox 2841 3063 3012 3119; x_wconf 82' lang='lat' dir='ltr'><strong>Deutu</strong></span> <span class='ocrx_word' id='word_1_322' title='bbox 3063 3064 3328 3130; x_wconf 82' lang='lat' dir='ltr'><strong>insinuat,</strong></span> <span class='ocrx_word' id='word_1_323' title='bbox 3375 3080 3500 3120; x_wconf 89' lang='lat' dir='ltr'><strong>cum</strong></span> <span class='ocrx_word' id='word_1_324' title='bbox 3548 3065 3733 3123; x_wconf 88' lang='lat' dir='ltr'><strong>dicit:</strong></span> <span class='ocrx_word' id='word_1_325' title='bbox 3776 3065 3845 3123; x_wconf 89' lang='lat' dir='ltr'><strong>In</strong></span> 
     </span>
    </p>
   </div>
   <div class='ocr_carea' id='block_1_54' title="bbox 2243 3154 3840 3232">
    <p class='ocr_par' dir='ltr' id='par_1_54' title="bbox 2243 3154 3840 3232">
     <span class='ocr_line' id='line_1_54' title="bbox 2243 3154 3840 3232; baseline 0.003 -22"><span class='ocrx_word' id='word_1_326' title='bbox 2243 3156 2502 3226; x_wconf 81' lang='lat' dir='ltr'><strong>principio</strong></span> <span class='ocrx_word' id='word_1_327' title='bbox 2530 3166 2643 3212; x_wconf 81' lang='lat' dir='ltr'><strong>erat</strong></span> <span class='ocrx_word' id='word_1_328' title='bbox 2682 3154 2929 3221; x_wconf 82' lang='lat' dir='ltr'><strong>Verbum,</strong></span> <span class='ocrx_word' id='word_1_329' title='bbox 2985 3168 3034 3211; x_wconf 85' lang='lat' dir='ltr'><strong>et</strong></span> <span class='ocrx_word' id='word_1_330' title='bbox 3084 3155 3310 3212; x_wconf 82' lang='lat' dir='ltr'><strong>Verbum</strong></span> <span class='ocrx_word' id='word_1_331' title='bbox 3335 3167 3447 3213; x_wconf 86' lang='lat' dir='ltr'><strong>erat</strong></span> <span class='ocrx_word' id='word_1_332' title='bbox 3476 3160 3619 3232; x_wconf 82' lang='lat' dir='ltr'><strong>apud</strong></span> <span class='ocrx_word' id='word_1_333' title='bbox 3648 3157 3840 3227; x_wconf 88' lang='lat' dir='ltr'><strong>Deum,</strong></span> 
     </span>
    </p>
   </div>
   <div class='ocr_carea' id='block_1_55' title="bbox 2165 3245 3835 3324">
    <p class='ocr_par' dir='ltr' id='par_1_55' title="bbox 2165 3245 3835 3324">
     <span class='ocr_line' id='line_1_55' title="bbox 2165 3245 3835 3324; baseline 0.001 -20"><span class='ocrx_word' id='word_1_334' title='bbox 2165 3263 2212 3324; x_wconf 81' lang='grc' dir='ltr'><strong>Β</strong></span> <span class='ocrx_word' id='word_1_335' title='bbox 2239 3258 2286 3304; x_wconf 80' lang='lat' dir='ltr'><strong>et</strong></span> <span class='ocrx_word' id='word_1_336' title='bbox 2314 3246 2454 3303; x_wconf 73' lang='lat' dir='ltr'><strong>Deus</strong></span> <span class='ocrx_word' id='word_1_337' title='bbox 2478 3258 2587 3302; x_wconf 79' lang='lat' dir='ltr'><strong>erat</strong></span> <span class='ocrx_word' id='word_1_338' title='bbox 2630 3245 2868 3303; x_wconf 83' lang='lat' dir='ltr'><strong>Verbum.</strong></span> <span class='ocrx_word' id='word_1_339' title='bbox 2904 3247 3094 3302; x_wconf 80' lang='lat' dir='ltr'><strong>Omnia</strong></span> <span class='ocrx_word' id='word_1_340' title='bbox 3125 3264 3217 3317; x_wconf 85' lang='lat' dir='ltr'><strong>per</strong></span> <span class='ocrx_word' id='word_1_341' title='bbox 3242 3249 3413 3321; x_wconf 79' lang='lat' dir='ltr'><strong>ipsum</strong></span> <span class='ocrx_word' id='word_1_342' title='bbox 3443 3252 3591 3322; x_wconf 79' lang='lat' dir='ltr'><strong>facta</strong></span> <span class='ocrx_word' id='word_1_343' title='bbox 3614 3259 3756 3315; x_wconf 75' lang='lat' dir='ltr'><strong>sunt,</strong></span> <span class='ocrx_word' id='word_1_344' title='bbox 3787 3261 3835 3305; x_wconf 84' lang='lat' dir='ltr'><strong>et</strong></span> 
     </span>
    </p>
   </div>
   <div class='ocr_carea' id='block_1_56' title="bbox 2238 3338 3837 3415">
    <p class='ocr_par' dir='ltr' id='par_1_56' title="bbox 2238 3338 3837 3415">
     <span class='ocr_line' id='line_1_56' title="bbox 2238 3338 3837 3415; baseline 0.002 -18"><span class='ocrx_word' id='word_1_345' title='bbox 2238 3343 2349 3397; x_wconf 79' lang='lat' dir='ltr'><strong>sine</strong></span> <span class='ocrx_word' id='word_1_346' title='bbox 2374 3343 2486 3412; x_wconf 79' lang='lat' dir='ltr'><strong>ipso</strong></span> <span class='ocrx_word' id='word_1_347' title='bbox 2512 3342 2709 3412; x_wconf 80' lang='lat' dir='ltr'><strong>factum</strong></span> <span class='ocrx_word' id='word_1_348' title='bbox 2734 3350 2811 3396; x_wconf 78' lang='lat' dir='ltr'><strong>est</strong></span> <span class='ocrx_word' id='word_1_349' title='bbox 2840 3341 2971 3395; x_wconf 80' lang='lat' dir='ltr'><strong>nihil</strong></span> <span class='ocrx_word' id='word_1_350' title='bbox 2992 3338 3186 3414; x_wconf 78' lang='lat' dir='ltr'><strong>(Joan.</strong></span> <span class='ocrx_word' id='word_1_351' title='bbox 3213 3357 3256 3408; x_wconf 83' lang='grc' dir='ltr'><strong>ι,</strong></span> <span class='ocrx_word' id='word_1_352' title='bbox 3281 3343 3376 3398; x_wconf 79' lang='grc'><strong>1-5</strong></span> <span class='ocrx_word' id='word_1_353' title='bbox 3392 3342 3434 3415; x_wconf 90' lang='grc'><strong>).</strong></span> <span class='ocrx_word' id='word_1_354' title='bbox 3469 3343 3625 3400; x_wconf 88' lang='lat' dir='ltr'><strong>Unde</strong></span> <span class='ocrx_word' id='word_1_355' title='bbox 3650 3345 3837 3401; x_wconf 82' lang='lat' dir='ltr'><strong>mirari</strong></span> 
     </span>
    </p>
   </div>
   <div class='ocr_carea' id='block_1_57' title="bbox 2238 3435 3829 3508">
    <p class='ocr_par' dir='ltr' id='par_1_57' title="bbox 2238 3435 3829 3508">
     <span class='ocr_line' id='line_1_57' title="bbox 2238 3435 3829 3508; baseline 0.001 -16"><span class='ocrx_word' id='word_1_356' title='bbox 2238 3451 2325 3492; x_wconf 92' lang='lat' dir='ltr'><strong>me</strong></span> <span class='ocrx_word' id='word_1_357' title='bbox 2356 3435 2527 3491; x_wconf 80' lang='lat' dir='ltr'><strong>fateor</strong></span> <span class='ocrx_word' id='word_1_358' title='bbox 2562 3435 2664 3490; x_wconf 88' lang='lat' dir='ltr'><strong>hoc</strong></span> <span class='ocrx_word' id='word_1_359' title='bbox 2694 3437 2769 3490; x_wconf 90' lang='lat' dir='ltr'><strong>ita</strong></span> <span class='ocrx_word' id='word_1_360' title='bbox 2808 3435 3000 3492; x_wconf 89' lang='lat' dir='ltr'><strong>sentiri</strong></span> <span class='ocrx_word' id='word_1_361' title='bbox 3042 3436 3305 3506; x_wconf 82' lang='lat' dir='ltr'><strong>potuisse,</strong></span> <span class='ocrx_word' id='word_1_362' title='bbox 3336 3439 3489 3507; x_wconf 87' lang='lat' dir='ltr'><strong>quasi</strong></span> <span class='ocrx_word' id='word_1_363' title='bbox 3517 3452 3616 3493; x_wconf 92' lang='lat' dir='ltr'><strong>nos</strong></span> <span class='ocrx_word' id='word_1_364' title='bbox 3644 3451 3829 3508; x_wconf 73' lang='lat' dir='ltr'><strong>perso~</strong></span> 
     </span>
    </p>
   </div>
   <div class='ocr_carea' id='block_1_58' title="bbox 2238 3526 3837 3601">
    <p class='ocr_par' dir='ltr' id='par_1_58' title="bbox 2238 3526 3837 3601">
     <span class='ocr_line' id='line_1_58' title="bbox 2238 3526 3837 3601; baseline 0.001 -17"><span class='ocrx_word' id='word_1_365' title='bbox 2238 3545 2363 3584; x_wconf 90' lang='lat' dir='ltr'><strong>nam</strong></span> <span class='ocrx_word' id='word_1_366' title='bbox 2416 3528 2687 3599; x_wconf 87' lang='lat' dir='ltr'><strong>propriam</strong></span> <span class='ocrx_word' id='word_1_367' title='bbox 2734 3526 2924 3595; x_wconf 83' lang='lat' dir='ltr'><strong>Verbi,</strong></span> <span class='ocrx_word' id='word_1_368' title='bbox 2957 3528 3100 3599; x_wconf 91' lang='lat' dir='ltr'><strong>quod</strong></span> <span class='ocrx_word' id='word_1_369' title='bbox 3134 3538 3217 3584; x_wconf 86' lang='lat' dir='ltr'><strong>est</strong></span> <span class='ocrx_word' id='word_1_370' title='bbox 3262 3528 3457 3596; x_wconf 87' lang='lat' dir='ltr'><strong>Filius,</strong></span> <span class='ocrx_word' id='word_1_371' title='bbox 3489 3545 3837 3601; x_wconf 81' lang='lat' dir='ltr'><strong>negaremus.</strong></span> 
     </span>
    </p>
   </div>
   <div class='ocr_carea' id='block_1_59' title="bbox 2237 3622 3837 3694">
    <p class='ocr_par' dir='ltr' id='par_1_59' title="bbox 2237 3622 3837 3694">
     <span class='ocr_line' id='line_1_59' title="bbox 2237 3622 3837 3694; baseline 0 -15"><span class='ocrx_word' id='word_1_372' title='bbox 2237 3622 2409 3679; x_wconf 86' lang='lat' dir='ltr'><strong>Nemo</strong></span> <span class='ocrx_word' id='word_1_373' title='bbox 2433 3622 2603 3678; x_wconf 91' lang='lat' dir='ltr'><strong>verbo</strong></span> <span class='ocrx_word' id='word_1_374' title='bbox 2631 3631 2789 3676; x_wconf 91' lang='lat' dir='ltr'><strong>tenus</strong></span> <span class='ocrx_word' id='word_1_375' title='bbox 2818 3623 3083 3688; x_wconf 80' lang='lat' dir='ltr'><strong>nominat,</strong></span> <span class='ocrx_word' id='word_1_376' title='bbox 3109 3636 3268 3691; x_wconf 88' lang='lat' dir='ltr'><strong>quem</strong></span> <span class='ocrx_word' id='word_1_377' title='bbox 3300 3636 3434 3678; x_wconf 84' lang='lat' dir='ltr'><strong>vere</strong></span> <span class='ocrx_word' id='word_1_378' title='bbox 3469 3636 3595 3677; x_wconf 82' lang='lat' dir='ltr'><strong>esse</strong></span> <span class='ocrx_word' id='word_1_379' title='bbox 3624 3622 3677 3677; x_wconf 93' lang='lat' dir='ltr'><strong>in</strong></span> <span class='ocrx_word' id='word_1_380' title='bbox 3712 3638 3837 3694; x_wconf 84' lang='lat' dir='ltr'><strong>per-</strong></span> 
     </span>
    </p>
   </div>
   <div class='ocr_carea' id='block_1_60' title="bbox 2238 3715 3837 3786">
    <p class='ocr_par' dir='ltr' id='par_1_60' title="bbox 2238 3715 3837 3786">
     <span class='ocr_line' id='line_1_60' title="bbox 2238 3715 3837 3786; baseline 0 -14"><span class='ocrx_word' id='word_1_381' title='bbox 2238 3732 2373 3773; x_wconf 91' lang='lat' dir='ltr'><strong>sona</strong></span> <span class='ocrx_word' id='word_1_382' title='bbox 2398 3732 2495 3772; x_wconf 89' lang='lat' dir='ltr'><strong>sua</strong></span> <span class='ocrx_word' id='word_1_383' title='bbox 2517 3715 2717 3786; x_wconf 65' lang='lat' dir='ltr'><strong>saapius</strong></span> <span class='ocrx_word' id='word_1_384' title='bbox 2741 3716 3064 3785; x_wconf 88' lang='lat' dir='ltr'><strong>prolitetur:</strong></span> <span class='ocrx_word' id='word_1_385' title='bbox 3089 3730 3212 3771; x_wconf 88' lang='lat' dir='ltr'><strong>nam</strong></span> <span class='ocrx_word' id='word_1_386' title='bbox 3234 3716 3512 3785; x_wconf 84' lang='lat' dir='ltr'><strong>quomodo</strong></span> <span class='ocrx_word' id='word_1_387' title='bbox 3533 3727 3625 3771; x_wconf 88' lang='lat' dir='ltr'><strong>aut</strong></span> <span class='ocrx_word' id='word_1_388' title='bbox 3650 3732 3837 3773; x_wconf 90' lang='lat' dir='ltr'><strong>verum</strong></span> 
     </span>
    </p>
   </div>
   <div class='ocr_carea' id='block_1_61' title="bbox 2241 3808 3838 3877">
    <p class='ocr_par' dir='ltr' id='par_1_61' title="bbox 2241 3808 3838 3877">
     <span class='ocr_line' id='line_1_61' title="bbox 2241 3808 3838 3877; baseline 0.003 -14"><span class='ocrx_word' id='word_1_389' title='bbox 2241 3808 2453 3873; x_wconf 87' lang='lat' dir='ltr'><strong>Filium,</strong></span> <span class='ocrx_word' id='word_1_390' title='bbox 2508 3817 2600 3862; x_wconf 90' lang='lat' dir='ltr'><strong>aut</strong></span> <span class='ocrx_word' id='word_1_391' title='bbox 2630 3824 2819 3862; x_wconf 85' lang='lat' dir='ltr'><strong>verum</strong></span> <span class='ocrx_word' id='word_1_392' title='bbox 2873 3808 3091 3863; x_wconf 87' lang='lat' dir='ltr'><strong>Patrem</strong></span> <span class='ocrx_word' id='word_1_393' title='bbox 3123 3808 3363 3868; x_wconf 81' lang='lat' dir='ltr'><strong>confessi</strong></span> <span class='ocrx_word' id='word_1_394' title='bbox 3407 3825 3621 3877; x_wconf 89' lang='lat' dir='ltr'><strong>sumus,</strong></span> <span class='ocrx_word' id='word_1_395' title='bbox 3653 3811 3697 3865; x_wconf 87' lang='lat' dir='ltr'><strong>si</strong></span> <span class='ocrx_word' id='word_1_396' title='bbox 3731 3825 3838 3867; x_wconf 91' lang='lat' dir='ltr'><strong>non</strong></span> 
     </span>
    </p>
   </div>
   <div class='ocr_carea' id='block_1_62' title="bbox 2192 3902 3837 3977">
    <p class='ocr_par' dir='ltr' id='par_1_62' title="bbox 2192 3902 3837 3977">
     <span class='ocr_line' id='line_1_62' title="bbox 2192 3902 3837 3977; baseline 0.004 -20"><span class='ocrx_word' id='word_1_397' title='bbox 2192 3908 2195 3909; x_wconf 66' lang='grc'><strong><em>⁷</em></strong></span> <span class='ocrx_word' id='word_1_398' title='bbox 2237 3918 2365 3958; x_wconf 91' lang='lat' dir='ltr'><strong>vere</strong></span> <span class='ocrx_word' id='word_1_399' title='bbox 2389 3902 2773 3972; x_wconf 85' lang='lat' dir='ltr'><strong>proprietatem</strong></span> <span class='ocrx_word' id='word_1_400' title='bbox 2800 3918 3159 3973; x_wconf 88' lang='lat' dir='ltr'><strong>personarum</strong></span> <span class='ocrx_word' id='word_1_401' title='bbox 3190 3913 3297 3959; x_wconf 88' lang='lat' dir='ltr'><strong>tam</strong></span> <span class='ocrx_word' id='word_1_402' title='bbox 3320 3905 3497 3961; x_wconf 86' lang='lat' dir='ltr'><strong>Patris</strong></span> <span class='ocrx_word' id='word_1_403' title='bbox 3526 3921 3687 3977; x_wconf 87' lang='lat' dir='ltr'><strong>quam</strong></span> <span class='ocrx_word' id='word_1_404' title='bbox 3719 3905 3837 3963; x_wconf 76' lang='lat' dir='ltr'><strong>Filii</strong></span> 
     </span>
    </p>
   </div>
   <div class='ocr_carea' id='block_1_63' title="bbox 2238 3996 2616 4052">
    <p class='ocr_par' dir='ltr' id='par_1_63' title="bbox 2238 3996 2616 4052">
     <span class='ocr_line' id='line_1_63' title="bbox 2238 3996 2616 4052; baseline -0.011 0"><span class='ocrx_word' id='word_1_405' title='bbox 2238 3996 2616 4052; x_wconf 77' lang='lat' dir='ltr'><strong>serVavimus?</strong></span> 
     </span>
    </p>
   </div>
   <div class='ocr_carea' id='block_1_64' title="bbox 2310 4088 3838 4165">
    <p class='ocr_par' dir='ltr' id='par_1_64' title="bbox 2310 4088 3838 4165">
     <span class='ocr_line' id='line_1_64' title="bbox 2310 4088 3838 4165; baseline 0.004 -21"><span class='ocrx_word' id='word_1_406' title='bbox 2310 4088 2418 4144; x_wconf 90' lang='lat' dir='ltr'><strong>Sed</strong></span> <span class='ocrx_word' id='word_1_407' title='bbox 2450 4091 2572 4159; x_wconf 89' lang='lat' dir='ltr'><strong>quia</strong></span> <span class='ocrx_word' id='word_1_408' title='bbox 2609 4090 2766 4144; x_wconf 91' lang='lat' dir='ltr'><strong>unius</strong></span> <span class='ocrx_word' id='word_1_409' title='bbox 2800 4090 2895 4144; x_wconf 90' lang='lat' dir='ltr'><strong>Dei</strong></span> <span class='ocrx_word' id='word_1_410' title='bbox 2928 4090 3256 4147; x_wconf 88' lang='lat' dir='ltr'><strong>vocabulum</strong></span> <span class='ocrx_word' id='word_1_411' title='bbox 3283 4093 3548 4161; x_wconf 78' lang='lat' dir='ltr'><strong>diximus,</strong></span> <span class='ocrx_word' id='word_1_412' title='bbox 3579 4108 3838 4165; x_wconf 86' lang='lat' dir='ltr'><strong>personas</strong></span> 
     </span>
    </p>
   </div>
   <div class='ocr_carea' id='block_1_65' title="bbox 2240 4182 3831 4260">
    <p class='ocr_par' dir='ltr' id='par_1_65' title="bbox 2240 4182 3831 4260">
     <span class='ocr_line' id='line_1_65' title="bbox 2240 4182 3831 4260; baseline 0.006 -24"><span class='ocrx_word' id='word_1_413' title='bbox 2240 4196 2468 4252; x_wconf 77' lang='lat' dir='ltr'><strong>negasse</strong></span> <span class='ocrx_word' id='word_1_414' title='bbox 2498 4191 2770 4251; x_wconf 87' lang='lat' dir='ltr'><strong>putamur.</strong></span> <span class='ocrx_word' id='word_1_415' title='bbox 2803 4182 2868 4237; x_wconf 84' lang='lat' dir='ltr'><strong>Et</strong></span> <span class='ocrx_word' id='word_1_416' title='bbox 2897 4182 3024 4241; x_wconf 90' lang='lat' dir='ltr'><strong>hinc</strong></span> <span class='ocrx_word' id='word_1_417' title='bbox 3048 4185 3346 4242; x_wconf 77' lang='lat' dir='ltr'><strong>verisimile</strong></span> <span class='ocrx_word' id='word_1_418' title='bbox 3368 4187 3545 4243; x_wconf 90' lang='lat' dir='ltr'><strong>visum</strong></span> <span class='ocrx_word' id='word_1_419' title='bbox 3575 4198 3663 4244; x_wconf 90' lang='lat' dir='ltr'><strong>est</strong></span> <span class='ocrx_word' id='word_1_420' title='bbox 3685 4190 3831 4260; x_wconf 86' lang='lat' dir='ltr'><strong>quod</strong></span> 
     </span>
    </p>
   </div>
   <div class='ocr_carea' id='block_1_66' title="bbox 2238 4273 3838 4348">
    <p class='ocr_par' dir='ltr' id='par_1_66' title="bbox 2238 4273 3838 4348">
     <span class='ocr_line' id='line_1_66' title="bbox 2238 4273 3838 4348; baseline 0.008 -21"><span class='ocrx_word' id='word_1_421' title='bbox 2238 4274 2536 4345; x_wconf 89' lang='lat' dir='ltr'><strong>posuimus.</strong></span> <span class='ocrx_word' id='word_1_422' title='bbox 2567 4273 2678 4329; x_wconf 89' lang='lat' dir='ltr'><strong>Nos</strong></span> <span class='ocrx_word' id='word_1_423' title='bbox 2710 4274 2928 4330; x_wconf 84' lang='lat' dir='ltr'><strong>Patrem</strong></span> <span class='ocrx_word' id='word_1_424' title='bbox 2962 4286 3018 4331; x_wconf 90' lang='lat' dir='ltr'><strong>et</strong></span> <span class='ocrx_word' id='word_1_425' title='bbox 3045 4275 3241 4333; x_wconf 86' lang='lat' dir='ltr'><strong>Filium</strong></span> <span class='ocrx_word' id='word_1_426' title='bbox 3278 4281 3348 4333; x_wconf 82' lang='lat' dir='ltr'><strong>ita</strong></span> <span class='ocrx_word' id='word_1_427' title='bbox 3377 4278 3744 4348; x_wconf 86' lang='lat' dir='ltr'><strong>nominamus,</strong></span> <span class='ocrx_word' id='word_1_428' title='bbox 3777 4293 3838 4339; x_wconf 90' lang='lat' dir='ltr'><strong>ut</strong></span> 
     </span>
    </p>
   </div>
   <div class='ocr_carea' id='block_1_67' title="bbox 2240 4367 3836 4447">
    <p class='ocr_par' dir='ltr' id='par_1_67' title="bbox 2240 4367 3836 4447">
     <span class='ocr_line' id='line_1_67' title="bbox 2240 4367 3836 4447; baseline 0.007 -25"><span class='ocrx_word' id='word_1_429' title='bbox 2240 4383 2406 4422; x_wconf 91' lang='lat' dir='ltr'><strong>unum</strong></span> <span class='ocrx_word' id='word_1_430' title='bbox 2456 4367 2622 4423; x_wconf 89' lang='lat' dir='ltr'><strong>Deum</strong></span> <span class='ocrx_word' id='word_1_431' title='bbox 2659 4368 2713 4423; x_wconf 94' lang='lat' dir='ltr'><strong>in</strong></span> <span class='ocrx_word' id='word_1_432' title='bbox 2744 4369 2827 4422; x_wconf 82' lang='lat' dir='ltr'><strong>liis</strong></span> <span class='ocrx_word' id='word_1_433' title='bbox 2879 4373 3131 4440; x_wconf 90' lang='lat' dir='ltr'><strong>personis</strong></span> <span class='ocrx_word' id='word_1_434' title='bbox 3162 4383 3218 4428; x_wconf 93' lang='lat' dir='ltr'><strong>et</strong></span> <span class='ocrx_word' id='word_1_435' title='bbox 3249 4372 3563 4429; x_wconf 88' lang='lat' dir='ltr'><strong>nominibus</strong></span> <span class='ocrx_word' id='word_1_436' title='bbox 3593 4376 3836 4447; x_wconf 79' lang='lat' dir='ltr'><strong>assigne-</strong></span> 
     </span>
    </p>
   </div>
   <div class='ocr_carea' id='block_1_68' title="bbox 2240 4459 3837 4532">
    <p class='ocr_par' dir='ltr' id='par_1_68' title="bbox 2240 4459 3837 4532">
     <span class='ocr_line' id='line_1_68' title="bbox 2240 4459 3837 4532; baseline 0.006 -17"><span class='ocrx_word' id='word_1_437' title='bbox 2240 4475 2380 4515; x_wconf 83' lang='lat' dir='ltr'><strong>ntus.</strong></span> <span class='ocrx_word' id='word_1_438' title='bbox 2414 4459 2584 4515; x_wconf 90' lang='lat' dir='ltr'><strong>Porro</strong></span> <span class='ocrx_word' id='word_1_439' title='bbox 2617 4462 2813 4517; x_wconf 89' lang='lat' dir='ltr'><strong>iterum</strong></span> <span class='ocrx_word' id='word_1_440' title='bbox 2842 4460 3005 4517; x_wconf 83' lang='lat' dir='ltr'><strong>Pater</strong></span> <span class='ocrx_word' id='word_1_441' title='bbox 3027 4474 3083 4519; x_wconf 90' lang='lat' dir='ltr'><strong>et</strong></span> <span class='ocrx_word' id='word_1_442' title='bbox 3113 4464 3305 4532; x_wconf 80' lang='lat' dir='ltr'><strong>Filius,</strong></span> <span class='ocrx_word' id='word_1_443' title='bbox 3345 4466 3449 4521; x_wconf 78' lang='lat' dir='ltr'><strong>etsi</strong></span> <span class='ocrx_word' id='word_1_444' title='bbox 3479 4468 3586 4523; x_wconf 91' lang='lat' dir='ltr'><strong>duo</strong></span> <span class='ocrx_word' id='word_1_445' title='bbox 3619 4471 3837 4526; x_wconf 88' lang='lat' dir='ltr'><strong>nomina</strong></span> 
     </span>
    </p>
   </div>
   <div class='ocr_carea' id='block_1_69' title="bbox 2239 4554 3834 4623">
    <p class='ocr_par' dir='ltr' id='par_1_69' title="bbox 2239 4554 3834 4623">
     <span class='ocr_line' id='line_1_69' title="bbox 2239 4554 3834 4623; baseline 0.007 -17"><span class='ocrx_word' id='word_1_446' title='bbox 2239 4554 2607 4623; x_wconf 88' lang='lat' dir='ltr'><strong>appellantur;</strong></span> <span class='ocrx_word' id='word_1_447' title='bbox 2634 4554 2843 4609; x_wconf 89' lang='lat' dir='ltr'><strong>ratione</strong></span> <span class='ocrx_word' id='word_1_448' title='bbox 2872 4564 3051 4611; x_wconf 89' lang='lat' dir='ltr'><strong>tamen</strong></span> <span class='ocrx_word' id='word_1_449' title='bbox 3078 4566 3133 4611; x_wconf 93' lang='lat' dir='ltr'><strong>et</strong></span> <span class='ocrx_word' id='word_1_450' title='bbox 3153 4558 3458 4614; x_wconf 89' lang='lat' dir='ltr'><strong>substantia</strong></span> <span class='ocrx_word' id='word_1_451' title='bbox 3483 4575 3651 4615; x_wconf 88' lang='lat' dir='ltr'><strong>unum</strong></span> <span class='ocrx_word' id='word_1_452' title='bbox 3677 4571 3834 4618; x_wconf 86' lang='lat' dir='ltr'><strong>sunt:</strong></span> 
     </span>
    </p>
   </div>
   <div class='ocr_carea' id='block_1_70' title="bbox 537 4647 3833 4726">
    <p class='ocr_par' dir='ltr' id='par_1_70' title="bbox 537 4647 3833 4726">
     <span class='ocr_line' id='line_1_70' title="bbox 537 4647 3833 4726; baseline 0.001 -18"><span class='ocrx_word' id='word_1_453' title='bbox 537 4664 694 4726; x_wconf 90' lang='lat' dir='ltr'><strong>putet</strong></span> <span class='ocrx_word' id='word_1_454' title='bbox 724 4669 783 4711; x_wconf 88' lang='lat' dir='ltr'><strong>se</strong></span> <span class='ocrx_word' id='word_1_455' title='bbox 810 4655 991 4710; x_wconf 90' lang='lat' dir='ltr'><strong>omnia</strong></span> <span class='ocrx_word' id='word_1_456' title='bbox 1024 4655 1279 4726; x_wconf 80' lang='lat' dir='ltr'><strong>mysteria</strong></span> <span class='ocrx_word' id='word_1_457' title='bbox 1323 4651 1529 4724; x_wconf 89' lang='lat' dir='ltr'><strong>liquido</strong></span> <span class='ocrx_word' id='word_1_458' title='bbox 1570 4652 1974 4722; x_wconf 87' lang='lat' dir='ltr'><strong>comprehensa</strong></span> <span class='ocrx_word' id='word_1_459' title='bbox 1998 4653 2131 4707; x_wconf 84' lang='lat' dir='ltr'><strong>reti-</strong></span> <span class='ocrx_word' id='word_1_460' title='bbox 2162 4658 2208 4721; x_wconf 72' lang='grc' dir='ltr'><strong>ρ</strong></span> <span class='ocrx_word' id='word_1_461' title='bbox 2237 4655 2292 4703; x_wconf 92' lang='lat' dir='ltr'><strong>et</strong></span> <span class='ocrx_word' id='word_1_462' title='bbox 2336 4662 2458 4701; x_wconf 92' lang='lat' dir='ltr'><strong>cum</strong></span> <span class='ocrx_word' id='word_1_463' title='bbox 2507 4647 2721 4704; x_wconf 78' lang='lat' dir='ltr'><strong>Patrem</strong></span> <span class='ocrx_word' id='word_1_464' title='bbox 2761 4661 2814 4706; x_wconf 92' lang='lat' dir='ltr'><strong>et</strong></span> <span class='ocrx_word' id='word_1_465' title='bbox 2864 4648 3067 4705; x_wconf 86' lang='lat' dir='ltr'><strong>Filium</strong></span> <span class='ocrx_word' id='word_1_466' title='bbox 3137 4660 3339 4719; x_wconf 89' lang='lat' dir='ltr'><strong>statuo,</strong></span> <span class='ocrx_word' id='word_1_467' title='bbox 3403 4655 3670 4710; x_wconf 89' lang='lat' dir='ltr'><strong>unitatem</strong></span> <span class='ocrx_word' id='word_1_468' title='bbox 3742 4670 3833 4712; x_wconf 85' lang='lat' dir='ltr'><strong>as-</strong></span> 
     </span>
    </p>
   </div>
   <div class='ocr_carea' id='block_1_71' title="bbox 538 4744 2133 4817">
    <p class='ocr_par' dir='ltr' id='par_1_71' title="bbox 538 4744 2133 4817">
     <span class='ocr_line' id='line_1_71' title="bbox 538 4744 2133 4817; baseline -0.002 -14"><span class='ocrx_word' id='word_1_469' title='bbox 538 4764 691 4805; x_wconf 89' lang='lat' dir='ltr'><strong>nere.</strong></span> <span class='ocrx_word' id='word_1_470' title='bbox 724 4764 851 4804; x_wconf 92' lang='lat' dir='ltr'><strong>cum</strong></span> <span class='ocrx_word' id='word_1_471' title='bbox 879 4749 1083 4804; x_wconf 85' lang='lat' dir='ltr'><strong>Paulus</strong></span> <span class='ocrx_word' id='word_1_472' title='bbox 1106 4746 1388 4816; x_wconf 86' lang='lat' dir='ltr'><strong>apostolus</strong></span> <span class='ocrx_word' id='word_1_473' title='bbox 1411 4745 1590 4800; x_wconf 91' lang='lat' dir='ltr'><strong>dicat:</strong></span> <span class='ocrx_word' id='word_1_474' title='bbox 1619 4744 1724 4812; x_wconf 83' lang='lat' dir='ltr'><strong>Qui</strong></span> <span class='ocrx_word' id='word_1_475' title='bbox 1747 4762 1867 4817; x_wconf 86' lang='lat' dir='ltr'><strong>ergo</strong></span> <span class='ocrx_word' id='word_1_476' title='bbox 1895 4757 2047 4817; x_wconf 85' lang='lat' dir='ltr'><strong>putat</strong></span> <span class='ocrx_word' id='word_1_477' title='bbox 2079 4764 2133 4801; x_wconf 75' lang='lat' dir='ltr'><strong>se</strong></span> 
     </span>
    </p>
   </div>
   <div class='ocr_carea' id='block_1_72' title="bbox 536 4838 2133 4912">
    <p class='ocr_par' dir='ltr' id='par_1_72' title="bbox 536 4838 2133 4912">
     <span class='ocr_line' id='line_1_72' title="bbox 536 4838 2133 4912; baseline -0.001 -18"><span class='ocrx_word' id='word_1_478' title='bbox 536 4842 737 4912; x_wconf 69' lang='lat' dir='ltr'><strong>aliquid</strong></span> <span class='ocrx_word' id='word_1_479' title='bbox 782 4842 934 4907; x_wconf 79' lang='lat' dir='ltr'><strong>scire,</strong></span> <span class='ocrx_word' id='word_1_480' title='bbox 986 4857 1078 4895; x_wconf 83' lang='lat' dir='ltr'><strong>nec</strong></span> <span class='ocrx_word' id='word_1_481' title='bbox 1119 4839 1246 4894; x_wconf 83' lang='lat' dir='ltr'><strong>dum</strong></span> <span class='ocrx_word' id='word_1_482' title='bbox 1275 4840 1371 4894; x_wconf 83' lang='lat' dir='ltr'><strong>scit</strong></span> <span class='ocrx_word' id='word_1_483' title='bbox 1411 4838 1846 4911; x_wconf 83' lang='lat' dir='ltr'><strong>quemadmodum</strong></span> <span class='ocrx_word' id='word_1_484' title='bbox 1895 4850 2133 4911; x_wconf 80' lang='lat' dir='ltr'><strong>oporteat</strong></span> 
     </span>
    </p>
   </div>
   <div class='ocr_carea' id='block_1_73' title="bbox 533 4931 2131 5005">
    <p class='ocr_par' dir='ltr' id='par_1_73' title="bbox 533 4931 2131 5005">
     <span class='ocr_line' id='line_1_73' title="bbox 533 4931 2131 5005; baseline -0.003 -17"><span class='ocrx_word' id='word_1_485' title='bbox 533 4935 668 4989; x_wconf 74' lang='lat' dir='ltr'><strong>scire</strong></span> <span class='ocrx_word' id='word_1_486' title='bbox 689 4933 732 5005; x_wconf 69' lang='lat' dir='ltr'><strong>tl</strong></span> <span class='ocrx_word' id='word_1_487' title='bbox 759 4932 881 4989; x_wconf 90' lang='lat' dir='ltr'><strong>Cor.</strong></span> <span class='ocrx_word' id='word_1_488' title='bbox 911 4949 1027 4996; x_wconf 79' lang='lat' dir='ltr'><strong>vni,</strong></span> <span class='ocrx_word' id='word_1_489' title='bbox 1050 4933 1143 5003; x_wconf 77' lang='lat'><strong>2);</strong></span> <span class='ocrx_word' id='word_1_490' title='bbox 1170 4946 1221 4987; x_wconf 88' lang='lat' dir='ltr'><strong>et</strong></span> <span class='ocrx_word' id='word_1_491' title='bbox 1246 4949 1260 4987; x_wconf 91' lang='lat'><strong>:</strong></span> <span class='ocrx_word' id='word_1_492' title='bbox 1286 4931 1447 4986; x_wconf 82' lang='lat' dir='ltr'><strong>Modo</strong></span> <span class='ocrx_word' id='word_1_493' title='bbox 1474 4947 1566 5001; x_wconf 84' lang='lat' dir='ltr'><strong>per</strong></span> <span class='ocrx_word' id='word_1_494' title='bbox 1597 4932 1866 4999; x_wconf 72' lang='lat' dir='ltr'><strong>speratum</strong></span> <span class='ocrx_word' id='word_1_495' title='bbox 1892 4933 1942 4985; x_wconf 87' lang='lat' dir='ltr'><strong>in</strong></span> <span class='ocrx_word' id='word_1_496' title='bbox 1973 4934 2131 5004; x_wconf 67' lang='lat' dir='ltr'><strong>aenig-</strong></span> 
     </span>
    </p>
   </div>
   <div class='ocr_carea' id='block_1_74' title="bbox 536 5025 2126 5100">
    <p class='ocr_par' dir='ltr' id='par_1_74' title="bbox 536 5025 2126 5100">
     <span class='ocr_line' id='line_1_74' title="bbox 536 5025 2126 5100; baseline 0.001 -19"><span class='ocrx_word' id='word_1_497' title='bbox 536 5038 673 5083; x_wconf 86' lang='lat' dir='ltr'><strong>mate</strong></span> <span class='ocrx_word' id='word_1_498' title='bbox 699 5028 964 5094; x_wconf 78' lang='lat' dir='ltr'><strong>videmus;</strong></span> <span class='ocrx_word' id='word_1_499' title='bbox 994 5037 1118 5082; x_wconf 84' lang='lat' dir='ltr'><strong>tunc</strong></span> <span class='ocrx_word' id='word_1_500' title='bbox 1148 5027 1282 5097; x_wconf 81' lang='lat' dir='ltr'><strong>facie</strong></span> <span class='ocrx_word' id='word_1_501' title='bbox 1306 5026 1376 5080; x_wconf 84' lang='lat' dir='ltr'><strong>ad</strong></span> <span class='ocrx_word' id='word_1_502' title='bbox 1405 5026 1591 5096; x_wconf 79' lang='lat' dir='ltr'><strong>facient</strong></span> <span class='ocrx_word' id='word_1_503' title='bbox 1614 5026 1634 5092; x_wconf 80' lang='grc'><strong><em>&lt;</em></strong></span> <span class='ocrx_word' id='word_1_504' title='bbox 1656 5025 1671 5080; x_wconf 91' lang='grc'><strong>1</strong></span> <span class='ocrx_word' id='word_1_505' title='bbox 1697 5025 1819 5080; x_wconf 86' lang='lat' dir='ltr'><strong>Cor.</strong></span> <span class='ocrx_word' id='word_1_506' title='bbox 1847 5041 1966 5094; x_wconf 75' lang='lat' dir='ltr'><strong>xm,</strong></span> <span class='ocrx_word' id='word_1_507' title='bbox 2002 5026 2126 5100; x_wconf 73' lang='grc'><strong>12).</strong></span> 
     </span>
    </p>
   </div>
   <div class='ocr_carea' id='block_1_75' title="bbox 535 5120 2130 5193">
    <p class='ocr_par' dir='ltr' id='par_1_75' title="bbox 535 5120 2130 5193">
     <span class='ocr_line' id='line_1_75' title="bbox 535 5120 2130 5193; baseline -0.001 -15"><span class='ocrx_word' id='word_1_508' title='bbox 535 5122 632 5179; x_wconf 92' lang='lat' dir='ltr'><strong>Sin</strong></span> <span class='ocrx_word' id='word_1_509' title='bbox 660 5139 789 5177; x_wconf 78' lang='lat' dir='ltr'><strong>vero</strong></span> <span class='ocrx_word' id='word_1_510' title='bbox 816 5121 1031 5177; x_wconf 89' lang='lat' dir='ltr'><strong>cunctis</strong></span> <span class='ocrx_word' id='word_1_511' title='bbox 1052 5120 1235 5176; x_wconf 90' lang='lat' dir='ltr'><strong>omnia</strong></span> <span class='ocrx_word' id='word_1_512' title='bbox 1263 5136 1384 5188; x_wconf 84' lang='lat' dir='ltr'><strong>quae</strong></span> <span class='ocrx_word' id='word_1_513' title='bbox 1406 5120 1517 5175; x_wconf 89' lang='lat' dir='ltr'><strong>illic</strong></span> <span class='ocrx_word' id='word_1_514' title='bbox 1546 5123 1751 5192; x_wconf 87' lang='lat' dir='ltr'><strong>scripta</strong></span> <span class='ocrx_word' id='word_1_515' title='bbox 1779 5133 1954 5185; x_wconf 89' lang='lat' dir='ltr'><strong>erant,</strong></span> <span class='ocrx_word' id='word_1_516' title='bbox 1973 5122 2130 5193; x_wconf 81' lang='lat' dir='ltr'><strong>juxta</strong></span> 
     </span>
    </p>
   </div>
   <div class='ocr_carea' id='block_1_76' title="bbox 534 5214 2128 5290">
    <p class='ocr_par' dir='ltr' id='par_1_76' title="bbox 534 5214 2128 5290">
     <span class='ocr_line' id='line_1_76' title="bbox 534 5214 2128 5290; baseline -0.001 -17"><span class='ocrx_word' id='word_1_517' title='bbox 534 5217 698 5273; x_wconf 86' lang='lat' dir='ltr'><strong>ltdem</strong></span> <span class='ocrx_word' id='word_1_518' title='bbox 728 5232 911 5272; x_wconf 84' lang='lat' dir='ltr'><strong>veram</strong></span> <span class='ocrx_word' id='word_1_519' title='bbox 930 5224 1187 5271; x_wconf 89' lang='lat' dir='ltr'><strong>constare</strong></span> <span class='ocrx_word' id='word_1_520' title='bbox 1212 5214 1550 5277; x_wconf 86' lang='lat' dir='ltr'><strong>viderentur,</strong></span> <span class='ocrx_word' id='word_1_521' title='bbox 1585 5225 1695 5271; x_wconf 91' lang='lat' dir='ltr'><strong>tum</strong></span> <span class='ocrx_word' id='word_1_522' title='bbox 1718 5226 1773 5272; x_wconf 93' lang='lat' dir='ltr'><strong>et</strong></span> <span class='ocrx_word' id='word_1_523' title='bbox 1796 5218 1911 5290; x_wconf 90' lang='lat' dir='ltr'><strong>ipse</strong></span> <span class='ocrx_word' id='word_1_524' title='bbox 1939 5226 2128 5287; x_wconf 89' lang='lat' dir='ltr'><strong>peten-</strong></span> 
     </span>
    </p>
   </div>
   <div class='ocr_carea' id='block_1_77' title="bbox 534 5306 2127 5379">
    <p class='ocr_par' dir='ltr' id='par_1_77' title="bbox 534 5306 2127 5379">
     <span class='ocr_line' id='line_1_77' title="bbox 534 5306 2127 5379; baseline -0.002 -14"><span class='ocrx_word' id='word_1_525' title='bbox 534 5311 680 5367; x_wconf 87' lang='lat' dir='ltr'><strong>tibus</strong></span> <span class='ocrx_word' id='word_1_526' title='bbox 713 5325 819 5364; x_wconf 91' lang='lat' dir='ltr'><strong>non</strong></span> <span class='ocrx_word' id='word_1_527' title='bbox 844 5318 1087 5379; x_wconf 73' lang='lat' dir='ltr'><strong>negaret.</strong></span> <span class='ocrx_word' id='word_1_528' title='bbox 1107 5306 1265 5374; x_wconf 86' lang='lat' dir='ltr'><strong>Quod</strong></span> <span class='ocrx_word' id='word_1_529' title='bbox 1295 5322 1419 5362; x_wconf 88' lang='lat' dir='ltr'><strong>eum</strong></span> <span class='ocrx_word' id='word_1_530' title='bbox 1445 5309 1516 5362; x_wconf 90' lang='lat' dir='ltr'><strong>ita</strong></span> <span class='ocrx_word' id='word_1_531' title='bbox 1550 5306 1745 5364; x_wconf 79' lang='lat' dir='ltr'><strong>fecisse</strong></span> <span class='ocrx_word' id='word_1_532' title='bbox 1775 5310 2127 5365; x_wconf 82' lang='lat' dir='ltr'><strong>manifestum</strong></span> 
     </span>
    </p>
   </div>
   <div class='ocr_carea' id='block_1_78' title="bbox 531 5399 2128 5472">
    <p class='ocr_par' dir='ltr' id='par_1_78' title="bbox 531 5399 2128 5472">
     <span class='ocr_line' id='line_1_78' title="bbox 531 5399 2128 5472; baseline -0.003 -12"><span class='ocrx_word' id='word_1_533' title='bbox 531 5413 638 5460; x_wconf 86' lang='lat' dir='ltr'><strong>est.</strong></span> <span class='ocrx_word' id='word_1_534' title='bbox 684 5402 749 5459; x_wconf 84' lang='lat' dir='ltr'><strong>Et</strong></span> <span class='ocrx_word' id='word_1_535' title='bbox 790 5402 916 5472; x_wconf 90' lang='lat' dir='ltr'><strong>quia</strong></span> <span class='ocrx_word' id='word_1_536' title='bbox 963 5416 1053 5456; x_wconf 90' lang='lat' dir='ltr'><strong>res</strong></span> <span class='ocrx_word' id='word_1_537' title='bbox 1085 5399 1247 5471; x_wconf 79' lang='lat' dir='ltr'><strong>digna</strong></span> <span class='ocrx_word' id='word_1_538' title='bbox 1299 5410 1405 5456; x_wconf 86' lang='lat' dir='ltr'><strong>tam</strong></span> <span class='ocrx_word' id='word_1_539' title='bbox 1437 5400 1726 5457; x_wconf 75' lang='lat' dir='ltr'><strong>catholicae</strong></span> <span class='ocrx_word' id='word_1_540' title='bbox 1769 5401 2128 5469; x_wconf 73' lang='lat' dir='ltr'><strong>coitfessioui,</strong></span> 
     </span>
    </p>
   </div>
   <div class='ocr_carea' id='block_1_79' title="bbox 530 5494 2128 5571">
    <p class='ocr_par' dir='ltr' id='par_1_79' title="bbox 530 5494 2128 5571">
     <span class='ocr_line' id='line_1_79' title="bbox 530 5494 2128 5571; baseline -0.002 -19"><span class='ocrx_word' id='word_1_541' title='bbox 530 5513 695 5571; x_wconf 86' lang='lat' dir='ltr'><strong>quam</strong></span> <span class='ocrx_word' id='word_1_542' title='bbox 753 5495 1025 5551; x_wconf 73' lang='lat' dir='ltr'><strong>haeretica:</strong></span> <span class='ocrx_word' id='word_1_543' title='bbox 1070 5498 1433 5567; x_wconf 81' lang='lat' dir='ltr'><strong>responsioni,</strong></span> <span class='ocrx_word' id='word_1_544' title='bbox 1483 5494 1860 5552; x_wconf 84' lang='lat' dir='ltr'><strong>universorum</strong></span> <span class='ocrx_word' id='word_1_545' title='bbox 1920 5495 2128 5564; x_wconf 90' lang='lat' dir='ltr'><strong>judicio</strong></span> 
     </span>
    </p>
   </div>
   <div class='ocr_carea' id='block_1_80' title="bbox 528 5588 2128 5662">
    <p class='ocr_par' dir='ltr' id='par_1_80' title="bbox 528 5588 2128 5662">
     <span class='ocr_line' id='line_1_80' title="bbox 528 5588 2128 5662; baseline -0.004 -13"><span class='ocrx_word' id='word_1_546' title='bbox 528 5594 795 5649; x_wconf 69' lang='lat' dir='ltr'><strong>astimata</strong></span> <span class='ocrx_word' id='word_1_547' title='bbox 822 5599 930 5659; x_wconf 78' lang='lat' dir='ltr'><strong>eet,</strong></span> <span class='ocrx_word' id='word_1_548' title='bbox 975 5591 1130 5647; x_wconf 93' lang='lat' dir='ltr'><strong>multi</strong></span> <span class='ocrx_word' id='word_1_549' title='bbox 1170 5605 1294 5647; x_wconf 89' lang='lat' dir='ltr'><strong>eum</strong></span> <span class='ocrx_word' id='word_1_550' title='bbox 1325 5590 1408 5647; x_wconf 90' lang='lat' dir='ltr'><strong>vel</strong></span> <span class='ocrx_word' id='word_1_551' title='bbox 1456 5590 1641 5662; x_wconf 72' lang='lat' dir='ltr'><strong>legere</strong></span> <span class='ocrx_word' id='word_1_552' title='bbox 1672 5591 1761 5647; x_wconf 89' lang='lat' dir='ltr'><strong>vel</strong></span> <span class='ocrx_word' id='word_1_553' title='bbox 1805 5588 2128 5647; x_wconf 88' lang='lat' dir='ltr'><strong>describere</strong></span> 
     </span>
    </p>
   </div>
   <div class='ocr_carea' id='block_1_81' title="bbox 529 5684 1777 5763">
    <p class='ocr_par' dir='ltr' id='par_1_81' title="bbox 529 5684 1777 5763">
     <span class='ocr_line' id='line_1_81' title="bbox 529 5684 1777 5763; baseline 0 -24"><span class='ocrx_word' id='word_1_554' title='bbox 529 5684 843 5751; x_wconf 79' lang='lat' dir='ltr'><strong>voluerunt.</strong></span> <span class='ocrx_word' id='word_1_555' title='bbox 1228 5752 1229 5759; x_wconf 12' lang='grc' dir='ltr'>γ</span> <span class='ocrx_word' id='word_1_556' title='bbox 1752 5727 1777 5763; x_wconf 36' lang='grc' dir='ltr'><em>η</em></span> 
     </span>
    </p>
   </div>
   <div class='ocr_carea' id='block_1_82' title="bbox 599 5760 2123 5853">
    <p class='ocr_par' dir='ltr' id='par_1_82' title="bbox 599 5760 2123 5853">
     <span class='ocr_line' id='line_1_82' title="bbox 599 5760 2123 5853; baseline -0.004 -18"><span class='ocrx_word' id='word_1_557' title='bbox 599 5768 707 5837; x_wconf 60' lang='grc' dir='ltr'><strong>θεά</strong></span> <span class='ocrx_word' id='word_1_558' title='bbox 750 5784 859 5838; x_wconf 78' lang='lat' dir='ltr'><strong>ttott</strong></span> <span class='ocrx_word' id='word_1_559' title='bbox 888 5769 1057 5838; x_wconf 72' lang='lat' dir='ltr'><strong>defuit</strong></span> <span class='ocrx_word' id='word_1_560' title='bbox 1088 5768 1177 5853; x_wconf 82' lang='lat' dir='ltr'><strong>qtli</strong></span> <span class='ocrx_word' id='word_1_561' title='bbox 1223 5780 1319 5847; x_wconf 65' lang='lat' dir='ltr'><strong>pro</strong></span> <span class='ocrx_word' id='word_1_562' title='bbox 1350 5763 1534 5835; x_wconf 69' lang='lat' dir='ltr'><strong>studio</strong></span> <span class='ocrx_word' id='word_1_563' title='bbox 1566 5760 1853 5843; x_wconf 62' lang='lat' dir='ltr'><strong>doctrina,</strong></span> <span class='ocrx_word' id='word_1_564' title='bbox 1911 5760 1993 5831; x_wconf 74' lang='lat' dir='ltr'><strong>vel</strong></span> <span class='ocrx_word' id='word_1_565' title='bbox 2024 5776 2123 5843; x_wconf 72' lang='lat' dir='ltr'><strong>prs</strong></span> 
     </span>
    </p>
   </div>
   <div class='ocr_carea' id='block_1_83' title="bbox 2238 4739 2659 4809">
    <p class='ocr_par' dir='ltr' id='par_1_83' title="bbox 2238 4739 2659 4809">
     <span class='ocr_line' id='line_1_83' title="bbox 2238 4739 2659 4809; baseline 0.01 -16"><span class='ocrx_word' id='word_1_566' title='bbox 2238 4739 2393 4809; x_wconf 74' lang='lat' dir='ltr'><strong>signo</strong></span> <span class='ocrx_word' id='word_1_567' title='bbox 2420 4742 2659 4809; x_wconf 81' lang='lat' dir='ltr'><strong>generis.</strong></span> 
     </span>
    </p>
   </div>
   <div class='ocr_carea' id='block_1_84' title="bbox 2313 4832 3831 4915">
    <p class='ocr_par' dir='ltr' id='par_1_84' title="bbox 2313 4832 3831 4915">
     <span class='ocr_line' id='line_1_84' title="bbox 2313 4832 3831 4915; baseline 0.009 -28"><span class='ocrx_word' id='word_1_568' title='bbox 2313 4832 2436 4889; x_wconf 82' lang='lat' dir='ltr'><strong>Haec</strong></span> <span class='ocrx_word' id='word_1_569' title='bbox 2481 4836 2661 4891; x_wconf 91' lang='lat' dir='ltr'><strong>omnia</strong></span> <span class='ocrx_word' id='word_1_570' title='bbox 2693 4837 2921 4909; x_wconf 84' lang='lat' dir='ltr'><strong>intelligi</strong></span> <span class='ocrx_word' id='word_1_571' title='bbox 2956 4853 3115 4908; x_wconf 90' lang='lat' dir='ltr'><strong>posse</strong></span> <span class='ocrx_word' id='word_1_572' title='bbox 3160 4839 3432 4896; x_wconf 70' lang='lat' dir='ltr'><strong>mStimata</strong></span> <span class='ocrx_word' id='word_1_573' title='bbox 3476 4850 3623 4907; x_wconf 89' lang='lat' dir='ltr'><strong>sunt,</strong></span> <span class='ocrx_word' id='word_1_574' title='bbox 3669 4847 3831 4915; x_wconf 84' lang='lat' dir='ltr'><strong>quasi</strong></span> 
     </span>
    </p>
   </div>
   <div class='ocr_carea' id='block_1_85' title="bbox 2236 4926 3826 5006">
    <p class='ocr_par' dir='ltr' id='par_1_85' title="bbox 2236 4926 3826 5006">
     <span class='ocr_line' id='line_1_85' title="bbox 2236 4926 3826 5006; baseline 0.007 -25"><span class='ocrx_word' id='word_1_575' title='bbox 2236 4926 2336 4981; x_wconf 78' lang='lat' dir='ltr'><strong>ieta</strong></span> <span class='ocrx_word' id='word_1_576' title='bbox 2368 4928 2627 4984; x_wconf 85' lang='lat' dir='ltr'><strong>vocabula</strong></span> <span class='ocrx_word' id='word_1_577' title='bbox 2656 4930 2797 4986; x_wconf 91' lang='lat' dir='ltr'><strong>inter</strong></span> <span class='ocrx_word' id='word_1_578' title='bbox 2826 4931 3042 4987; x_wconf 85' lang='lat' dir='ltr'><strong>Patrem</strong></span> <span class='ocrx_word' id='word_1_579' title='bbox 3072 4941 3127 4987; x_wconf 88' lang='lat' dir='ltr'><strong>et</strong></span> <span class='ocrx_word' id='word_1_580' title='bbox 3154 4931 3354 4988; x_wconf 83' lang='lat' dir='ltr'><strong>Filium</strong></span> <span class='ocrx_word' id='word_1_581' title='bbox 3389 4935 3459 4988; x_wconf 88' lang='lat' dir='ltr'><strong>ita</strong></span> <span class='ocrx_word' id='word_1_582' title='bbox 3493 4936 3669 5005; x_wconf 88' lang='lat' dir='ltr'><strong>posita</strong></span> <span class='ocrx_word' id='word_1_583' title='bbox 3690 4938 3826 5006; x_wconf 90' lang='lat' dir='ltr'><strong>sint,</strong></span> 
     </span>
    </p>
   </div>
   <div class='ocr_carea' id='block_1_86' title="bbox 2235 5027 3828 5098">
    <p class='ocr_par' dir='ltr' id='par_1_86' title="bbox 2235 5027 3828 5098">
     <span class='ocr_line' id='line_1_86' title="bbox 2235 5027 3828 5098; baseline 0.007 -23"><span class='ocrx_word' id='word_1_584' title='bbox 2235 5029 2296 5075; x_wconf 80' lang='lat' dir='ltr'><strong>ut</strong></span> <span class='ocrx_word' id='word_1_585' title='bbox 2334 5032 2420 5076; x_wconf 89' lang='lat' dir='ltr'><strong>est</strong></span> <span class='ocrx_word' id='word_1_586' title='bbox 2450 5036 2648 5078; x_wconf 91' lang='lat' dir='ltr'><strong>nomen</strong></span> <span class='ocrx_word' id='word_1_587' title='bbox 2670 5034 2724 5078; x_wconf 91' lang='lat' dir='ltr'><strong>et</strong></span> <span class='ocrx_word' id='word_1_588' title='bbox 2753 5039 3078 5094; x_wconf 84' lang='lat' dir='ltr'><strong>cognomen,</strong></span> <span class='ocrx_word' id='word_1_589' title='bbox 3114 5027 3272 5080; x_wconf 65' lang='lat' dir='ltr'><strong>unius</strong></span> <span class='ocrx_word' id='word_1_590' title='bbox 3313 5036 3493 5082; x_wconf 90' lang='lat' dir='ltr'><strong>tamen</strong></span> <span class='ocrx_word' id='word_1_591' title='bbox 3539 5045 3828 5098; x_wconf 83' lang='lat' dir='ltr'><strong>personae;</strong></span> 
     </span>
    </p>
   </div>
   <div class='ocr_carea' id='block_1_87' title="bbox 2234 5116 3828 5192">
    <p class='ocr_par' dir='ltr' id='par_1_87' title="bbox 2234 5116 3828 5192">
     <span class='ocr_line' id='line_1_87' title="bbox 2234 5116 3828 5192; baseline 0.007 -23"><span class='ocrx_word' id='word_1_592' title='bbox 2234 5128 2357 5169; x_wconf 88' lang='lat' dir='ltr'><strong>cum</strong></span> <span class='ocrx_word' id='word_1_593' title='bbox 2386 5130 2453 5169; x_wconf 84' lang='lat' dir='ltr'><strong>ex</strong></span> <span class='ocrx_word' id='word_1_594' title='bbox 2485 5116 2858 5185; x_wconf 84' lang='lat' dir='ltr'><strong>superioribus</strong></span> <span class='ocrx_word' id='word_1_595' title='bbox 2880 5126 2971 5170; x_wconf 89' lang='lat' dir='ltr'><strong>aut</strong></span> <span class='ocrx_word' id='word_1_596' title='bbox 3000 5116 3352 5172; x_wconf 81' lang='lat' dir='ltr'><strong>inferioribus</strong></span> <span class='ocrx_word' id='word_1_597' title='bbox 3382 5119 3542 5175; x_wconf 91' lang='lat' dir='ltr'><strong>dictis</strong></span> <span class='ocrx_word' id='word_1_598' title='bbox 3584 5127 3828 5192; x_wconf 83' lang='lat' dir='ltr'><strong>potuerit</strong></span> 
     </span>
    </p>
   </div>
   <div class='ocr_carea' id='block_1_88' title="bbox 2237 5215 3828 5284">
    <p class='ocr_par' dir='ltr' id='par_1_88' title="bbox 2237 5215 3828 5284">
     <span class='ocr_line' id='line_1_88' title="bbox 2237 5215 3828 5284; baseline 0.006 -14"><span class='ocrx_word' id='word_1_599' title='bbox 2237 5215 2352 5271; x_wconf 56' lang='lat' dir='ltr'><strong>hac</strong></span> <span class='ocrx_word' id='word_1_600' title='bbox 2373 5217 2610 5284; x_wconf 79' lang='lat' dir='ltr'><strong>suSpieio</strong></span> <span class='ocrx_word' id='word_1_601' title='bbox 2642 5231 2749 5270; x_wconf 92' lang='lat' dir='ltr'><strong>non</strong></span> <span class='ocrx_word' id='word_1_602' title='bbox 2781 5217 3018 5272; x_wconf 87' lang='lat' dir='ltr'><strong>admitti.</strong></span> <span class='ocrx_word' id='word_1_603' title='bbox 3065 5216 3164 5282; x_wconf 88' lang='lat' dir='ltr'><strong>Qui</strong></span> <span class='ocrx_word' id='word_1_604' title='bbox 3198 5219 3343 5272; x_wconf 90' lang='lat' dir='ltr'><strong>enim</strong></span> <span class='ocrx_word' id='word_1_605' title='bbox 3378 5218 3544 5275; x_wconf 80' lang='lat' dir='ltr'><strong>illium</strong></span> <span class='ocrx_word' id='word_1_606' title='bbox 3593 5221 3688 5278; x_wconf 89' lang='lat' dir='ltr'><strong>Dei</strong></span> <span class='ocrx_word' id='word_1_607' title='bbox 3720 5239 3828 5280; x_wconf 90' lang='lat' dir='ltr'><strong>non</strong></span> 
     </span>
    </p>
   </div>
   <div class='ocr_carea' id='block_1_89' title="bbox 2232 5308 3824 5387">
    <p class='ocr_par' dir='ltr' id='par_1_89' title="bbox 2232 5308 3824 5387">
     <span class='ocr_line' id='line_1_89' title="bbox 2232 5308 3824 5387; baseline 0.008 -26"><span class='ocrx_word' id='word_1_608' title='bbox 2232 5308 2452 5362; x_wconf 86' lang='lat' dir='ltr'><strong>aliunde</strong></span> <span class='ocrx_word' id='word_1_609' title='bbox 2494 5317 2677 5361; x_wconf 87' lang='lat' dir='ltr'><strong>natum</strong></span> <span class='ocrx_word' id='word_1_610' title='bbox 2722 5308 2988 5370; x_wconf 82' lang='lat' dir='ltr'><strong>dixeram,</strong></span> <span class='ocrx_word' id='word_1_611' title='bbox 3042 5322 3204 5376; x_wconf 90' lang='lat' dir='ltr'><strong>quam</strong></span> <span class='ocrx_word' id='word_1_612' title='bbox 3263 5313 3483 5381; x_wconf 86' lang='lat' dir='ltr'><strong>proprie</strong></span> <span class='ocrx_word' id='word_1_613' title='bbox 3513 5313 3582 5370; x_wconf 89' lang='lat' dir='ltr'><strong>de</strong></span> <span class='ocrx_word' id='word_1_614' title='bbox 3641 5315 3824 5387; x_wconf 88' lang='lat' dir='ltr'><strong>Patre,</strong></span> 
     </span>
    </p>
   </div>
   <div class='ocr_carea' id='block_1_90' title="bbox 2234 5402 3833 5479">
    <p class='ocr_par' dir='ltr' id='par_1_90' title="bbox 2234 5402 3833 5479">
     <span class='ocr_line' id='line_1_90' title="bbox 2234 5402 3833 5479; baseline 0.008 -23"><span class='ocrx_word' id='word_1_615' title='bbox 2234 5413 2406 5458; x_wconf 93' lang='lat' dir='ltr'><strong>totum</strong></span> <span class='ocrx_word' id='word_1_616' title='bbox 2431 5403 2499 5458; x_wconf 92' lang='lat' dir='ltr'><strong>de</strong></span> <span class='ocrx_word' id='word_1_617' title='bbox 2522 5412 2659 5463; x_wconf 88' lang='lat' dir='ltr'><strong>toto.</strong></span> <span class='ocrx_word' id='word_1_618' title='bbox 2712 5402 2981 5472; x_wconf 80' lang='lat' dir='ltr'><strong>integrum</strong></span> <span class='ocrx_word' id='word_1_619' title='bbox 3027 5402 3096 5459; x_wconf 92' lang='lat' dir='ltr'><strong>de</strong></span> <span class='ocrx_word' id='word_1_620' title='bbox 3141 5403 3373 5477; x_wconf 80' lang='lat' dir='ltr'><strong>integro,</strong></span> <span class='ocrx_word' id='word_1_621' title='bbox 3418 5411 3714 5479; x_wconf 84' lang='lat' dir='ltr'><strong>perfectum</strong></span> <span class='ocrx_word' id='word_1_622' title='bbox 3762 5414 3833 5469; x_wconf 92' lang='lat' dir='ltr'><strong>de</strong></span> 
     </span>
    </p>
   </div>
   <div class='ocr_carea' id='block_1_91' title="bbox 2233 5494 3830 5574">
    <p class='ocr_par' dir='ltr' id='par_1_91' title="bbox 2233 5494 3830 5574">
     <span class='ocr_line' id='line_1_91' title="bbox 2233 5494 3830 5574; baseline 0.006 -24"><span class='ocrx_word' id='word_1_623' title='bbox 2233 5494 2499 5567; x_wconf 83' lang='lat' dir='ltr'><strong>perfecto,</strong></span> <span class='ocrx_word' id='word_1_624' title='bbox 2523 5505 3061 5567; x_wconf 88' lang='lat' dir='ltr'><strong>consummatamque</strong></span> <span class='ocrx_word' id='word_1_625' title='bbox 3078 5498 3332 5554; x_wconf 90' lang='lat' dir='ltr'><strong>virtutem</strong></span> <span class='ocrx_word' id='word_1_626' title='bbox 3352 5517 3366 5567; x_wconf 93' lang='lat'><strong>;</strong></span> <span class='ocrx_word' id='word_1_627' title='bbox 3386 5502 3657 5573; x_wconf 88' lang='lat' dir='ltr'><strong>quomodo</strong></span> <span class='ocrx_word' id='word_1_628' title='bbox 3680 5507 3830 5574; x_wconf 88' lang='lat' dir='ltr'><strong>potui</strong></span> 
     </span>
    </p>
   </div>
   <div class='ocr_carea' id='block_1_92' title="bbox 2234 5586 3830 5663">
    <p class='ocr_par' dir='ltr' id='par_1_92' title="bbox 2234 5586 3830 5663">
     <span class='ocr_line' id='line_1_92' title="bbox 2234 5586 3830 5663; baseline 0.008 -20"><span class='ocrx_word' id='word_1_629' title='bbox 2234 5588 2411 5660; x_wconf 90' lang='lat' dir='ltr'><strong>ipsum</strong></span> <span class='ocrx_word' id='word_1_630' title='bbox 2456 5586 2695 5653; x_wconf 84' lang='lat' dir='ltr'><strong>Patrem,</strong></span> <span class='ocrx_word' id='word_1_631' title='bbox 2744 5587 2920 5658; x_wconf 91' lang='lat' dir='ltr'><strong>ipsum</strong></span> <span class='ocrx_word' id='word_1_632' title='bbox 2971 5589 3075 5645; x_wconf 92' lang='lat' dir='ltr'><strong>sibi</strong></span> <span class='ocrx_word' id='word_1_633' title='bbox 3128 5589 3326 5647; x_wconf 89' lang='lat' dir='ltr'><strong>Filium</strong></span> <span class='ocrx_word' id='word_1_634' title='bbox 3357 5609 3584 5663; x_wconf 90' lang='lat' dir='ltr'><strong>ponere,</strong></span> <span class='ocrx_word' id='word_1_635' title='bbox 3641 5598 3830 5654; x_wconf 89' lang='lat' dir='ltr'><strong>ethoc</strong></span> 
     </span>
    </p>
   </div>
   <div class='ocr_carea' id='block_1_93' title="bbox 2236 5681 3820 5760">
    <p class='ocr_par' dir='ltr' id='par_1_93' title="bbox 2236 5681 3820 5760">
     <span class='ocr_line' id='line_1_93' title="bbox 2236 5681 3820 5760; baseline 0.009 -24"><span class='ocrx_word' id='word_1_636' title='bbox 2236 5681 2399 5749; x_wconf 87' lang='lat' dir='ltr'><strong>modo</strong></span> <span class='ocrx_word' id='word_1_637' title='bbox 2426 5695 2586 5737; x_wconf 84' lang='lat' dir='ltr'><strong>unam</strong></span> <span class='ocrx_word' id='word_1_638' title='bbox 2612 5696 2903 5751; x_wconf 73' lang='lat' dir='ltr'><strong>personam</strong></span> <span class='ocrx_word' id='word_1_639' title='bbox 2931 5682 3148 5741; x_wconf 79' lang='lat' dir='ltr'><strong>duobus</strong></span> <span class='ocrx_word' id='word_1_640' title='bbox 3170 5684 3491 5743; x_wconf 78' lang='lat' dir='ltr'><strong>nominith</strong></span> <span class='ocrx_word' id='word_1_641' title='bbox 3514 5689 3820 5760; x_wconf 74' lang='lat' dir='ltr'><strong>appellaret</strong></span> 
     </span>
    </p>
   </div>
   <div class='ocr_carea' id='block_1_94' title="bbox 2231 5766 3811 5851">
    <p class='ocr_par' dir='ltr' id='par_1_94' title="bbox 2231 5766 3811 5851">
     <span class='ocr_line' id='line_1_94' title="bbox 2231 5766 3811 5851; baseline 0.006 -19"><span class='ocrx_word' id='word_1_642' title='bbox 2231 5774 2429 5847; x_wconf 69' lang='lat' dir='ltr'><strong>quippe</strong></span> <span class='ocrx_word' id='word_1_643' title='bbox 2459 5779 2580 5831; x_wconf 81' lang='lat' dir='ltr'><strong>cum</strong></span> <span class='ocrx_word' id='word_1_644' title='bbox 2609 5774 2662 5831; x_wconf 75' lang='lat' dir='ltr'><strong>et</strong></span> <span class='ocrx_word' id='word_1_645' title='bbox 2706 5772 2847 5833; x_wconf 69' lang='lat' dir='ltr'><strong>hanc</strong></span> <span class='ocrx_word' id='word_1_646' title='bbox 2876 5778 3103 5851; x_wconf 65' lang='lat' dir='ltr'><strong>tectam,</strong></span> <span class='ocrx_word' id='word_1_647' title='bbox 3130 5766 3180 5835; x_wconf 82' lang='lat' dir='ltr'><strong>ld</strong></span> <span class='ocrx_word' id='word_1_648' title='bbox 3217 5780 3317 5848; x_wconf 67' lang='lat' dir='ltr'><strong>est;</strong></span> <span class='ocrx_word' id='word_1_649' title='bbox 3353 5768 3716 5841; x_wconf 59' lang='lat' dir='ltr'><strong>Gabalitanis:</strong></span> <span class='ocrx_word' id='word_1_650' title='bbox 3759 5766 3811 5841; x_wconf 68' lang='grc' dir='ltr'><strong>ιη</strong></span> 
     </span>
    </p>
   </div>
  </div>
