4106 6344
171 260 231 316 55
741 262 828 322 DE
866 261 1025 322 FlLlI
1063 263 1463 323 DlVlNITATE
1506 264 1594 323 ET
1633 258 2475 323 CONSUDSTANTIALITATE
2515 267 2965 334 TRACTATUS.

170 383 352 439 eodem
377 382 586 440 libello
607 385 1006 454 damnaverim,
1026 395 1082 445 et
1101 403 1457 459 personarum
1481 389 1793 444 distinetio-
1826 386 1871 447 Α

170 492 282 531 nem
360 478 700 533 secundum
748 481 1070 536 vocabulum
1137 483 1495 553 scripserim?
1548 481 1686 539 Nam
1741 491 1795 537 et

169 587 326 628 uerno
355 587 460 640 pro
492 589 606 628 una
634 590 871 645 persona
899 586 1096 646 potest,
1117 594 1278 632 unum
1304 589 1445 646 sunt,
1473 577 1678 647 dicere,
1706 580 1794 635 vel

171 665 436 721 unitatem
471 669 732 735 generis,
765 669 866 723 nisi
895 671 1143 740 personis
1174 671 1474 742 assignare.

233 758 372 826 Quis
425 773 627 816 autem
688 763 1083 818 catholicorum
1139 765 1349 836 ignorat
1402 766 1618 822 Patrem
1664 781 1794 824 vere

168 870 282 910 esse
311 853 574 920 Patrem,
613 855 817 911 Filium
849 873 973 912 vere
1006 858 1224 924 Filium,
1258 871 1312 916 et
1357 859 1620 930 Spiritum
1666 877 1792 916 san-

170 958 310 1005 ctum
344 965 484 1005 vere
514 965 649 1006 esse
676 952 934 1021 Spiritum
964 954 1247 1008 sanctum?
1286 955 1427 1008 sicut
1456 955 1574 1023 ipse
1602 955 1788 1009 Domi-

173 1058 264 1095 nus
295 1041 366 1096 ad
401 1044 712 1112 apostolos
741 1061 870 1097 suos
898 1045 1063 1100 dicit:
1091 1044 1290 1101 Euntes
1321 1047 1579 1119 baptizare
1614 1064 1792 1103 omnes

168 1144 335 1202 gentes
375 1133 436 1187 in
490 1136 718 1190 nomine
764 1135 957 1203 Patris,
983 1147 1034 1191 et
1077 1136 1230 1205 Filii,
1276 1151 1323 1192 et
1353 1139 1588 1209 Spiritus
1621 1140 1792 1195 sancti

170 1222 393 1293 (Matth.
431 1241 645 1288 xxvm,
682 1228 816 1297 l9).
857 1228 982 1286 llmc
1025 1240 1109 1286 est
1157 1231 1399 1301 perfecta
1436 1232 1680 1289 Trinitas
1734 1235 1788 1289 in

169 1315 366 1371 unitate
397 1320 760 1387 consistens,
806 1337 964 1392 quam
1004 1324 1214 1380 scilicet
1247 1325 1409 1380 unius
1455 1326 1786 1382 substantias

167 1411 507 1482 proﬁtemur.
539 1412 672 1468 Non
701 1415 848 1470 enim
883 1433 981 1471 nos
1010 1417 1308 1473 secundum
1337 1434 1629 1490 corporum
1651 1435 1786 1476 con-

168 1503 424 1560 ditionem
452 1505 803 1563 divisionem
838 1509 890 1563 in
923 1511 1036 1566 Deo
1059 1509 1291 1567 facimus
1315 1530 1327 1566 :
1349 1513 1445 1568 sed
1474 1515 1781 1569 secundum

167 1597 352 1652 divina:
386 1609 614 1654 naturae
645 1600 977 1672 potentiam,
1010 1619 1129 1672 qua:
1162 1605 1214 1658 in
1247 1607 1476 1661 materia
1510 1622 1620 1661 non
1669 1617 1780 1673 est,

168 1702 213 1746 et
252 1692 545 1747 nominum
585 1711 861 1763 personas
889 1711 1019 1751 vere
1067 1706 1323 1754 constare
1376 1700 1674 1767 credimus,
1726 1710 1781 1756 et

169 1787 425 1842 unitatem
461 1787 787 1844 divinitatis
814 1806 935 1846 esse
968 1799 1254 1847 testamur.

229 1881 335 1938 Nec
365 1885 774 1940 extensionem
801 1886 970 1956 partis
999 1888 1230 1958 alicujus
1256 1904 1320 1944 ex
1350 1889 1510 1946 Patre
1536 1890 1629 1962 (ut
1658 1890 1780 1960 qni-

169 1977 276 2032 dem
317 1979 712 2050 putaverunt)
763 1981 856 2035 Dei
888 1980 1083 2037 Filium
1131 1983 1384 2050 dicimus,
1419 2000 1520 2041 nec
1549 1985 1774 2040 verbum

168 2071 270 2128 sine
300 2089 384 2139 re,
424 2084 486 2128 ut
531 2074 696 2130 velut
726 2091 923 2131 sonum
970 2077 1122 2132 vocis
1167 2077 1497 2148 accipimus:
1526 2079 1621 2134 sed
1673 2078 1777 2133 tria

169 2169 398 2230 nomina.
435 2178 495 2224 et
527 2179 650 2226 tres
679 2187 944 2241 personas
972 2173 1130 2230 unius
1161 2190 1282 2230 esse
1309 2177 1587 2242 essentite,
1616 2176 1776 2232 unius

167 2261 467 2331 tnajestatis
496 2274 676 2334 atque
711 2267 968 2334 potentiae
1015 2267 1313 2323 credimus.
1353 2269 1414 2323 Et
1455 2269 1577 2325 ideo
1609 2286 1776 2325 unutn

168 2351 322 2409 Deum
378 2357 758 2425 conﬁtemur,
813 2361 935 2430 quia
970 2364 1149 2417 unitas
1197 2362 1496 2434 majestatis
1537 2364 1774 2434 plurium

167 2449 424 2504 vocabulo
456 2450 599 2505 deos
625 2451 893 2522 prohibet
922 2456 1202 2525 appellari.

225 2540 476 2612 Denique
509 2543 741 2599 Patrem
774 2557 826 2600 et
852 2547 1048 2602 Filium
1081 2551 1349 2606 catholice
1390 2552 1771 2619 nominamus;

163 2632 287 2689 duos
324 2647 519 2692 autem
573 2638 715 2695 deos
763 2640 947 2697 dicere
978 2659 1080 2699 nec
1107 2661 1423 2717 possumus,
1462 2663 1566 2704 nec
1603 2648 1773 2704 debe-

166 2744 314 2797 mus;
339 2747 454 2785 non
486 2733 635 2802 quod
671 2733 846 2790 Filius
877 2735 971 2792 Dei
1000 2737 1137 2795 Deus
1162 2756 1266 2794 non
1298 2740 1387 2809 sit,
1418 2743 1585 2797 immo
1609 2759 1772 2799 verus

167 2819 301 2877 Deus
333 2822 406 2878 de
441 2824 560 2881 Deo
590 2842 728 2881 vero
755 2844 768 2879 :
798 2827 894 2884 sed
923 2831 1048 2900 quia
1085 2848 1189 2886 non
1223 2833 1466 2899 aliunde,
1510 2852 1672 2906 quam
1705 2836 1772 2893 de

164 2913 277 2985 ipso
310 2931 428 2972 uno
473 2917 636 2974 Patre
664 2919 768 2975 Dei
797 2920 993 2977 Filium
1043 2925 1314 2992 novimus,
1349 2928 1578 2998 perinde
1606 2947 1770 2985 unum

167 3007 336 3066 Deum
393 3011 646 3068 dicimus.
681 3014 804 3070 Hoc
850 3017 994 3072 enim
1052 3020 1357 3090 prophette,
1390 3023 1492 3078 hoc
1538 3025 1770 3094 apostoli

168 3103 529 3171 tradiderunt,
574 3108 679 3162 hoc
738 3109 857 3177 ipse
891 3110 1154 3167 Dominus
1182 3113 1388 3182 docuit,
1441 3132 1563 3170 cum
1595 3117 1763 3172 dicit:

168 3195 274 3271 Ego
301 3209 348 3253 et
384 3199 548 3255 Pater
599 3218 769 3256 unum
805 3221 982 3259 sumus
1012 3205 1208 3279 (Joan.
1245 3225 1299 3275 Χ,
1332 3211 1458 3281 50).
1497 3209 1669 3266 Unum
1703 3212 1768 3267 ad
1800 3183 1846 3248 C

169 3291 427 3347 unitatem
483 3293 817 3362 divinitatis,
854 3306 912 3352 ut
956 3298 1089 3367 dixi,
1139 3301 1304 3357 refert
1333 3321 1544 3357 :sumus
1590 3314 1770 3360 autem

171 3387 414 3455 personis
464 3389 737 3458 assignat.
792 3390 899 3446 Sed
931 3403 986 3446 et
1017 3396 1298 3464 apostolus
1341 3398 1450 3452 ait:
1480 3397 1627 3454 Unus
1674 3410 1767 3468 est,

169 3481 356 3557 inquit,
392 3483 542 3540 Deus
575 3485 764 3553 Pater,
825 3505 890 3542 ex
917 3506 1020 3559 quo
1053 3495 1264 3560 omnia;
1316 3505 1365 3550 et
1396 3513 1490 3552 nos
1522 3497 1574 3551 in
1619 3500 1731 3572 ipso
1755 3514 1774 3553 :

172 3591 211 3636 et
234 3599 366 3638 unus
398 3582 668 3640 Dominus
697 3585 855 3642 Iesus
886 3588 1144 3660 Christus,
1175 3610 1266 3663 per
1294 3612 1442 3661 quem
1471 3600 1679 3666 omnia;
1723 3611 1772 3654 et

171 3691 253 3729 nos
296 3694 390 3750 per
453 3678 658 3750 ipsum.
712 3679 823 3736 Sed
872 3699 974 3738 non
1021 3685 1074 3738 in
1137 3688 1370 3742 omnibus
1439 3701 1511 3746 est
1555 3694 1774 3748 scientia

168 3769 215 3839 (Ι
239 3770 356 3828 Cor.
386 3790 503 3838 vm,
537 3775 631 3847 6).

229 3865 340 3932 Qua
369 3866 441 3923 de
473 3883 534 3924 re
565 3869 879 3939 explanatis
911 3873 992 3927 his
1039 3874 1225 3932 verbis
1267 3893 1388 3947 quae
1419 3881 1764 3951 scrupulum,

168 3973 264 4014 non
288 3960 418 4016 mihi
446 3962 542 4033 qui
571 3963 692 4019 scio
714 3964 857 4034 quod
880 3965 1138 4035 dixerim,
1163 3969 1260 4024 sed
1277 3970 1402 4028 aliis
1430 3973 1767 4045 inferebant,

168 4064 284 4122 puto
310 4057 666 4110 occasionem
703 4057 862 4112 tnal.e
901 4060 1375 4131 interpretationis
1427 4065 1597 4123 fuisse
1630 4068 1765 4124 sub-

169 4143 340 4202 latam.
372 4146 511 4203 Nam
538 4159 597 4205 et
627 4148 900 4218 professio
931 4152 1059 4209 ﬁdei
1095 4157 1379 4212 manifesta
1413 4170 1522 4226 est,
1555 4172 1602 4217 et
1637 4178 1764 4233 per-

168 4252 286 4292 sona
317 4255 444 4295 cum
475 4241 768 4298 vocabulis
797 4253 1035 4315 constat,
1080 4258 1135 4304 et
1165 4265 1271 4304 una
1291 4249 1564 4310 divinitas
1591 4261 1768 4328 assig-

170 4340 281 4387 nata
310 4345 414 4391 est.

233 4425 324 4482 Vel
354 4429 400 4484 si
431 4430 613 4488 adhuc
669 4432 876 4504 aliquid
907 4435 1052 4506 quod
1094 4436 1403 4510 legentibus
1449 4445 1763 4517 ambigutnn

167 4518 401 4578 videatur
444 4523 497 4579 in
533 4525 748 4590 verbis,
783 4525 849 4581 ad
873 4542 1069 4586 sensus
1092 4530 1292 4587 debent
1312 4535 1476 4590 verba
1501 4539 1762 4605 conferri;

171 4615 277 4684 quia
310 4631 416 4673 non
445 4617 782 4688 simplicitas
814 4624 1128 4690 verborum,
1158 4627 1256 4682 sed
1291 4630 1421 4684 mali
1452 4632 1765 4691 intellectus

170 4709 456 4771 obstinatio
489 4715 710 4787 culpam
741 4716 876 4772 olet.
934 4718 1006 4775 At
1035 4735 1158 4776 cum
1193 4737 1388 4781 sensus
1422 4736 1611 4785 noster
1640 4745 1764 4786 cum

172 4805 386 4865 veritate
435 4812 768 4879 concordet,
819 4823 875 4868 et
930 4815 1092 4871 verba
1146 4817 1350 4874 debent
1398 4836 1522 4877 cum
1552 4825 1767 4882 ratione

171 4896 548 4958 sincerissima.
587 4903 751 4961 Unde
781 4920 808 4957 a
844 4905 1199 4978 simplicitate
1228 4911 1542 4972 Christiana
1569 4919 1766 4976 acade-

170 4992 329 5050 micus
356 4994 670 5068 disputator
702 4997 980 5056 abscedat.

801 5134 1028 5192 CAPUT
1066 5138 1107 5194 Ι.

173 5239 313 5300 Nihil
346 5249 694 5316 periculosius
736 5250 800 5305 iis
848 5251 1123 5319 luereticis,
1170 5256 1354 5325 quibus
1392 5261 1558 5315 multa
1593 5262 1766 5320 nobis-

234 5355 342 5394 cum
370 5345 524 5414 paria
553 5353 696 5398 sunt.
728 5342 778 5396 Η
785 5345 803 5397 i
827 5362 942 5399 cum
971 5348 1164 5419 integre
1182 5367 1271 5419 per
1297 5355 1473 5407 omnia
1496 5357 1768 5414 decurrere

231 5434 520 5502 videantur,
565 5453 675 5491 uno
713 5449 910 5493 tantum
940 5442 1090 5496 verba
1129 5443 1415 5510 simplicem
1453 5449 1611 5515 [idem
1641 5452 1764 5521 inﬁ-

232 5529 386 5586 ciunt.
454 5532 689 5588 Sublato
739 5535 943 5589 nomine
990 5537 1334 5607 substantiae,
1397 5547 1536 5613 quod
1568 5547 1654 5601 isti
1701 5547 1765 5602 de

233 5694 259 5723 ⁸
296 5694 423 5754 Mss.
451 5699 595 5787 Lmt.
629 5708 689 5755 et
718 5699 884 5762 Tell..
916 5718 1012 5787 ego
1036 5708 1286 5787 suscipio.
1324 5725 1418 5766 nec
1448 5723 1538 5769 aut
1565 5715 1768 5787 Opinio-

164 5780 243 5852 ηε³
265 5772 632 5852 ele.,_meli_us
666 5787 862 5827 omnes
885 5772 1027 5852 edit.
1065 5788 1121 5832 ut
1144 5772 1194 5834 in
1225 5790 1394 5852 textu.

226 5839 253 5880 δ
291 5839 433 5902 Tell.
464 5844 598 5900 cod.
634 5855 690 5900 et
709 5845 964 5919 Amerb.,
989 5866 1105 5920 qua:
1132 5849 1253 5909 verti
1280 5857 1414 5913 ratio
1435 5857 1652 5914 exsistit.

3452 286 3523 349 34

1974 385 2271 454 evangelica
2306 394 2353 439 et
2391 390 2679 459 apostolica
2719 393 2826 461 [ide
2874 404 3190 471 patrumque
3235 404 3517 461 traditione

1973 480 2183 546 auferre
2209 480 2409 543 volunt,
2438 479 2693 537 subtiliter
2719 485 2919 540 Ariona
2950 487 3164 546 hrcrcsis
3196 495 3504 551 intromitti-

1973 580 2075 624 tur.
2107 569 2224 636 Qua
2247 573 2603 629 rationeistud
2636 593 2825 635 nomen
2848 583 3030 639 tollere
3060 585 3366 647 laborarint.

1971 707 2170 762 Multas
2200 708 2422 779 quidem
2450 718 2506 766 et
2533 728 2730 783 graves
2760 715 3002 776 haereses
3047 724 3303 781 novimus
3333 741 3361 781 a
3391 728 3519 799 plu—

1896 798 2050 854 rimis
2085 799 2339 867 ebullire,
2368 813 2425 859 et
2471 810 2665 862 veneni
2701 809 2843 879 vice,
2897 813 2965 868 ad
3020 813 3276 874 intimum
3324 798 3519 890 pectus

1896 893 2144 948 canceris
2174 894 2259 949 sui
2294 897 2451 952 virus
2476 897 2764 958 infundere
2795 905 2925 961 :scd
2955 907 3098 964 vinci
3128 909 3208 966 illi
3236 914 3322 970 vel
3351 914 3514 975 facile

1896 998 2140 1058 possunt,
2194 990 2280 1046 vel
2318 989 2482 1047 facile
2535 995 2721 1063 vitari,
2773 1015 3006 1068 quorum
3041 1005 3218 1074 prima
3261 1012 3516 1080 proposi-

1894 1081 2044 1136 tione
2074 1097 2238 1138 omne
2269 1085 2562 1141 consilium
2595 1091 2835 1159 pectoris
2865 1093 3138 1162 proditur.
3173 1105 3242 1154 At
3273 1116 3407 1156 vero
3439 1103 3508 1160 iis

1890 1174 2097 1244 quibus
2131 1176 2300 1232 multa
2333 1178 2618 1234 nobiscum
2663 1184 2812 1250 paria
2853 1195 3008 1254 sunt,
3052 1188 3218 1247 facile
3271 1204 3510 1264 possunt

1890 1265 2143 1324 innoxias
2189 1279 2403 1326 mentes
2451 1281 2507 1328 et
2553 1275 2656 1329 soli
2714 1276 2830 1332 Deo
2885 1278 3099 1338 deditas
3149 1284 3502 1346 fraudulenta

1887 1361 2148 1417 societate
2209 1375 2519 1433 percutere,
2570 1368 2700 1424 dum
2753 1372 3023 1430 malorum
3071 1392 3297 1436 suorum
3340 1383 3496 1440 virus

1888 1470 1983 1522 per
2009 1455 2147 1511 bona
2181 1469 2370 1515 nostra
2402 1460 2726 1520 defendunt.
2759 1464 2906 1522 Nihil
2940 1470 3086 1526 enim
3120 1477 3499 1543 periculosius

1886 1556 1970 1611 his
2000 1557 2275 1615 haereticis
2308 1575 2436 1616 esse
2466 1570 2670 1631 potest,
2711 1565 2800 1634 qui
2829 1580 2953 1621 cum
2994 1569 3207 1639 integre
3248 1587 3346 1641 per
3371 1589 3496 1629 om-

1887 1649 1974 1704 nia
2001 1651 2324 1719 decurrant;
2359 1670 2469 1708 uno
2500 1663 2682 1712 tamen
2709 1658 2902 1724 verbo,
2932 1675 2998 1716 ac
3019 1661 3066 1716 si
3091 1665 3286 1721 veneni
3315 1676 3494 1738 gutta,

1810 1785 1857 1845 B
1885 1760 2090 1800 meram
2130 1746 2278 1802 illam
2307 1764 2373 1805 ac
2401 1749 2712 1816 simplicem
2748 1753 2911 1810 ﬁdem
2958 1756 3286 1831 Dominicae,
3325 1772 3384 1820 et
3403 1779 3498 1821 ex-

1885 1836 2014 1894 inde
2040 1839 2360 1909 apostolicze
2404 1842 2717 1900 traditionis
2750 1846 3024 1905 inﬁciunt.

1957 1929 2110 1986 Unde
2146 1934 2509 1992 vehementer
2547 1937 2708 1994 nobis
2738 1942 3041 1999 cavendum
3071 1955 3178 2012 est,
3220 1963 3289 2006 ne
3326 1965 3385 2008 se
3407 1953 3500 2009 vel

1881 2024 2137 2080 sensibus
2161 2027 2244 2081 vel
2279 2028 2503 2084 auribus
2529 2034 2733 2089 nostris
2756 2034 3069 2107 huiusmodi
3088 2041 3296 2112 aliquid
3319 2045 3497 2102 laten-

1883 2125 1968 2172 ter
1990 2116 2264 2184 insinuet;
2311 2122 2436 2190 quia
2470 2123 2605 2178 nihil
2637 2133 2745 2179 tam
2773 2129 2919 2198 cogit
2957 2130 3011 2185 in
3041 2141 3298 2200 mortem,
3328 2153 3494 2208 quam

1879 2209 1981 2262 sub
2024 2211 2252 2266 obtentu
2295 2214 2418 2269 ﬁdei
2471 2215 2632 2271 ﬁdem
2689 2219 2918 2277 violare.
2963 2224 3032 2280 Ut
3065 2228 3210 2282 enim
3253 2244 3491 2301 gypsum

1878 2316 2019 2373 aqua
2065 2305 2400 2373 permixtum
2447 2307 2530 2364 lac
2576 2311 2762 2368 colore
2809 2317 3108 2386 mentitur,
3149 2321 3220 2374 ita
3262 2322 3351 2378 hic
3393 2339 3492 2393 per

1881 2397 2240 2454 verisimilem
2277 2399 2684 2459 confessionem
2734 2406 2955 2464 traditio
2995 2409 3220 2468 inimica
3247 2417 3493 2487 suggeri-

1879 2495 1986 2544 tur.
2016 2488 2129 2557 Qua
2160 2490 2228 2546 de
2255 2507 2315 2548 re
2348 2509 2455 2548 non
2485 2493 2792 2554 similitudo
2825 2501 3216 2574 confessionis,
3246 2507 3343 2563 sed
3366 2523 3493 2566 sen-

1878 2593 1974 2634 sus
2025 2584 2228 2638 meutis
2271 2593 2358 2640 est
2415 2587 2824 2658 ponderandus,
2884 2609 2995 2666 quo
3047 2597 3324 2655 confessio
3369 2601 3486 2672 ipsa

1877 2670 2146 2730 firmatur.

1951 2767 2198 2840 Denique
2247 2773 2295 2828 si
2342 2773 2660 2846 diligentius
2706 2788 2761 2837 et
2803 2786 3115 2842 accuratius
3158 2791 3484 2858 attendatis;

1877 2877 1976 2917 cur
2020 2864 2295 2922 voluerint
2324 2869 2391 2924 de
2419 2873 2744 2945 evangeliea
2788 2886 2844 2933 et
2866 2881 3168 2948 apostolica
3198 2883 3304 2941 ﬁde
3330 2896 3385 2942 et
3416 2887 3486 2943 de

1878 2966 2094 3025 patrum
2131 2958 2425 3018 traditione
2460 2967 2768 3023 substantia:
2797 2985 2994 3027 nomen
3028 2976 3257 3046 auferri,
3291 2973 3485 3049 procul

1876 3046 2043 3104 dubio
2076 3051 2322 3121 probatis
2351 3054 2606 3113 haeresim
2635 3061 2894 3118 Arianam
2924 3066 3110 3122 subtili
3155 3046 3486 3140 compendio

1879 3140 2200 3210 breviatam,
2227 3147 2441 3204 sublato
2465 3150 2567 3206 hoc
2591 3155 2812 3211 nomine
2836 3157 3228 3217 intromissam.
3252 3163 3363 3220 Nec
3379 3164 3485 3224 hoc

1875 3235 2096 3305 quidem
2144 3248 2171 3275 ⁸
2221 3253 2323 3310 ego
2372 3246 2687 3313 suspicione
2729 3257 2824 3303 aut
2881 3253 3140 3321 opinione
3187 3257 3482 3315 collectum

1878 3327 2116 3396 aflirmo,
2143 3347 2244 3387 nec
2275 3335 2356 3390 uti
2400 3336 2504 3405 ipsi
2535 3348 2748 3410 putant,
2779 3343 3129 3402 academicus
3170 3348 3485 3422 disputator

1874 3420 2096 3488 assisto,
2142 3433 2201 3478 ut
2250 3425 2535 3498 simplices
2598 3446 2792 3490 sensus
2835 3435 3128 3495 verborum
3177 3420 3483 3506 subtilitate

1874 3524 2269 3586 contorqueam
2297 3538 2310 3572 :
2335 3520 2432 3575 sed
2457 3531 2518 3577 ut
2542 3533 2827 3582 contortos
2845 3538 2901 3584 et
2923 3545 3119 3600 pravos
3144 3538 3292 3592 tenui
3319 3554 3484 3610 argu-

1875 3619 2060 3664 mento
2106 3616 2450 3682 compositos
2484 3619 2537 3674 in
2588 3621 2761 3677 lucem
2810 3625 3140 3697 cognitionis
3182 3647 3477 3703 erponam,

1874 3718 1983 3772 quo
2013 3704 2228 3762 facilius
2268 3711 2442 3779 possit
2469 3717 2682 3786 cognita
2709 3727 2765 3774 et
2784 3731 3064 3791 comperta
3101 3724 3359 3798 iniquitas
3407 3730 3478 3788 ab

1875 3797 2191 3857 hominibus
2220 3804 2435 3861 evitari.

1946 3894 2079 3963 Quae
2109 3899 2316 3954 etenim
2349 3915 2520 3957 causa
2541 3902 2570 3942 ι)
2592 3921 2786 3977 quaeve
2816 3910 2957 3967 ratio
2986 3913 3217 3982 exstitit,
3247 3927 3305 3973 ut
3329 3921 3474 3990 quod

1873 3988 2202 4059 docendum,
2256 4005 2313 4052 et
2361 3998 2508 4069 quod
2555 4001 2892 4060 credendum
2961 4012 3176 4066 cunctis
3229 3988 3480 4074 ecclesiis

1873 4081 2050 4139 fuerat
2088 4087 2368 4155 traditum,
2418 4094 2671 4165 quodque
2719 4106 2908 4168 patres
2953 4105 3131 4160 nostri
3179 4109 3473 4176 apostolici

1872 4175 1975 4230 viri
1998 4187 2188 4235 contra
2220 4182 2506 4240 universas
2531 4185 2791 4254 hmreses,
2823 4201 2879 4248 et
2909 4195 3155 4253 maxime
3184 4199 3472 4271 Arianam,

1870 4267 2023 4335 quasi
2058 4271 2344 4338 quemdam
2378 4274 2594 4332 obicem
2627 4280 2892 4350 veritatis,
2933 4302 3040 4355 quo
3070 4304 3263 4348 omnes
3288 4295 3470 4353 aditus

1873 4358 2150 4428 pestifera:
2212 4362 2477 4421 doctrinae
2542 4369 2915 4444 obStruerent,
2961 4389 3200 4438 csancto
3265 4386 3472 4457 Spiritu

1871 4455 2140 4525 mundati,
2210 4457 2479 4517 catholica
2532 4464 2746 4523 ratione
2814 4485 3136 4543 posuerunt,
3187 4455 3318 4536 noni
3351 4483 3475 4541 sine

1789 4581 1844 4643 Β
1873 4563 2068 4620 magno
2107 4550 2228 4607 nisu
2256 4554 2326 4611 ab
2351 4553 2437 4612 his
2463 4557 2555 4629 qui
2575 4557 2602 4595 ά
2628 4560 2808 4634 elogio
2838 4565 3056 4625 Arianae
3096 4569 3235 4629 labis
3262 4574 3466 4634 addicti

1870 4651 2018 4707 sunt,
2068 4643 2347 4703 laboretur
2373 4649 2608 4718 auferri;
2655 4655 2761 4711 nisi
2794 4667 2852 4713 ut
2881 4658 3082 4717 Filium
3112 4664 3212 4721 Dei
3235 4671 3474 4727 mutabi-

1869 4735 1976 4792 lem
2023 4748 2076 4793 et
2115 4742 2534 4800 convertibilem
2579 4758 2770 4818 utpote
2797 4768 2904 4808 non
2938 4755 3007 4813 de
3047 4762 3263 4831 propria
3295 4763 3472 4825 Patris

1871 4831 2179 4889 substantia
2204 4837 2519 4895 constitisse
2557 4844 2908 4917 conﬁngant;
2951 4852 3039 4907 cui
3070 4863 3128 4910 et
3155 4855 3370 4915 ittitium
3401 4879 3469 4919 ex

1871 4931 2144 4996 tempore,
2193 4937 2249 4985 et
2287 4942 2468 4988 ortum
2516 4950 2586 4990 ex
2615 4937 2813 5007 nihilo,
2843 4957 3043 5002 nomen
3083 4963 3150 5005 ex
3181 4951 3380 5022 altero,
3415 4967 3467 5012 ut

1872 5032 2094 5090 semper
2138 5021 2470 5094 docuerunt,
2520 5041 2742 5101 propter
2770 5035 2917 5106 quod
2963 5047 3019 5094 et
3045 5055 3194 5112 saepe
3221 5021 3467 5106 damnati

1874 5123 2025 5182 sunt,
2060 5131 2204 5172 nunc
2239 5117 2352 5188 jam
2399 5120 2569 5178 libere
2611 5134 2666 5180 et
2710 5142 2927 5198 secure,
2985 5133 3472 5215 incunctanterque

1875 5207 2125 5264 ecclesiis
2158 5209 2373 5269 tradere
2403 5221 2459 5269 et
2488 5214 2772 5278 insinuare
2795 5224 3040 5293 possint?

2497 5349 2728 5411 CAPUT
2765 5355 2830 5412 ll.

1879 5453 1954 5510 De
1994 5457 2309 5514 Arianorum
2338 5459 2594 5521 htereseos
2623 5472 2976 5543 confutatione
3022 5495 3112 5547 per
3135 5478 3470 5552 ﬁrmissimas

1945 5554 2196 5622 rationes,
2240 5564 2288 5609 et
2321 5559 2577 5617 evidentia
2620 5580 2781 5620 sacrae
2813 5567 3104 5641 Scriptura:
3150 5580 3470 5637 testimonia.

1955 5734 1975 5804 ξ
2017 5720 2285 5804 yigiliana
2319 5728 2485 5804 edit.,
2522 5729 2727 5804 Spiritu
2753 5749 2935 5793 sancto
2966 5742 3229 5798 inundati.

1948 5789 1971 5828 (ἲ
2014 5793 2253 5886 {ile-gittltt
2278 5789 2597 5886 ‘aliquandit
2627 5789 2770 5862 idem
2796 5789 3482 5886 sigu'ilieat',";c'formula

1872 5867 2125 5934 quzedam
2149 5867 2650 5931 condemnationis.
