4106 6344
606 197 679 256 5'3
1222 238 1225 239 ν
1678 197 1734 257 5.
1777 197 2138 258 PHCEBADII
2180 199 2393 260 EPISC.
2434 202 2849 262 AGINNENSIS
3847 202 3914 258 36

680 313 767 367 Ita
801 311 965 369 Deunt
998 311 1046 366 F
1050 314 1199 367 ilium
1228 311 1292 367 de
1332 312 1444 367 Deo
1469 320 1692 381 ponunt,
1721 323 1777 368 ut
1804 330 1867 371 ea:
1911 314 2022 370 Deo
2043 315 2212 387 factus
2238 319 2287 378 Α
2324 318 2571 382 Verbum,
2598 330 2645 375 et
2684 320 2909 376 Verbum
2928 328 3035 375 erat
3062 321 3205 391 apud
3232 321 3393 375 Deum
3414 330 3462 375 et
3484 321 3623 376 Deus
3648 328 3758 374 erat
3794 319 3916 373 Ver-

677 407 767 474 tit,
803 422 907 460 non
935 422 999 459 ea:
1030 404 1139 459 Deo
1166 406 1391 474 genitus.
1440 403 1767 461 Vocabulum
1821 406 2088 478 ὁμοούσιον
2125 425 2217 461 att-

680 504 874 570 ferunt,
908 501 1055 571 eique
1104 499 1397 571 ὁμοιούσιον
1440 500 1774 554 substituunt.
1818 498 1980 554 Illum
2009 500 2218 569 sapien-

678 598 804 651 tiam
834 612 949 666 qua:
984 596 1075 650 Dei
1126 594 1297 651 Filius
1320 606 1415 662 est,
1445 607 1739 650 creaturam
1781 595 2095 667 intelligunt.

675 686 891 744 Videtis
918 703 1055 759 ergo
1082 688 1263 743 munia
1303 702 1403 743 eos
1438 688 1493 742 in
1520 695 1763 743 tractatu
1803 687 2069 755 ipsorum,
2105 703 2212 742 non

600 784 923 852 evangelica
955 782 1083 849 ﬁde,
1110 780 1205 835 sed
1235 781 1465 837 subdola
1490 780 1831 850 malignitate
1849 780 1921 835 ad
1947 779 2220 836 seducen-

602 874 714 930 dos
744 873 1027 945 simplices
1066 888 1313 944 quosque
1352 873 1625 945 posuisse.
1669 872 1791 928 Non
1807 873 1923 943 jam
1956 882 2063 927 tarn
2093 888 2215 928 sus~

606 981 859 1039 pactum,
882 984 1047 1039 quam
1078 970 1428 1024 manifestum
1460 969 1717 1023 omnibus
1747 982 1871 1023 esse
1911 968 2095 1034 debet,
2143 970 2213 1022 ita

602 1075 704 1117 eos
732 1063 903 1116 Deum
925 1061 995 1118 de
1022 1064 1133 1118 Deo
1162 1061 1436 1131 posuisse,
1469 1069 1527 1115 ut
1547 1061 1714 1115 Arius
1743 1060 1961 1116 tradere
1981 1061 2212 1126 solebat,

605 1165 665 1211 ut
691 1171 761 1212 ex
791 1156 911 1210 Deo
937 1156 1113 1211 lactus
1145 1155 1240 1221 sit,
1274 1168 1382 1209 non
1414 1168 1489 1211 ex
1522 1154 1629 1209 Deo
1649 1164 1829 1209 natus.
1861 1154 1964 1221 Qui
1986 1154 2036 1211 si
2060 1164 2215 1209 natus

602 1259 711 1315 est,
744 1251 907 1305 tutius
936 1250 1265 1305 substantiae
1294 1258 1416 1304 est:
1443 1249 1491 1303 si
1511 1247 1686 1304 ﬂictus
1709 1260 1817 1314 est,
1843 1262 2015 1304 verus
2042 1246 2216 1303 Filius

607 1359 719 1399 non
742 1353 867 1399 est:
892 1343 1017 1399 etsi
1044 1358 1206 1400 veras
1228 1340 1407 1399 Filius
1437 1359 1544 1397 non
1579 1352 1687 1410 est,
1723 1356 1824 1398 nec
1867 1358 2033 1398 verus
2077 1344 2217 1398 Deus

604 1448 691 1493 est
716 1455 729 1490 :
753 1445 849 1492 aut
880 1438 926 1492 si
954 1453 1123 1493 verus
1152 1438 1303 1493 Deus
1320 1447 1428 1504 est,
1453 1446 1510 1492 et
1540 1437 1614 1493 de
1642 1436 1806 1492 Patre
1837 1450 1942 1492 non
1970 1447 2080 1505 est,
2109 1437 2219 1493 duo

604 1540 734 1585 sunt
776 1528 1043 1587 habentes
1094 1531 1298 1601 singuli
1343 1540 1401 1589 et
1459 1532 1775 1586 voluntates
1822 1530 2111 1602 moprias,
2160 1539 2219 1585 et

602 1624 841 1694 imperia
863 1625 1081 1681 diversa
1113 1626 1237 1681 :vet
1270 1624 1315 1678 si
1360 1624 1654 1679 concordia
1698 1632 1914 1681 tantum
1937 1633 1999 1679 et
2038 1625 2216 1678 socio-

2322 410 2462 465 bum.
2502 410 2692 469 Omnia
2721 430 2811 484 per
2832 413 3002 489 ipsum
3032 415 3170 488 facta
3197 423 3335 479 sunt,
3369 424 3414 468 et
3444 413 3553 468 sine
3575 415 3689 484 ipso
3718 412 3914 484 fartum

2319 512 2393 557 est
2426 502 2560 557 nihil
2597 501 2792 575 (Joan.
2823 521 2864 570 ι,
2918 503 3071 579 1-5).
3122 502 3288 578 Igitur
3337 505 3481 579 quod
3533 505 3587 560 in
3640 505 3913 579 principio

2319 598 2458 663 erat,
2487 613 2706 666 semper
2736 594 2904 655 luisse
2931 598 3264 655 credendum
3295 611 3376 654 cst
3403 619 3414 653 :
3441 597 3539 655 sed
3572 615 3671 655 nec
3695 599 3915 655 aliunde

2318 704 2464 758 esse,
2498 706 2659 763 quam
2691 706 2755 746 ex
2789 705 2855 747 eo
2886 691 2977 764 qui
3012 690 3339 763 principium
3375 707 3479 746 non
3514 690 3701 758 habet,
3729 689 3781 749 id
3809 702 3910 755 est,

2319 782 2387 838 de
2437 778 2602 839 corde
2651 782 2857 851 Patris;
2907 785 3031 855 quia
3090 785 3359 852 cruciavit,
3395 784 3596 857 inquit,
3631 802 3719 840 cor
3748 803 3914 841 meum

2335 872 2557 932 Verbum
2588 877 2775 933 bonum
2804 877 2987 950 (Psal.
3020 895 3161 943 xuv,
3193 876 3276 950 2).
3313 878 3426 932 Non
3461 876 3606 934 enim
3640 875 3778 933 dixit
3813 896 3824 931 :
3860 878 3913 934 In

2325 968 2592 1047 principio
2626 968 2825 1027 factum
2856 981 2939 1028 est
2970 971 3207 1029 Verbum
3252 988 3266 1036 ;
3300 968 3395 1027 sed
3431 972 3482 1025 in
3514 970 3795 1045 principio,
3830 972 3912 1026 in-

2319 1062 2457 1137 quit,
2490 1074 2599 1119 erat
2647 1062 2890 1122 Verbum.
2947 1063 3339 1138 Quodcumque
3375 1060 3701 1138 principium
3750 1062 3912 1119 Verbi

2320 1159 2599 1229 assignare
2648 1156 2910 1224 volueris,
2964 1156 3377 1231 przejudicatum
3413 1156 3639 1215 habebis
3689 1158 3816 1235 quia
3864 1160 3914 1213 in

2318 1250 2602 1325 principio,
2633 1251 2827 1325 inquit,
2859 1262 2987 1307 erat.

2392 1336 2508 1398 Non
2540 1344 2681 1419 quod
2711 1341 2819 1400 duo
2845 1343 3109 1416 principia
3152 1361 3215 1399 ex
3257 1358 3437 1400 rerum
3480 1340 3803 1403 diversitate
3835 1340 3914 1399 di-

2320 1453 2530 1505 camus,
2579 1434 2679 1493 sed
2723 1436 2850 1509 quia
2885 1434 3079 1495 Sermo
3125 1435 3293 1493 Filius
3339 1453 3555 1509 semper
3596 1454 3717 1492 cum
3758 1435 3916 1494 Patre

2319 1542 2424 1597 est,
2458 1540 2513 1587 et
2543 1532 2609 1587 de
2643 1526 2804 1588 Patre
2846 1541 3003 1588 natus
3032 1538 3135 1587 est.
3168 1533 3245 1587 Ae
3289 1528 3517 1604 proinde
3567 1529 3720 1602 cujus
3763 1528 3914 1604 origo

2320 1622 2645 1697 principium
2678 1642 2784 1681 non
2814 1622 2997 1689 habet,
3032 1624 3397 1696 sempiternus
3427 1638 3549 1680 cum
3589 1622 3750 1680 Patre
3793 1640 3911 1680 cre-

599 1725 717 1772 tate
762 1734 930 1773 unum
970 1728 1120 1783 sunt,
1154 1734 1263 1773 lion
1306 1729 1489 1773 tamen
1512 1729 1568 1774 et
1591 1718 1902 1775 substantia
1939 1732 2123 1786 vet-us,
2154 1726 2212 1773 ut
2242 1720 2289 1781 Β
2315 1717 2528 1775 dendus
2550 1730 2665 1787 est;
2694 1719 2816 1791 quia
2847 1734 2946 1775 nec
2976 1717 3140 1774 Pater
3169 1727 3349 1790 potest
3392 1733 3645 1788 umquam
3680 1717 3799 1773 sine
3827 1714 3915 1773 Fi-

597 1808 711 1880 jam
744 1809 879 1875 dixi,
915 1811 1056 1866 Deus
1076 1826 1188 1865 non
1216 1820 1322 1866 est.

674 1904 769 1960 Sic
799 1906 908 1961 erit
939 1906 1103 1970 Deus,
1139 1916 1197 1961 ut
1224 1907 1447 1978 Moyses
1476 1906 1748 1962 Pharaoni
1769 1906 1979 1977 (Esau.
2001 1924 2096 1977 vn,
2125 1911 2211 1979 1),

604 2005 903 2068 putesnam,
938 2014 1047 2054 non
1074 2016 1284 2070 genere
1308 2016 1323 2055 :
1350 1999 1520 2055 Filius
1550 2014 1773 2071 quoque
1800 2002 1875 2056 ita
1906 2002 2217 2059 credendus

603 2091 741 2157 erit,
776 2101 831 2145 ιιι
862 2107 963 2162 per
995 2092 1212 2147 Esaiam
1244 2093 1450 2163 μοι)ήο
1478 2094 1685 2148 dictum
1713 2105 1797 2149 est
1823 2110 1837 2147 :
1862 2094 2032 2149 Filios
2059 2098 2215 2167 genui

607 2192 658 2239 et
705 2186 932 2243 excitaui
959 2183 1108 2258 (Isa.
1133 2202 1173 2250 ι,
1200 2186 1302 2257 2);
1333 2196 1389 2242 et
1411 2187 1541 2241 alibi
1567 2203 1580 2240 :
1609 2186 1697 2240 Dii
1725 2189 1867 2255 ostia,
1917 2197 1965 2242 et
1992 2188 2095 2256 ﬁlii
2122 2188 2214 2242 Al-

609 2280 803 2335 ιιισὶηὴ
841 2295 1019 2333 onines
1047 2279 1224 2351 (Paul.
1250 2295 1437 2345 axan,
1469 2278 1567 2352 6).
1598 2280 1705 2337 Sed
1732 2290 1789 2335 et
1814 2282 2214 2352 primogenitae

608 2373 689 2428 ita
715 2373 1026 2441 habebitur,
1059 2375 1337 2443 quomodo
1357 2385 1413 2430 et
1432 2374 1598 2429 Israel
1623 2390 1651 2428 a
1682 2372 1796 2430 Deo
1819 2375 2215 2446 primogenitae

613 2466 761 2522 titius
785 2467 1094 2537 appellatus
1119 2478 1204 2524 est
1234 2471 1251 2540 (
1272 2468 1440 2523 Exod.
1461 2484 1536 2533 tv,
1565 2470 1695 2540 Si).
1730 2470 1841 2526 Nec
1863 2485 1973 2525 non
1998 2479 2058 2525 et
2096 2472 2208 2541 prio

603 2562 920 2631 mogenitus
941 2563 1109 2617 totius
1134 2573 1424 2629 creatum,
1450 2564 1611 2631 quasi
1632 2564 1688 2617 in
1714 2562 1911 2619 ordine
1928 2562 2205 2619 laetorum

604 2655 1007 2726 primogenitus
1040 2656 1339 2724 habeatur;
1374 2668 1432 2713 ut
1465 2673 1529 2714 ex
1562 2673 1628 2713 eo
1658 2658 1861 2715 seriem
1912 2659 2209 2730 quamdam

608 2751 867 2807 utendis
897 2750 1085 2806 mundi
1116 2752 1280 2807 rebus
1309 2751 1607 2822 assignant.

684 2846 932 2915 Denique
953 2845 1168 2900 sublato
1190 2844 1481 2919 ὁμοούσισν,
1508 2844 1561 2900 id
1584 2853 1688 2913 est,
1710 2844 1874 2901 unius
1894 2844 2211 2899 substantiae

613 2949 638 2979 α
662 2932 953 3005 'vooabuio,
994 2938 1306 3012 ὅμοιούσιον,
1349 2940 1401 2994 id
1431 2948 1536 3005 est,
1589 2939 1825 2994 similem
1882 2939 2072 2994 lactari
2112 2952 2212 2994 suo

606 3041 948 3107 posuerunt;
994 3049 1117 3088 eum
1145 3034 1292 3088 aliud
1317 3035 1395 3089 sit
1446 3032 1772 3098 similitudo,
1801 3032 1947 3087 aliud
1987 3033 2207 3087 veritas.

2320 1812 2392 1870 lio
2423 1813 2714 1876 nominari,
2750 1828 2849 1867 nec
2890 1808 3067 1867 Filius
3094 1812 3212 1867 sine
3258 1809 3418 1867 Patre
3450 1811 3631 1866 vocari
3666 1826 3678 1865 :
3709 1824 3773 1865 ac
3816 1825 3913 1882 per

2320 1908 2423 1962 hoc
2451 1921 2669 1977 semper
2696 1902 2899 1973 Filius,
2930 1906 3057 1977 quia
3087 1920 3304 1974 semper
3334 1904 3516 1961 Pater.

2391 1996 2457 2056 Et
2486 1996 2651 2067 Deus,
2703 2000 2901 2071 inquit,
2951 2008 3063 2054 erat
3122 1997 3364 2054 Verbum.
3416 1997 3571 2067 Quod
3624 1997 3765 2054 Deus
3808 2004 3911 2061 est,

2317 2110 2537 2167 semper
2581 2100 2700 2161 est;
2734 2108 2801 2149 ne
2833 2095 2877 2149 si
2930 2109 3149 2166 semper
3178 2098 3291 2150 non
3336 2091 3521 2159 fuerit,
3572 2104 3733 2149 verus
3766 2091 3910 2146 Deus

2317 2203 2439 2243 esse
2472 2205 2577 2242 non
2609 2187 2801 2260 possit,
2836 2184 2993 2242 sicuti
3023 2196 3075 2242 et
3102 2187 3154 2242 in
3187 2185 3407 2258 SOphize
3435 2188 3656 2243 nomine
3683 2187 3809 2257 quia
3840 2201 3913 2240 se-

2317 2279 2554 2335 cundum
2587 2278 2906 2352 Aposmlum
2940 2278 2987 2349 (Ι
3016 2279 3133 2333 Cor.
3169 2295 3213 2345 ι,
3243 2279 3339 2349 Ἦ)
3369 2280 3487 2349 ipse
3511 2288 3592 2334 εει
3631 2277 3911 2349 Sapientia

2315 2372 2517 2429 Patris.
2551 2374 2661 2447 Ego
2696 2374 2890 2443 inquit,
2925 2386 2988 2428 ex
3034 2389 3119 2427 ore
3168 2370 3421 2427 Altisstmi
3471 2372 3673 2441 prodivi
3720 2368 3912 2443 (Ecclt'.

2317 2482 2465 2532 XXIV,
2499 2467 2576 2537 5).
2602 2466 2718 2521 Non
2744 2482 2872 2537 ergo
2892 2465 3109 2521 aliunde
3130 2475 3288 2537 quam
3312 2464 3378 2520 de
3406 2462 3586 2531 l’atre,
3612 2464 3738 2533 quia
3764 2476 3907 2520 sern-

2314 2570 2415 2630 per
2442 2575 2564 2615 cum
2591 2559 2773 2616 Patre.
2812 2558 2879 2615 Et
2906 2559 3028 2615 ideo
3060 2558 3337 2629 Sapientia
3373 2558 3463 2614 Dei
3496 2557 3827 2629 appellatur,
3856 2568 3914 2614 ut

2322 2672 2618 2728 numquam
2662 2656 2823 2711 Pater
2870 2656 2987 2711 sine
3018 2650 3316 2724 Sapientia,
3355 2652 3457 2717 hoc
3487 2660 3590 2718 est,
3622 2652 3743 2709 sine
3776 2648 3914 2710 Filio

2317 2762 2417 2805 suo
2448 2747 2616 2805 inisse
2644 2748 2918 2806 credatur.
2946 2745 3071 2803 Haec
3090 2759 3172 2803 εει
3200 2742 3288 2802 illa
3311 2745 3589 2817 Sapientia
3621 2746 3915 2805 inell’aliilis

2320 2855 2342 2883 ο
2368 2861 2487 2914 quae
2518 2844 2727 2900 initium
2755 2843 2964 2898 viarum
2996 2842 3090 2897 Dei
3137 2834 3281 2910 apud
3328 2838 3677 2897 Salomonem
3722 2837 3911 2912 (Prov.

2318 2956 2443 3009 vni,
2468 2938 2563 3011 22')
2597 2940 2682 2995 vel
2711 2938 2951 3003 condita,
2981 2938 3065 2993 vel
3089 2934 3293 3010 genita,
3326 2936 3409 2995 Vel
3435 2948 3620 2992 creata
3645 2930 3913 2993 describi-

2316 3041 2433 3097 tur;
2490 3047 2647 3103 quam
2691 3040 2872 3088 tamen
2922 3032 3001 3087 sic
3030 3029 3306 3093 conditam
3354 3026 3508 3097 dicit,
3559 3034 3617 3086 ut
3685 3046 3909 3101 semper

604 3129 743 3183 Nam
790 3138 845 3183 et
894 3129 1059 3183 homo
1103 3127 1173 3183 ad
1220 3127 1511 3199 imaginem
1554 3136 1614 3183 et
1642 3125 2064 3181 similitudinem
2112 3126 2208 3181 Dei
2238 3117 2284 3182 C
2316 3142 2434 3182 eam
2467 3142 2587 3182 cum
2630 3126 2743 3183 Deo
2785 3126 2956 3183 fuisse
2982 3124 3256 3184 ostendat.
3307 3123 3463 3197 Quod
3504 3124 3649 3183 enim
3694 3124 3912 3183 initium

604 3224 782 3278 tactus
808 3232 893 3279 est
910 3222 928 3294 (
945 3221 1077 3277 Gen.
1102 3238 1140 3290 ι,
1166 3221 1282 3293 ‘26),
1309 3236 1411 3277 nec
1437 3230 1616 3277 tamen
1640 3221 1784 3277 Deus
1806 3232 1891 3277 est
1912 3238 1923 3274 :
1947 3237 2045 3277 nec
2068 3221 2210 3293 quod

607 3317 755 3372 Deus
781 3326 887 3382 est,
917 3315 1084 3370 homo
1113 3315 1398 3372 exstitisse
1420 3314 1733 3370 credendus
1764 3322 1868 3369 est.
1921 3315 1994 3369 Ita
2027 3323 2081 3371 et
2124 3312 2209 3369 Fi-

602 3411 735 3466 lium
768 3411 867 3466 Dei
897 3412 1135 3467 similem
1183 3411 1396 3479 volunt,
1433 3421 1491 3465 ut
1522 3424 1649 3466 eum
1698 3410 1918 3465 aliunde
1950 3409 2207 3477 similem,

602 3520 717 3561 non
756 3504 831 3560 de
868 3506 980 3576 ipsa
1031 3518 1136 3559 una
1190 3515 1378 3560 sancta
1412 3514 1464 3560 et
1510 3505 1667 3561 beata
1699 3504 1876 3559 Patris
1906 3504 2206 3560 substantia

602 3598 807 3654 dicant.
840 3598 940 3666 Qui
973 3598 1019 3651 si
1071 3597 1138 3653 de
1186 3598 1367 3653 Patris
1423 3598 1737 3653 substantia
1770 3612 1876 3652 non
1906 3607 2009 3664 est,
2041 3598 2094 3664 ἐξ
2121 3598 2208 3651 οὐκ

603 3690 763 3750 ὄντων
786 3702 892 3759 est,
921 3692 972 3746 id
998 3702 1102 3759 est,
1128 3708 1192 3748 ex
1218 3692 1385 3748 nullis
1410 3694 1775 3760 exstantibus,
1798 3705 1857 3748 ut
1882 3692 2024 3747 idem
2049 3692 2209 3747 Arius

606 3786 828 3841 tradidit
854 3804 867 3839 ε
892 3786 1107 3841 sublato
1135 3787 1278 3841 enim
1315 3802 1380 3842 eo
1408 3788 1550 3858 quod
1586 3786 1749 3842 Pater
1772 3794 1878 3851 est,
1913 3785 2209 3841 undecum-

602 3894 711 3949 que
738 3879 901 3935 l‘uerit
924 3878 1116 3947 Filius,
1141 3894 1369 3936 necesse
1386 3891 1471 3937 est
1499 3890 1631 3936 utet
1664 3881 1886 3934 initium
1914 3894 1981 3934 ex
2010 3876 2204 3947 nihilo,

601 3980 658 4028 et
686 3982 863 4028 ortum
891 3989 957 4030 es
992 3982 1249 4047 tempore
1270 3974 1467 4031 habeat
1497 3993 1511 4029 :
1539 3974 1672 4029 nihil
1701 3973 1853 4029 enim
1884 3973 2004 4029 sine
2028 3972 2202 4040 initio,

605 4067 710 4122 nisi
740 4068 890 4123 solus
921 4069 1081 4125 Deus.

680 4158 831 4215 Uade
860 4172 916 4215 et
946 4160 1137 4229 Filius,
1189 4163 1331 4218 sicut
1381 4164 1499 4233 ipse
1554 4161 1815 4216 Dominus
1862 4159 2115 4234 ait:Ego
2156 4174 2205 4217 et

612 4247 773 4305 Pater
798 4268 961 4307 unum
991 4254 1385 4327 aumus(loau.
1426 4270 1481 4321 Χ,
1510 4255 1634 4326 50).
1677 4255 1836 4322 Quod
1876 4254 1998 4311 ideo
2040 4254 2200 4325 dixit,

602 4357 665 4404 ut
692 4346 927 4405 duarum
956 4364 1320 4421 persenarnm
1351 4351 1378 4389 δ
1412 4351 1677 4406 Vocabula
1704 4349 1761 4405 in
1790 4350 1951 4406 unius
1979 4349 2205 4406 deitatis

602 4441 896 4509 majestate
947 4453 1309 4507 monstraret,
1366 4445 1511 4497 sient
1557 4450 1615 4497 et
1656 4443 1919 4513 propheta
1965 4459 2033 4499 ex
2067 4459 2201 4499 voce

2315 3220 2426 3277 Deo
2458 3220 2636 3287 dabis,
2664 3229 2722 3276 ut
2748 3220 2960 3277 initium
3005 3222 3185 3294 possis
3214 3218 3503 3293 Sapientia:
3535 3222 3709 3294 ipsius
3733 3222 3917 3279 consi-

2312 3314 2525 3389 gnare?
2554 3313 2669 3369 Non
2702 3314 2848 3370 enim
2884 3316 2955 3369 ita
2989 3313 3135 3370 Deus
3164 3312 3495 3385 Sapientiam
3530 3332 3685 3371 suam
3725 3315 3916 3372 condi-

2313 3404 2413 3472 dit,
2444 3406 2596 3477 quasi
2628 3406 2928 3478 aliquando
2955 3407 3075 3464 sine
3103 3406 3385 3479 Sapientia
3429 3404 3591 3463 fuerit
3619 3425 3634 3465 :
3663 3405 3762 3467 sed
3790 3422 3916 3469 cum

2310 3500 2525 3554 initium
2570 3500 2779 3555 viarum
2811 3515 3036 3557 suarum
3067 3500 3232 3565 dicat,
3268 3502 3479 3557 initium
3512 3510 3692 3563 motus
3731 3504 3915 3575 Operis

2312 3590 2545 3661 alicujus
2584 3591 2858 3659 ostendit;
2888 3601 2946 3648 ut
2974 3592 3076 3648 hoc
3129 3592 3342 3650 initium
3388 3594 3587 3650 habeat
3620 3594 3910 3667 Sapientia

2314 3684 2431 3751 Dei,
2465 3685 2607 3754 quod
2641 3686 2707 3741 de
2732 3685 2847 3742 Deo
2892 3686 3160 3757 processit
3198 3686 3267 3743 ad
3316 3688 3551 3743 creanda
3579 3691 3762 3745 omnia
3800 3694 3910 3755 tam

2310 3777 2557 3832 coelestia
2587 3793 2747 3848 quam
2778 3780 3082 3847 terrestria,
3125 3794 3231 3835 non
3262 3794 3370 3850 quo
3412 3780 3645 3851 ceperit
3683 3790 3809 3837 esse
3856 3780 3912 3837 in

2310 3868 2444 3924 Deo.
2479 3869 2670 3924 Creata
2714 3878 2799 3925 est
2827 3882 2958 3942 ergo
3007 3867 3309 3942 Sapientia,
3348 3870 3517 3927 immo
3544 3873 3751 3945 genita,
3802 3884 3911 3931 non

2309 3963 2413 4019 sibi
2436 3980 2556 4035 qua:
2588 3979 2810 4035 semper
2834 3975 2974 4031 erat,
3007 3967 3101 4023 sed
3133 3966 3217 4021 his
3247 3980 3369 4038 quae
3401 3968 3469 4021 ab
3496 3980 3559 4023 ea
3590 3967 3708 4023 ﬁeri
3743 3980 3913 4040 dpor-

2311 4058 2495 4123 tebat;
2532 4069 2587 4114 ut
2613 4060 2736 4131 quia
2765 4070 2965 4131 quanta
2988 4069 3042 4116 et
3071 4060 3248 4132 qualis
3270 4071 3417 4118 esset
3448 4062 3578 4118 sciri
3614 4073 3722 4141 non
3757 4072 3911 4135 pote-

2307 4161 2415 4219 rat,
2443 4151 2511 4207 de
2551 4151 2747 4209 etl'ectu
2772 4164 2996 4225 cperum
3035 4164 3258 4212 suorum
3291 4156 3465 4212 virtus
3493 4157 3609 4227 ejus
3637 4168 3691 4214 et
3718 4166 3912 4228 poten-

2309 4246 2383 4302 tia
2412 4257 2772 4304 nosceretur:
2802 4245 2827 4285 δ
2861 4260 2918 4304 ut
2957 4248 3106 4322 quod
3150 4251 3218 4307 de
3267 4250 3501 4308 conditis
3540 4252 3908 4323 :estimamus,

2308 4349 2436 4398 tunc
2469 4343 2639 4414 magis
2670 4342 2992 4401 timeremus
3028 4359 3151 4400 cum
3178 4346 3316 4402 facta
3344 4345 3628 4402 miramur.

2376 4435 2644 4491 Caeterum
2687 4438 2731 4492 si
2775 4447 2830 4493 tu
2858 4448 3097 4494 creatam
3140 4437 3475 4511 Sapientiam
3526 4439 3701 4506 dicas,
3733 4448 3791 4495 ut
3822 4439 3913 4496 Fi-

604 4535 702 4592 Dei
740 4554 752 4590 :
792 4536 1077 4602 Eruatavit,
1112 4537 1311 4608 inquit,
1364 4552 1453 4591 cor
1484 4512 1665 4590 meum,
1701 4534 1930 4591 Verbum
1970 4537 2158 4591 bonum
2186 4556 2203 4591 :
2229 4512 2282 4572 D
2309 4529 2438 4586 lium
2472 4532 2563 4587 Del
2589 4541 2896 4589 creaturam
2922 4534 3227 4607 intelligas;
3271 4534 3510 4592 occarrit
3539 4535 3631 4591 tibi
3673 4534 3913 4607 Ᾱβοειοο

602 4629 719 4685 dico
746 4647 841 4703 ego
867 4649 1026 4702 opera
1073 4646 1187 4686 mea
1234 4632 1347 4704 regi
1370 4628 1556 4703 (Paul.
1583 4644 1729 4697 mv,
1752 4631 1843 4701 ἓ).
1880 4630 2042 4686 Vides
2072 4643 2203 4702 ergo

602 4723 710 4779 hoc
761 4723 998 4779 Verbum
1050 4725 1261 4780 bonum
1309 4723 1509 4778 Filium
1558 4722 1657 4779 Dei
1709 4734 1855 4789 esse,
1905 4739 2065 4796 quem
2094 4740 2200 4780 non

603 4816 827 4871 aliunde
854 4831 1019 4887 quam
1046 4816 1115 4873 de
1142 4826 1369 4887 paterno
1398 4823 1644 4883 pectore,
1664 4824 1741 4882 et,
1773 4817 1914 4871 utita
1944 4816 2200 4883 dixerim,

599 4908 669 4964 de
701 4918 859 4965 utero
902 4910 1086 4966 cordia
1116 4910 1215 4966 Dei
1259 4907 1541 4965 credimus
1590 4919 1800 4965 natum.
1855 4910 1928 4965 Et
1971 4912 2203 4983 proinde

595 5018 924 5074 conrogata
948 5003 1211 5073 appellat,
1235 5004 1367 5073 quia
1390 5004 1506 5072 ipse
1532 5014 1618 5059 est
1642 5018 1737 5059 rex
1763 5014 1949 5075 regum
1978 5020 1992 5060 :
2020 5005 2191 5061 Deum

596 5097 911 5163 Dominum,
943 5098 1236 5153 cuionwla
1265 5097 1449 5152 divina
1476 5110 1642 5168 Opera
1674 5099 2060 5167 succumbunt,
2103 5102 2196 5173 qui

598 5190 736 5246 dixit
778 5209 791 5244 :
839 5188 1029 5245 Omnia
1081 5204 1205 5261 om
1248 5188 1417 5247 Potor
1464 5190 1639 5259 habet,
1681 5208 1799 5248 mea
1845 5202 1967 5250 sunt
1999 5192 2196 5269 (Joan.

600 5300 711 5347 xvi,
738 5282 866 5355 15).

673 5376 749 5432 De
783 5376 887 5431 hoc
909 5385 962 5431 et
991 5366 1333 5450 Evangelista
1368 5398 1380 5435 :
1411 5378 1479 5436 In
1516 5381 1802 5457 principio,
1838 5384 2038 5456 inquit,
2089 5394 2201 5442 erat

669 5570 695 5597 α
730 5559 809 5635 ita
838 5559 1165 5635 edit.‘Rom.
1200 5568 1253 5617 et
1274 5530 1539 5632 culmen;
1580 5574 1691 5620 vet.
1720 5568 1901 5623 autem
1933 5562 1997 5625 ac
2022 5584 2177 5635 mss.,

595 5633 839 5710 vocabulo
871 5633 1088 5710 similem
1118 5638 1304 5710 gestari
1334 5653 1425 5691 suo
1445 5646 1749 5710 posuerunt.

593 5703 1052 5834 WZ‘%;:[;.M‘-,
1086 5703 1358 5769 om,
1402 5703 1585 5766 hirtus.
1610 5708 1835 5767 deitatlr
1864 5712 2181 5786 majestatem

2306 4624 2410 4690 lus,
2442 4625 2816 4684 condenmans
2843 4642 2937 4685 eos
2963 4629 3053 4701 qui
3082 4638 3387 4687 creaturam
3429 4628 3638 4699 colttnt,
3668 4626 3861 4688 dicens
3891 4650 3906 4687 :

2308 4718 2533 4791 Propter
2559 4722 2698 4793 quod
2738 4723 2955 4779 tradidit
2980 4724 3104 4781 illo:
3142 4724 3280 4780 Deus
3308 4725 3362 4779 in
3393 4724 3710 4779 desiderium
3735 4726 3909 4781 cordia

2304 4828 2479 4870 eorum
2510 4817 2565 4870 in
2593 4815 2978 4875 immunditiam
3006 4836 3025 4874 :
3072 4827 3130 4873 ut
3171 4816 3501 4874 contumeliis
3532 4814 3761 4891 nﬂiciant
3791 4836 3911 4875 cor-

2307 4921 2437 4979 pora
2462 4924 2563 4965 sua
2594 4910 2649 4964 in
2686 4912 2972 4983 semetipsis
2991 4957 3005 4981 ,
3053 4913 3143 4984 qui
3169 4920 3612 4971 commutaveru‘nt
3642 4917 3909 4972 veritatem

2305 4999 2406 5058 Dei
2426 5004 2478 5057 in
2518 5003 2862 5070 mendacium,
2904 5015 2950 5061 et
2980 5006 3250 5061 coluerunt
3272 5014 3320 5061 et
3342 5004 3627 5064 servierunt
3652 5018 3913 5066 creaturae

2306 5101 2475 5169 potius
2501 5118 2656 5172 quant
2686 5103 2928 5169 creatori,
2959 5103 3051 5173 qui
3069 5111 3143 5163 εει
3173 5102 3466 5161 benedictus
3499 5103 3635 5162 Deus
3664 5107 3717 5161 in
3739 5122 3908 5162 siccu-

2306 5195 2359 5250 la
2385 5194 2566 5268 (Rom.
2591 5212 2639 5261 t,
2669 5195 2761 5262 Ἡ,
2788 5196 2907 5259 25).

2379 5276 2506 5349 Haec
2555 5300 2660 5358 est,
2707 5291 2952 5360 inquam,
2980 5290 3071 5349 illa
3115 5288 3393 5363 Sapientia
3429 5292 3549 5361 Dei,
3573 5294 3850 5369 quaatdieit
3884 5311 3902 5349 :

2305 5385 2416 5460 Ego
2453 5402 2517 5442 ex
2545 5400 2633 5441 ore
2677 5383 2929 5440 Altissimi
2958 5383 3159 5455 pradivi
3190 5382 3385 5457 (Eccli.
3418 5401 3571 5455 xxiv,
3616 5384 3746 5461 25),
3781 5388 3910 5446 uni-

2366 5560 2530 5639 PMss.
2546 5558 2682 5622 Tell.
2701 5576 2754 5639 et
2770 5565 2905 5622 Last.
2924 5582 3025 5623 nec
3045 5584 3155 5626 non
3177 5578 3283 5625 vet.
3306 5569 3461 5631 edit..
3488 5588 3605 5639 qua:
3626 5573 3775 5629 initio
3798 5592 3817 5630 :
3839 5584 3895 5630 et

2289 5637 2557 5712 ἱηίζίιιεεᾴ
2573 5638 2902 5712 cuminitio;
2927 5639 3089 5712 Rom.
3116 5641 3376 5712 etVigil.,
3402 5637 3635 5699 sed—cum
3662 5647 3902 5712 initiavit.

2358 5706 2387 5745 ἀ
2418 5698 2581 5779 Vlgll.
2617 5698 2780 5780 etin,
2837 5698 2897 5766 ul
2942 5698 3067 5773 (ιιιιηί
3101 5698 3420 5771 conciderent
3447 5698 3905 5781 ιιειοηιίὶιῖξξξζξ

2292 5782 2585 5837 timeamus.
