4106 6344
574 268 648 326 59
1637 269 1695 328 S.
1738 267 2103 331 PHCEBADII
2145 267 2364 330 EPISC.
2407 272 2816 334 AGINNENSIS
3813 281 3885 342 ιο

577 387 803 443 Annon
835 393 892 445 et
946 386 1109 444 unius
1161 389 1482 446 substantiae
1533 389 1883 453 vocabulum,
1915 391 2062 460 quod
2127 391 2179 445 in
2211 393 2256 453 Α
2363 390 2631 449 Prohibes
2666 397 2850 467 itaque
2893 396 2948 452 in
3006 395 3117 453 Deo
3175 397 3539 456 substantiam
3587 400 3886 471 nominari,

575 478 875 550 Scripturis
919 497 1026 538 non
1057 490 1213 553 putas
1245 483 1538 548 contineri,
1573 499 1784 538 mecum
1819 484 2024 554 pariter
2053 499 2180 554 pro-

576 575 750 632 fiteris
783 595 795 629 :
832 575 937 632 nisi
992 578 1119 649 quia
1162 578 1276 632 illic
1309 577 1545 633 habuisti
1595 578 1872 648 quomodo
1913 579 2180 648 malignos

576 683 772 726 sensus
803 680 926 726 tuos
956 671 1171 726 occulta
1199 669 1390 726 fraude
1432 669 1485 725 in
1525 680 1762 741 utroque
1805 680 2128 742 contegeres
2160 687 2176 737 ;

575 773 634 820 ut
693 781 908 822 mecum
972 765 1080 822 hoc
1151 766 1336 835 ipsum
1391 779 1529 820 sono
1589 764 1740 820 vocis
1815 766 2176 836 erprimeres,

573 859 674 918 sed
706 873 885 917 tamen
917 862 1081 932 longe
1109 861 1242 916 dicti
1267 861 1689 931 intelligentiam
1715 861 2035 931 separares?

651 953 824 1010 Sicuti
867 963 922 1009 et
956 954 1036 1010 illi
1065 953 1307 1009 harctici
1340 954 1432 1025 qui
1486 956 1946 1010 resurrectionem
1999 955 2179 1010 carnis

574 1059 774 1120 negant
805 1048 869 1104 ad
893 1049 1250 1121 decipiendas
1289 1059 1315 1086 α
1338 1048 1550 1104 animas
1601 1050 1958 1119 simplicium,
1981 1065 2065 1104 vae
2091 1051 2177 1106 di-

572 1151 704 1198 cunt
735 1143 821 1198 his
850 1143 943 1214 qui
967 1143 1020 1198 in
1040 1159 1208 1200 carne
1236 1159 1344 1199 non
1373 1153 1692 1214 resurgunt.
1715 1144 1823 1201 Sed
1854 1145 1896 1200 si
1921 1145 2180 1201 discutias

573 1253 671 1293 eos
697 1253 794 1292 cur
821 1237 928 1294 hoc
965 1238 1230 1304 dixerint,
1283 1254 1404 1295 cum
1464 1240 1609 1295 scias
1638 1239 1761 1295 illos
1793 1241 1973 1295 carnis
1996 1255 2179 1296 resur-

575 1329 875 1385 rectionem
915 1331 1146 1386 ontnino
1197 1347 1426 1403 negare,
1473 1332 1659 1389 dicent
1689 1332 1783 1388 tibi
1817 1350 1832 1387 :
1873 1333 1966 1388 Vae
1991 1333 2180 1404 utique

573 1421 653 1478 illi
685 1423 812 1490 erit,
832 1424 924 1495 qui
957 1424 1011 1480 in
1036 1439 1205 1482 carne
1235 1426 1550 1498 baptizatus
1581 1443 1691 1483 non
1720 1426 1976 1496 fuerit,ut
1997 1429 2176 1483 anima

572 1515 746 1588 ipsius
772 1516 900 1573 dum
956 1519 1008 1573 in
1060 1533 1298 1590 corpore
1347 1529 1453 1588 est,
1509 1519 1579 1576 de
1622 1530 1797 1576 morte
1845 1520 2174 1576 delictorum

572 1627 828 1682 suorum,
859 1623 918 1668 ut
941 1613 1012 1670 de
1052 1615 1308 1684 sepulcro
1333 1615 1627 1671 criminum
1661 1631 1760 1686 per
1804 1615 2097 1687 baptisma,
2124 1616 2178 1673 in

572 1707 768 1765 eadem
796 1717 1068 1780 resurgat.
1102 1709 1288 1765 Solius
1334 1709 1483 1765 enim
1516 1710 1714 1764 animae
1744 1724 1839 1779 per
1863 1709 2066 1765 lavacri
2096 1709 2180 1764 vi-

2285 488 2440 556 quasi
2461 503 2625 545 omne
2642 491 2788 561 quod
2815 492 3118 549 substantia
3169 493 3391 560 dicitur,
3425 510 3515 551 res
3570 495 3684 565 ipsa
3719 496 3886 554 unius

2283 582 2500 650 generis
2542 583 2823 640 habeatur.
2849 588 2930 642 An
2971 587 3186 657 ignoras
3217 588 3374 644 aliter
3426 589 3698 655 etelestia,
3723 591 3887 648 aliter

2285 684 2505 732 terrena
2548 689 2835 750 constare;
2872 681 2968 737 sed
3014 690 3069 738 et
3101 682 3150 737 in
3178 682 3314 751 ipsis
3358 684 3680 741 caelestibus
3719 686 3885 742 rebus

2283 776 2449 838 atque
2496 770 2786 826 mundanis
2835 787 3083 843 magnam
3137 774 3500 831 differentiam
3573 778 3886 836 interesse?

2285 860 2459 918 Aliter
2505 865 2650 919 enim
2681 868 2884 938 angeli,
2913 868 3072 923 aliter
3092 870 3323 940 singula:
3353 869 3591 926 Virtutes
3617 874 3888 929 constitu-

2286 957 2494 1011 tionum
2528 973 2751 1013 suarum
2782 961 3119 1017 substantias
3168 974 3518 1033 acceperunt,
3551 965 3708 1022 sicuti
3739 970 3886 1039 Apo-

2283 1051 2460 1105 stolus
2487 1051 2559 1106 ait
2591 1069 2603 1107 :
2636 1054 2754 1108 Alia
2798 1055 3008 1110 claritas
3034 1057 3179 1123 solis,
3211 1058 3317 1112 alia
3341 1059 3551 1115 claritas
3583 1061 3743 1120 (ante.
3773 1063 3883 1116 alia

2285 1145 2496 1199 claritas
2552 1147 2815 1204 stellarum
2869 1148 2912 1219 (1
2942 1147 3063 1203 Cor.
3115 1166 3183 1205 xv
3213 1192 3227 1216 ,
3273 1149 3389 1222 4f).
3436 1151 3530 1209 Sic
3570 1164 3624 1209 et
3675 1153 3731 1210 in
3781 1154 3887 1211 hoc

2283 1235 2512 1304 mundo,
2547 1248 2603 1292 ut
2631 1238 2845 1293 diversa
2879 1255 3080 1309 genera
3111 1257 3318 1308 rerum,
3346 1242 3418 1296 ita
3442 1253 3495 1298 et
3525 1243 3740 1300 diversa
3764 1260 3889 1300 cor-

2284 1345 2416 1400 pora
2441 1332 2797 1387 animantium
2823 1349 2838 1398 ;
2871 1343 2925 1389 et
2955 1335 3211 1389 omnibus
3257 1335 3340 1390 sui
3373 1342 3637 1409 cujusque
3666 1340 3888 1410 generis

2285 1426 2615 1493 substantia,
2648 1428 2789 1482 sicut
2837 1428 3132 1498 ApoStolus
3177 1428 3308 1485 dicit
3337 1448 3350 1483 :
3385 1429 3507 1486 Non
3533 1433 3705 1488 omnis
3764 1450 3888 1489 caro

2281 1521 2462 1575 eadem
2477 1537 2602 1576 caro
2661 1521 2715 1593 (1
2727 1521 2864 1588 bid.,
2894 1522 3013 1594 59).
3573 1535 3584 1540 ’

2355 1613 2413 1670 Si
2445 1628 2578 1685 ergo
2605 1629 2668 1669 ea
2698 1629 2820 1684 quae
2849 1631 2878 1669 a
2909 1615 3020 1671 Deo
3067 1616 3204 1671 facta
3232 1625 3385 1683 sunt,
3418 1617 3669 1675 diversas
3713 1619 3887 1691 quali.

2285 1713 2424 1761 tates
2469 1705 2904 1762 substantiarum
2961 1723 3181 1763 suarum
3229 1707 3478 1778 habent;
3514 1721 3568 1767 tu
3615 1723 3774 1783 putas
3832 1714 3886 1770 in

576 1801 701 1858 talis
729 1804 966 1874 gratiam
1019 1803 1484 1859 resurrectionem
1525 1804 1580 1857 in
1620 1815 1788 1857 carne
1830 1801 2176 1868 defendunt;
2211 1802 2260 1864 B
2289 1798 2399 1853 Deo
2423 1798 2585 1854 talem
2642 1813 2765 1854 esse
2802 1799 3185 1866 substantiam,
3218 1803 3436 1872 qualem
3490 1803 3658 1860 habet
3682 1806 3889 1878 aliquid

576 1911 700 1952 nam
734 1906 788 1953 et
815 1897 987 1969 ipsius
1017 1896 1198 1952 carnis
1242 1896 1476 1954 salutem
1530 1895 1850 1952 excludunt.
1878 1896 1943 1950 Et
1973 1895 2027 1951 bi
2078 1911 2176 1968 per

575 1991 935 2048 veri-imilem
968 1992 1372 2050 confessionem
1426 1992 1797 2049 innocentium
1829 2000 2039 2046 mentes
2083 2005 2177 2046 oc-

572 2086 721 2143 culta
755 2086 942 2141 fraude
972 2088 1262 2144 seducunt.
1295 2087 1363 2142 Et
1407 2097 1468 2142 ut
1513 2087 1655 2142 solet
1684 2085 1888 2142 lethale
1921 2084 2172 2155 poculum

575 2181 753 2237 mellis
769 2181 1061 2237 dulcedine
1084 2191 1473 2254 temperatum,
1496 2181 1767 2237 suavitate
1786 2180 2025 2244 fallente,
2051 2196 2176 2251 per-

577 2274 788 2342 imere;
823 2276 905 2330 sic.
947 2287 1001 2332 et
1057 2275 1161 2332 hoc
1201 2277 1406 2332 malum
1450 2293 1546 2347 per
1593 2275 2026 2332 blandimentum
2072 2290 2172 2330 au-

574 2371 736 2440 rium,
773 2372 1114 2429 audientium
1143 2388 1341 2429 sensus
1367 2372 1600 2445 quadam
1619 2372 1742 2429 labe
1771 2370 2169 2441 contaminans,

570 2465 896 2537 contagione
916 2465 1033 2522 vitii
1063 2465 1396 2522 adhaerentis
1421 2466 1610 2522 inficit.

1183 2600 1416 2659 CAPUT
1457 2601 1545 2658 IV.

574 2717 690 2784 Quo
738 2727 1050 2786 argumento
1097 2716 1280 2770 Ariani
1329 2715 1499 2771 Deum
1536 2732 1641 2771 non
1681 2733 1793 2771 esse
1829 2717 2171 2772 substantiam

611 2809 833 2880 probare
859 2808 1192 2864 contendant.
1237 2808 1490 2883 Ejusdem
1521 2811 1816 2880 argumenti
1838 2811 2130 2866 dissolutio.

644 2922 888 2992 Denique
919 2933 973 2979 et
1005 2938 1148 2979 nunc
1169 2933 1394 2995 possent
1418 2923 1680 2996 ὁμοούσιαν
1703 2924 1860 2980 sicuti
1891 2934 1946 2980 et
1972 2933 2168 2980 caetera

570 3016 739 3073 verbo
766 3024 925 3072 tenus
947 3017 1257 3083 nominare,
1274 3017 1320 3071 si
1345 3017 1614 3072 haberent
1635 3016 1910 3087 quomodo
1943 3017 2076 3072 illud
2102 3017 2169 3072 ad

567 3111 732 3168 aliain
757 3111 1172 3184 intelligentiam
1205 3126 1385 3169 sczevo
1415 3128 1579 3168 sensu
1627 3122 2003 3183 perverterent,
2034 3131 2046 3166 :
2073 3111 2167 3168 sed

2283 1890 2483 1947 horum
2509 1891 2654 1962 quod
2683 1891 2883 1946 factum
2904 1903 3006 1956 est,
3038 1903 3094 1948 ut
3119 1894 3586 1964 possitcontraria
3616 1899 3890 1968 recipere?

2283 1986 2460 2043 Absit.
2495 1985 2630 2055 Quae
2669 1996 2753 2042 est
2809 1988 2956 2042 enim
2996 1987 3298 2043 substantia
3355 1989 3498 2045 Dei?
3528 1989 3706 2061 Ipsum
3739 1990 3888 2062 quod

2283 2079 2426 2134 Deus
2453 2088 2539 2134 est
2566 2079 2818 2148 simplex,
2865 2080 3164 2151 singulare,
3199 2097 3417 2152 purum,
3458 2083 3603 2138 nulla
3657 2099 3891 2141 concre-

2282 2171 2433 2226 tione
2451 2172 2811 2241 permixtum,
2838 2172 3144 2242 limpidum,
3169 2173 3394 2240 bonum,
3413 2175 3888 2245 perfectum,bea-

2283 2275 2416 2334 tum,
2466 2265 2768 2337 integrum,
2803 2277 3052 2321 sanctum
3085 2275 3276 2322 totum.
3303 2270 3383 2322 An
3431 2277 3485 2323 tu
3519 2279 3674 2338 putas
3725 2269 3889 2328 inane

2278 2361 2488 2433 aliquid
2529 2377 2654 2418 esse
2699 2370 2756 2418 et
2783 2377 3038 2430 vacuum,
3071 2362 3214 2433 quod
3246 2372 3329 2418 est
3375 2363 3706 2421 Deus?Hoc
3735 2366 3882 2421 enim

2279 2455 2385 2510 dici
2429 2455 2767 2527 blasphemia
2820 2465 2932 2520 est,
2985 2465 3041 2509 nt
3089 2455 3252 2511 inane
3285 2465 3522 2526 putetur,
3583 2472 3683 2527 per
3724 2472 3888 2528 quem

2275 2557 2470 2604 cuncta
2496 2550 2883 2615 constiterunt,
2912 2549 3000 2620 qui
3031 2550 3213 2603 omnia
3250 2548 3427 2604 Verbo
3445 2548 3640 2615 edidit,
3669 2553 3885 2608 ratione

2277 2643 2611 2713 composuit,
2644 2643 2847 2698 virtute
2894 2642 3141 2713 perfecit,
3173 2642 3330 2713 cujus
3371 2652 3502 2699 nutu
3550 2654 3602 2699 et
3650 2645 3881 2717 imperio

2277 2735 2539 2791 universa
2574 2744 2858 2806 reguntur,
2887 2745 3077 2791 cuncta
3106 2735 3445 2790 deserviunt.

2363 2828 2434 2882 Et
2466 2827 2608 2882 bene
2639 2828 2706 2884 de
2736 2829 2844 2882 Deo
2877 2826 3011 2898 legis
3031 2827 3291 2897 scriptum
3325 2845 3338 2880 :
3365 2827 3477 2900 Ego
3506 2845 3638 2893 sunt,
3663 2831 3750 2900 qui
3775 2847 3890 2886 sum

2277 2920 2477 2990 (Exod.
2508 2920 2726 2993 111,14);
2755 2929 2848 2976 et:
2884 2920 2986 2986 Qui
3014 2929 3109 2987 est,
3143 2920 3280 2974 misit
3312 2937 3390 2975 me
3417 2919 3636 2994 (lbid.).
3675 2925 3742 2978 Et
3769 2924 3887 2995 ipse

2276 3015 2532 3072 Salvator
2563 3014 2826 3069 Dominus
2861 3030 2874 3066 :
2927 3012 3053 3068 Ha’c
3086 3025 3182 3078 est,
3218 3014 3414 3084 inquit,
3439 3015 3540 3068 vita
3581 3026 3799 3081 wtcrna,
3831 3028 3886 3072 ut

2278 3117 2592 3179 cognoscant
2631 3120 2678 3162 te
2703 3107 2868 3162 solunt
2901 3122 3075 3161 verum
3105 3105 3289 3172 Deum,
3321 3116 3366 3160 et
3393 3122 3541 3176 quem
3568 3109 3756 3163 misisti
3787 3106 3882 3163 Jc-

568 3220 690 3261 cum
717 3205 966 3262 viderent
991 3220 1052 3262 se
1085 3207 1135 3260 in
1167 3205 1274 3262 hoc
1302 3205 1468 3261 verbo
1516 3205 1793 3271 concludi,
1820 3206 2025 3261 nullam
2056 3223 2174 3261 om-
2199 3203 2244 3266 C
2278 3218 2390 3256 sunt
2415 3201 2678 3256 Christum
2702 3199 2884 3273 (Joan.
2917 3215 3050 3264 xm,
3083 3199 3160 3270 3).
3194 3199 3288 3253 Est
3319 3214 3449 3269 ergo
3481 3210 3502 3237 ε
3535 3198 3588 3254 in
3621 3200 3882 3258 substan-

569 3301 702 3357 nino
731 3301 1066 3358 mentionem
1098 3301 1260 3370 hujus
1311 3301 1427 3356 fieri
1471 3301 1799 3368 voluerunt;
1834 3317 1900 3356 ne
1927 3310 2022 3357 aut
2046 3317 2165 3370 pro-

570 3393 783 3449 fitendo
807 3393 913 3449 hoc
955 3393 1264 3459 crederent,
1296 3403 1386 3447 aut
1430 3394 1722 3450 credentes
1753 3393 1987 3465 professi
2018 3394 2168 3450 vide-

566 3497 759 3544 rentur
791 3504 804 3540 :
833 3487 1021 3544 subtili
1049 3488 1264 3560 ingenio
1317 3499 1662 3554 excusantes,
1713 3488 1855 3560 quod
1902 3489 2166 3544 autscri-

572 3590 723 3653 ptum
751 3596 860 3637 non
893 3591 1060 3647 esset,
1093 3591 1186 3636 aut
1239 3582 1406 3638 Deum
1453 3583 1504 3637 in
1559 3583 1865 3638 substantia
1897 3582 2003 3638 dici
2055 3599 2162 3638 non

568 3683 848 3746 Oportere,
883 3690 952 3730 ne
987 3689 1288 3744 corporeus
1317 3674 1660 3732 crederetur.

641 3768 790 3824 Deus
817 3768 1042 3834 etenim,
1101 3768 1369 3840 inquiunt,
1403 3768 1573 3825 efficit
1611 3781 1667 3824 ut
1718 3771 1789 3826 sit
1833 3770 2160 3835 substantia,

567 3877 674 3918 non
707 3870 890 3918 tamen
924 3871 983 3917 ut
1013 3862 1131 3934 ipse
1163 3864 1302 3920 Deus
1348 3864 1402 3919 in
1468 3865 1776 3922 substantia
1820 3865 2115 3937 deputetur
2144 3881 2157 3930 ;

567 3956 786 4028 quippe,
813 3956 988 4021 aiunt,
1019 3971 1142 4013 cum
1170 3958 1348 4014 omnis
1392 3959 1698 4014 Sulistantia
1723 3957 1995 4014 contraria
2024 3957 2162 4012 reci-

565 4048 701 4122 piat.
734 4049 872 4106 Deus
899 4065 1031 4107 vero
1049 4052 1138 4124 qui
1170 4052 1302 4108 nihil
1335 4052 1610 4109 diversum
1643 4051 1931 4107 admittere
1957 4057 2156 4119 potest,

564 4142 870 4200 substantia
905 4144 1008 4199 dici
1037 4161 1145 4200 nun
1173 4145 1354 4202 debet.

639 4237 983 4310 Ignoscerem
1027 4239 1122 4294 tibi
1149 4239 1196 4295 si
1225 4239 1328 4296 hoc
1371 4240 1694 4310 simpliciter
1719 4236 1957 4302 diceres,
1987 4236 2032 4290 si
2070 4252 2154 4290 rn-

565 4331 652 4388 dis
672 4331 738 4386 ad
756 4331 895 4388 hanc
911 4333 1272 4405 qumstionem
1292 4333 1609 4399 accederes,
1630 4334 1675 4387 si
1702 4346 1808 4386 non
1838 4331 1956 4403 ipse
1983 4346 2155 4399 esses,

563 4424 658 4496 qui
689 4440 910 4497 semper
945 4427 1029 4483 vel
1061 4426 1129 4482 de
1159 4427 1267 4482 alia
1299 4426 1622 4489 substantia,
1657 4425 1745 4479 vel
1772 4425 1840 4480 de
1877 4425 2038 4481 nullis
2067 4440 2161 4479 ex-

563 4519 837 4574 stantibus
868 4519 964 4574 Dei
1001 4518 1196 4574 Filium
1237 4517 1520 4574 asserebas
1553 4534 1566 4571 :
1600 4525 1657 4571 at
1688 4531 1811 4570 cum
1866 4517 2008 4572 idem
2043 4517 2159 4587 ipse

2275 3295 2350 3348 tia
2374 3293 2610 3348 essentia
2634 3308 2730 3348 sua
2766 3292 2931 3356 Deus,
2963 3290 3117 3360 cujus
3134 3289 3374 3361 cognitio
3407 3292 3516 3344 vita
3543 3302 3746 3348 attenta
3773 3302 3877 3360 est,

2272 3389 2363 3458 qui
2396 3397 2452 3443 et
2483 3398 2667 3443 tantus
2691 3397 2799 3454 est,
2824 3396 3062 3456 quantus
3111 3385 3222 3441 dici
3247 3403 3353 3441 non
3381 3397 3581 3458 potest.
3613 3388 3717 3454 Qui
3753 3397 3878 3444 tunc

2271 3482 2432 3552 digne
2461 3483 2794 3546 :cstimatur,
2825 3495 2948 3534 cum
2998 3478 3394 3537 inmstimabilis
3435 3481 3660 3551 dicitur,
3693 3483 3881 3554 utique

2271 3577 2406 3632 velis
2431 3590 2494 3631 ac
2519 3575 2680 3630 nolis.

2342 3669 2483 3741 Ergo
2514 3671 2692 3740 ipsum
2723 3668 2874 3739 quod
2899 3677 3007 3736 est,
3037 3667 3143 3724 hoc
3174 3679 3257 3726 est
3287 3670 3594 3725 substantia
3625 3670 3729 3736 rei,
3760 3686 3883 3744 quae

2268 3777 2396 3818 esse
2421 3760 2735 3818 defenditur
2766 3777 2780 3826 ;
2807 3761 2950 3832 quod
2991 3769 3172 3816 tamen
3200 3760 3312 3830 jam
3337 3762 3540 3819 dictum
3569 3773 3674 3831 est,
3701 3778 3873 3834 quan-

2269 3865 2381 3912 tum
2409 3865 2465 3912 et
2494 3856 2657 3928 quale
2680 3857 2771 3923 sit,
2805 3871 2907 3912 nec
2939 3865 3122 3912 mente
3150 3857 3390 3928 concipi,
3418 3873 3521 3912 nec
3546 3873 3711 3913 sensu
3728 3858 3880 3914 aesti~

2269 3949 2427 4017 mari,
2460 3965 2558 4005 nec
2592 3949 2773 4004 animo
2805 3948 3021 4004 definiri
3070 3957 3291 4021 potest;
3322 3950 3621 4006 dummodo
3652 3959 3877 4008 constet

2261 4059 2387 4100 esse
2416 4044 2560 4115 quod
2582 4060 2702 4100 esse
2725 4046 3007 4112 creditur;
3046 4057 3103 4102 ιιι
3150 4045 3217 4102 de
3265 4063 3332 4102 eo
3364 4049 3481 4118 ipso
3523 4048 3668 4119 quod
3725 4048 3873 4106 Deus

2264 4151 2370 4207 est,
2403 4140 2528 4197 inde
2572 4142 2643 4197 sit
2687 4141 2884 4210 Filitts,
2909 4151 2971 4197 ut.
2997 4158 3163 4198 verus
3212 4144 3284 4198 sit
3315 4142 3509 4209 Filius,
3539 4153 3594 4199 et
3620 4159 3783 4198 verus
3807 4145 3880 4200 sit

2262 4238 2426 4294 Pater
2459 4237 2511 4292 in
2545 4236 2704 4306 Filio,
2738 4246 2793 4292 et
2815 4236 2985 4293 Filius
3013 4238 3067 4293 in
3103 4239 3287 4292 Patre.
3315 4238 3428 4294 Hoc
3452 4239 3557 4293 erit
3579 4237 3877 4310 ὁμοούσιος,

2265 4331 2318 4387 id
2353 4343 2459 4400 est,
2494 4333 2656 4389 unius
2681 4332 3002 4389 substantia:
3029 4348 3150 4388 cum
3176 4332 3359 4396 Patre,
3385 4333 3525 4387 sicut
3545 4333 3659 4404 ipse
3693 4321 3878 4386 Domi-

2265 4443 2368 4482 nus
2395 4428 2472 4482 ait
2505 4445 2518 4482 :
2551 4425 2740 4499 Egoin
2772 4427 2932 4482 Patre
2953 4438 2999 4483 et
3034 4427 3194 4482 Pater
3215 4429 3267 4482 in
3298 4445 3378 4482 me
3409 4427 3591 4498 (Joan.
3629 4443 3736 4492 xw,
3766 4425 3875 4498 10);

2269 4531 2324 4576 et
2359 4538 2372 4573 :
2408 4518 2523 4592 Ego
2567 4529 2617 4574 et
2681 4519 2836 4574 Pater
2881 4537 3043 4574 unum
3073 4537 3248 4575 sumus
3287 4519 3472 4588 (Joan.
3518 4536 3575 4585 Χ,
3605 4521 3696 4590 '50)
3728 4535 3742 4585 ;
3776 4531 3830 4574 ct
3861 4536 3875 4575 :

563 4613 664 4681 sis,
697 4613 788 4684 qui
816 4612 944 4669 hinc
966 4629 1115 4684 saepe
1139 4613 1443 4675 convictus,
1490 4625 1636 4680 saepe
1675 4609 1983 4677 confessus,
2019 4625 2165 4681 saepe
2192 4607 2244 4667 D
2278 4612 2392 4686 Ego
2413 4613 2478 4668 de
2505 4613 2816 4669 Patreeaivi
2845 4611 3030 4686 (Joan.
3079 4631 3188 4681 xvi,
3221 4613 3315 4686 '28)
3342 4632 3356 4681 ;
3380 4624 3434 4670 et
3467 4631 3480 4668 :
3536 4613 3638 4679 Qui
3670 4631 3748 4667 me
3798 4614 3877 4666 1-i-

565 4707 798 4780 negasti,
831 4707 1038 4779 sapius
1069 4706 1229 4761 aliter
1263 4702 1604 4760 ilnntutando
1633 4703 1922 4759 damnatus
1949 4717 2045 4759 es:
2075 4705 2164 4775 qui

561 4800 953 4859 etiambnunc
1008 4801 1086 4869 vi,
1115 4798 1412 4855 ambitione
1469 4806 1524 4853 et
1569 4797 1807 4867 potentia
1860 4799 2160 4870 exagitans,

565 4895 754 4952 turbas
803 4896 1038 4960 omnia;
1085 4891 1364 4966 quomodo
1410 4900 1566 4963 putas
1603 4908 1688 4947 me
1739 4891 2024 4964 ignoscere
2067 4893 2165 4950 tibi

564 5006 726 5063 posse
749 4991 1090 5063 frequentius
1105 4989 1297 5044 eadem
1315 4988 1667 5043 retractanti?
1685 4987 1793 5044 Sed
1822 5005 1890 5044 ne
1918 4989 2166 5045 videatur

565 5085 684 5144 haec
715 5085 1050 5160 perversitas
1084 5081 1439 5154 prmjudicala
1465 5082 1639 5152 magis
1660 5098 1817 5153 quam
1847 5083 2161 5141 examinata

561 5179 839 5245 damnari,
869 5176 1110 5234 breviter
1161 5174 1255 5230 tibi
1307 5174 1375 5230 de
1403 5173 1505 5230 hac
1534 5175 1880 5248 oppositione
1937 5192 2162 5248 respon-

559 5275 760 5334 deam.‘

636 5449 664 5476 ι
703 5436 860 5492 Hunc
888 5433 1052 5488 etiam
1087 5432 1268 5489 locum
1300 5434 1460 5490 nobis
1507 5435 1640 5491 edit.
1688 5436 1852 5505 Vigil.
1898 5438 2164 5505 restituit,

559 5525 683 5567 cum
716 5507 1015 5563 haberetur
1044 5505 1098 5561 in
1151 5523 1281 5560 mss.
1308 5517 1364 5562 et
1403 5506 1537 5562 edit.
1563 5508 1938 5564 Ambrosianis
1961 5509 2013 5564 in
2049 5511 2166 5566 hmc

562 5581 749 5645 verba,
780 5580 983 5633 animas
1001 5578 1332 5648 simplicium,
1349 5579 1527 5633 dicunt
1550 5580 1628 5634 Itis
1645 5582 1765 5650 quia
1790 5583 1844 5635 in
1875 5597 2032 5637 carne
2056 5599 2159 5636 non

561 5660 958 5722 resurgant.....
988 5651 1162 5706 dicent
1183 5651 1273 5706 tibi
1301 5668 1320 5708 :
1347 5651 1532 5721 Utique
1562 5654 1651 5707 ille
1671 5656 1787 5722 erit,
1814 5665 1949 5721 etc.,
1974 5655 2158 5725 inepto

559 5740 747 5782 sensu.

634 5795 663 5836 δ
692 5796 944 5854 Ambros.
974 5796 1108 5854 edit.
1150 5812 1271 5854 cum
1305 5814 1407 5854 ms.
1446 5797 1612 5863 Tell.,
1639 5813 1775 5850 nunc
1804 5799 1856 5851 in
1885 5797 2160 5851 ambitione

561 5871 853 5946 exagitans.
876 5871 1039 5945 Vigil.
1091 5871 1224 5930 edit.
1257 5885 1380 5928 cum
1408 5869 1543 5927 Last.
1572 5869 1724 5938 cod.,
1751 5870 1819 5938 vi,
1845 5870 2156 5934 ambitione;

2270 4709 2377 4776 det,
2409 4708 2546 4762 videt
2589 4718 2637 4764 et
2672 4706 2884 4763 Patrem
2908 4726 3074 4763 meum
3103 4708 3285 4782 (Joan.
3313 4725 3422 4776 MV,
3455 4707 3535 4781 9).

2343 4802 2461 4860 Non
2494 4803 2792 4870 immerito,
2821 4804 2946 4875 quia
2975 4802 3143 4858 Filius
3170 4803 3265 4858 Dei
3292 4801 3360 4857 de
3385 4801 3494 4856 Deo
3526 4801 3686 4858 Patre
3715 4809 3872 4858 natus

2271 4909 2354 4955 est
2381 4915 2394 4965 ;
2428 4909 2484 4955 et
2515 4898 2636 4957 ideo
2664 4898 2732 4955 de
2763 4899 2967 4954 unitate
2995 4896 3313 4954 substantia:
3335 4939 3350 4962 ,
3381 4906 3436 4952 et
3471 4895 3540 4951 de
3579 4893 3872 4966 majestate

2271 4993 2491 5048 deitatis
2519 5008 2684 5046 unum
2712 5001 2858 5059 sunt,
2892 4992 3050 5045 sicuti
3081 4999 3134 5046 et
3161 4989 3462 5045 Hieremias
3495 4987 3872 5059 prOpbetavit:

2278 5086 2410 5155 Quis
2438 5085 2592 5141 stabit
2639 5085 2693 5138 in
2741 5084 3022 5140 substantia
3060 5082 3303 5148 Domini,
3346 5091 3393 5136 et
3429 5081 3618 5136 videbit
3652 5080 3876 5137 Verbum

2271 5179 2482 5236 Domini
2509 5178 2726 5252 (Jerem.
2751 5195 2903 5246 χχιιι,
2948 5179 3036 5243 f8,
3062 5193 3163 5232 sec.
3189 5174 3398 5247 LXX)?
3442 5177 3507 5231 Et
3537 5176 3734 5234 iterum
3762 5195 3775 5232 :
3814 5177 3876 5233 Si

2265 5275 2521 5330 stetissent
2552 5279 2605 5329 in
2629 5273 2914 5328 substantia
2944 5288 3077 5339 mea,
3108 5281 3155 5325 et
3180 5270 3224 5324 si
3247 5267 3509 5325 audissent
3536 5271 3687 5328 verba
3729 5288 3870 5338 mea,

2271 5437 2369 5493 sed
2402 5437 2516 5492 sola
2542 5438 2806 5508 edit.Vig.
2831 5436 3002 5504 addit,
3037 5446 3085 5491 et
3109 5438 3359 5506 potentia.

2349 5521 2368 5546 ε
2400 5509 2475 5564 Ita
2495 5525 2688 5564 omnes
2730 5508 2864 5563 edit.
2894 5517 2949 5563 et
2997 5508 3118 5564 cod.
3153 5508 3313 5574 L:et.;
3339 5519 3394 5564 at
3422 5509 3587 5580 Vigil.
3621 5509 3754 5567 edit.
3786 5527 3872 5568 re—

2271 5583 2468 5644 secuit,
2516 5581 2735 5634 essentia
2757 5597 2875 5646 sua,
2903 5595 3001 5649 pro
3027 5581 3222 5649 quibus
3245 5582 3382 5638 Tell.
3410 5585 3532 5636 oud.
3563 5581 3865 5651 substituit,

2266 5651 2540 5725 sententia
2580 5669 2696 5706 sua.
2727 5651 2932 5725 Verum
2991 5665 3207 5725 recepta
3269 5653 3433 5708 lectio
3481 5668 3590 5708 non
3637 5666 3720 5710 est
3749 5672 3868 5710 ιιιιιο

2267 5723 2428 5776 tanda
2453 5738 2468 5786 ;
2492 5723 2633 5777 idem
2660 5738 2722 5779 ea
2765 5723 3058 5794 signiﬁcat,
3091 5723 3154 5780 ac
3183 5729 3228 5781 si
3259 5727 3557 5793 scribatur,
3594 5726 3646 5782 in
3676 5728 3868 5784 ordine

2262 5795 2584 5852 substantiae
2617 5810 2716 5867 per
2742 5797 3039 5854 essentiam
3081 5813 3253 5854 suam.
