4106 6344
216 260 288 321 ιι
800 262 895 321 DE
931 262 1089 323 FILII
1128 263 1533 327 DIVINITATE
1573 263 1663 326 ΕΤ
1701 269 2544 341 CONSUBSTANTIALITATE
2584 285 3026 349 TRACTATUS.
3484 300 3559 360 42

220 377 525 432 avertissent
564 392 661 434 eos
689 379 759 435 ab
785 382 970 437 studiis
1003 398 1182 439 eorum
1212 386 1448 455 pessimis
1487 387 1506 459 (
1532 386 1698 454 1bid.,
1723 388 1853 462 22).
1880 394 1937 455 Λ
1961 394 2103 462 quod
2130 396 2272 452 Deus
2289 407 2391 467 est,
2408 402 2694 470 aestimari,
2720 405 3112 476 comprehendi
3136 418 3190 465 et
3207 409 3425 468 deﬁniri
3448 428 3558 471 non

221 471 289 528 Et
318 472 467 543 apud
502 472 819 534 Salomon:
872 476 1173 533 Substantia
1203 495 1336 545 mea,
1375 479 1592 535 dulcedo
1632 497 1746 536 mea
1776 490 1854 537 est

220 562 376 636 (Sap.
412 580 532 631 xvr,
567 564 697 637 21).

881 663 1110 722 CAPUT
1149 666 1213 722 V.

224 796 348 853 Cum
376 800 566 854 unitas
608 803 922 859 substantia:
951 805 1006 859 in
1037 804 1200 861 Patre
1239 815 1288 861 et
1327 805 1497 875 Filio,
1528 824 1637 864 non
1672 810 1848 865 solum

288 894 633 967 praphetica,
662 898 762 952 sed
791 907 840 953 et
870 900 1163 971 evangelica
1191 901 1508 956 auctoritate
1530 905 1840 972 comprobe-

287 996 394 1053 tur,
422 988 536 1043 dici
581 1006 696 1045 non
738 1000 904 1064 potest
932 994 986 1047 in
1015 994 1178 1049 sacris
1215 994 1400 1050 litteris
1428 995 1704 1068 ὁμοούσιον
1742 1013 1849 1053 non

286 1083 537 1137 inveniri.
568 1083 714 1150 Qua:
742 1087 809 1140 sit
836 1087 969 1143 ratio
990 1088 1233 1143 nominis.
1254 1087 1538 1161 Praeterea,
1574 1092 1620 1145 si
1646 1090 1714 1145 ad
1750 1092 1851 1145 ali-

286 1192 444 1244 quam
466 1177 887 1234 similitudinem
902 1181 1021 1235 velit
1042 1181 1266 1237 Arianus
1285 1183 1339 1236 in
1364 1180 1475 1237 Deo
1497 1186 1848 1256 comparatio-

290 1286 403 1324 nem
452 1271 766 1342 instituere,
799 1291 904 1329 non
953 1284 1114 1344 potest
1165 1278 1456 1347 expressius
1483 1288 1846 1347 comparatum

289 1367 528 1435 deﬁnire,
565 1368 671 1422 nisi
707 1385 831 1423 cum
856 1369 1016 1437 dicat,
1051 1371 1233 1427 lumen
1266 1388 1333 1427 ex
1364 1372 1594 1429 lumine.

286 1501 420 1560 Cum
446 1519 587 1577 ergo
618 1505 770 1560 hanc
790 1507 1054 1563 unitatem
1080 1508 1473 1565 substantiae'in
1498 1509 1662 1567 Patre
1681 1520 1736 1567 et
1757 1511 1847 1566 Fi-

222 1595 295 1652 lio
319 1611 428 1652 non
461 1598 656 1652 solum
688 1599 1035 1671 prophetica,
1064 1602 1159 1656 sed
1184 1610 1237 1657 et
1265 1602 1580 1672 evangelica
1607 1604 1847 1659 auctori-

223 1696 326 1743 tate
351 1703 710 1761 cognoscas;
750 1690 1025 1760 quomodo
1049 1692 1185 1747 dicis
1228 1693 1281 1746 in
1308 1694 1607 1763 Scripturis
1643 1695 1845 1751 divinis

1954 500 2155 556 posse:
2188 505 2289 547 nec
2319 508 2452 549 vere
2482 497 2687 567 aliquid
2730 514 2796 554 ex
2844 499 2928 555 his
2968 516 3091 572 quae
3123 504 3177 559 in
3220 504 3326 561 hoc
3354 508 3561 564 mundo

1951 594 2101 650 sunt,
2130 586 2406 657 majestati
2436 589 2636 646 divinae
2664 598 3001 665 comparari;
3031 598 3155 667 quia
3183 599 3319 654 nihil
3349 600 3419 656 de
3441 616 3560 658 om-

1952 676 2113 733 nibus
2145 679 2264 736 istis
2295 698 2418 753 quae
2448 685 2705 742 videntur
2731 698 2824 743 aut
2854 690 3111 747 dicuntur
3130 734 3145 759 ,
3175 695 3476 751 secundum
3503 696 3562 753 id

1950 770 2095 839 quod
2124 771 2267 828 Deus
2294 784 2399 843 est,
2438 778 2708 849 condigna
2749 781 3108 839 similitudine
3148 784 3413 843 mstimari
3460 802 3563 858 po-

1947 870 2079 929 test,
2109 867 2310 938 quippe
2333 883 2458 926 cum
2489 871 2622 941 ipsis
2650 873 3023 932 intelleclibus
3058 889 3113 933 et
3150 881 3410 939 sensibus
3440 897 3564 940 ma-

1944 954 2034 1025 jor
2060 957 2152 1013 sit.

2021 1047 2151 1106 Ideo
2194 1056 2527 1122 praemonuit
2570 1066 2631 1113 ut
2676 1059 3018 1118 divinitatem
3050 1066 3396 1133 substantia:
3444 1086 3571 1129 cre-

1950 1141 2142 1209 deres,
2176 1154 2233 1201 et
2259 1162 2449 1203 verum
2482 1149 2678 1206 Filium
2710 1154 2779 1210 de
2808 1171 2939 1212 vero
2971 1157 3132 1215 Patre
3162 1176 3564 1231 cognosceres:

1950 1236 2018 1292 de
2047 1239 2308 1309 qualitate
2347 1252 2529 1299 autem
2562 1246 2640 1301 rei
2670 1251 2952 1320 requirere
2984 1268 3099 1307 non
3127 1254 3400 1323 deberes;
3436 1262 3563 1328 quia

1951 1331 2113 1399 quale
2142 1343 2235 1388 aut
2265 1345 2530 1405 quantum
2567 1340 2678 1407 sit,
2728 1342 2871 1398 scire
2900 1360 3009 1400 non
3040 1350 3233 1416 possis.
3272 1350 3384 1407 Hoc
3412 1352 3559 1409 enim

1950 1425 2253 1493 prophetae,
2289 1427 2395 1484 hoc
2424 1431 2658 1500 apostoli
2694 1434 3081 1503 praedicarunt.

2584 1567 2816 1627 CAPUT
2858 1571 2943 1627 VI.

1953 1681 2096 1748 Quid
2138 1684 2203 1737 sit
2245 1682 2411 1740 Deus.
2466 1687 2654 1742 Utrum
2704 1693 2749 1744 ei
2782 1692 2984 1761 aliquid
3026 1699 3190 1764 possit
3235 1702 3551 1767 comparari.

221 1779 493 1853 ὁμοούσιον
515 1796 635 1837 non
662 1784 923 1849 inveniri,
948 1785 1101 1857 quasi
1128 1785 1271 1839 aliud
1294 1786 1366 1840 sit
1386 1785 1662 1858 ὁμοούσιον
1684 1802 1838 1858 quam

2024 1775 2181 1830 Ratio
2201 1778 2437 1848 quadam
2462 1791 2556 1846 est,
2587 1798 2703 1853 qua:
2731 1786 2873 1853 apud
2926 1786 3135 1843 Gnaeos
3175 1792 3343 1866 Λόγος·
3391 1794 3557 1848 nomi-

221 1875 355 1946 quod
386 1874 529 1930 dicit
554 1893 568 1929 :
605 1873 728 1947 Ego
755 1876 821 1930 de
849 1874 962 1931 Deo
996 1875 1156 1931 Patre
1182 1878 1316 1932 exivi
1358 1878 1539 1947 (Joan.
1568 1896 1688 1947 xvi,
1715 1880 1809 1951 ‘28)
1833 1922 1848 1948 ,

222 1980 303 2025 et:
354 1968 473 2041 Ego
505 1979 565 2025 et
602 1969 771 2025 Pater
822 1987 983 2024 unum
1022 1988 1200 2026 sumus
1247 1970 1436 2041 (Joan.
1478 1990 1546 2039 x,
1588 1972 1728 2045 30);
1763 1975 1851 2030 vel

221 2062 354 2134 quod
377 2064 683 2133 prophetae
704 2078 775 2119 ex
801 2073 987 2133 aperto
1008 2064 1368 2119 substantiam
1386 2065 1481 2119 Dei
1501 2065 1852 2121 intimabant?

285 2156 411 2213 Haec
431 2166 524 2213 est
562 2166 753 2212 autem
787 2156 1027 2213 naminis
1053 2159 1194 2211 ratio
1216 2199 1229 2222 ,
1264 2167 1323 2212 ut
1350 2157 1403 2212 in
1433 2158 1595 2213 Patre
1624 2167 1679 2213 et
1710 2158 1851 2215 Filio

221 2250 476 2305 unitatem
511 2250 855 2305 substantiae
886 2251 1100 2316 credas,
1131 2250 1258 2305 licet
1281 2266 1394 2305 rem
1426 2251 1599 2319 ipsam
1623 2267 1743 2320 quae
1765 2261 1852 2307 est

222 2342 642 2409 inenarrabilis,
678 2341 913 2397 delinire
941 2356 1048 2397 non
1077 2343 1287 2411 possis:
1337 2353 1394 2396 ut
1422 2342 1539 2397 sive
1568 2344 1751 2398 lumen
1778 2343 1849 2401 de

222 2438 423 2493 lumine
463 2438 635 2493 dicas
658 2478 673 2504 ,
703 2437 823 2493 sive
847 2437 1074 2492 verbum
1108 2436 1178 2492 de
1207 2437 1378 2492 verbo
1401 2477 1416 2503 ,
1451 2438 1568 2491 sive
1594 2438 1847 2507 spiritum

222 2532 285 2588 de
309 2532 507 2602 spiritu
534 2573 551 2596 ,
590 2531 713 2586 sive
738 2531 1028 2585 Dominum
1059 2530 1130 2585 de
1160 2529 1422 2595 Domino,
1460 2529 1848 2602 quodcumque

222 2625 284 2681 de
308 2640 374 2680 eo
400 2623 664 2689 dixeris,
696 2623 863 2678 unius
902 2631 1084 2679 tamen
1118 2625 1370 2679 essentia:
1401 2623 1620 2679 Patrem
1659 2636 1714 2680 et
1750 2624 1845 2679 Fi-

222 2719 343 2775 lium
372 2720 599 2785 credas,
632 2727 692 2774 et
716 2718 786 2773 de
816 2733 883 2775 eo
914 2719 1033 2787 ipso
1057 2718 1200 2788 quod
1226 2718 1386 2774 Pater
1405 2727 1510 2782 est,
1534 2717 1734 2773 Filium
1760 2720 1844 2774 in-

222 2815 446 2886 telligas.
476 2814 622 2870 Nam
648 2813 697 2868 si
722 2812 958 2881 aliquam
983 2813 1448 2882 comparationem
1472 2812 1540 2867 de
1567 2813 1731 2867 rebus
1758 2813 1846 2869 his

230 2925 346 2981 quae
373 2910 662 2974 videntur,
696 2912 753 2963 in
782 2922 850 2963 eo
877 2907 1082 2974 facias;
1124 2908 1239 2977 ipsa
1272 2908 1723 2963 dissimilitudine
1756 2924 1844 2964 re-

228 3017 343 3059 rum
374 3020 482 3058 non
512 3002 791 3057 rationem
825 3000 1112 3065 ostendes,
1150 3001 1245 3055 sed
1276 3001 1692 3057 altercationem
1730 3001 1844 3057 dis-

227 3098 565 3168 putationum
598 3093 858 3160 induces,
891 3102 916 3130 ει
943 3102 1000 3147 ιιι
1025 3094 1181 3162 cujus
1202 3109 1337 3150 voce
1357 3094 1693 3164 descriptum
1718 3106 1839 3150 est:

2032 1882 2212 1935 natur.
2236 1890 2353 1941 qua:
2373 1875 2509 1928 inter
2537 1875 2746 1930 Patrem
2776 1890 2823 1932 et
2852 1878 3050 1934 Filium
3077 1900 3327 1953 personas
3356 1889 3435 1939 vel
3472 1902 3563 1941 vo-

2030 1965 2216 2019 cabula
2257 1966 2556 2039 distinguit.
2600 1967 2707 2023 Illa
2732 1969 2888 2025 Ratio
2924 1976 3102 2028 multis
3143 1978 3436 2033 nominibus
3466 1995 3562 2050 ap-

2030 2056 2275 2127 pellatur.
2306 2059 2420 2126 Qua
2447 2060 2512 2114 de
2533 2078 2693 2115 causa
2719 2064 2927 2134 singula
2954 2067 3018 2119 de
3040 2064 3189 2120 Filio
3221 2070 3486 2124 dicantur.

2031 2166 2273 2239 Denique
2303 2186 2401 2239 pro
2429 2184 2589 2242 captu
2609 2214 2624 2240 ,
2670 2189 2768 2243 pro
2817 2176 3027 2232 viribus
3048 2220 3062 2244 ,
3113 2195 3211 2250 pro
3242 2181 3345 2237 ﬁde
3376 2192 3562 2239 nostra

1955 2259 2265 2317 intueamur
2296 2263 2441 2319 Deus
2467 2266 2598 2334 quid
2629 2267 2730 2330 sit,
2771 2277 2829 2324 et
2859 2270 3139 2327 videamus
3164 2290 3232 2329 an
3265 2278 3315 2331 ei
3354 2279 3562 2349 aliquid

1953 2355 2131 2423 possit
2157 2358 2488 2424 comparari.
2514 2357 2677 2414 Certe
2704 2360 2796 2415 hic
2819 2372 2903 2416 est
2924 2404 2938 2427 ,
2965 2364 3035 2419 de
3058 2380 3167 2435 quo
3194 2378 3248 2422 et
3274 2384 3396 2423 cum
3429 2371 3566 2426 dici-

1953 2453 2059 2514 tur,
2112 2463 2221 2503 non
2273 2460 2455 2518 potest
2500 2450 2646 2505 dici:
2695 2468 2816 2508 cum
2851 2456 3179 2525 aestimatur,
3224 2476 3331 2515 non
3384 2472 3564 2530 potest

1951 2538 2254 2595 aestimari:
2299 2557 2421 2597 cum
2454 2556 2824 2613 comparatur,
2862 2562 2967 2601 non
3000 2560 3185 2618 potest
3213 2557 3560 2622 comparari:

1950 2648 2072 2688 cum
2099 2634 2382 2703 delinitur,
2412 2637 2527 2705 ipsa
2560 2653 2657 2694 sua
2685 2640 3003 2698 deﬁnitione
3042 2647 3260 2701 crescit.
3305 2649 3404 2715 Qui
3453 2664 3564 2706 coe-

1949 2726 2063 2781 lum
2092 2743 2254 2783 manu
2284 2746 2381 2783 sua
2413 2733 2610 2798 aperit,
2638 2749 2818 2803 pugno
2842 2750 3059 2790 omnem
3089 2739 3565 2800 antbitmnntundi

1948 2821 2174 2877 claudit.
2230 2825 2402 2891 Quem
2432 2833 2602 2880 totum
2632 2830 2812 2882 omnia
2845 2832 3130 2898 nesciunt,
3183 2844 3239 2889 et
3270 2837 3563 2894 metuendo

1948 2916 2149 2970 sciunt.
2196 2914 2368 2987 Cujus
2399 2919 2609 2974 nomini
2637 2931 2692 2975 et
2720 2922 2907 2977 virtuti
2936 2922 3231 2980 famulatur
3262 2928 3349 2982 hic
3378 2928 3563 2995 orbis,

1945 3016 2001 3064 et
2029 3010 2145 3079 ipsa
2175 3010 2579 3068 elementorum
2626 3015 2729 3069 sibi
2778 3020 3129 3076 succedentia
3181 3035 3563 3082 momentanea

1946 3103 2270 3161 vicissitudo
2301 3116 2553 3163 testatur.
2592 3109 2724 3165 Vide
2747 3126 2882 3183 ergo
2902 3117 2947 3168 si
2981 3127 3160 3181 potest
3182 3120 3386 3189 aliquid
3411 3136 3554 3189 esse,

224 3188 316 3244 Cui
347 3207 423 3245 me
446 3186 831 3261 comparabilis
880 3185 1048 3260 (Isai.
1082 3203 1229 3252 XLVI,
1277 3186 1421 3261 55)?
1471 3188 1551 3243 Ac
1605 3189 1832 3259 proinde
1861 3183 1910 3249 C
1940 3197 2026 3251 cni
2065 3198 2241 3267 possit
2290 3200 2450 3255 Pater
2498 3207 2805 3272 comparari
2839 3218 2893 3262 et
2922 3206 3128 3275 Filius;
3162 3183 3287 3281 quia
3325 3214 3443 3268 talis
3474 3183 3562 3271 est

220 3281 358 3339 Dens
378 3285 461 3340 cui
495 3281 805 3338 assitnilari
837 3279 974 3335 nihil
1002 3288 1205 3351 potest,
1230 3280 1469 3335 sufﬁciat
1494 3281 1665 3349 credi,
1692 3282 1837 3353 quod

220 3376 330 3447 ipse
352 3378 617 3440 sentitur,
643 3390 815 3445 quem
841 3374 957 3443 ipse
982 3374 1131 3429 credi
1154 3388 1215 3429 se
1239 3374 1430 3435 voluit.
1457 3389 1563 3429 non
1585 3375 1836 3430 indicari.

286 3471 533 3543 Denique
548 3471 595 3525 si
612 3471 685 3525 de
701 3468 811 3524 hoc
827 3467 945 3536 ipso
965 3468 1109 3538 quod
1126 3483 1336 3525 mecum
1356 3468 1727 3537 proﬁteris,ad
1742 3471 1841 3525 ali-

220 3578 369 3635 quam
400 3562 834 3619 similitudinem
867 3560 1003 3616 velis
1033 3561 1087 3615 in
1123 3563 1232 3615 Deo
1262 3560 1741 3629 conferre,nescio
1767 3578 1837 3618 an

217 3658 353 3727 quod
364 3653 1000 3727 cutnparaveris.possis
1012 3653 1326 3722 expressius
1337 3653 1568 3709 delinire
1587 3673 1599 3708 :
1618 3665 1835 3724 utputa,

218 3764 331 3805 cum
361 3750 501 3805 dicis
534 3750 732 3805 lumen
754 3761 825 3802 ex
852 3746 1079 3813 lumine,
1099 3746 1144 3801 si
1168 3746 1235 3800 ad
1257 3746 1657 3816 explanandum
1682 3748 1835 3803 illum

217 3843 536 3913 scrupulosa
556 3839 886 3896 narratione
900 3838 1134 3909 cogaris,
1148 3855 1333 3908 quaero
1352 3839 1629 3911 quomodo
1648 3839 1835 3896 lumen

216 3950 275 3992 ex
292 3936 495 3991 lumine
522 3931 772 3989 credas?
795 3929 988 3987 Utrum
1014 3931 1167 4001 quasi
1191 3934 1467 3987 lucernam
1494 3948 1558 3987 ex
1584 3934 1831 4000 lucerna,

217 4030 293 4084 vel
308 4027 466 4099 quasi
486 4027 675 4083 solem
690 4040 763 4081 ex
776 4023 923 4088 sole;
956 4035 1014 4078 ut
1034 4036 1127 4079 aut
1141 4024 1279 4080 duas
1294 4025 1569 4092 lucernas,
1589 4039 1680 4081 aut
1699 4027 1836 4082 duos

215 4123 373 4191 soles,
389 4122 551 4194 quasi
574 4122 723 4176 duos
750 4118 884 4175 deos
912 4118 1015 4174 sub
1038 4118 1141 4175 hoc
1163 4122 1417 4190 exemplo
1441 4121 1704 4177 inducas?
1725 4123 1833 4176 Aut

215 4214 569 4284 splendorem
603 4209 835 4266 luminis
858 4208 1104 4279 ejusdem
1130 4212 1385 4278 lucernae,
1413 4212 1499 4266 vel
1523 4212 1829 4267 claritatem

214 4306 342 4363 solis
366 4308 460 4362 'de
503 4305 712 4361 eodem
763 4303 883 4358 sole
921 4301 1216 4372 fulgentem
1241 4345 1258 4371 ,
1310 4305 1493 4361 lumen
1527 4306 1594 4360 de
1624 4307 1830 4362 lumine

214 4404 525 4474 consignes,
549 4410 612 4456 ut
640 4401 700 4455 in
732 4399 1016 4453 matricem
1044 4396 1265 4451 luminis
1289 4396 1467 4452 Patris
1488 4396 1720 4467 ﬁguram
1744 4412 1832 4453 as-

214 4495 421 4551 similes
443 4536 457 4562 ,
482 4493 691 4549 Filium
724 4505 860 4546 vero
891 4491 943 4545 in
973 4489 1321 4559 Splendorem
1349 4491 1616 4546 claritatis
1645 4502 1833 4547 osten-

1942 3287 2136 3354 Filius,
2168 3291 2346 3359 qualis
2375 3300 2431 3346 et
2462 3292 2659 3349 Pater:
2690 3312 2797 3350 non
2825 3300 2970 3352 enim
3001 3300 3116 3368 ipse
3146 3317 3206 3357 se
3238 3319 3403 3358 unum
3430 3320 3554 3360 cum

1942 3380 2104 3437 Patre
2131 3382 2360 3450 diceret,
2387 3386 2489 3439 nisi
2524 3388 2685 3442 talem
2719 3404 2800 3455 se,
2834 3392 3008 3459 qualis
3040 3403 3125 3448 est
3153 3394 3336 3464 Pater,
3366 3400 3555 3456 sciret.

2016 3475 2179 3531 Ratio
2209 3478 2459 3547 quaedam
2491 3488 2597 3547 est,
2640 3498 2762 3552 quae
2800 3486 2945 3555 apud
2976 3484 3200 3543 Graecos
3226 3490 3385 3566 Λόγος
3413 3509 3552 3547 nun-

1940 3582 2191 3642 cupatur,
2216 3590 2337 3644 qua:
2360 3575 2501 3631 inter
2524 3577 2739 3634 Patrem
2764 3588 2820 3634 et
2842 3580 3036 3636 Filium
3063 3600 3326 3653 personas
3350 3588 3434 3643 vel
3458 3605 3552 3644 vo-

1939 3666 2134 3721 cabula
2184 3668 2499 3737 distinguit;
2547 3673 2670 3740 quia
2703 3683 2759 3727 et
2789 3674 2908 3744 ipse
2936 3674 3109 3732 Filius
3137 3678 3298 3733 Ratio
3329 3681 3546 3737 dicitur.

1940 3758 2073 3824 Quae
2097 3768 2273 3814 tamen
2299 3760 2459 3814 Ratio
2483 3762 2667 3817 multis
2688 3764 3002 3823 nominibus
3024 3770 3360 3839 appellatur:
3388 3774 3550 3828 modo

1942 3846 2178 3903 Verbum
2202 3891 2216 3914 ,
2246 3850 2410 3905 modo
2436 3848 2642 3917 Virtus,
2677 3856 2839 3910 ntodo
2870 3857 3150 3926 Sapientia
3170 3901 3187 3927 ,
3220 3862 3383 3916 modo
3409 3862 3544 3918 dex-

1940 3948 2077 4008 tera,
2101 3942 2264 3997 modo
2288 3943 2593 4010 brachium,
2614 3948 2779 4003 modo
2803 3956 3117 4022 margarita,
3143 3956 3304 4011 modo
3328 3959 3545 4012 thesau-

1938 4048 2031 4089 rus
2054 4075 2069 4099 ,
2100 4035 2266 4091 modo
2307 4038 2440 4093 retia
2463 4079 2478 4104 ,
2504 4039 2669 4094 modo
2699 4050 2968 4111 aratrum,
3006 4048 3169 4101 modo
3199 4047 3346 4113 fons,
3378 4051 3543 4105 modo

1936 4134 2113 4197 petra,
2143 4128 2306 4183 modo
2332 4130 2473 4200 lapis
2501 4132 2798 4202 angularis,
2833 4136 2998 4190 modo
3025 4152 3214 4208 agnus,
3251 4140 3414 4196 modo
3442 4142 3540 4200 ho-

1936 4237 2047 4288 mo,
2074 4225 2238 4280 modo
2266 4226 2488 4294 vitulus,
2516 4228 2680 4282 modo
2701 4230 2901 4299 aquila,
2930 4233 3091 4286 modo
3114 4234 3218 4299 leo,
3244 4235 3405 4291 modo
3428 4238 3536 4293 via.

1936 4314 2008 4370 Et
2037 4317 2106 4369 ita
2137 4332 2260 4371 cum
2293 4319 2367 4372 sit
2404 4318 2546 4374 Deus
2575 4320 2756 4374 omnia
2789 4321 2841 4374 in
2873 4324 3127 4378 omnibus
3147 4367 3163 4391 ,
3208 4337 3263 4379 ut
3292 4342 3389 4396 per
3417 4328 3536 4386 haec

1935 4409 2200 4465 vocabula
2230 4409 2533 4464 divinarum
2561 4411 2977 4480 diSpOSilionnm
3010 4418 3266 4485 mysteria
3304 4434 3537 4487 cognos-

1934 4511 2149 4566 cantur,
2182 4518 2286 4555 non
2317 4512 2376 4557 ut
2402 4504 2517 4573 ipsa
2548 4502 2804 4573 tnajestas
2850 4504 2971 4560 Filii
3016 4508 3109 4563 Dei
3156 4512 3371 4580 proprie
3399 4513 3533 4569 deli-

213 4587 342 4653 das;
380 4587 531 4658 quod
559 4588 631 4641 de
660 4598 733 4639 eo
764 4582 1027 4651 prOpheta
1066 4582 1295 4637 dixerit:
1340 4582 1499 4654 Apud
1539 4591 1586 4636 te
1614 4592 1686 4638 est
1712 4586 1828 4655 fons
1850 4572 1908 4639 D
1936 4597 2042 4651 “ita
2072 4603 2429 4651 monstretur.

213 4682 499 4748 vitw,etin
528 4681 735 4735 lumine
772 4688 859 4731 tuo
905 4675 1180 4730 videbimus
1225 4676 1397 4731 lumen
1447 4675 1624 4747 (Psal.
1656 4693 1824 4742 xxxv,

213 4776 336 4850 10);
359 4778 446 4833 vel
468 4775 760 4839 Salomon,
780 4788 902 4827 cum
920 4771 1053 4827 dicit
1074 4789 1087 4824 :
1108 4769 1320 4826 Candor
1349 4782 1425 4827 est
1448 4771 1580 4827 lucis
1596 4780 1819 4838 azternw,

211 4880 260 4925 et
285 4872 552 4938 speculum
582 4870 699 4924 sine
728 4866 938 4920 macula
970 4863 1067 4919 Dei
1097 4866 1412 4935 majestatis,
1444 4874 1493 4918 et
1529 4866 1702 4934 imago
1740 4866 1828 4919 bo-

214 4962 395 5016 nitatis
415 4962 560 5015 illius
584 4960 747 5029 (Sep.
781 4973 876 5024 vn,
899 4956 994 5027 26)
1014 4972 1029 5021 ;
1052 4956 1137 5011 vel
1171 4957 1465 5026 Apostolus
1492 4957 1580 5012 hic
1602 4955 1826 5028 (Coloss.

212 5072 254 5123 ι,
286 5056 374 5128 15)
427 5051 813 5125 ριίεόιεεγειὶι
862 5051 1200 5107 Salvatoretn
1231 5060 1481 5107 nostrum
1530 5052 1825 5123 imaginem

213 5164 337 5205 esse
380 5147 683 5205 invisibilis
734 5146 832 5201 Dei
860 5185 872 5209 ,
919 5161 985 5200 eo
1015 5145 1157 5215 quod
1187 5146 1363 5215 imago
1389 5145 1419 5184 δ
1448 5147 1581 5202 solis
1612 5148 1701 5201 lux
1730 5161 1827 5203 sua

216 5246 306 5312 sit,
330 5260 449 5315 quae
479 5244 550 5299 de
579 5242 783 5298 eodem
814 5240 930 5295 sole
957 5240 1225 5311 procedit.
1490 5298 1499 5303 <

286 5337 393 5393 Sed
432 5344 644 5407 quanta
687 5332 755 5387 ad
788 5332 904 5386 htnc
941 5334 1259 5402 reSponderi
1294 5348 1527 5405 possunt
1551 5352 1672 5407 quin
1704 5339 1827 5395 lites

217 5441 493 5501 generant,
528 5426 679 5500 quod
712 5424 1005 5496 Apostolus
1036 5428 1288 5497 prohibet
1318 5430 1406 5503 (ll
1433 5428 1571 5485 Tim.
1604 5447 1663 5497 ιι,
1688 5432 1823 5504 24),

218 5526 429 5599 longum
457 5536 545 5582 est
574 5523 799 5580 dicere:
835 5523 1035 5610 quippe
1062 5538 1184 5578 cunt
1212 5535 1431 5581 constet
1464 5525 1648 5581 lumen
1692 5527 1825 5585 illud

283 5667 498 5740 §Vigil.
528 5665 669 5740 edit.
697 5663 850 5740 sola:
875 5662 944 5740 Et
962 5664 1083 5740 quia
1101 5682 1166 5721 ea:
1187 5682 1303 5721 voce
1328 5667 1426 5722 Dei
1451 5668 1701 5739 scriptum
1727 5680 1823 5726 est.

278 5738 305 5778 δ
348 5735 462 5794 Vox
485 5738 619 5793 solis
650 5736 705 5789 in
735 5735 866 5790 edit.
896 5737 1254 5802 desideratur,
1282 5754 1448 5808 quam
1476 5756 1506 5793 e
1533 5735 1659 5798 eod.
1683 5742 1827 5800 Tell.

214 5812 554 5870 restituimus
585 5808 885 5877 integritati
917 5823 1108 5865 sensus
1138 5826 1242 5864 non
1277 5810 1553 5867 inutilem.

668 5901 947 5963 ΡΑΤιιοι..
992 5901 1142 5965 ΧΧ.

2003 4688 2141 4757 Quid
2174 4700 2255 4744 est
2298 4690 2442 4744 enim
2481 4688 2650 4744 Filius
2680 4691 2750 4747 de
2777 4707 2843 4747 eo
2869 4694 3012 4763 quod
3046 4694 3208 4751 Pater
3233 4699 3349 4751 est?
3374 4698 3530 4757 Alius

1930 4780 2098 4837 idem.
2122 4780 2255 4835 Nam
2288 4792 2308 4819 ε
2334 4790 2391 4836 et
2416 4782 2488 4836 ob
2516 4782 2619 4837 hoc
2652 4783 2888 4839 Verbum
2922 4797 3281 4858 nuncupatur,
3310 4792 3436 4860 quia
3463 4809 3530 4849 ex

1934 4877 2152 4947 proprio
2190 4875 2375 4932 divino
2403 4891 2500 4933 ore
2528 4878 2822 4947 processit,
2872 4888 2928 4934 et
2966 4880 3101 4936 nihil
3129 4881 3290 4937 Pater
3315 4884 3431 4940 sine
3461 4902 3529 4941 eo

1932 4981 2025 5025 aut
2049 4970 2210 5041 jussit
2242 4978 2335 5025 aut
2361 4968 2511 5025 fecit.
2548 4970 2731 5026 Virtus
2753 4970 2977 5040 dicitur,
3018 4974 3144 5043 quia
3174 4990 3300 5031 vere
3329 4977 3396 5032 de
3422 4978 3532 5035 Deo

1932 5073 1987 5120 et
2014 5078 2231 5134 semper
2267 5080 2390 5119 cum
2425 5063 2535 5119 Deo
2567 5072 2672 5130 est,
2704 5075 2757 5119 et
2788 5064 2969 5121 omnis
2992 5076 3236 5136 potestas
3265 5069 3440 5126 Patris
3476 5072 3531 5128 in

1928 5155 2050 5225 ipso
2097 5157 2365 5212 consistit.
2414 5156 2695 5228 Sapientia
2728 5158 3030 5227 appellatur
3052 5201 3066 5225 ,
3117 5162 3241 5229 quia
3271 5162 3339 5217 de
3365 5166 3532 5222 corde

1931 5247 2109 5303 Patris
2138 5250 2435 5305 adveniens
2459 5291 2475 5317 ,
2510 5262 2704 5305 arcana
2736 5250 2979 5306 caelestia
3008 5253 3353 5310 credentibus
3384 5272 3533 5315 rese,

1929 5345 2088 5397 ravit.
2109 5344 2336 5398 Dextera
2360 5353 2726 5412 nuncupatur,
2744 5345 2868 5414 quia
2893 5359 2990 5414 per
3010 5361 3135 5401 eum
3160 5352 3339 5403 omnia
3363 5366 3529 5420 opera

1932 5436 2115 5492 divina
2144 5436 2381 5506 perfecta
2411 5444 2553 5492 sunt.
2592 5437 2878 5492 Brachium
2905 5437 3124 5503 dicitur.
3158 5442 3283 5511 quia
3315 5445 3383 5497 ab
3413 5445 3528 5512 ipso

1932 5531 2113 5585 omnia
2138 5530 2509 5585 continentur.
2534 5529 2826 5600 Margarita
2845 5532 3170 5600 appellatur,
3195 5541 3256 5588 ut
3276 5534 3408 5587 nihil
3434 5534 3523 5589 illa

2006 5682 2031 5744 ἦ
2073 5670 2260 5744 Anthr.
2286 5669 2439 5744 edit,
2465 5669 2604 5744 Nam
2624 5680 2669 5744 et
2694 5671 2793 5744 hoc
2817 5670 3059 5744 Verbum;
3082 5673 3271 5726 melius
3293 5673 3452 5744 Vigil.
3476 5687 3533 5732 et

1933 5742 2109 5801 codex
2130 5742 2297 5808 Tell.,
2324 5740 2461 5796 Nam
2487 5751 2533 5795 et
2556 5742 2616 5796 ob
2638 5742 2756 5807 hoc,
2780 5741 2834 5797 id
2856 5754 2957 5808 est,
2984 5744 3055 5798 ob
3080 5745 3218 5796 hanc
3249 5740 3387 5811 rem,
3417 5758 3526 5803 etc.
