4106 6344
525 295 599 356 ts
1571 281 1630 348 ε.
1670 282 2033 349 animation
2073 276 2296 346 arise.
2343 276 2757 345 AGINNENSIS
3302 268 3308 275 ’
3767 270 3862 342 ιιι

525 412 819 487 pretiosius
846 408 1132 467 habeatur.
1186 407 1502 465 Thesaurus
1548 406 1769 473 dicitur,
1814 416 1871 462 ut
1912 407 1964 461 in
2008 402 2131 476 ipso
2156 408 2211 469 Α
2237 413 2339 470 tas,
2370 418 2532 477 quam
2560 402 2792 474 imperia
2820 402 2990 459 divisa
3013 403 3038 457 ?
3065 401 3237 461 Porro
3259 398 3423 459 Pater
3449 405 3511 457 se
3538 398 3710 457 Filius
3732 401 3839 458 etsi

525 518 717 562 omnes
744 520 878 575 opes
905 514 961 561 et
990 504 1189 558 divitiae
1230 516 1522 573 regnorum
1552 501 1858 557 emicatium
1897 499 2135 555 conditae

525 597 1084 670 agnoscanturﬂeth
1116 595 1335 661 dicitur,
1353 596 1479 665 quia
1509 603 1609 664 per
1632 597 1831 665 ipsum,
1848 604 1903 649 et
1931 594 1985 648 in
2012 594 2131 663 ipso

526 693 595 748 de
622 690 759 747 mari
788 693 972 747 saeculi
1004 690 1219 747 diversa
1246 690 1487 761 gentium
1522 684 1815 744 multitudo
1850 680 1992 743 sicut
2018 687 2133 759 pis-

526 786 670 842 cium
700 800 798 856 per
820 796 1013 855 aquam
1041 784 1383 854 baptismatis
1409 784 1462 838 in
1488 783 1721 838 edclesia
1742 790 2129 853 congregatur,

526 878 619 935 ubi
635 880 902 933 bonorum
932 877 1308 946 maiorumque
1324 874 1619 931 discrimen
1642 875 1975 945 agnoscitur.
1996 873 2131 931 Ars:

526 982 667 1027 trum
700 978 1066 1041 nuncupatur,
1112 970 1239 1041 quia
1288 970 1445 1038 signo
1484 969 1665 1024 crucis
1696 984 1807 1023 suae
1838 968 1973 1023 dura
2004 974 2131 1033 ped-

523 1074 642 1123 tora
673 1064 1053 1131 subjiciuntur,
1086 1072 1113 1102 ει
1138 1071 1195 1117 ιιι
1223 1062 1538 1117 necessario
1559 1062 1752 1117 semini
1776 1063 1894 1132 ipsa
1922 1070 2132 1132 praepa-

523 1168 733 1215 rentur.
760 1157 905 1213 Fons
928 1166 1083 1227 aqua;
1104 1158 1242 1212 Vivat
1268 1158 1591 1226 appellatur,
1616 1160 1740 1227 quia
1764 1163 1828 1212 ex
1855 1164 1921 1213 eo
1941 1158 2131 1212 siticin-

527 1254 602 1307 tia
632 1251 799 1308 corda
832 1251 1073 1308 ctelestis
1111 1263 1268 1320 aqua:
1295 1251 1470 1320 gratia
1501 1251 1816 1321 irrigantur.
1850 1251 2010 1306 Petra
2039 1249 2129 1306 die

526 1346 691 1413 citur,
720 1346 844 1418 quia
871 1345 1220 1402 credentibus
1242 1344 1635 1408 fortitudinem,
1664 1344 1962 1401 incredulis
1982 1345 2132 1401 duri-

524 1444 655 1497 tiam
689 1449 927 1509 prarstat.
960 1440 1125 1510 Lapis
1151 1439 1426 1511 angularia
1452 1434 1675 1506 dicitur,
1708 1440 1833 1508 quia
1868 1446 2129 1508 utrostlue

522 1535 759 1605 parietes
790 1533 915 1589 novi
942 1542 997 1588 et
1024 1532 1229 1588 veteris
1255 1532 1589 1588 Testamenti
1615 1546 1754 1586 unus
1784 1540 1839 1587 et
1864 1532 2131 1586 mediator

520 1626 575 1680 in
609 1626 904 1693 semetipso
946 1623 1233 1679 continens
1261 1621 1554 1691 copulavit.
1601 1626 1783 1693 Agnus
1813 1622 2035 1689 dicitur,
2069 1631 2131 1678 ut

516 1719 828 1775 innocentia
854 1712 1057 1773 Christi
1090 1724 1143 1773 et
1174 1717 1358 1786 passio
1388 1716 1815 1771 demonstretur.
1840 1706 2020 1771 Homo
2047 1716 2130 1771 dia

2232 495 2354 552 date
2385 504 2636 568 persona".
2661 495 2982 559 creduntur,-
3015 495 3228 551 ratione
3258 502 3438 551 tamen
3460 501 3514 550 et
3535 495 3837 551 substantia

2233 604 2371 645 unus
2401 600 2546 644 sunt.
2578 589 2711 644 Nam
2736 589 3081 658 inacquaiium
3110 589 3342 645 societas
3365 588 3609 644 melioris
3630 586 3839 644 offensa

2231 690 2350 747 est;
2384 691 2438 737 et
2470 682 2522 736 in
2556 681 2807 751 injuriam
2836 680 2953 751 ejus
2980 681 3070 751 qui
3097 686 3259 736 vertis
3286 681 3430 736 Deus
3458 688 3560 744 est,
3597 696 3706 736 non
3737 695 3836 736 ve-

2230 790 2325 830 rus
2352 774 2490 831 alius
2516 785 2882 845 comparatur.
2917 773 3053 829 Cum
3082 783 3261 828 autem
3292 788 3394 843 ego
3424 772 3639 828 Patrem
3668 780 3722 828 et
3752 771 3835 829 Fio

2231 868 2363 923 lium
2390 879 2589 936 statuo,
2620 870 2887 926 unitatem
2915 867 3129 939 generis
3153 868 3400 939 assigno:
3429 878 3484 924 et
3516 868 3562 923 si
3595 854 3742 923 illam
3780 868 3834 923 in

2233 962 2479 1029 personis
2512 952 2723 1028 divido;
2750 952 3110 1017 discretiones
3134 970 3310 1016 tamen
3338 958 3693 1029 personarum
3720 975 3841 1016 rur-

2231 1066 2323 1107 sus
2354 1040 2542 1109 ea'dem
2577 1048 2795 1108 nomina
2829 1044 2879 1108 in
2910 1044 3172 1107 unitatem
3201 1053 3282 1108 sui
3317 1051 3549 1107 naturali
3584 1042 3716 1125 legis
3744 1038 3838 1110 im-

2231 1144 2361 1201 dere
2386 1140 2731 1216 consignant.

2303 1226 2458 1293 Unde
2480 1248 2535 1293 et
2562 1230 2743 1293 tantus
2774 1248 2856 1293 est
2885 1224 3077 1305 Filius,
3108 1244 3345 1307 quantus
3368 1224 3637 1291 videbitur
3654 1224 3835 1304 Pater,

2233 1337 2373 1385 totus
2404 1328 2472 1386 de
2506 1340 2639 1397 toto,
2677 1331 2883 1401 integer
2914 1326 2980 1386 de
3012 1326 3225 1401 integro
3249 1371 3264 1398 ,
3315 1326 3590 1400 perfectus
3623 1328 3691 1384 de
3720 1344 3843 1398 per-

2233 1422 2372 1477 lecta
2402 1434 2891 1493 consumtnalaquc
2921 1422 3144 1487 virtute,
3182 1416 3324 1477 sicut
3354 1418 3643 1491 Apostolus
3674 1418 3838 1477 dicit:

2235 1514 2300 1569 In
2329 1528 2429 1583 quo
2454 1514 2623 1571 omnis
2652 1516 2926 1585 plenitudo
2955 1516 3244 1570 divinitatis
3270 1516 3616 1585 corporaliter
3643 1515 3840 1570 Itabitat

2235 1604 2473 1677 (Coms.
2507 1624 2579 1675 ll,
2607 1607 2700 1677 9).
2742 1609 2879 1664 Nam
2911 1607 2937 1646 ἀ
2967 1618 3025 1664 et
3073 1608 3379 1665 Hieremias
3432 1607 3842 1678 receptissimi»

2234 1702 2671 1771 pmpbmarum,
2712 1701 2859 1757 itane
2918 1701 3178 1756 unitatem
3225 1701 3526 1757 divinitatis
3574 1703 3628 1756 in
3682 1700 3842 1756 Patre

522 1814 687 1876 citur,
734 1810 857 1883 quia
886 1808 1189 1869 secmtdum
1235 1818 1454 1865 carnem
1497 1814 1722 1881 propter
1753 1826 1849 1865 nos
1878 1809 2129 1866 homines

2242 1803 2291 1849 et
2345 1795 2483 1849 Filio
2524 1796 2706 1851 sciens
2741 1795 2864 1851 ait:
2924 1794 3024 1849 Hic
3076 1804 3149 1849 est
3202 1794 3341 1849 Dm
3392 1804 3583 1861 noster,
3623 1804 3674 1848 et
3732 1810 3843 1849 non

525 1907 676 1962 n'asci
706 1904 958 1975 dignatus
988 1912 1092 1959 est.
1128 1898 1341 1957 Vitulus
1373 1901 1591 1967 dicitur,
1624 1898 1749 1973 quia
1776 1910 2002 1973 propter
2033 1910 2130 1959 no-

523 2004 694 2056 stram
743 1992 973 2054 salutem
1026 1998 1137 2066 pati
1185 1993 1461 2050 sustinuit.
1513 1988 1706 2065 Aquila
1752 1988 1975 2063 dicitur,
2004 1996 2131 2064 quia

523 2101 650 2165 post
679 2089 1043 2147 Venerabiie'm
1074 2090 1552 2156 resurrectionem,
1579 2087 1608 2127 ἲ)
1632 2094 1692 2142 ιιι
1724 2094 1817 2144 rex
1848 2088 2036 2143 alitum
2060 2087 2131 2144 ad

526 2186 708 2242 Patris
736 2187 986 2258 pervolat
1010 2184 1216 2241 sedem.
1262 2182 1373 2238 Leo
1396 2182 1574 2238 dictus
1601 2190 1706 2245 eat.
1739 2184 1859 2255 quia
1892 2184 2012 2253 ipse
2050 2192 2136 2238 est

525 2292 623 2334 res
648 2288 859 2350 regum,
887 2279 978 2347 qui
1011 2286 1242 2333 mortem
1274 2288 1337 2331 ac
1359 2277 1608 2332 za‘buittm
1634 2276 1852 2330 virtutis
1891 2282 2004 2329 sua:
2034 2288 2130 2343 p0-

526 2379 721 2425 testate
750 2370 1092 2424 comminuit.
1129 2369 1224 2423 Via
1254 2378 1357 2435 est,
1390 2371 1514 2439 quia
1540 2383 1640 2437 per
1670 2368 1845 2437 ipsum
1875 2378 2135 2421 ascensus

524 2473 627 2520 est.
666 2462 898 2527 Veritas,
934 2463 1061 2531 quia
1090 2461 1439 2517 mendacium
1466 2462 1669 2518 nescit.
1701 2460 1824 2516 Vita
1855 2468 1959 2525 est,
2006 2460 2133 2531 quia

526 2555 646 2626 ipse
676 2556 933 2610 universa
966 2554 1224 2610 viviﬁcat.

599 2647 763 2703 Vides
788 2654 918 2719 ergo
943 2660 1040 2718 per
1067 2648 1183 2703 haec
1202 2648 1469 2703 vocabula
1496 2645 1919 2718 significationes
1944 2652 1998 2700 et
2024 2646 2135 2701 dis-

529 2742 862 2811 positionum
889 2752 943 2796 et
968 2754 1196 2813 operum
1227 2742 1545 2797 divinorum
1576 2747 1978 2809 prteostensas;
2028 2754 2135 2795 non

528 2843 709 2890 tamen
736 2835 915 2904 ipsum
948 2836 1115 2890 Deum
1149 2838 1371 2906 proprie
1397 2834 1716 2890 deﬁnitum?
1738 2834 1835 2889 Est
1864 2842 1998 2904 ergo
2036 2834 2138 2888 Pa-

529 2934 613 2981 ter
640 2922 784 2980 Deus
834 2925 1132 2982 immensus
1157 2968 1171 2991 ,
1221 2934 1457 2982 aeternus
1478 2969 1492 2993 ,
1531 2925 2134 2994 incomprehensibilis,

531 3021 952 3077 inaestimabilis.
1003 3020 1101 3076 Est
1149 3032 1203 3077 et
1249 3022 1420 3077 Filius
1466 3025 1584 3090 ejus
1618 3021 1760 3076 Deus
1790 3030 1846 3076 et
1875 3018 2138 3075 Dcinittus

535 3123 742 3178 noster,
773 3123 974 3179 tantus,
997 3122 1233 3183 quantus
1254 3122 1413 3169 estet
1436 3113 1595 3168 Pater
1616 3131 1626 3167 :
1650 3111 1747 3169 sed
1779 3121 1887 3168 non
1922 3111 2139 3167 aliunde

2236 1887 2564 1957 deputabitur
2622 1888 2756 1943 alius
2819 1889 3007 1959 absque
3049 1888 3186 1943 illo:
3249 1889 3338 1958 qui
3387 1889 3577 1943 invenit
3629 1900 3835 1943 omnem

2234 1982 2367 2035 viam
2390 1983 2699 2052 prudentior,
2723 1991 2770 2036 et
2786 1982 2930 2036 dedit
2952 1994 3065 2035 eam
3082 1979 3246 2035 Iacob
3268 1990 3431 2052 puero
3449 1992 3567 2047 suo,
3591 1991 3638 2035 et
3662 1977 3835 2034 Israel

2236 2073 2425 2129 dilecto
2451 2090 2566 2130 suo.
2600 2071 2731 2129 Post
2760 2074 2871 2130 hac
2897 2076 2952 2129 in
2981 2076 3131 2129 terris
3159 2076 3298 2128 visus
3330 2084 3426 2140 est,
3454 2083 3502 2127 et
3524 2088 3644 2127 cum
3670 2073 3842 2126 hornis

2238 2166 2388 2221 nibus
2426 2178 2760 2223 conversatus
2792 2178 2867 2222 est
2901 2167 3153 2240 (Bm-ach.
3183 2183 3265 2235 ιιι,
3295 2165 3509 2237 liti-58).
3553 2166 3617 2221 Et
3646 2164 3842 2221 Esaias

2238 2257 2344 2314 hoc
2396 2259 2574 2329 ipsum
2622 2259 2889 2331 praedicat
2938 2261 3129 2315 dicens
3171 2277 3186 2315 ι
3242 2259 3370 2315 Haec
3419 2259 3544 2311 dicit
3591 2256 3848 2312 Dominus

2243 2351 2381 2407 Dm
2412 2368 2431 2407 :
2473 2351 2721 2425 Fatigato
2761 2364 2835 2407 est
2876 2352 3164 2424 ﬁgi/prus,
3209 2362 3259 2406 et
3305 2351 3590 2424 negotiatio
3627 2350 3851 2405 Ethice

2239 2458 2397 2514 pum;
2424 2455 2469 2499 et
2502 2444 2717 2501 Sdbaim
2745 2444 2841 2497 uiri
2868 2443 3058 2498 excelsi
3083 2442 3151 2496 ad
3180 2454 3228 2496 te
3246 2444 3504 2496 transient
3533 2457 3552 2495 ι
3581 2442 3657 2494 tui
3688 2451 3844 2495 erunt

2239 2538 2388 2600 serta,
2421 2546 2615 2605 etpost
2660 2547 2709 2591 te
2749 2535 3090 2590 ambulabimt
3138 2536 3295 2589 vincti
3338 2533 3691 2605 compedibus,
3722 2544 3769 2587 et
3796 2544 3854 2587 te

2241 2630 2694 2697 deprecabuntur;
2732 2630 2977 2701 quoniam
3018 2630 3075 2683 in
3118 2639 3165 2683 te
3202 2628 3343 2683 Deus
3382 2638 3478 2697 est,
3525 2638 3573 2682 ot
3619 2642 3725 2681 non
3772 2635 3849 2681 est

2240 2724 2376 2779 alius
2404 2723 2553 2780 Deus
2578 2736 2766 2798 printer
2790 2736 2839 2780 te
2864 2741 2881 2779 :
2914 2734 2970 2779 ιιι
3000 2736 3052 2780 es
3083 2725 3219 2779 enim
3249 2724 3391 2779 Deus
3416 2724 3558 2797 (lsa.
3594 2738 3706 2791 xlv,
3733 2722 3848 2795 M).

2311 2818 2467 2887 Quod
2502 2831 2570 2875 ne
2598 2828 2761 2889 putes
2799 2832 2885 2873 me
2923 2830 2991 2874 eo
3034 2818 3339 2887 supercilio
3369 2816 3578 2873 dixisse
3613 2832 3719 2886 quo
3752 2816 3854 2871 εδδ

2245 2912 2443 2967 bellios
2471 2910 2667 2978 fertur,
2701 2913 2792 2983 qui
2820 2912 2997 2982 ipsum
3025 2912 3265 2978 Patrem,
3296 2913 3471 2981 ipsum
3499 2910 3695 2964 Filium
3725 2925 3853 2981 pro-

2247 3009 2456 3072 titetur;
2494 3020 2602 3061 non
2646 3008 2717 3061 ita
2751 3020 2849 3061 nos
2883 3017 3053 3061 totum
3089 3006 3143 3061 in
3191 3021 3353 3060 unam
3394 3006 3722 3061 sententiam
3752 3020 3853 3060 eos

2244 3102 2451 3170 gimus,
2501 3110 2559 3154 ut
2595 3099 2829 3155 aliorum
2874 3099 3268 3157 hereticorum
3308 3099 3499 3155 fraude
3544 3099 3849 3170 capiamur.

532 3221 695 3277 quant
723 3205 792 3261 de
822 3206 982 3260 Patre
1005 3223 1017 3259 :
1044 3205 1172 3277 quia
1195 3204 1331 3277 Ego,
1361 3206 1558 3276 inquit,
1589 3206 1653 3260 de
1680 3204 1837 3260 Patre
1856 3206 2004 3269 emisi,
2037 3206 2133 3259 hoc

2245 3194 2353 3250 Sed
2378 3194 2505 3263 quia
2538 3194 2591 3247 in
2621 3194 2740 3262 ipso
2770 3194 2994 3248 nomine
3033 3200 3391 3263 permittam
3434 3195 3734 3248 auctoritas
3767 3195 3847 3247 in-

535 3309 639 3366 est,
674 3299 855 3354 iumen
887 3298 956 3354 de
990 3299 1214 3353 lumine.

1139 3400 1372 3466 CAPUT
1416 3406 1529 3464 VII.

512 3518 615 3591 De
641 3528 921 3584 remotione
952 3518 1239 3582 occasionis
1266 3529 1453 3582 erroris
1490 3544 1643 3593 quam
1675 3520 1945 3583 haereticus
1978 3525 2130 3580 homo

610 3642 671 3679 ex
694 3621 789 3678 hoc
822 3640 1005 3692 capere
1022 3631 1210 3695 posset,
1243 3620 1379 3693 quod
1401 3622 1504 3677 duo
1529 3624 1740 3677 nomina
1771 3621 1848 3675 vel
1877 3621 1994 3674 dua?
2018 3626 2132 3689 per—

609 3720 769 3779 sonte,
816 3717 871 3768 id
916 3726 1008 3781 est,
1034 3713 1210 3769 Patris
1234 3724 1284 3769 et
1308 3706 1459 3781 Filii,
1499 3724 1817 3778 statuantur,
1853 3713 2001 3783 quasi
2036 3710 2138 3766 duo

616 3809 691 3863 dii
721 3806 982 3862 dicantur.

612 3943 720 4001 Sed
754 3959 821 3998 nc
848 3960 912 3998 ex
942 3959 1011 3999 eo
1046 3944 1391 4000 occasionem
1438 3942 1676 4011 aliquam
1724 3938 2015 3993 haereticus
2052 3952 2144 3993 ca-

544 4038 676 4108 piat,
699 4053 822 4092 cum
849 4038 960 4093 duo
990 4038 1209 4094 nomina
1237 4077 1251 4100 ,
1296 4036 1385 4090 vel
1415 4035 1549 4089 duas
1592 4047 1854 4103 personas
1874 4071 1890 4098 ,
1932 4031 1988 4086 id
2020 4041 2104 4086 est
2127 4072 2144 4098 ,

544 4132 720 4189 Patris
740 4142 794 4188 et
819 4132 940 4188 Filii
969 4142 1173 4201 statuo,
1206 4132 1359 4203 quasi
1388 4130 1526 4184 duos
1552 4129 1683 4184 deos
1714 4127 1890 4181 dicam
1914 4168 1926 4191 ,
1980 4137 2037 4183 ut
2067 4127 2148 4183 illi

2240 3287 2477 3343 discreta
2502 3287 2874 3356 ouguoscitur.
2909 3294 2966 3341 et
2986 3286 3163 3343 Fiiltls
3188 3302 3301 3341 non
3330 3300 3557 3357 genere,
3591 3286 3687 3342 sed
3719 3301 3845 3356 pert-

2243 3382 2513 3437 sonaliter
2538 3396 2567 3434 a
2597 3382 2761 3437 Patre
2798 3382 3149 3445 nominatur;
3182 3381 3426 3450 proinde
3474 3390 3643 3435 totum
3696 3380 3840 3435 Patri

2244 3473 2592 3539 asoribimus,
2624 3474 2767 3544 quod
2816 3484 2903 3531 est
2943 3474 3149 3541 Filius;
3180 3483 3236 3529 et
3277 3484 3448 3529 totum
3490 3473 3636 3529 Fullo
3660 3512 3675 3539 ,
3704 3473 3851 3545 quod

2244 3568 2407 3623 Pater
2445 3578 2552 3624 est.
2596 3566 2735 3622 Nihil
2783 3581 2890 3623 non
2944 3567 3221 3623 videbitur
3268 3567 3473 3632 Patris,
3515 3567 3661 3637 quod
3696 3566 3861 3637 judisv

2246 3660 2461 3714 cabitur
2502 3658 2633 3714 'Fiiii
2677 3677 2690 3714 :
2737 3674 2839 3714 nec
2894 3658 3042 3726 Filii,
3092 3659 3237 3730 quod
3285 3659 3599 3714 defenditur
3646 3660 3853 3725 Patris;

2244 3751 2370 3823 quia
2401 3751 2580 3807 unitas
2623 3750 2928 3821 maiestatis
2962 3766 3068 3807 non
3098 3753 3229 3806 sinit
3272 3751 3405 3807 deos
3450 3750 3647 3821 plurali
3681 3760 3853 3805 Vocao

2247 3843 2376 3899 buio
2403 3843 2671 3914 appellari
2705 3858 2720 3897 :
2751 3844 2955 3915 quippe
2992 3858 3116 3898 cum
3148 3852 3366 3899 constet
3398 3843 3622 3898 Patrem
3666 3851 3724 3899 et
3764 3843 3855 3899 Fi—

2246 3935 2378 3991 lium
2403 3934 2565 3989 unius
2583 3949 2708 3991 esse
2728 3935 3074 4003 substantias,
3100 3935 3249 3991 unde
3275 3940 3508 4006 uterque
3536 3940 3679 3990 unus
3705 3936 3853 3991 Deus

2250 4039 2341 4087 est
2366 4031 2568 4086 dictus.

2323 4125 2459 4181 illud
2487 4134 2614 4181 ante
2648 4136 2844 4181 cuncta
2872 4133 3207 4190 metuentes,
3242 4134 3266 4162 ο
3295 4126 3423 4195 quia
3455 4124 3560 4181 nisi
3598 4125 3760 4180 Pater
3800 4134 3859 4181 et

544 4224 681 4282 duos
706 4242 771 4280 ex
800 4226 1119 4281 diversitate
1144 4223 1497 4292 contingunt:
1529 4235 1629 4276 nos
1658 4231 1840 4275 autem
1862 4220 2151 4277 Patremet
2253 4220 2426 4276 Filius
2457 4232 2623 4275 unum
2650 4230 2758 4275 non
2786 4220 2924 4287 sint,
2958 4222 3012 4276 in
3044 4216 3308 4276 invidiam
3340 4229 3589 4277 recurrat
3613 4220 3860 4276 auctoris

548 4319 743 4375 Filium
776 4319 846 4373 ita
878 4318 1248 4380 nominamus,
1274 4321 1334 4367 ut
1364 4329 1531 4368 unum
1564 4312 1732 4368 Deam
1760 4312 1815 4367 in
1846 4311 1931 4367 his
1962 4328 2153 4383 persoz-
2257 4316 2587 4383 interpolata
2635 4318 2931 4382 nativitas;
2975 4316 3081 4372 hoc
3120 4316 3269 4371 enim
3308 4315 3514 4387 placuit
3558 4314 3857 4379 haereticis,

549 4414 637 4470 nis
666 4424 720 4469 et
754 4413 1069 4468 nominibus
1097 4408 1499 4476 consignemus.
1527 4406 1777 4461 Viderint
1796 4405 2110 4477 philos0phi
2133 4444 2149 4475 ,
2255 4417 2311 4461 ttt
2340 4409 2484 4463 Deus
2514 4408 2607 4463 ille
2630 4407 3006 4479 omnipotens,
3030 4406 3344 4474 invisibilis,
3371 4409 3667 4462 immensus
3694 4405 3863 4477 degea

548 4509 785 4564 viderint
809 4505 1054 4561 haeretici
1082 4499 1572 4568 discipuiieorum,
1597 4499 1690 4570 qui
1717 4509 2048 4569 potestatum
2071 4501 2154 4553 di-
2257 4508 2480 4554 neraret
2518 4500 2571 4553 in
2616 4500 2781 4582 Filio,
2818 4503 2832 4537 ί
2870 4512 2975 4555 ιιοιι
3021 4500 3185 4554 modo
3212 4508 3507 4569 potestate,
3538 4499 3635 4554 sed
3670 4500 3861 4554 condi-

548 4602 814 4657 versitate
838 4597 1144 4651 Variantur:
1173 4592 1335 4646 Nobis
1356 4599 1533 4646 tamen
1560 4608 1693 4645 unus
1715 4589 1856 4646 Dens
1877 4602 1951 4646 est
1971 4590 2153 4658 Pater,
2184 4582 2236 4658 D
2263 4592 2412 4647 tione
2463 4602 2691 4659 mutata,
2728 4594 2882 4664 quasi
2924 4608 3032 4647 non
3088 4593 3327 4663 potuerit
3370 4591 3534 4646 Pater
3561 4592 3629 4646 de
3651 4602 3858 4647 semets-

544 4704 603 4749 ut
637 4691 928 4759 Apostolus
957 4688 1094 4742 dixit
1135 4685 1181 4755 ll
1211 4684 1331 4739 Cor.
1361 4700 1476 4749 vnt,
1511 4684 1601 4755 6),
1634 4700 1697 4738 es:
1720 4700 1823 4755 quo
1855 4685 2064 4750 omnia;
2108 4694 2155 4740 et
2266 4688 2386 4758 ipso
2422 4679 2589 4742 talem
2625 4689 2856 4753 habere,
2895 4688 3074 4758 qualis
3104 4695 3160 4743 et
3199 4688 3313 4757 ipse
3354 4697 3455 4743 est.
3496 4688 3733 4742 Proinde
3761 4700 3862 4743 nus

551 4804 643 4841 nos
672 4802 737 4840 ex
760 4786 877 4853 ipso
900 4800 918 4836 :
956 4793 1005 4837 et
1036 4797 1168 4835 unus
1212 4777 1471 4833 Bantinos
1509 4777 1662 4832 Jesus
1701 4778 1937 4833 Christus
1961 4820 1977 4844 ,
2014 4779 2156 4835 Deus
2262 4789 2450 4837 verum
2478 4781 2674 4836 Filium
2705 4782 2775 4838 de
2799 4794 2933 4838 vero
2963 4781 3147 4845 Patre,
3170 4782 3259 4852 qui
3287 4794 3504 4851 semper
3536 4778 3655 4846 luit,
3686 4789 3742 4837 et
3774 4784 3865 4837 est

553 4879 647 4935 Dei
681 4876 874 4941 Filius,
900 4888 996 4945 per
1020 4889 1170 4943 quem
1196 4870 1415 4936 omnia;
1448 4880 1495 4924 et
1522 4886 1618 4924 nos
1648 4886 1740 4941 per
1765 4870 1955 4939 ipsum.
2265 4876 2432 4930 unius
2478 4870 2803 4930 substantia:
2838 4888 2961 4928 cum
3006 4872 3192 4937 Patre,
3239 4872 3603 4928 defendimus.
3650 4874 3715 4928 Et
3756 4873 3863 4930 hoc

624 4970 759 5025 Nam
787 4984 882 5038 per
906 4968 1019 5021 duo
1041 4964 1169 5034 quid
1194 4963 1340 5017 aliud
1368 4963 1715 5034 intelligitur,
1738 4978 1896 5034 quam
1914 4963 2153 5020 duorum
2262 4978 2367 5034 est,
2398 4968 2544 5038 quod
2567 4966 3026 5040 ριωοίὁμοούσιον
3057 4967 3356 5037 appellant,
3386 4966 3438 5021 id
3465 4976 3570 5034 est,
3603 4981 3725 5021 cum
3754 4978 3863 5023 uno

558 5080 655 5135 per
698 5072 879 5132 partes
922 5059 1094 5116 divisa
1140 5058 1476 5124 substantia,
1513 5069 1533 5096 ε
1562 5065 1621 5112 et
1667 5073 1792 5112 cum
1843 5060 2155 5117 nominibus
2260 5060 2412 5117 aliud
2440 5062 2651 5131 ipsum;
2678 5070 2703 5108 ϐ
2738 5068 2798 5115 ιιι
2820 5044 3071 5130 persona
3096 5057 3382 5113 audientia
3412 5060 3735 5115 nominatim
3766 5057 3865 5118 ﬁed

558 5157 691 5226 ipsis
707 5154 1000 5209 dissociata
1032 5160 1223 5206 natura
1252 5149 1446 5220 agendi
1474 5165 1539 5206 ac
1561 5149 1787 5221 iubendi
1817 5161 1923 5207 tam
1953 5155 2150 5211 volun-
2263 5164 2409 5223 rent,
2432 5164 2622 5212 etnon
2647 5163 2707 5208 ut
2727 5152 3094 5209 substantiam
3119 5150 3383 5207 vocabula
3416 5164 3763 5223 separarent.

2258 5338 2546 5394 advertere
2573 5336 2721 5391 licet.

2335 5419 2357 5447 θ
2400 5409 2520 5464 Vet.
2553 5407 2717 5472 edit.,
2784 5407 2883 5459 nod
2915 5406 3000 5459 ubi
3032 5404 3223 5473 Pater;
3257 5406 3451 5478 Vigii.,
3503 5426 3565 5462 ne
3596 5412 3639 5463 si
3667 5409 3861 5479 Pater;

2335 5497 2418 5529 ις.-
2446 5472 2565 5529 auia
2588 5474 2684 5529 nisi
2724 5423 2904 5529 ἕξοιεν.
2937 5481 3007 5529 At
3035 5492 3151 5529 seu.
3189 5481 3434 5529 membro
3462 5480 3549 5529 uiti
3584 5493 3690 5529 vel.
3722 5482 3855 5529 odit-

2259 5495 2418 5545 mss.,
2446 5472 2565 5548 quia
2588 5474 2684 5532 nisi
2724 5472 2904 5530 Pater.
2937 5481 3007 5531 At
3035 5492 3151 5545 seq.
3189 5472 3434 5533 membro
3462 5480 3549 5535 ubi
3584 5493 3690 5536 vel.
3722 5472 3856 5538 edit:

2256 5556 2318 5606 ac
2348 5560 2478 5606 mss.
2515 5549 2708 5602 invidia
2734 5556 2988 5613 recurrat,
3016 5549 3187 5604 multo
3212 5551 3407 5605 melius
3436 5550 3618 5621 Vigil.,
3651 5555 3703 5608 in
3726 5556 3858 5608 invi;

2256 5625 2399 5676 diam
2427 5629 2681 5675 recurrat.

2274 5708 2277 5713 λ
2331 5690 2344 5731 ¹
2394 5696 2470 5746 ila
2502 5684 2632 5746 edit.
2662 5686 2819 5760 Vigil.
2854 5698 2975 5745 cum
3007 5692 3059 5746 in
3108 5692 3233 5747 aliis
3278 5704 3339 5747 ac
3388 5702 3516 5747 is.
3555 5694 3853 5752 habeatur:

2259 5763 2381 5818 Non
2408 5767 2560 5817 modo
2592 5771 2755 5833 potest
2782 5780 2888 5818 esse
2915 5767 2977 5818 de
3004 5765 3298 5819 conditione
3311 5782 3329 5831 ;
3362 5765 3513 5820 utillo
3545 5776 3729 5825 sensu.

2254 5899 2263 5909 _
2329 5845 2352 5881 ϐ
2401 5834 2521 5890 Vet.
2576 5833 2745 5903 Edit.,
2801 5846 2856 5889 ut
2936 5842 3169 5906 pérsdttw
3217 5836 3475 5892 audientis
3532 5841 3851 5895 nemin‘dtlm.

628 5350 653 5376 ιι
694 5337 839 5393 Edit.
870 5335 1082 5396 Ambr.,
1120 5344 1178 5387 ut
1207 5335 1553 5407 necessariam
1574 5335 1632 5388 in
1654 5336 1804 5407 ipsa;
1824 5338 1955 5392 cod.
1981 5337 2142 5403 Teii.,

558 5422 613 5467 ut
644 5410 931 5479 necessaria
962 5407 1190 5479 ittAipsa:
1223 5406 1625 5479 optimeVigii.‘
1648 5406 1787 5479 utin
1820 5418 1992 5464 textu.

628 5481 657 5520 Β
697 5482 772 5536 Ita
801 5472 968 5551 codex
994 5469 1130 5531 Tell.
1165 5488 1216 5531 et
1245 5469 1372 5532 edit.
1406 5469 1565 5547 Vigil.
1602 5472 1788 5535 Atnbr.
1818 5482 1943 5535 tero
1972 5492 2025 5535 ut
2057 5499 2148 5537 rex

556 5556 714 5608 altam
737 5553 803 5605 ad
829 5549 1026 5613 Patris,
1056 5556 1159 5603 etc.

637 5638 659 5664 υ
700 5622 886 5679 Αιιὼι.
922 5623 1052 5676 etiit.
1081 5620 1349 5689 cumcod.
1380 5620 1515 5675 Teii.
1549 5632 1599 5675 et
1630 5622 1789 5689 Lmt.,
1823 5634 1865 5676 et
1891 5638 2004 5675 cum
2040 5638 2147 5675 om~

562 5697 709 5765 uibus
733 5697 831 5765 ipsi
862 5694 1168 5759 dissociata;
1201 5686 1354 5765 Vigil.
1384 5694 1724 5765 concinnius,
1753 5686 1809 5747 ut
1838 5694 1889 5765 in
1922 5698 2091 5765 testu.

634 5764 660 5803 τι
702 5752 859 5820 ιιέηιι.
888 5766 1013 5821 edit.
1046 5752 1179 5828 sola,
1211 5752 1351 5818 Nam
1378 5772 1422 5818 et
1447 5762 1633 5818 Barac.
1659 5752 1767 5818 Sed
1788 5775 1841 5817 et
1866 5752 2005 5816 hunc
2022 5756 2145 5815 ﬂic-

560 5837 745 5897 retniaa
774 5839 988 5896 nomine
1024 5837 1187 5895 etiam
1226 5836 1295 5893 ab
1335 5835 1625 5893 Ambrosio
1652 5832 1807 5891 citari
1832 5848 1939 5888 non
1972 5833 2143 5889 setnei
