  <div class='ocr_page' id='page_1' title='image "/cluster/home/n/w/nwhite01/storage/ocr_20150623/20/hvd.32044015471352/029.png"; bbox 0 0 4106 6344; ppageno 0'>
   <div class='ocr_carea' id='block_1_1' title="bbox 542 326 3851 413">
    <p class='ocr_par' dir='ltr' id='par_1_1' title="bbox 542 326 3851 413">
     <span class='ocr_line' id='line_1_1' title="bbox 542 326 3851 413; baseline -0.008 -1"><span class='ocrx_word' id='word_1_1' title='bbox 542 346 612 413; x_wconf 72' lang='grc' dir='ltr'><strong>ιἹ</strong></span> <span class='ocrx_word' id='word_1_2' title='bbox 1634 342 1692 400; x_wconf 88' lang='lat' dir='ltr'><strong>S.</strong></span> <span class='ocrx_word' id='word_1_3' title='bbox 1736 327 2099 397; x_wconf 79' lang='lat' dir='ltr'><strong>PHOEBADli</strong></span> <span class='ocrx_word' id='word_1_4' title='bbox 2134 328 2352 395; x_wconf 85' lang='lat' dir='ltr'><strong>EPISC.</strong></span> <span class='ocrx_word' id='word_1_5' title='bbox 2395 333 2808 394; x_wconf 84' lang='lat' dir='ltr'><strong>AGINNENSIS</strong></span> <span class='ocrx_word' id='word_1_6' title='bbox 3779 326 3851 384; x_wconf 67' lang='lat'><strong>48</strong></span> 
     </span>
    </p>
   </div>
   <div class='ocr_carea' id='block_1_2' title="bbox 541 448 3847 545">
    <p class='ocr_par' dir='ltr' id='par_1_2' title="bbox 541 448 3847 545">
     <span class='ocr_line' id='line_1_2' title="bbox 541 448 3847 545; baseline -0.008 -13"><span class='ocrx_word' id='word_1_7' title='bbox 541 474 734 532; x_wconf 91' lang='lat' dir='ltr'><strong>scribit</strong></span> <span class='ocrx_word' id='word_1_8' title='bbox 761 472 801 545; x_wconf 93' lang='lat' dir='ltr'><strong>(I</strong></span> <span class='ocrx_word' id='word_1_9' title='bbox 833 469 954 527; x_wconf 89' lang='lat' dir='ltr'><strong>Cor.</strong></span> <span class='ocrx_word' id='word_1_10' title='bbox 990 486 1045 536; x_wconf 68' lang='grc' dir='ltr'><strong>χ,</strong></span> <span class='ocrx_word' id='word_1_11' title='bbox 1076 468 1154 541; x_wconf 74' lang='lat'><strong>2),</strong></span> <span class='ocrx_word' id='word_1_12' title='bbox 1186 476 1241 523; x_wconf 88' lang='lat' dir='ltr'><strong>et</strong></span> <span class='ocrx_word' id='word_1_13' title='bbox 1289 466 1553 536; x_wconf 73' lang='lat' dir='ltr'><strong>Spiritum</strong></span> <span class='ocrx_word' id='word_1_14' title='bbox 1600 464 1745 519; x_wconf 90' lang='lat' dir='ltr'><strong>sicut</strong></span> <span class='ocrx_word' id='word_1_15' title='bbox 1794 462 1975 534; x_wconf 89' lang='lat' dir='ltr'><strong>ignem</strong></span> <span class='ocrx_word' id='word_1_16' title='bbox 2021 474 2144 516; x_wconf 89' lang='lat' dir='ltr'><strong>esse</strong></span> <span class='ocrx_word' id='word_1_17' title='bbox 2172 461 2222 522; x_wconf 83' lang='grc' dir='ltr'><strong>Α</strong></span> <span class='ocrx_word' id='word_1_18' title='bbox 2324 458 2568 530; x_wconf 86' lang='lat' dir='ltr'><strong>Denique</strong></span> <span class='ocrx_word' id='word_1_19' title='bbox 2596 472 2720 513; x_wconf 90' lang='lat' dir='ltr'><strong>cum</strong></span> <span class='ocrx_word' id='word_1_20' title='bbox 2753 457 2809 511; x_wconf 90' lang='lat' dir='ltr'><strong>in</strong></span> <span class='ocrx_word' id='word_1_21' title='bbox 2843 462 3032 513; x_wconf 89' lang='lat' dir='ltr'><strong>monte</strong></span> <span class='ocrx_word' id='word_1_22' title='bbox 3061 470 3122 511; x_wconf 91' lang='lat' dir='ltr'><strong>se</strong></span> <span class='ocrx_word' id='word_1_23' title='bbox 3148 452 3431 526; x_wconf 84' lang='lat' dir='ltr'><strong>paululum</strong></span> <span class='ocrx_word' id='word_1_24' title='bbox 3459 458 3622 507; x_wconf 84' lang='lat' dir='ltr'><strong>extra</strong></span> <span class='ocrx_word' id='word_1_25' title='bbox 3668 448 3847 519; x_wconf 89' lang='lat' dir='ltr'><strong>ipsum</strong></span> 
     </span>
    </p>
   </div>
   <div class='ocr_carea' id='block_1_3' title="bbox 544 556 1775 638">
    <p class='ocr_par' dir='ltr' id='par_1_3' title="bbox 544 556 1775 638">
     <span class='ocr_line' id='line_1_3' title="bbox 544 556 1775 638; baseline -0.011 -15"><span class='ocrx_word' id='word_1_26' title='bbox 544 567 931 638; x_wconf 77' lang='lat' dir='ltr'><strong>Apostolorum</strong></span> <span class='ocrx_word' id='word_1_27' title='bbox 958 562 1096 632; x_wconf 43' lang='lat' dir='ltr'><strong>,Acta</strong></span> <span class='ocrx_word' id='word_1_28' title='bbox 1130 561 1408 615; x_wconf 88' lang='lat' dir='ltr'><strong>declarant</strong></span> <span class='ocrx_word' id='word_1_29' title='bbox 1436 558 1575 630; x_wconf 76' lang='lat' dir='ltr'><strong>(Act.</strong></span> <span class='ocrx_word' id='word_1_30' title='bbox 1605 574 1642 623; x_wconf 87' lang='grc' dir='ltr'><strong>ι,</strong></span> <span class='ocrx_word' id='word_1_31' title='bbox 1699 556 1775 628; x_wconf 80' lang='grc'><strong>5).</strong></span> 
     </span>
    </p>
   </div>
   <div class='ocr_carea' id='block_1_4' title="bbox 622 648 2145 728">
    <p class='ocr_par' dir='ltr' id='par_1_4' title="bbox 622 648 2145 728">
     <span class='ocr_line' id='line_1_4' title="bbox 622 648 2145 728; baseline -0.01 -14"><span class='ocrx_word' id='word_1_32' title='bbox 622 660 784 715; x_wconf 94' lang='lat' dir='ltr'><strong>Vides</strong></span> <span class='ocrx_word' id='word_1_33' title='bbox 812 674 942 728; x_wconf 76' lang='lat' dir='ltr'><strong>ergo</strong></span> <span class='ocrx_word' id='word_1_34' title='bbox 976 673 1071 727; x_wconf 71' lang='lat' dir='ltr'><strong>per</strong></span> <span class='ocrx_word' id='word_1_35' title='bbox 1101 656 1307 721; x_wconf 88' lang='lat' dir='ltr'><strong>omnia,</strong></span> <span class='ocrx_word' id='word_1_36' title='bbox 1337 654 1617 717; x_wconf 67' lang='lat' dir='ltr'><strong>liwretice,</strong></span> <span class='ocrx_word' id='word_1_37' title='bbox 1647 652 1995 705; x_wconf 76' lang='lat' dir='ltr'><strong>characteres</strong></span> <span class='ocrx_word' id='word_1_38' title='bbox 2016 648 2145 703; x_wconf 86' lang='lat' dir='ltr'><strong>divi-</strong></span> 
     </span>
    </p>
   </div>
   <div class='ocr_carea' id='block_1_5' title="bbox 544 742 2146 821">
    <p class='ocr_par' dir='ltr' id='par_1_5' title="bbox 544 742 2146 821">
     <span class='ocr_line' id='line_1_5' title="bbox 544 742 2146 821; baseline -0.011 -11"><span class='ocrx_word' id='word_1_39' title='bbox 544 769 739 811; x_wconf 87' lang='lat' dir='ltr'><strong>narum</strong></span> <span class='ocrx_word' id='word_1_40' title='bbox 774 751 1180 821; x_wconf 85' lang='lat' dir='ltr'><strong>Scripturarum</strong></span> <span class='ocrx_word' id='word_1_41' title='bbox 1215 749 1269 801; x_wconf 89' lang='lat' dir='ltr'><strong>in</strong></span> <span class='ocrx_word' id='word_1_42' title='bbox 1317 748 1580 800; x_wconf 84' lang='lat' dir='ltr'><strong>honorem</strong></span> <span class='ocrx_word' id='word_1_43' title='bbox 1606 743 1702 798; x_wconf 88' lang='lat' dir='ltr'><strong>Dei</strong></span> <span class='ocrx_word' id='word_1_44' title='bbox 1734 742 1979 813; x_wconf 82' lang='lat' dir='ltr'><strong>patribus</strong></span> <span class='ocrx_word' id='word_1_45' title='bbox 2009 756 2146 810; x_wconf 74' lang='lat' dir='ltr'><strong>prcc-</strong></span> 
     </span>
    </p>
   </div>
   <div class='ocr_carea' id='block_1_6' title="bbox 547 834 2147 914">
    <p class='ocr_par' dir='ltr' id='par_1_6' title="bbox 547 834 2147 914">
     <span class='ocr_line' id='line_1_6' title="bbox 547 834 2147 914; baseline -0.012 -7"><span class='ocrx_word' id='word_1_46' title='bbox 547 862 833 914; x_wconf 91' lang='lat' dir='ltr'><strong>osteusos;</strong></span> <span class='ocrx_word' id='word_1_47' title='bbox 868 863 973 901; x_wconf 91' lang='lat' dir='ltr'><strong>non</strong></span> <span class='ocrx_word' id='word_1_48' title='bbox 1028 854 1209 899; x_wconf 89' lang='lat' dir='ltr'><strong>tamen</strong></span> <span class='ocrx_word' id='word_1_49' title='bbox 1238 843 1414 913; x_wconf 90' lang='lat' dir='ltr'><strong>ipsum</strong></span> <span class='ocrx_word' id='word_1_50' title='bbox 1458 840 1651 904; x_wconf 89' lang='lat' dir='ltr'><strong>Deum,</strong></span> <span class='ocrx_word' id='word_1_51' title='bbox 1686 848 1746 891; x_wconf 91' lang='lat' dir='ltr'><strong>ut</strong></span> <span class='ocrx_word' id='word_1_52' title='bbox 1791 845 1876 891; x_wconf 87' lang='lat' dir='ltr'><strong>est</strong></span> <span class='ocrx_word' id='word_1_53' title='bbox 1926 834 2147 905; x_wconf 79' lang='lat' dir='ltr'><strong>proprie</strong></span> 
     </span>
    </p>
   </div>
   <div class='ocr_carea' id='block_1_7' title="bbox 547 929 2147 1011">
    <p class='ocr_par' dir='ltr' id='par_1_7' title="bbox 547 929 2147 1011">
     <span class='ocr_line' id='line_1_7' title="bbox 547 929 2147 1011; baseline -0.013 -10"><span class='ocrx_word' id='word_1_54' title='bbox 547 945 874 1001; x_wconf 83' lang='lat' dir='ltr'><strong>revelatum.</strong></span> <span class='ocrx_word' id='word_1_55' title='bbox 910 939 1153 1011; x_wconf 86' lang='lat' dir='ltr'><strong>Denique</strong></span> <span class='ocrx_word' id='word_1_56' title='bbox 1200 952 1325 991; x_wconf 87' lang='lat' dir='ltr'><strong>cum</strong></span> <span class='ocrx_word' id='word_1_57' title='bbox 1377 936 1592 1006; x_wconf 87' lang='lat' dir='ltr'><strong>Moyses</strong></span> <span class='ocrx_word' id='word_1_58' title='bbox 1624 942 1810 986; x_wconf 90' lang='lat' dir='ltr'><strong>oraret</strong></span> <span class='ocrx_word' id='word_1_59' title='bbox 1854 938 1914 984; x_wconf 92' lang='lat' dir='ltr'><strong>ut</strong></span> <span class='ocrx_word' id='word_1_60' title='bbox 1956 929 2147 983; x_wconf 86' lang='lat' dir='ltr'><strong>faciem</strong></span> 
     </span>
    </p>
   </div>
   <div class='ocr_carea' id='block_1_8' title="bbox 548 1020 2149 1107">
    <p class='ocr_par' dir='ltr' id='par_1_8' title="bbox 548 1020 2149 1107">
     <span class='ocr_line' id='line_1_8' title="bbox 548 1020 2149 1107; baseline -0.013 -13"><span class='ocrx_word' id='word_1_61' title='bbox 548 1038 648 1094; x_wconf 90' lang='lat' dir='ltr'><strong>Dei</strong></span> <span class='ocrx_word' id='word_1_62' title='bbox 680 1053 813 1107; x_wconf 91' lang='lat' dir='ltr'><strong>pure</strong></span> <span class='ocrx_word' id='word_1_63' title='bbox 841 1035 1075 1099; x_wconf 82' lang='lat' dir='ltr'><strong>videret,</strong></span> <span class='ocrx_word' id='word_1_64' title='bbox 1106 1030 1235 1103; x_wconf 91' lang='lat' dir='ltr'><strong>quid</strong></span> <span class='ocrx_word' id='word_1_65' title='bbox 1264 1030 1331 1085; x_wconf 91' lang='lat' dir='ltr'><strong>ad</strong></span> <span class='ocrx_word' id='word_1_66' title='bbox 1356 1029 1504 1083; x_wconf 92' lang='lat' dir='ltr'><strong>illum</strong></span> <span class='ocrx_word' id='word_1_67' title='bbox 1527 1026 1791 1081; x_wconf 78' lang='lat' dir='ltr'><strong>Continuo</strong></span> <span class='ocrx_word' id='word_1_68' title='bbox 1821 1022 1993 1078; x_wconf 87' lang='lat' dir='ltr'><strong>Deus?</strong></span> <span class='ocrx_word' id='word_1_69' title='bbox 2025 1020 2149 1074; x_wconf 83' lang='lat' dir='ltr'><strong>Non</strong></span> 
     </span>
    </p>
   </div>
   <div class='ocr_carea' id='block_1_9' title="bbox 549 1113 2150 1202">
    <p class='ocr_par' dir='ltr' id='par_1_9' title="bbox 549 1113 2150 1202">
     <span class='ocr_line' id='line_1_9' title="bbox 549 1113 2150 1202; baseline -0.012 -15"><span class='ocrx_word' id='word_1_70' title='bbox 549 1131 977 1202; x_wconf 82' lang='lat' dir='ltr'><strong>poteris,inquit,</strong></span> <span class='ocrx_word' id='word_1_71' title='bbox 1006 1127 1177 1181; x_wconf 87' lang='lat' dir='ltr'><strong>videre</strong></span> <span class='ocrx_word' id='word_1_72' title='bbox 1214 1125 1398 1196; x_wconf 83' lang='lat' dir='ltr'><strong>faciem</strong></span> <span class='ocrx_word' id='word_1_73' title='bbox 1442 1137 1647 1187; x_wconf 87' lang='lat' dir='ltr'><strong>meam;</strong></span> <span class='ocrx_word' id='word_1_74' title='bbox 1673 1135 1777 1173; x_wconf 89' lang='lat' dir='ltr'><strong>non</strong></span> <span class='ocrx_word' id='word_1_75' title='bbox 1803 1118 1937 1171; x_wconf 85' lang='lat' dir='ltr'><strong>enim</strong></span> <span class='ocrx_word' id='word_1_76' title='bbox 1962 1113 2150 1169; x_wconf 86' lang='lat' dir='ltr'><strong>videbit</strong></span> 
     </span>
    </p>
   </div>
   <div class='ocr_carea' id='block_1_10' title="bbox 548 1208 2151 1294">
    <p class='ocr_par' dir='ltr' id='par_1_10' title="bbox 548 1208 2151 1294">
     <span class='ocr_line' id='line_1_10' title="bbox 548 1208 2151 1294; baseline -0.008 -17"><span class='ocrx_word' id='word_1_77' title='bbox 548 1224 705 1280; x_wconf 88' lang='lat' dir='ltr'><strong>homo</strong></span> <span class='ocrx_word' id='word_1_78' title='bbox 745 1224 933 1294; x_wconf 78' lang='lat' dir='ltr'><strong>faciem</strong></span> <span class='ocrx_word' id='word_1_79' title='bbox 982 1236 1171 1285; x_wconf 86' lang='lat' dir='ltr'><strong>meam,</strong></span> <span class='ocrx_word' id='word_1_80' title='bbox 1203 1230 1249 1273; x_wconf 90' lang='lat' dir='ltr'><strong>et</strong></span> <span class='ocrx_word' id='word_1_81' title='bbox 1281 1219 1410 1273; x_wconf 80' lang='lat' dir='ltr'><strong>vivet</strong></span> <span class='ocrx_word' id='word_1_82' title='bbox 1434 1216 1630 1289; x_wconf 77' lang='lat' dir='ltr'><strong>(Exod.</strong></span> <span class='ocrx_word' id='word_1_83' title='bbox 1667 1228 1858 1277; x_wconf 77' lang='lat' dir='ltr'><strong>xxxrn,</strong></span> <span class='ocrx_word' id='word_1_84' title='bbox 1882 1209 2001 1281; x_wconf 69' lang='lat'><strong>20).</strong></span> <span class='ocrx_word' id='word_1_85' title='bbox 2034 1208 2151 1264; x_wconf 85' lang='lat' dir='ltr'><strong>Hoc</strong></span> 
     </span>
    </p>
   </div>
   <div class='ocr_carea' id='block_1_11' title="bbox 547 1306 2153 1389">
    <p class='ocr_par' dir='ltr' id='par_1_11' title="bbox 547 1306 2153 1389">
     <span class='ocr_line' id='line_1_11' title="bbox 547 1306 2153 1389; baseline -0.011 -16"><span class='ocrx_word' id='word_1_86' title='bbox 547 1318 672 1389; x_wconf 86' lang='lat' dir='ltr'><strong>ipso</strong></span> <span class='ocrx_word' id='word_1_87' title='bbox 693 1315 838 1388; x_wconf 89' lang='lat' dir='ltr'><strong>quod</strong></span> <span class='ocrx_word' id='word_1_88' title='bbox 868 1324 1093 1386; x_wconf 79' lang='lat' dir='ltr'><strong>negatur</strong></span> <span class='ocrx_word' id='word_1_89' title='bbox 1118 1320 1394 1382; x_wconf 83' lang='lat' dir='ltr'><strong>aspectus,</strong></span> <span class='ocrx_word' id='word_1_90' title='bbox 1417 1309 1638 1363; x_wconf 86' lang='lat' dir='ltr'><strong>claritas</strong></span> <span class='ocrx_word' id='word_1_91' title='bbox 1674 1306 2002 1376; x_wconf 76' lang='lat' dir='ltr'><strong>assignatur,</strong></span> <span class='ocrx_word' id='word_1_92' title='bbox 2030 1316 2153 1372; x_wconf 65' lang='lat' dir='ltr'><strong>quae</strong></span> 
     </span>
    </p>
   </div>
   <div class='ocr_carea' id='block_1_12' title="bbox 548 1397 2156 1478">
    <p class='ocr_par' dir='ltr' id='par_1_12' title="bbox 548 1397 2156 1478">
     <span class='ocr_line' id='line_1_12' title="bbox 548 1397 2156 1478; baseline -0.012 -9"><span class='ocrx_word' id='word_1_93' title='bbox 548 1412 763 1469; x_wconf 86' lang='lat' dir='ltr'><strong>scilicet</strong></span> <span class='ocrx_word' id='word_1_94' title='bbox 811 1421 956 1465; x_wconf 87' lang='lat' dir='ltr'><strong>tanta</strong></span> <span class='ocrx_word' id='word_1_95' title='bbox 990 1418 1097 1475; x_wconf 88' lang='lat' dir='ltr'><strong>est,</strong></span> <span class='ocrx_word' id='word_1_96' title='bbox 1124 1416 1327 1478; x_wconf 84' lang='lat' dir='ltr'><strong>quanta</strong></span> <span class='ocrx_word' id='word_1_97' title='bbox 1366 1402 1643 1459; x_wconf 91' lang='lat' dir='ltr'><strong>credenda</strong></span> <span class='ocrx_word' id='word_1_98' title='bbox 1678 1410 1785 1466; x_wconf 91' lang='lat' dir='ltr'><strong>est,</strong></span> <span class='ocrx_word' id='word_1_99' title='bbox 1813 1415 1932 1468; x_wconf 82' lang='lat' dir='ltr'><strong>quae</strong></span> <span class='ocrx_word' id='word_1_100' title='bbox 1963 1397 2156 1452; x_wconf 88' lang='lat' dir='ltr'><strong>invisi-</strong></span> 
     </span>
    </p>
   </div>
   <div class='ocr_carea' id='block_1_13' title="bbox 548 1491 2151 1572">
    <p class='ocr_par' dir='ltr' id='par_1_13' title="bbox 548 1491 2151 1572">
     <span class='ocr_line' id='line_1_13' title="bbox 548 1491 2151 1572; baseline -0.011 -8"><span class='ocrx_word' id='word_1_101' title='bbox 548 1509 676 1565; x_wconf 83' lang='lat' dir='ltr'><strong>bilis</strong></span> <span class='ocrx_word' id='word_1_102' title='bbox 708 1506 997 1562; x_wconf 89' lang='lat' dir='ltr'><strong>indicatur.</strong></span> <span class='ocrx_word' id='word_1_103' title='bbox 1033 1503 1168 1558; x_wconf 88' lang='lat' dir='ltr'><strong>Cum</strong></span> <span class='ocrx_word' id='word_1_104' title='bbox 1195 1516 1325 1572; x_wconf 89' lang='lat' dir='ltr'><strong>ergo</strong></span> <span class='ocrx_word' id='word_1_105' title='bbox 1366 1499 1580 1571; x_wconf 86' lang='lat' dir='ltr'><strong>Moyses</strong></span> <span class='ocrx_word' id='word_1_106' title='bbox 1608 1496 1699 1569; x_wconf 88' lang='lat' dir='ltr'><strong>qui</strong></span> <span class='ocrx_word' id='word_1_107' title='bbox 1723 1504 1777 1551; x_wconf 88' lang='lat' dir='ltr'><strong>ct</strong></span> <span class='ocrx_word' id='word_1_108' title='bbox 1806 1495 1968 1550; x_wconf 90' lang='lat' dir='ltr'><strong>situm</strong></span> <span class='ocrx_word' id='word_1_109' title='bbox 2002 1491 2151 1559; x_wconf 88' lang='lat' dir='ltr'><strong>coeli,</strong></span> 
     </span>
    </p>
   </div>
   <div class='ocr_carea' id='block_1_14' title="bbox 551 1587 2158 1664">
    <p class='ocr_par' dir='ltr' id='par_1_14' title="bbox 551 1587 2158 1664">
     <span class='ocr_line' id='line_1_14' title="bbox 551 1587 2158 1664; baseline -0.012 -5"><span class='ocrx_word' id='word_1_110' title='bbox 551 1613 608 1659; x_wconf 90' lang='lat' dir='ltr'><strong>et</strong></span> <span class='ocrx_word' id='word_1_111' title='bbox 630 1602 854 1659; x_wconf 88' lang='lat' dir='ltr'><strong>ordines</strong></span> <span class='ocrx_word' id='word_1_112' title='bbox 890 1600 1104 1664; x_wconf 87' lang='lat' dir='ltr'><strong>mundi,</strong></span> <span class='ocrx_word' id='word_1_113' title='bbox 1133 1608 1187 1654; x_wconf 92' lang='lat' dir='ltr'><strong>et</strong></span> <span class='ocrx_word' id='word_1_114' title='bbox 1225 1597 1626 1651; x_wconf 86' lang='lat' dir='ltr'><strong>elementorum</strong></span> <span class='ocrx_word' id='word_1_115' title='bbox 1666 1591 1834 1655; x_wconf 87' lang='lat' dir='ltr'><strong>vices,</strong></span> <span class='ocrx_word' id='word_1_116' title='bbox 1867 1590 2033 1643; x_wconf 87' lang='lat' dir='ltr'><strong>totius</strong></span> <span class='ocrx_word' id='word_1_117' title='bbox 2062 1587 2158 1641; x_wconf 87' lang='lat' dir='ltr'><strong>de-</strong></span> 
     </span>
    </p>
   </div>
   <div class='ocr_carea' id='block_1_15' title="bbox 547 1684 2157 1771">
    <p class='ocr_par' dir='ltr' id='par_1_15' title="bbox 547 1684 2157 1771">
     <span class='ocr_line' id='line_1_15' title="bbox 547 1684 2157 1771; baseline -0.013 -14"><span class='ocrx_word' id='word_1_118' title='bbox 547 1703 716 1771; x_wconf 88' lang='lat' dir='ltr'><strong>nique</strong></span> <span class='ocrx_word' id='word_1_119' title='bbox 741 1698 891 1753; x_wconf 89' lang='lat' dir='ltr'><strong>orbis</strong></span> <span class='ocrx_word' id='word_1_120' title='bbox 916 1701 1240 1751; x_wconf 87' lang='lat' dir='ltr'><strong>ornamenta</strong></span> <span class='ocrx_word' id='word_1_121' title='bbox 1280 1689 1595 1762; x_wconf 78' lang='lat' dir='ltr'><strong>digesserit,</strong></span> <span class='ocrx_word' id='word_1_122' title='bbox 1620 1684 1897 1749; x_wconf 88' lang='lat' dir='ltr'><strong>indicarit,</strong></span> <span class='ocrx_word' id='word_1_123' title='bbox 1930 1696 2157 1752; x_wconf 81' lang='lat' dir='ltr'><strong>expres-</strong></span> 
     </span>
    </p>
   </div>
   <div class='ocr_carea' id='block_1_16' title="bbox 553 1771 2159 1859">
    <p class='ocr_par' dir='ltr' id='par_1_16' title="bbox 553 1771 2159 1859">
     <span class='ocr_line' id='line_1_16' title="bbox 553 1771 2159 1859; baseline -0.015 -11"><span class='ocrx_word' id='word_1_124' title='bbox 553 1790 833 1857; x_wconf 89' lang='lat' dir='ltr'><strong>serit;cui</strong></span> <span class='ocrx_word' id='word_1_125' title='bbox 876 1790 992 1859; x_wconf 91' lang='lat' dir='ltr'><strong>ipse</strong></span> <span class='ocrx_word' id='word_1_126' title='bbox 1042 1785 1304 1840; x_wconf 89' lang='lat' dir='ltr'><strong>Dominus</strong></span> <span class='ocrx_word' id='word_1_127' title='bbox 1344 1778 1715 1837; x_wconf 88' lang='lat' dir='ltr'><strong>testimonium</strong></span> <span class='ocrx_word' id='word_1_128' title='bbox 1763 1773 2035 1844; x_wconf 84' lang='lat' dir='ltr'><strong>perhibuit</strong></span> <span class='ocrx_word' id='word_1_129' title='bbox 2073 1771 2159 1826; x_wconf 91' lang='lat' dir='ltr'><strong>di-</strong></span> 
     </span>
    </p>
   </div>
   <div class='ocr_carea' id='block_1_17' title="bbox 2249 542 3851 621">
    <p class='ocr_par' dir='ltr' id='par_1_17' title="bbox 2249 542 3851 621">
     <span class='ocr_line' id='line_1_17' title="bbox 2249 542 3851 621; baseline -0.007 -14"><span class='ocrx_word' id='word_1_130' title='bbox 2249 553 2524 608; x_wconf 89' lang='lat' dir='ltr'><strong>hominem</strong></span> <span class='ocrx_word' id='word_1_131' title='bbox 2575 550 2869 605; x_wconf 78' lang='lat' dir='ltr'><strong>extulisset</strong></span> <span class='ocrx_word' id='word_1_132' title='bbox 2901 548 3117 621; x_wconf 81' lang='lat' dir='ltr'><strong>(Matth.</strong></span> <span class='ocrx_word' id='word_1_133' title='bbox 3146 565 3280 616; x_wconf 84' lang='lat' dir='ltr'><strong>xvn,</strong></span> <span class='ocrx_word' id='word_1_134' title='bbox 3312 548 3393 619; x_wconf 90' lang='lat'><strong>6),</strong></span> <span class='ocrx_word' id='word_1_135' title='bbox 3428 545 3642 615; x_wconf 88' lang='lat' dir='ltr'><strong>fulgore</strong></span> <span class='ocrx_word' id='word_1_136' title='bbox 3690 542 3851 597; x_wconf 86' lang='lat' dir='ltr'><strong>lumi-</strong></span> 
     </span>
    </p>
   </div>
   <div class='ocr_carea' id='block_1_18' title="bbox 2248 636 3853 716">
    <p class='ocr_par' dir='ltr' id='par_1_18' title="bbox 2248 636 3853 716">
     <span class='ocr_line' id='line_1_18' title="bbox 2248 636 3853 716; baseline -0.007 -15"><span class='ocrx_word' id='word_1_137' title='bbox 2248 647 2332 701; x_wconf 86' lang='lat' dir='ltr'><strong>nis</strong></span> <span class='ocrx_word' id='word_1_138' title='bbox 2365 645 2483 716; x_wconf 89' lang='lat' dir='ltr'><strong>ejus</strong></span> <span class='ocrx_word' id='word_1_139' title='bbox 2537 658 2676 713; x_wconf 91' lang='lat' dir='ltr'><strong>pene</strong></span> <span class='ocrx_word' id='word_1_140' title='bbox 2725 641 2986 697; x_wconf 65' lang='lat' dir='ltr'><strong>obcaecati</strong></span> <span class='ocrx_word' id='word_1_141' title='bbox 3030 642 3263 712; x_wconf 86' lang='lat' dir='ltr'><strong>apostoli</strong></span> <span class='ocrx_word' id='word_1_142' title='bbox 3306 640 3359 694; x_wconf 91' lang='lat' dir='ltr'><strong>in</strong></span> <span class='ocrx_word' id='word_1_143' title='bbox 3413 649 3611 693; x_wconf 91' lang='lat' dir='ltr'><strong>terram</strong></span> <span class='ocrx_word' id='word_1_144' title='bbox 3650 636 3853 704; x_wconf 86' lang='lat' dir='ltr'><strong>quippe</strong></span> 
     </span>
    </p>
   </div>
   <div class='ocr_carea' id='block_1_19' title="bbox 2250 727 3855 804">
    <p class='ocr_par' dir='ltr' id='par_1_19' title="bbox 2250 727 3855 804">
     <span class='ocr_line' id='line_1_19' title="bbox 2250 727 3855 804; baseline -0.009 -10"><span class='ocrx_word' id='word_1_145' title='bbox 2250 740 2501 794; x_wconf 91' lang='lat' dir='ltr'><strong>homines</strong></span> <span class='ocrx_word' id='word_1_146' title='bbox 2521 736 2858 799; x_wconf 86' lang='lat' dir='ltr'><strong>ceciderunt,</strong></span> <span class='ocrx_word' id='word_1_147' title='bbox 2882 733 3176 804; x_wconf 88' lang='lat' dir='ltr'><strong>periclitati</strong></span> <span class='ocrx_word' id='word_1_148' title='bbox 3204 734 3398 797; x_wconf 90' lang='lat' dir='ltr'><strong>vitam,</strong></span> <span class='ocrx_word' id='word_1_149' title='bbox 3418 730 3523 785; x_wconf 89' lang='lat' dir='ltr'><strong>nisi</strong></span> <span class='ocrx_word' id='word_1_150' title='bbox 3553 728 3636 783; x_wconf 93' lang='lat' dir='ltr'><strong>eis</strong></span> <span class='ocrx_word' id='word_1_151' title='bbox 3669 727 3855 780; x_wconf 91' lang='lat' dir='ltr'><strong>Domi-</strong></span> 
     </span>
    </p>
   </div>
   <div class='ocr_carea' id='block_1_20' title="bbox 2251 822 3857 901">
    <p class='ocr_par' dir='ltr' id='par_1_20' title="bbox 2251 822 3857 901">
     <span class='ocr_line' id='line_1_20' title="bbox 2251 822 3857 901; baseline -0.007 -15"><span class='ocrx_word' id='word_1_152' title='bbox 2251 848 2353 887; x_wconf 85' lang='lat' dir='ltr'><strong>nus</strong></span> <span class='ocrx_word' id='word_1_153' title='bbox 2404 844 2724 901; x_wconf 88' lang='lat' dir='ltr'><strong>compresso</strong></span> <span class='ocrx_word' id='word_1_154' title='bbox 2782 844 2997 883; x_wconf 82' lang='lat' dir='ltr'><strong>rursum</strong></span> <span class='ocrx_word' id='word_1_155' title='bbox 3056 825 3359 896; x_wconf 89' lang='lat' dir='ltr'><strong>majestatis</strong></span> <span class='ocrx_word' id='word_1_156' title='bbox 3400 838 3511 878; x_wconf 69' lang='lat' dir='ltr'><strong>suae</strong></span> <span class='ocrx_word' id='word_1_157' title='bbox 3554 822 3768 876; x_wconf 90' lang='lat' dir='ltr'><strong>honore</strong></span> <span class='ocrx_word' id='word_1_158' title='bbox 3797 828 3857 875; x_wconf 92' lang='lat' dir='ltr'><strong>ut</strong></span> 
     </span>
    </p>
   </div>
   <div class='ocr_carea' id='block_1_21' title="bbox 2252 916 3853 987">
    <p class='ocr_par' dir='ltr' id='par_1_21' title="bbox 2252 916 3853 987">
     <span class='ocr_line' id='line_1_21' title="bbox 2252 916 3853 987; baseline -0.007 -7"><span class='ocrx_word' id='word_1_159' title='bbox 2252 924 2564 980; x_wconf 88' lang='lat' dir='ltr'><strong>misericors</strong></span> <span class='ocrx_word' id='word_1_160' title='bbox 2595 922 2964 987; x_wconf 85' lang='lat' dir='ltr'><strong>subvenisset,</strong></span> <span class='ocrx_word' id='word_1_161' title='bbox 2990 918 3287 975; x_wconf 90' lang='lat' dir='ltr'><strong>secundum</strong></span> <span class='ocrx_word' id='word_1_162' title='bbox 3313 917 3460 971; x_wconf 91' lang='lat' dir='ltr'><strong>illam</strong></span> <span class='ocrx_word' id='word_1_163' title='bbox 3493 916 3853 970; x_wconf 86' lang='lat' dir='ltr'><strong>sententiam:</strong></span> 
     </span>
    </p>
   </div>
   <div class='ocr_carea' id='block_1_22' title="bbox 2252 1008 3858 1084">
    <p class='ocr_par' dir='ltr' id='par_1_22' title="bbox 2252 1008 3858 1084">
     <span class='ocr_line' id='line_1_22' title="bbox 2252 1008 3858 1084; baseline -0.006 -9"><span class='ocrx_word' id='word_1_164' title='bbox 2252 1019 2423 1075; x_wconf 87' lang='lat' dir='ltr'><strong>Nemo</strong></span> <span class='ocrx_word' id='word_1_165' title='bbox 2439 1019 2563 1072; x_wconf 84' lang='lat' dir='ltr'><strong>vidit</strong></span> <span class='ocrx_word' id='word_1_166' title='bbox 2594 1015 2787 1082; x_wconf 84' lang='lat' dir='ltr'><strong>Deum,</strong></span> <span class='ocrx_word' id='word_1_167' title='bbox 2815 1025 2861 1069; x_wconf 91' lang='lat' dir='ltr'><strong>et</strong></span> <span class='ocrx_word' id='word_1_168' title='bbox 2884 1014 3011 1069; x_wconf 77' lang='lat' dir='ltr'><strong>vixit</strong></span> <span class='ocrx_word' id='word_1_169' title='bbox 3034 1012 3234 1084; x_wconf 74' lang='lat' dir='ltr'><strong>(Exod.</strong></span> <span class='ocrx_word' id='word_1_170' title='bbox 3254 1027 3450 1075; x_wconf 69' lang='grc' dir='ltr'>χχχιιι,</span> <span class='ocrx_word' id='word_1_171' title='bbox 3477 1009 3597 1080; x_wconf 70' lang='grc' dir='ltr'><strong>ΞΟ).</strong></span> <span class='ocrx_word' id='word_1_172' title='bbox 3630 1008 3701 1065; x_wconf 92' lang='lat' dir='ltr'><strong>Ut</strong></span> <span class='ocrx_word' id='word_1_173' title='bbox 3727 1023 3858 1078; x_wconf 89' lang='lat' dir='ltr'><strong>ergo</strong></span> 
     </span>
    </p>
   </div>
   <div class='ocr_carea' id='block_1_23' title="bbox 2252 1105 3861 1179">
    <p class='ocr_par' dir='ltr' id='par_1_23' title="bbox 2252 1105 3861 1179">
     <span class='ocr_line' id='line_1_23' title="bbox 2252 1105 3861 1179; baseline -0.004 -10"><span class='ocrx_word' id='word_1_174' title='bbox 2252 1115 2476 1171; x_wconf 91' lang='lat' dir='ltr'><strong>claritas</strong></span> <span class='ocrx_word' id='word_1_175' title='bbox 2505 1112 2662 1176; x_wconf 89' lang='lat' dir='ltr'><strong>solis,</strong></span> <span class='ocrx_word' id='word_1_176' title='bbox 2693 1107 2721 1148; x_wconf 74' lang='grc' dir='ltr'><strong>ἀ</strong></span> <span class='ocrx_word' id='word_1_177' title='bbox 2752 1126 2876 1165; x_wconf 93' lang='lat' dir='ltr'><strong>cum</strong></span> <span class='ocrx_word' id='word_1_178' title='bbox 2924 1124 3033 1166; x_wconf 89' lang='lat' dir='ltr'><strong>non</strong></span> <span class='ocrx_word' id='word_1_179' title='bbox 3081 1124 3253 1179; x_wconf 89' lang='lat' dir='ltr'><strong>usque</strong></span> <span class='ocrx_word' id='word_1_180' title='bbox 3286 1107 3353 1162; x_wconf 88' lang='lat' dir='ltr'><strong>ad</strong></span> <span class='ocrx_word' id='word_1_181' title='bbox 3396 1116 3615 1162; x_wconf 70' lang='lat' dir='ltr'><strong>nosnos</strong></span> <span class='ocrx_word' id='word_1_182' title='bbox 3661 1105 3861 1162; x_wconf 89' lang='lat' dir='ltr'><strong>emicat</strong></span> 
     </span>
    </p>
   </div>
   <div class='ocr_carea' id='block_1_24' title="bbox 2254 1197 3861 1274">
    <p class='ocr_par' dir='ltr' id='par_1_24' title="bbox 2254 1197 3861 1274">
     <span class='ocr_line' id='line_1_24' title="bbox 2254 1197 3861 1274; baseline -0.005 -13"><span class='ocrx_word' id='word_1_183' title='bbox 2254 1207 2426 1274; x_wconf 86' lang='lat' dir='ltr'><strong>visus,</strong></span> <span class='ocrx_word' id='word_1_184' title='bbox 2459 1205 2559 1260; x_wconf 88' lang='lat' dir='ltr'><strong>sibi</strong></span> <span class='ocrx_word' id='word_1_185' title='bbox 2595 1204 2744 1259; x_wconf 89' lang='lat' dir='ltr'><strong>salva</strong></span> <span class='ocrx_word' id='word_1_186' title='bbox 2775 1213 2889 1270; x_wconf 87' lang='lat' dir='ltr'><strong>est;</strong></span> <span class='ocrx_word' id='word_1_187' title='bbox 2922 1205 3050 1272; x_wconf 86' lang='lat' dir='ltr'><strong>quia</strong></span> <span class='ocrx_word' id='word_1_188' title='bbox 3092 1200 3236 1273; x_wconf 90' lang='lat' dir='ltr'><strong>quod</strong></span> <span class='ocrx_word' id='word_1_189' title='bbox 3278 1215 3389 1255; x_wconf 92' lang='lat' dir='ltr'><strong>non</strong></span> <span class='ocrx_word' id='word_1_190' title='bbox 3441 1198 3681 1265; x_wconf 91' lang='lat' dir='ltr'><strong>videtur,</strong></span> <span class='ocrx_word' id='word_1_191' title='bbox 3708 1197 3861 1253; x_wconf 87' lang='lat' dir='ltr'><strong>infir-</strong></span> 
     </span>
    </p>
   </div>
   <div class='ocr_carea' id='block_1_25' title="bbox 2255 1295 3860 1369">
    <p class='ocr_par' dir='ltr' id='par_1_25' title="bbox 2255 1295 3860 1369">
     <span class='ocr_line' id='line_1_25' title="bbox 2255 1295 3860 1369; baseline -0.003 -13"><span class='ocrx_word' id='word_1_192' title='bbox 2255 1302 2459 1357; x_wconf 90' lang='lat' dir='ltr'><strong>mitatis</strong></span> <span class='ocrx_word' id='word_1_193' title='bbox 2488 1310 2572 1356; x_wconf 90' lang='lat' dir='ltr'><strong>est</strong></span> <span class='ocrx_word' id='word_1_194' title='bbox 2604 1307 2804 1355; x_wconf 72' lang='lat' dir='ltr'><strong>nostrae</strong></span> <span class='ocrx_word' id='word_1_195' title='bbox 2826 1314 3059 1369; x_wconf 90' lang='lat' dir='ltr'><strong>quorum</strong></span> <span class='ocrx_word' id='word_1_196' title='bbox 3084 1297 3272 1353; x_wconf 90' lang='lat' dir='ltr'><strong>oculos</strong></span> <span class='ocrx_word' id='word_1_197' title='bbox 3310 1295 3535 1352; x_wconf 90' lang='lat' dir='ltr'><strong>nubium</strong></span> <span class='ocrx_word' id='word_1_198' title='bbox 3587 1296 3728 1351; x_wconf 81' lang='lat' dir='ltr'><strong>texit</strong></span> <span class='ocrx_word' id='word_1_199' title='bbox 3757 1295 3860 1351; x_wconf 92' lang='lat' dir='ltr'><strong>ob-</strong></span> 
     </span>
    </p>
   </div>
   <div class='ocr_carea' id='block_1_26' title="bbox 2257 1389 3862 1463">
    <p class='ocr_par' dir='ltr' id='par_1_26' title="bbox 2257 1389 3862 1463">
     <span class='ocr_line' id='line_1_26' title="bbox 2257 1389 3862 1463; baseline -0.002 -14"><span class='ocrx_word' id='word_1_200' title='bbox 2257 1394 2490 1449; x_wconf 86' lang='lat' dir='ltr'><strong>scuritas</strong></span> <span class='ocrx_word' id='word_1_201' title='bbox 2524 1412 2536 1447; x_wconf 88' lang='lat'>:</span> <span class='ocrx_word' id='word_1_202' title='bbox 2566 1403 2588 1430; x_wconf 74' lang='lat'><em>°</em></span> <span class='ocrx_word' id='word_1_203' title='bbox 2614 1395 2689 1448; x_wconf 92' lang='lat' dir='ltr'><strong>ita</strong></span> <span class='ocrx_word' id='word_1_204' title='bbox 2714 1393 2911 1463; x_wconf 81' lang='lat' dir='ltr'><strong>probat</strong></span> <span class='ocrx_word' id='word_1_205' title='bbox 2935 1407 2994 1448; x_wconf 92' lang='lat' dir='ltr'><strong>se</strong></span> <span class='ocrx_word' id='word_1_206' title='bbox 3025 1408 3132 1447; x_wconf 90' lang='lat' dir='ltr'><strong>non</strong></span> <span class='ocrx_word' id='word_1_207' title='bbox 3161 1406 3261 1447; x_wconf 87' lang='lat' dir='ltr'><strong>suo</strong></span> <span class='ocrx_word' id='word_1_208' title='bbox 3288 1391 3621 1447; x_wconf 89' lang='lat' dir='ltr'><strong>detrimento</strong></span> <span class='ocrx_word' id='word_1_209' title='bbox 3647 1389 3862 1461; x_wconf 76' lang='lat' dir='ltr'><strong>proprii</strong></span> 
     </span>
    </p>
   </div>
   <div class='ocr_carea' id='block_1_27' title="bbox 2257 1484 3860 1558">
    <p class='ocr_par' dir='ltr' id='par_1_27' title="bbox 2257 1484 3860 1558">
     <span class='ocr_line' id='line_1_27' title="bbox 2257 1484 3860 1558; baseline 0 -17"><span class='ocrx_word' id='word_1_210' title='bbox 2257 1488 2484 1543; x_wconf 87' lang='lat' dir='ltr'><strong>latuisse</strong></span> <span class='ocrx_word' id='word_1_211' title='bbox 2515 1486 2769 1558; x_wconf 80' lang='lat' dir='ltr'><strong>fulgoris;</strong></span> <span class='ocrx_word' id='word_1_212' title='bbox 2800 1486 2893 1542; x_wconf 91' lang='lat' dir='ltr'><strong>sed</strong></span> <span class='ocrx_word' id='word_1_213' title='bbox 2926 1486 3130 1553; x_wconf 89' lang='lat' dir='ltr'><strong>carnis,</strong></span> <span class='ocrx_word' id='word_1_214' title='bbox 3162 1495 3219 1541; x_wconf 91' lang='lat' dir='ltr'><strong>ut</strong></span> <span class='ocrx_word' id='word_1_215' title='bbox 3266 1485 3403 1553; x_wconf 81' lang='lat' dir='ltr'><strong>dixi,</strong></span> <span class='ocrx_word' id='word_1_216' title='bbox 3444 1484 3733 1553; x_wconf 86' lang='lat' dir='ltr'><strong>beneficio,</strong></span> <span class='ocrx_word' id='word_1_217' title='bbox 3762 1500 3860 1541; x_wconf 89' lang='lat' dir='ltr'><strong>cu-</strong></span> 
     </span>
    </p>
   </div>
   <div class='ocr_carea' id='block_1_28' title="bbox 2254 1578 3755 1654">
    <p class='ocr_par' dir='ltr' id='par_1_28' title="bbox 2254 1578 3755 1654">
     <span class='ocr_line' id='line_1_28' title="bbox 2254 1578 3755 1654; baseline -0.003 -15"><span class='ocrx_word' id='word_1_218' title='bbox 2254 1583 2345 1654; x_wconf 89' lang='lat' dir='ltr'><strong>jus</strong></span> <span class='ocrx_word' id='word_1_219' title='bbox 2371 1598 2535 1639; x_wconf 90' lang='lat' dir='ltr'><strong>causa</strong></span> <span class='ocrx_word' id='word_1_220' title='bbox 2568 1583 2737 1637; x_wconf 87' lang='lat' dir='ltr'><strong>Filius</strong></span> <span class='ocrx_word' id='word_1_221' title='bbox 2777 1581 2871 1637; x_wconf 90' lang='lat' dir='ltr'><strong>Dei</strong></span> <span class='ocrx_word' id='word_1_222' title='bbox 2901 1582 3041 1636; x_wconf 91' lang='lat' dir='ltr'><strong>filius</strong></span> <span class='ocrx_word' id='word_1_223' title='bbox 3073 1581 3308 1636; x_wconf 87' lang='lat' dir='ltr'><strong>hominis</strong></span> <span class='ocrx_word' id='word_1_224' title='bbox 3330 1595 3452 1635; x_wconf 90' lang='lat' dir='ltr'><strong>esse</strong></span> <span class='ocrx_word' id='word_1_225' title='bbox 3475 1578 3755 1635; x_wconf 79' lang='lat' dir='ltr'><strong>sustinuit.</strong></span> 
     </span>
    </p>
   </div>
   <div class='ocr_carea' id='block_1_29' title="bbox 2332 1673 3865 1748">
    <p class='ocr_par' dir='ltr' id='par_1_29' title="bbox 2332 1673 3865 1748">
     <span class='ocr_line' id='line_1_29' title="bbox 2332 1673 3865 1748; baseline -0.001 -17"><span class='ocrx_word' id='word_1_226' title='bbox 2332 1677 2539 1748; x_wconf 88' lang='lat' dir='ltr'><strong>Nempe</strong></span> <span class='ocrx_word' id='word_1_227' title='bbox 2582 1678 2728 1731; x_wconf 89' lang='lat' dir='ltr'><strong>enim</strong></span> <span class='ocrx_word' id='word_1_228' title='bbox 2774 1675 2845 1731; x_wconf 85' lang='lat' dir='ltr'><strong>de</strong></span> <span class='ocrx_word' id='word_1_229' title='bbox 2893 1675 3101 1745; x_wconf 91' lang='lat' dir='ltr'><strong>Spiritu</strong></span> <span class='ocrx_word' id='word_1_230' title='bbox 3134 1675 3232 1730; x_wconf 86' lang='lat' dir='ltr'><strong>Dei</strong></span> <span class='ocrx_word' id='word_1_231' title='bbox 3290 1673 3457 1745; x_wconf 79' lang='lat' dir='ltr'><strong>Virgo</strong></span> <span class='ocrx_word' id='word_1_232' title='bbox 3508 1673 3782 1743; x_wconf 87' lang='lat' dir='ltr'><strong>concepit,</strong></span> <span class='ocrx_word' id='word_1_233' title='bbox 3809 1681 3865 1729; x_wconf 90' lang='lat' dir='ltr'><strong>et</strong></span> 
     </span>
    </p>
   </div>
   <div class='ocr_carea' id='block_1_30' title="bbox 2262 1766 3863 1840">
    <p class='ocr_par' dir='ltr' id='par_1_30' title="bbox 2262 1766 3863 1840">
     <span class='ocr_line' id='line_1_30' title="bbox 2262 1766 3863 1840; baseline -0.002 -16"><span class='ocrx_word' id='word_1_234' title='bbox 2262 1770 2406 1840; x_wconf 93' lang='lat' dir='ltr'><strong>quod</strong></span> <span class='ocrx_word' id='word_1_235' title='bbox 2460 1770 2729 1839; x_wconf 83' lang='lat' dir='ltr'><strong>concepit,</strong></span> <span class='ocrx_word' id='word_1_236' title='bbox 2759 1771 2861 1822; x_wconf 91' lang='lat' dir='ltr'><strong>hoc</strong></span> <span class='ocrx_word' id='word_1_237' title='bbox 2916 1768 3154 1837; x_wconf 87' lang='lat' dir='ltr'><strong>peperit,</strong></span> <span class='ocrx_word' id='word_1_238' title='bbox 3184 1766 3237 1821; x_wconf 91' lang='lat' dir='ltr'><strong>id</strong></span> <span class='ocrx_word' id='word_1_239' title='bbox 3289 1775 3392 1831; x_wconf 90' lang='lat' dir='ltr'><strong>est,</strong></span> <span class='ocrx_word' id='word_1_240' title='bbox 3425 1767 3595 1821; x_wconf 92' lang='lat' dir='ltr'><strong>Deum</strong></span> <span class='ocrx_word' id='word_1_241' title='bbox 3651 1766 3863 1820; x_wconf 90' lang='lat' dir='ltr'><strong>homini</strong></span> 
     </span>
    </p>
   </div>
   <div class='ocr_carea' id='block_1_31' title="bbox 551 1859 3865 1949">
    <p class='ocr_par' dir='ltr' id='par_1_31' title="bbox 551 1859 3865 1949">
     <span class='ocr_line' id='line_1_31' title="bbox 551 1859 3865 1949; baseline -0.008 -10"><span class='ocrx_word' id='word_1_242' title='bbox 551 1901 682 1943; x_wconf 86' lang='lat' dir='ltr'><strong>cens</strong></span> <span class='ocrx_word' id='word_1_243' title='bbox 720 1902 732 1938; x_wconf 90' lang='lat'><strong>:</strong></span> <span class='ocrx_word' id='word_1_244' title='bbox 766 1882 937 1937; x_wconf 85' lang='lat' dir='ltr'><strong>Nemo</strong></span> <span class='ocrx_word' id='word_1_245' title='bbox 966 1882 1060 1935; x_wconf 83' lang='lat' dir='ltr'><strong>erit</strong></span> <span class='ocrx_word' id='word_1_246' title='bbox 1082 1896 1147 1934; x_wconf 72' lang='lat' dir='ltr'><strong>ex</strong></span> <span class='ocrx_word' id='word_1_247' title='bbox 1170 1875 1437 1949; x_wconf 86' lang='lat' dir='ltr'><strong>prophetis</strong></span> <span class='ocrx_word' id='word_1_248' title='bbox 1464 1884 1518 1927; x_wconf 88' lang='lat' dir='ltr'><strong>ut</strong></span> <span class='ocrx_word' id='word_1_249' title='bbox 1547 1887 1722 1927; x_wconf 87' lang='lat' dir='ltr'><strong>servus</strong></span> <span class='ocrx_word' id='word_1_250' title='bbox 1748 1885 1889 1923; x_wconf 86' lang='lat' dir='ltr'><strong>mens</strong></span> <span class='ocrx_word' id='word_1_251' title='bbox 1925 1866 2155 1937; x_wconf 80' lang='lat' dir='ltr'><strong>Moyses,</strong></span> <span class='ocrx_word' id='word_1_252' title='bbox 2189 1868 2237 1928; x_wconf 90' lang='lat' dir='ltr'><strong>B</strong></span> <span class='ocrx_word' id='word_1_253' title='bbox 2265 1878 2388 1928; x_wconf 89' lang='lat' dir='ltr'><strong>suo,</strong></span> <span class='ocrx_word' id='word_1_254' title='bbox 2416 1873 2471 1916; x_wconf 92' lang='lat' dir='ltr'><strong>ut</strong></span> <span class='ocrx_word' id='word_1_255' title='bbox 2507 1864 2619 1932; x_wconf 90' lang='lat' dir='ltr'><strong>jam</strong></span> <span class='ocrx_word' id='word_1_256' title='bbox 2653 1861 2786 1927; x_wconf 84' lang='lat' dir='ltr'><strong>dixi,</strong></span> <span class='ocrx_word' id='word_1_257' title='bbox 2816 1862 3106 1927; x_wconf 84' lang='lat' dir='ltr'><strong>sociatum,</strong></span> <span class='ocrx_word' id='word_1_258' title='bbox 3137 1860 3279 1915; x_wconf 90' lang='lat' dir='ltr'><strong>sicut</strong></span> <span class='ocrx_word' id='word_1_259' title='bbox 3328 1862 3444 1931; x_wconf 88' lang='lat' dir='ltr'><strong>ipse</strong></span> <span class='ocrx_word' id='word_1_260' title='bbox 3494 1860 3634 1914; x_wconf 81' lang='lat' dir='ltr'><strong>dixit</strong></span> <span class='ocrx_word' id='word_1_261' title='bbox 3667 1878 3679 1914; x_wconf 91' lang='lat'><strong>:</strong></span> <span class='ocrx_word' id='word_1_262' title='bbox 3713 1859 3865 1926; x_wconf 85' lang='lat' dir='ltr'><strong>Quod</strong></span> 
     </span>
    </p>
   </div>
   <div class='ocr_carea' id='block_1_32' title="bbox 555 1959 2158 2048">
    <p class='ocr_par' dir='ltr' id='par_1_32' title="bbox 555 1959 2158 2048">
     <span class='ocr_line' id='line_1_32' title="bbox 555 1959 2158 2048; baseline -0.014 -15"><span class='ocrx_word' id='word_1_263' title='bbox 555 1980 638 2033; x_wconf 86' lang='lat' dir='ltr'><strong>cui</strong></span> <span class='ocrx_word' id='word_1_264' title='bbox 663 1978 798 2048; x_wconf 77' lang='lat' dir='ltr'><strong>{acie</strong></span> <span class='ocrx_word' id='word_1_265' title='bbox 827 1975 895 2030; x_wconf 88' lang='lat' dir='ltr'><strong>ad</strong></span> <span class='ocrx_word' id='word_1_266' title='bbox 926 1974 1132 2045; x_wconf 80' lang='lat' dir='ltr'><strong>faciem,</strong></span> <span class='ocrx_word' id='word_1_267' title='bbox 1163 1987 1249 2024; x_wconf 88' lang='lat' dir='ltr'><strong>ore</strong></span> <span class='ocrx_word' id='word_1_268' title='bbox 1280 1967 1349 2022; x_wconf 86' lang='lat' dir='ltr'><strong>ad</strong></span> <span class='ocrx_word' id='word_1_269' title='bbox 1376 1983 1431 2021; x_wconf 87' lang='lat' dir='ltr'><strong>os</strong></span> <span class='ocrx_word' id='word_1_270' title='bbox 1463 1967 1665 2020; x_wconf 85' lang='lat' dir='ltr'><strong>locutus</strong></span> <span class='ocrx_word' id='word_1_271' title='bbox 1689 1979 1804 2017; x_wconf 87' lang='lat' dir='ltr'><strong>sum</strong></span> <span class='ocrx_word' id='word_1_272' title='bbox 1833 1959 2025 2032; x_wconf 87' lang='lat' dir='ltr'><strong>(Num.</strong></span> <span class='ocrx_word' id='word_1_273' title='bbox 2060 1974 2158 2023; x_wconf 74' lang='lat' dir='ltr'><strong>sit,</strong></span> 
     </span>
    </p>
   </div>
   <div class='ocr_carea' id='block_1_33' title="bbox 552 2053 2161 2144">
    <p class='ocr_par' dir='ltr' id='par_1_33' title="bbox 552 2053 2161 2144">
     <span class='ocr_line' id='line_1_33' title="bbox 552 2053 2161 2144; baseline -0.016 -15"><span class='ocrx_word' id='word_1_274' title='bbox 552 2075 607 2141; x_wconf 92' lang='lat'><strong>7,</strong></span> <span class='ocrx_word' id='word_1_275' title='bbox 629 2075 709 2144; x_wconf 71' lang='lat' dir='ltr'><strong>is);</strong></span> <span class='ocrx_word' id='word_1_276' title='bbox 738 2074 906 2127; x_wconf 89' lang='lat' dir='ltr'><strong>Deum</strong></span> <span class='ocrx_word' id='word_1_277' title='bbox 931 2078 1110 2123; x_wconf 91' lang='lat' dir='ltr'><strong>tamen</strong></span> <span class='ocrx_word' id='word_1_278' title='bbox 1138 2082 1269 2135; x_wconf 88' lang='lat' dir='ltr'><strong>pure</strong></span> <span class='ocrx_word' id='word_1_279' title='bbox 1288 2064 1475 2118; x_wconf 84' lang='lat' dir='ltr'><strong>videre</strong></span> <span class='ocrx_word' id='word_1_280' title='bbox 1496 2077 1603 2115; x_wconf 90' lang='lat' dir='ltr'><strong>non</strong></span> <span class='ocrx_word' id='word_1_281' title='bbox 1622 2058 1817 2128; x_wconf 91' lang='lat' dir='ltr'><strong>potuit.</strong></span> <span class='ocrx_word' id='word_1_282' title='bbox 1836 2055 2028 2110; x_wconf 90' lang='lat' dir='ltr'><strong>Merito</strong></span> <span class='ocrx_word' id='word_1_283' title='bbox 2046 2053 2161 2121; x_wconf 88' lang='lat' dir='ltr'><strong>qui-</strong></span> 
     </span>
    </p>
   </div>
   <div class='ocr_carea' id='block_1_34' title="bbox 554 2147 2167 2237">
    <p class='ocr_par' dir='ltr' id='par_1_34' title="bbox 554 2147 2167 2237">
     <span class='ocr_line' id='line_1_34' title="bbox 554 2147 2167 2237; baseline -0.016 -13"><span class='ocrx_word' id='word_1_284' title='bbox 554 2168 681 2224; x_wconf 88' lang='lat' dir='ltr'><strong>dem</strong></span> <span class='ocrx_word' id='word_1_285' title='bbox 720 2165 1014 2237; x_wconf 88' lang='lat' dir='ltr'><strong>prophetia</strong></span> <span class='ocrx_word' id='word_1_286' title='bbox 1042 2163 1188 2217; x_wconf 90' lang='lat' dir='ltr'><strong>omni</strong></span> <span class='ocrx_word' id='word_1_287' title='bbox 1216 2161 1433 2230; x_wconf 91' lang='lat' dir='ltr'><strong>dignus,</strong></span> <span class='ocrx_word' id='word_1_288' title='bbox 1468 2156 1562 2211; x_wconf 88' lang='lat' dir='ltr'><strong>sed</strong></span> <span class='ocrx_word' id='word_1_289' title='bbox 1595 2169 1705 2209; x_wconf 89' lang='lat' dir='ltr'><strong>non</strong></span> <span class='ocrx_word' id='word_1_290' title='bbox 1737 2164 1907 2219; x_wconf 75' lang='lat' dir='ltr'><strong>nsque</strong></span> <span class='ocrx_word' id='word_1_291' title='bbox 1938 2147 2074 2202; x_wconf 89' lang='lat' dir='ltr'><strong>adeo</strong></span> <span class='ocrx_word' id='word_1_292' title='bbox 2106 2153 2167 2200; x_wconf 93' lang='lat' dir='ltr'><strong>ut</strong></span> 
     </span>
    </p>
   </div>
   <div class='ocr_carea' id='block_1_35' title="bbox 546 2242 2160 2321">
    <p class='ocr_par' dir='ltr' id='par_1_35' title="bbox 546 2242 2160 2321">
     <span class='ocr_line' id='line_1_35' title="bbox 546 2242 2160 2321; baseline -0.017 -3"><span class='ocrx_word' id='word_1_293' title='bbox 546 2262 751 2318; x_wconf 88' lang='lat' dir='ltr'><strong>intueri</strong></span> <span class='ocrx_word' id='word_1_294' title='bbox 783 2262 951 2315; x_wconf 90' lang='lat' dir='ltr'><strong>Deum</strong></span> <span class='ocrx_word' id='word_1_295' title='bbox 999 2258 1231 2319; x_wconf 87' lang='lat' dir='ltr'><strong>valeret,</strong></span> <span class='ocrx_word' id='word_1_296' title='bbox 1254 2269 1357 2321; x_wconf 83' lang='lat' dir='ltr'><strong>qua</strong></span> <span class='ocrx_word' id='word_1_297' title='bbox 1384 2252 1549 2305; x_wconf 89' lang='lat' dir='ltr'><strong>homo</strong></span> <span class='ocrx_word' id='word_1_298' title='bbox 1580 2242 1957 2302; x_wconf 87' lang='lat' dir='ltr'><strong>tantummodo</strong></span> <span class='ocrx_word' id='word_1_299' title='bbox 1991 2246 2160 2295; x_wconf 66' lang='lat' dir='ltr'><strong>esset.</strong></span> 
     </span>
    </p>
   </div>
   <div class='ocr_carea' id='block_1_36' title="bbox 628 2333 2164 2425">
    <p class='ocr_par' dir='ltr' id='par_1_36' title="bbox 628 2333 2164 2425">
     <span class='ocr_line' id='line_1_36' title="bbox 628 2333 2164 2425; baseline -0.019 -13"><span class='ocrx_word' id='word_1_300' title='bbox 628 2358 697 2412; x_wconf 86' lang='lat' dir='ltr'><strong>Et</strong></span> <span class='ocrx_word' id='word_1_301' title='bbox 747 2355 935 2425; x_wconf 89' lang='lat' dir='ltr'><strong>utique</strong></span> <span class='ocrx_word' id='word_1_302' title='bbox 981 2352 1099 2406; x_wconf 66' lang='lat' dir='ltr'><strong>haec</strong></span> <span class='ocrx_word' id='word_1_303' title='bbox 1153 2346 1337 2403; x_wconf 89' lang='lat' dir='ltr'><strong>omnia</strong></span> <span class='ocrx_word' id='word_1_304' title='bbox 1386 2344 1511 2399; x_wconf 83' lang='lat' dir='ltr'><strong>Filii</strong></span> <span class='ocrx_word' id='word_1_305' title='bbox 1569 2342 1732 2395; x_wconf 89' lang='lat' dir='ltr'><strong>verba</strong></span> <span class='ocrx_word' id='word_1_306' title='bbox 1792 2333 2164 2395; x_wconf 87' lang='lat' dir='ltr'><strong>defendimus,</strong></span> 
     </span>
    </p>
   </div>
   <div class='ocr_carea' id='block_1_37' title="bbox 557 2424 2169 2523">
    <p class='ocr_par' dir='ltr' id='par_1_37' title="bbox 557 2424 2169 2523">
     <span class='ocr_line' id='line_1_37' title="bbox 557 2424 2169 2523; baseline -0.018 -17"><span class='ocrx_word' id='word_1_307' title='bbox 557 2465 720 2523; x_wconf 91' lang='lat' dir='ltr'><strong>quem</strong></span> <span class='ocrx_word' id='word_1_308' title='bbox 754 2448 810 2503; x_wconf 89' lang='lat' dir='ltr'><strong>in</strong></span> <span class='ocrx_word' id='word_1_309' title='bbox 852 2452 1035 2500; x_wconf 90' lang='lat' dir='ltr'><strong>monte</strong></span> <span class='ocrx_word' id='word_1_310' title='bbox 1078 2442 1209 2498; x_wconf 91' lang='lat' dir='ltr'><strong>Sina</strong></span> <span class='ocrx_word' id='word_1_311' title='bbox 1249 2454 1371 2494; x_wconf 90' lang='lat' dir='ltr'><strong>cum</strong></span> <span class='ocrx_word' id='word_1_312' title='bbox 1401 2438 1588 2506; x_wconf 81' lang='lat' dir='ltr'><strong>Moyse</strong></span> <span class='ocrx_word' id='word_1_313' title='bbox 1638 2434 1877 2488; x_wconf 89' lang='lat' dir='ltr'><strong>locutum</strong></span> <span class='ocrx_word' id='word_1_314' title='bbox 1911 2443 2035 2484; x_wconf 65' lang='lat' dir='ltr'><strong>esse</strong></span> <span class='ocrx_word' id='word_1_315' title='bbox 2064 2424 2169 2480; x_wconf 91' lang='lat' dir='ltr'><strong>sci-</strong></span> 
     </span>
    </p>
   </div>
   <div class='ocr_carea' id='block_1_38' title="bbox 558 2522 2169 2611">
    <p class='ocr_par' dir='ltr' id='par_1_38' title="bbox 558 2522 2169 2611">
     <span class='ocr_line' id='line_1_38' title="bbox 558 2522 2169 2611; baseline -0.016 -12"><span class='ocrx_word' id='word_1_316' title='bbox 558 2522 682 2599; x_wconf 82' lang='lat' dir='ltr'><strong>mus</strong></span> <span class='ocrx_word' id='word_1_317' title='bbox 732 2539 934 2611; x_wconf 74' lang='lat' dir='ltr'><strong>(Exod.</strong></span> <span class='ocrx_word' id='word_1_318' title='bbox 973 2552 1124 2598; x_wconf 72' lang='lat' dir='ltr'><strong>XXXI,</strong></span> <span class='ocrx_word' id='word_1_319' title='bbox 1163 2532 1279 2599; x_wconf 69' lang='lat'><strong>18),</strong></span> <span class='ocrx_word' id='word_1_320' title='bbox 1312 2531 1405 2602; x_wconf 91' lang='lat' dir='ltr'><strong>qui</strong></span> <span class='ocrx_word' id='word_1_321' title='bbox 1445 2527 1672 2600; x_wconf 89' lang='lat' dir='ltr'><strong>agendis</strong></span> <span class='ocrx_word' id='word_1_322' title='bbox 1712 2522 2169 2594; x_wconf 84' lang='lat' dir='ltr'><strong>explicandisque</strong></span> 
     </span>
    </p>
   </div>
   <div class='ocr_carea' id='block_1_39' title="bbox 558 2612 2169 2693">
    <p class='ocr_par' dir='ltr' id='par_1_39' title="bbox 558 2612 2169 2693">
     <span class='ocr_line' id='line_1_39' title="bbox 558 2612 2169 2693; baseline -0.016 -3"><span class='ocrx_word' id='word_1_323' title='bbox 558 2637 728 2692; x_wconf 89' lang='lat' dir='ltr'><strong>rebus</strong></span> <span class='ocrx_word' id='word_1_324' title='bbox 781 2650 808 2687; x_wconf 91' lang='lat' dir='ltr'><strong>a</strong></span> <span class='ocrx_word' id='word_1_325' title='bbox 866 2633 1026 2687; x_wconf 87' lang='lat' dir='ltr'><strong>Patre</strong></span> <span class='ocrx_word' id='word_1_326' title='bbox 1061 2628 1398 2689; x_wconf 85' lang='lat' dir='ltr'><strong>advenerat;</strong></span> <span class='ocrx_word' id='word_1_327' title='bbox 1444 2622 1570 2693; x_wconf 89' lang='lat' dir='ltr'><strong>quia</strong></span> <span class='ocrx_word' id='word_1_328' title='bbox 1619 2620 1799 2674; x_wconf 90' lang='lat' dir='ltr'><strong>omnia</strong></span> <span class='ocrx_word' id='word_1_329' title='bbox 1828 2633 1856 2671; x_wconf 90' lang='lat' dir='ltr'><strong>a</strong></span> <span class='ocrx_word' id='word_1_330' title='bbox 1896 2612 2169 2687; x_wconf 77' lang='lat' dir='ltr'><strong>principio</strong></span> 
     </span>
    </p>
   </div>
   <div class='ocr_carea' id='block_1_40' title="bbox 558 2713 2165 2801">
    <p class='ocr_par' dir='ltr' id='par_1_40' title="bbox 558 2713 2165 2801">
     <span class='ocr_line' id='line_1_40' title="bbox 558 2713 2165 2801; baseline -0.016 -15"><span class='ocrx_word' id='word_1_331' title='bbox 558 2746 657 2801; x_wconf 89' lang='lat' dir='ltr'><strong>per</strong></span> <span class='ocrx_word' id='word_1_332' title='bbox 698 2732 875 2798; x_wconf 91' lang='lat' dir='ltr'><strong>ipsum</strong></span> <span class='ocrx_word' id='word_1_333' title='bbox 904 2735 957 2780; x_wconf 91' lang='lat' dir='ltr'><strong>et</strong></span> <span class='ocrx_word' id='word_1_334' title='bbox 984 2722 1253 2784; x_wconf 90' lang='lat' dir='ltr'><strong>ordinari,</strong></span> <span class='ocrx_word' id='word_1_335' title='bbox 1286 2730 1341 2774; x_wconf 91' lang='lat' dir='ltr'><strong>et</strong></span> <span class='ocrx_word' id='word_1_336' title='bbox 1380 2713 1661 2785; x_wconf 74' lang='lat' dir='ltr'><strong>explicari,</strong></span> <span class='ocrx_word' id='word_1_337' title='bbox 1694 2722 1748 2767; x_wconf 93' lang='lat' dir='ltr'><strong>et</strong></span> <span class='ocrx_word' id='word_1_338' title='bbox 1781 2726 2003 2767; x_wconf 87' lang='lat' dir='ltr'><strong>manere</strong></span> <span class='ocrx_word' id='word_1_339' title='bbox 2028 2724 2165 2763; x_wconf 90' lang='lat' dir='ltr'><strong>con-</strong></span> 
     </span>
    </p>
   </div>
   <div class='ocr_carea' id='block_1_41' title="bbox 558 2800 2166 2885">
    <p class='ocr_par' dir='ltr' id='par_1_41' title="bbox 558 2800 2166 2885">
     <span class='ocr_line' id='line_1_41' title="bbox 558 2800 2166 2885; baseline -0.014 -10"><span class='ocrx_word' id='word_1_340' title='bbox 558 2800 809 2885; x_wconf 77' lang='lat' dir='ltr'><strong>venerat,</strong></span> <span class='ocrx_word' id='word_1_341' title='bbox 832 2868 837 2873; x_wconf 87' lang='lat'><strong>.</strong></span> <span class='ocrx_word' id='word_1_342' title='bbox 860 2827 921 2873; x_wconf 85' lang='grc' dir='ltr'><strong>ιιι</strong></span> <span class='ocrx_word' id='word_1_343' title='bbox 963 2813 1200 2870; x_wconf 83' lang='lat' dir='ltr'><strong>habendi</strong></span> <span class='ocrx_word' id='word_1_344' title='bbox 1243 2810 1366 2865; x_wconf 87' lang='lat' dir='ltr'><strong>Filii</strong></span> <span class='ocrx_word' id='word_1_345' title='bbox 1406 2808 1523 2863; x_wconf 63' lang='lat' dir='ltr'><strong>haec</strong></span> <span class='ocrx_word' id='word_1_346' title='bbox 1555 2806 1829 2876; x_wconf 65' lang='lat' dir='ltr'><strong>praecipua</strong></span> <span class='ocrx_word' id='word_1_347' title='bbox 1861 2800 2000 2856; x_wconf 84' lang='lat' dir='ltr'><strong>ratio</strong></span> <span class='ocrx_word' id='word_1_348' title='bbox 2031 2815 2166 2854; x_wconf 87' lang='lat' dir='ltr'><strong>cou-</strong></span> 
     </span>
    </p>
   </div>
   <div class='ocr_carea' id='block_1_42' title="bbox 561 2899 2169 2974">
    <p class='ocr_par' dir='ltr' id='par_1_42' title="bbox 561 2899 2169 2974">
     <span class='ocr_line' id='line_1_42' title="bbox 561 2899 2169 2974; baseline -0.015 -1"><span class='ocrx_word' id='word_1_349' title='bbox 561 2926 759 2973; x_wconf 89' lang='lat' dir='ltr'><strong>staret.</strong></span> <span class='ocrx_word' id='word_1_350' title='bbox 784 2915 849 2968; x_wconf 84' lang='lat' dir='ltr'><strong>Et</strong></span> <span class='ocrx_word' id='word_1_351' title='bbox 878 2924 1062 2968; x_wconf 91' lang='lat' dir='ltr'><strong>tamen</strong></span> <span class='ocrx_word' id='word_1_352' title='bbox 1089 2912 1170 2965; x_wconf 90' lang='lat' dir='ltr'><strong>sic</strong></span> <span class='ocrx_word' id='word_1_353' title='bbox 1200 2909 1347 2961; x_wconf 88' lang='lat' dir='ltr'><strong>visus</strong></span> <span class='ocrx_word' id='word_1_354' title='bbox 1373 2906 1664 2974; x_wconf 87' lang='lat' dir='ltr'><strong>accipitur,</strong></span> <span class='ocrx_word' id='word_1_355' title='bbox 1686 2911 1745 2955; x_wconf 90' lang='lat' dir='ltr'><strong>ut</strong></span> <span class='ocrx_word' id='word_1_356' title='bbox 1774 2899 2006 2970; x_wconf 84' lang='lat' dir='ltr'><strong>alicujus</strong></span> <span class='ocrx_word' id='word_1_357' title='bbox 2036 2912 2169 2953; x_wconf 92' lang='lat' dir='ltr'><strong>con-</strong></span> 
     </span>
    </p>
   </div>
   <div class='ocr_carea' id='block_1_43' title="bbox 561 2997 2169 3084">
    <p class='ocr_par' dir='ltr' id='par_1_43' title="bbox 561 2997 2169 3084">
     <span class='ocr_line' id='line_1_43' title="bbox 561 2997 2169 3084; baseline -0.015 -15"><span class='ocrx_word' id='word_1_358' title='bbox 561 3010 866 3084; x_wconf 89' lang='lat' dir='ltr'><strong>spicabilis,</strong></span> <span class='ocrx_word' id='word_1_359' title='bbox 898 3018 953 3062; x_wconf 93' lang='lat' dir='ltr'><strong>ut</strong></span> <span class='ocrx_word' id='word_1_360' title='bbox 982 3006 1119 3070; x_wconf 76' lang='lat' dir='ltr'><strong>dixi,</strong></span> <span class='ocrx_word' id='word_1_361' title='bbox 1173 3002 1420 3058; x_wconf 62' lang='lat' dir='ltr'><strong>materiae</strong></span> <span class='ocrx_word' id='word_1_362' title='bbox 1476 2997 1844 3068; x_wconf 86' lang='lat' dir='ltr'><strong>dispositione</strong></span> <span class='ocrx_word' id='word_1_363' title='bbox 1892 3001 2169 3062; x_wconf 89' lang='lat' dir='ltr'><strong>assumpta</strong></span> 
     </span>
    </p>
   </div>
   <div class='ocr_carea' id='block_1_44' title="bbox 559 3091 2171 3169">
    <p class='ocr_par' dir='ltr' id='par_1_44' title="bbox 559 3091 2171 3169">
     <span class='ocr_line' id='line_1_44' title="bbox 559 3091 2171 3169; baseline -0.014 -7"><span class='ocrx_word' id='word_1_364' title='bbox 559 3106 864 3169; x_wconf 79' lang='lat' dir='ltr'><strong>videretur,</strong></span> <span class='ocrx_word' id='word_1_365' title='bbox 897 3102 1049 3156; x_wconf 90' lang='lat' dir='ltr'><strong>salva</strong></span> <span class='ocrx_word' id='word_1_366' title='bbox 1088 3098 1305 3154; x_wconf 88' lang='lat' dir='ltr'><strong>scilicet</strong></span> <span class='ocrx_word' id='word_1_367' title='bbox 1349 3094 1729 3150; x_wconf 88' lang='lat' dir='ltr'><strong>invisibilitate</strong></span> <span class='ocrx_word' id='word_1_368' title='bbox 1763 3091 1906 3161; x_wconf 83' lang='lat' dir='ltr'><strong>ejus,</strong></span> <span class='ocrx_word' id='word_1_369' title='bbox 1938 3103 2101 3159; x_wconf 86' lang='lat' dir='ltr'><strong>quam</strong></span> <span class='ocrx_word' id='word_1_370' title='bbox 2141 3101 2171 3140; x_wconf 90' lang='lat' dir='ltr'><strong>a</strong></span> 
     </span>
    </p>
   </div>
   <div class='ocr_carea' id='block_1_45' title="bbox 560 3180 2170 3269">
    <p class='ocr_par' dir='ltr' id='par_1_45' title="bbox 560 3180 2170 3269">
     <span class='ocr_line' id='line_1_45' title="bbox 560 3180 2170 3269; baseline -0.015 -12"><span class='ocrx_word' id='word_1_371' title='bbox 560 3205 862 3269; x_wconf 85' lang='lat' dir='ltr'><strong>conspectu</strong></span> <span class='ocrx_word' id='word_1_372' title='bbox 893 3196 1139 3250; x_wconf 87' lang='lat' dir='ltr'><strong>omnium</strong></span> <span class='ocrx_word' id='word_1_373' title='bbox 1173 3190 1434 3261; x_wconf 89' lang='lat' dir='ltr'><strong>majestas</strong></span> <span class='ocrx_word' id='word_1_374' title='bbox 1466 3189 1727 3242; x_wconf 81' lang='lat' dir='ltr'><strong>interfusa</strong></span> <span class='ocrx_word' id='word_1_375' title='bbox 1761 3182 2027 3253; x_wconf 88' lang='lat' dir='ltr'><strong>seposuit.</strong></span> <span class='ocrx_word' id='word_1_376' title='bbox 2051 3180 2170 3235; x_wconf 83' lang='lat' dir='ltr'><strong>Non</strong></span> 
     </span>
    </p>
   </div>
   <div class='ocr_carea' id='block_1_46' title="bbox 2264 1954 3866 2025">
    <p class='ocr_par' dir='ltr' id='par_1_46' title="bbox 2264 1954 3866 2025">
     <span class='ocr_line' id='line_1_46' title="bbox 2264 1954 3866 2025; baseline -0.001 -15"><span class='ocrx_word' id='word_1_377' title='bbox 2264 1958 2493 2012; x_wconf 86' lang='lat' dir='ltr'><strong>nascitur</strong></span> <span class='ocrx_word' id='word_1_378' title='bbox 2532 1958 2595 2010; x_wconf 91' lang='lat' dir='ltr'><strong>de</strong></span> <span class='ocrx_word' id='word_1_379' title='bbox 2645 1972 2817 2018; x_wconf 86' lang='lat' dir='ltr'><strong>carne,</strong></span> <span class='ocrx_word' id='word_1_380' title='bbox 2849 1972 2971 2008; x_wconf 87' lang='lat' dir='ltr'><strong>caro</strong></span> <span class='ocrx_word' id='word_1_381' title='bbox 3014 1964 3122 2019; x_wconf 88' lang='lat' dir='ltr'><strong>est;</strong></span> <span class='ocrx_word' id='word_1_382' title='bbox 3147 1964 3194 2008; x_wconf 87' lang='lat' dir='ltr'><strong>et</strong></span> <span class='ocrx_word' id='word_1_383' title='bbox 3225 1954 3362 2025; x_wconf 89' lang='lat' dir='ltr'><strong>quod</strong></span> <span class='ocrx_word' id='word_1_384' title='bbox 3402 1955 3635 2008; x_wconf 81' lang='lat' dir='ltr'><strong>nascitur</strong></span> <span class='ocrx_word' id='word_1_385' title='bbox 3666 1955 3729 2008; x_wconf 90' lang='lat' dir='ltr'><strong>de</strong></span> <span class='ocrx_word' id='word_1_386' title='bbox 3754 1954 3866 2025; x_wconf 84' lang='lat' dir='ltr'><strong>spi-</strong></span> 
     </span>
    </p>
   </div>
   <div class='ocr_carea' id='block_1_47' title="bbox 2264 2048 3862 2121">
    <p class='ocr_par' dir='ltr' id='par_1_47' title="bbox 2264 2048 3862 2121">
     <span class='ocr_line' id='line_1_47' title="bbox 2264 2048 3862 2121; baseline 0 -18"><span class='ocrx_word' id='word_1_387' title='bbox 2264 2052 2369 2105; x_wconf 95' lang='lat' dir='ltr'><strong>ritu</strong></span> <span class='ocrx_word' id='word_1_388' title='bbox 2390 2091 2405 2116; x_wconf 93' lang='lat'><strong>,</strong></span> <span class='ocrx_word' id='word_1_389' title='bbox 2437 2051 2656 2120; x_wconf 83' lang='lat' dir='ltr'><strong>spiritus</strong></span> <span class='ocrx_word' id='word_1_390' title='bbox 2707 2058 2781 2103; x_wconf 87' lang='lat' dir='ltr'><strong>est</strong></span> <span class='ocrx_word' id='word_1_391' title='bbox 2813 2048 2993 2121; x_wconf 86' lang='lat' dir='ltr'><strong>(Joan.</strong></span> <span class='ocrx_word' id='word_1_392' title='bbox 3024 2064 3079 2103; x_wconf 88' lang='lat' dir='ltr'><strong>lll</strong></span> <span class='ocrx_word' id='word_1_393' title='bbox 3104 2090 3117 2113; x_wconf 93' lang='lat'><strong>,</strong></span> <span class='ocrx_word' id='word_1_394' title='bbox 3149 2048 3204 2119; x_wconf 87' lang='lat'><strong>6)</strong></span> <span class='ocrx_word' id='word_1_395' title='bbox 3231 2065 3246 2102; x_wconf 90' lang='lat'><strong>:</strong></span> <span class='ocrx_word' id='word_1_396' title='bbox 3274 2048 3400 2117; x_wconf 86' lang='lat' dir='ltr'><strong>quia</strong></span> <span class='ocrx_word' id='word_1_397' title='bbox 3445 2048 3588 2104; x_wconf 90' lang='lat' dir='ltr'><strong>Dens</strong></span> <span class='ocrx_word' id='word_1_398' title='bbox 3634 2048 3862 2117; x_wconf 87' lang='lat' dir='ltr'><strong>spiritus</strong></span> 
     </span>
    </p>
   </div>
   <div class='ocr_carea' id='block_1_48' title="bbox 2266 2141 3871 2211">
    <p class='ocr_par' dir='ltr' id='par_1_48' title="bbox 2266 2141 3871 2211">
     <span class='ocr_line' id='line_1_48' title="bbox 2266 2141 3871 2211; baseline -0.002 -11"><span class='ocrx_word' id='word_1_399' title='bbox 2266 2155 2370 2210; x_wconf 90' lang='lat' dir='ltr'><strong>est,</strong></span> <span class='ocrx_word' id='word_1_400' title='bbox 2402 2154 2458 2200; x_wconf 91' lang='lat' dir='ltr'><strong>et</strong></span> <span class='ocrx_word' id='word_1_401' title='bbox 2500 2145 2570 2199; x_wconf 93' lang='lat' dir='ltr'><strong>de</strong></span> <span class='ocrx_word' id='word_1_402' title='bbox 2624 2144 2736 2199; x_wconf 91' lang='lat' dir='ltr'><strong>Deo</strong></span> <span class='ocrx_word' id='word_1_403' title='bbox 2766 2154 2925 2198; x_wconf 91' lang='lat' dir='ltr'><strong>natus</strong></span> <span class='ocrx_word' id='word_1_404' title='bbox 2974 2153 3081 2199; x_wconf 90' lang='lat' dir='ltr'><strong>est.</strong></span> <span class='ocrx_word' id='word_1_405' title='bbox 3116 2142 3269 2199; x_wconf 91' lang='lat' dir='ltr'><strong>Sicut</strong></span> <span class='ocrx_word' id='word_1_406' title='bbox 3292 2152 3344 2197; x_wconf 92' lang='lat' dir='ltr'><strong>et</strong></span> <span class='ocrx_word' id='word_1_407' title='bbox 3384 2142 3625 2211; x_wconf 82' lang='lat' dir='ltr'><strong>Angelus</strong></span> <span class='ocrx_word' id='word_1_408' title='bbox 3656 2141 3721 2197; x_wconf 89' lang='lat' dir='ltr'><strong>ad</strong></span> <span class='ocrx_word' id='word_1_409' title='bbox 3754 2142 3871 2197; x_wconf 87' lang='lat' dir='ltr'><strong>Ma-</strong></span> 
     </span>
    </p>
   </div>
   <div class='ocr_carea' id='block_1_49' title="bbox 2268 2233 3871 2306">
    <p class='ocr_par' dir='ltr' id='par_1_49' title="bbox 2268 2233 3871 2306">
     <span class='ocr_line' id='line_1_49' title="bbox 2268 2233 3871 2306; baseline -0.002 -15"><span class='ocrx_word' id='word_1_410' title='bbox 2268 2239 2404 2292; x_wconf 88' lang='lat' dir='ltr'><strong>riam</strong></span> <span class='ocrx_word' id='word_1_411' title='bbox 2456 2236 2731 2306; x_wconf 81' lang='lat' dir='ltr'><strong>Virginem</strong></span> <span class='ocrx_word' id='word_1_412' title='bbox 2788 2235 2971 2290; x_wconf 84' lang='lat' dir='ltr'><strong>dixit:</strong></span> <span class='ocrx_word' id='word_1_413' title='bbox 3005 2235 3238 2302; x_wconf 77' lang='lat' dir='ltr'><strong>Spiritus</strong></span> <span class='ocrx_word' id='word_1_414' title='bbox 3278 2233 3377 2288; x_wconf 90' lang='lat' dir='ltr'><strong>Dei</strong></span> <span class='ocrx_word' id='word_1_415' title='bbox 3416 2236 3581 2289; x_wconf 80' lang='lat' dir='ltr'><strong>veniet</strong></span> <span class='ocrx_word' id='word_1_416' title='bbox 3628 2236 3682 2288; x_wconf 90' lang='lat' dir='ltr'><strong>in</strong></span> <span class='ocrx_word' id='word_1_417' title='bbox 3728 2246 3796 2301; x_wconf 88' lang='lat' dir='ltr'><strong>te,</strong></span> <span class='ocrx_word' id='word_1_418' title='bbox 3822 2244 3871 2290; x_wconf 90' lang='lat' dir='ltr'><strong>et</strong></span> 
     </span>
    </p>
   </div>
   <div class='ocr_carea' id='block_1_50' title="bbox 2267 2327 3874 2397">
    <p class='ocr_par' dir='ltr' id='par_1_50' title="bbox 2267 2327 3874 2397">
     <span class='ocr_line' id='line_1_50' title="bbox 2267 2327 3874 2397; baseline -0.002 -12"><span class='ocrx_word' id='word_1_419' title='bbox 2267 2332 2431 2385; x_wconf 86' lang='lat' dir='ltr'><strong>virtus</strong></span> <span class='ocrx_word' id='word_1_420' title='bbox 2458 2329 2713 2383; x_wconf 82' lang='lat' dir='ltr'><strong>Attissimi</strong></span> <span class='ocrx_word' id='word_1_421' title='bbox 2739 2327 3062 2383; x_wconf 82' lang='lat' dir='ltr'><strong>obnmbrabit</strong></span> <span class='ocrx_word' id='word_1_422' title='bbox 3089 2337 3138 2384; x_wconf 88' lang='lat' dir='ltr'><strong>te</strong></span> <span class='ocrx_word' id='word_1_423' title='bbox 3172 2346 3189 2381; x_wconf 91' lang='lat'><em>:</em></span> <span class='ocrx_word' id='word_1_424' title='bbox 3220 2336 3493 2397; x_wconf 80' lang='lat' dir='ltr'><strong>propterea</strong></span> <span class='ocrx_word' id='word_1_425' title='bbox 3515 2328 3654 2396; x_wconf 87' lang='lat' dir='ltr'><strong>quod</strong></span> <span class='ocrx_word' id='word_1_426' title='bbox 3690 2344 3874 2383; x_wconf 86' lang='lat' dir='ltr'><strong>nasce-</strong></span> 
     </span>
    </p>
   </div>
   <div class='ocr_carea' id='block_1_51' title="bbox 2269 2418 3799 2491">
    <p class='ocr_par' dir='ltr' id='par_1_51' title="bbox 2269 2418 3799 2491">
     <span class='ocr_line' id='line_1_51' title="bbox 2269 2418 3799 2491; baseline -0.004 -11"><span class='ocrx_word' id='word_1_427' title='bbox 2269 2436 2354 2480; x_wconf 88' lang='lat' dir='ltr'><strong>tur</strong></span> <span class='ocrx_word' id='word_1_428' title='bbox 2380 2441 2444 2479; x_wconf 78' lang='lat' dir='ltr'><strong>ea:</strong></span> <span class='ocrx_word' id='word_1_429' title='bbox 2467 2436 2513 2478; x_wconf 88' lang='lat' dir='ltr'><strong>te</strong></span> <span class='ocrx_word' id='word_1_430' title='bbox 2539 2433 2795 2488; x_wconf 84' lang='lat' dir='ltr'><strong>sanctum,</strong></span> <span class='ocrx_word' id='word_1_431' title='bbox 2818 2422 3082 2477; x_wconf 85' lang='lat' dir='ltr'><strong>vocabitur</strong></span> <span class='ocrx_word' id='word_1_432' title='bbox 3106 2418 3276 2473; x_wconf 84' lang='lat' dir='ltr'><strong>Filius</strong></span> <span class='ocrx_word' id='word_1_433' title='bbox 3302 2420 3396 2474; x_wconf 85' lang='lat' dir='ltr'><strong>Dei</strong></span> <span class='ocrx_word' id='word_1_434' title='bbox 3422 2418 3575 2489; x_wconf 86' lang='lat' dir='ltr'><strong>(Luc.</strong></span> <span class='ocrx_word' id='word_1_435' title='bbox 3607 2435 3647 2485; x_wconf 82' lang='grc' dir='ltr'><strong>ι,</strong></span> <span class='ocrx_word' id='word_1_436' title='bbox 3680 2419 3799 2491; x_wconf 75' lang='lat'><strong>35).</strong></span> 
     </span>
    </p>
   </div>
   <div class='ocr_carea' id='block_1_52' title="bbox 2345 2512 3878 2586">
    <p class='ocr_par' dir='ltr' id='par_1_52' title="bbox 2345 2512 3878 2586">
     <span class='ocr_line' id='line_1_52' title="bbox 2345 2512 3878 2586; baseline -0.002 -13"><span class='ocrx_word' id='word_1_437' title='bbox 2345 2518 2510 2573; x_wconf 84' lang='lat' dir='ltr'><strong>Vides</strong></span> <span class='ocrx_word' id='word_1_438' title='bbox 2541 2533 2672 2586; x_wconf 76' lang='lat' dir='ltr'><strong>ergo</strong></span> <span class='ocrx_word' id='word_1_439' title='bbox 2704 2517 2877 2585; x_wconf 92' lang='lat' dir='ltr'><strong>ipsum</strong></span> <span class='ocrx_word' id='word_1_440' title='bbox 2904 2514 3175 2585; x_wconf 78' lang='lat' dir='ltr'><strong>Spiritum,</strong></span> <span class='ocrx_word' id='word_1_441' title='bbox 3213 2512 3263 2567; x_wconf 91' lang='lat' dir='ltr'><strong>id</strong></span> <span class='ocrx_word' id='word_1_442' title='bbox 3299 2524 3383 2567; x_wconf 89' lang='lat' dir='ltr'><strong>est</strong></span> <span class='ocrx_word' id='word_1_443' title='bbox 3409 2512 3607 2567; x_wconf 88' lang='lat' dir='ltr'><strong>Filium</strong></span> <span class='ocrx_word' id='word_1_444' title='bbox 3638 2513 3734 2568; x_wconf 90' lang='lat' dir='ltr'><strong>Dei</strong></span> <span class='ocrx_word' id='word_1_445' title='bbox 3779 2530 3878 2571; x_wconf 74' lang='lat' dir='ltr'><strong>ve-</strong></span> 
     </span>
    </p>
   </div>
   <div class='ocr_carea' id='block_1_53' title="bbox 2271 2604 3877 2681">
    <p class='ocr_par' dir='ltr' id='par_1_53' title="bbox 2271 2604 3877 2681">
     <span class='ocr_line' id='line_1_53' title="bbox 2271 2604 3877 2681; baseline -0.002 -14"><span class='ocrx_word' id='word_1_446' title='bbox 2271 2613 2420 2667; x_wconf 89' lang='lat' dir='ltr'><strong>nisse</strong></span> <span class='ocrx_word' id='word_1_447' title='bbox 2465 2612 2534 2665; x_wconf 92' lang='lat' dir='ltr'><strong>ad</strong></span> <span class='ocrx_word' id='word_1_448' title='bbox 2588 2609 2888 2681; x_wconf 84' lang='lat' dir='ltr'><strong>virginem;</strong></span> <span class='ocrx_word' id='word_1_449' title='bbox 2914 2616 2971 2663; x_wconf 92' lang='lat' dir='ltr'><strong>et</strong></span> <span class='ocrx_word' id='word_1_450' title='bbox 3010 2606 3135 2661; x_wconf 90' lang='lat' dir='ltr'><strong>inde</strong></span> <span class='ocrx_word' id='word_1_451' title='bbox 3163 2605 3257 2659; x_wconf 89' lang='lat' dir='ltr'><strong>Dei</strong></span> <span class='ocrx_word' id='word_1_452' title='bbox 3304 2613 3360 2661; x_wconf 92' lang='lat' dir='ltr'><strong>et</strong></span> <span class='ocrx_word' id='word_1_453' title='bbox 3402 2604 3638 2661; x_wconf 90' lang='lat' dir='ltr'><strong>hominis</strong></span> <span class='ocrx_word' id='word_1_454' title='bbox 3674 2607 3877 2664; x_wconf 81' lang='lat' dir='ltr'><strong>Filium</strong></span> 
     </span>
    </p>
   </div>
   <div class='ocr_carea' id='block_1_54' title="bbox 2271 2699 3879 2777">
    <p class='ocr_par' dir='ltr' id='par_1_54' title="bbox 2271 2699 3879 2777">
     <span class='ocr_line' id='line_1_54' title="bbox 2271 2699 3879 2777; baseline -0.002 -16"><span class='ocrx_word' id='word_1_455' title='bbox 2271 2705 2611 2777; x_wconf 89' lang='lat' dir='ltr'><strong>processisse</strong></span> <span class='ocrx_word' id='word_1_456' title='bbox 2643 2720 2777 2759; x_wconf 90' lang='lat' dir='ltr'><strong>:nec</strong></span> <span class='ocrx_word' id='word_1_457' title='bbox 2822 2713 3002 2757; x_wconf 79' lang='lat' dir='ltr'><strong>tamen</strong></span> <span class='ocrx_word' id='word_1_458' title='bbox 3045 2702 3163 2771; x_wconf 92' lang='lat' dir='ltr'><strong>ipso</strong></span> <span class='ocrx_word' id='word_1_459' title='bbox 3196 2699 3518 2755; x_wconf 91' lang='lat' dir='ltr'><strong>indumento</strong></span> <span class='ocrx_word' id='word_1_460' title='bbox 3567 2702 3752 2757; x_wconf 89' lang='lat' dir='ltr'><strong>carnis</strong></span> <span class='ocrx_word' id='word_1_461' title='bbox 3780 2702 3879 2758; x_wconf 89' lang='lat' dir='ltr'><strong>Dei</strong></span> 
     </span>
    </p>
   </div>
   <div class='ocr_carea' id='block_1_55' title="bbox 2272 2794 3865 2866">
    <p class='ocr_par' dir='ltr' id='par_1_55' title="bbox 2272 2794 3865 2866">
     <span class='ocr_line' id='line_1_55' title="bbox 2272 2794 3865 2866; baseline 0 -12"><span class='ocrx_word' id='word_1_462' title='bbox 2272 2799 2471 2854; x_wconf 87' lang='lat' dir='ltr'><strong>Filium</strong></span> <span class='ocrx_word' id='word_1_463' title='bbox 2529 2812 2652 2853; x_wconf 87' lang='lat' dir='ltr'><strong>esse</strong></span> <span class='ocrx_word' id='word_1_464' title='bbox 2690 2805 2993 2862; x_wconf 81' lang='lat' dir='ltr'><strong>mutatum;</strong></span> <span class='ocrx_word' id='word_1_465' title='bbox 3025 2794 3121 2849; x_wconf 90' lang='lat' dir='ltr'><strong>sed</strong></span> <span class='ocrx_word' id='word_1_466' title='bbox 3164 2794 3415 2850; x_wconf 90' lang='lat' dir='ltr'><strong>eumdem</strong></span> <span class='ocrx_word' id='word_1_467' title='bbox 3448 2796 3623 2866; x_wconf 90' lang='lat' dir='ltr'><strong>ipsum</strong></span> <span class='ocrx_word' id='word_1_468' title='bbox 3655 2812 3780 2854; x_wconf 91' lang='lat' dir='ltr'><strong>esse</strong></span> <span class='ocrx_word' id='word_1_469' title='bbox 3809 2799 3865 2855; x_wconf 91' lang='lat' dir='ltr'><strong>in</strong></span> 
     </span>
    </p>
   </div>
   <div class='ocr_carea' id='block_1_56' title="bbox 2272 2885 3871 2961">
    <p class='ocr_par' dir='ltr' id='par_1_56' title="bbox 2272 2885 3871 2961">
     <span class='ocr_line' id='line_1_56' title="bbox 2272 2885 3871 2961; baseline -0.001 -14"><span class='ocrx_word' id='word_1_470' title='bbox 2272 2892 2516 2955; x_wconf 89' lang='lat' dir='ltr'><strong>homine,</strong></span> <span class='ocrx_word' id='word_1_471' title='bbox 2548 2890 2642 2961; x_wconf 91' lang='lat' dir='ltr'><strong>qui</strong></span> <span class='ocrx_word' id='word_1_472' title='bbox 2682 2888 2857 2943; x_wconf 80' lang='lat' dir='ltr'><strong>fuerat</strong></span> <span class='ocrx_word' id='word_1_473' title='bbox 2910 2898 3037 2942; x_wconf 85' lang='lat' dir='ltr'><strong>ante</strong></span> <span class='ocrx_word' id='word_1_474' title='bbox 3078 2885 3338 2942; x_wconf 90' lang='lat' dir='ltr'><strong>mundum</strong></span> <span class='ocrx_word' id='word_1_475' title='bbox 3385 2902 3510 2943; x_wconf 91' lang='lat' dir='ltr'><strong>cum</strong></span> <span class='ocrx_word' id='word_1_476' title='bbox 3545 2888 3735 2955; x_wconf 88' lang='lat' dir='ltr'><strong>Patre;</strong></span> <span class='ocrx_word' id='word_1_477' title='bbox 3771 2905 3871 2960; x_wconf 87' lang='lat' dir='ltr'><strong>per</strong></span> 
     </span>
    </p>
   </div>
   <div class='ocr_carea' id='block_1_57' title="bbox 2272 2976 3873 3053">
    <p class='ocr_par' dir='ltr' id='par_1_57' title="bbox 2272 2976 3873 3053">
     <span class='ocr_line' id='line_1_57' title="bbox 2272 2976 3873 3053; baseline -0.001 -15"><span class='ocrx_word' id='word_1_478' title='bbox 2272 2998 2432 3053; x_wconf 90' lang='lat' dir='ltr'><strong>quem</strong></span> <span class='ocrx_word' id='word_1_479' title='bbox 2462 2980 2599 3035; x_wconf 88' lang='lat' dir='ltr'><strong>facta</strong></span> <span class='ocrx_word' id='word_1_480' title='bbox 2628 2986 2757 3033; x_wconf 92' lang='lat' dir='ltr'><strong>sunt</strong></span> <span class='ocrx_word' id='word_1_481' title='bbox 2786 2978 3059 3044; x_wconf 89' lang='lat' dir='ltr'><strong>omnia,et</strong></span> <span class='ocrx_word' id='word_1_482' title='bbox 3080 2978 3202 3033; x_wconf 89' lang='lat' dir='ltr'><strong>sine</strong></span> <span class='ocrx_word' id='word_1_483' title='bbox 3230 2994 3338 3048; x_wconf 94' lang='lat' dir='ltr'><strong>quo</strong></span> <span class='ocrx_word' id='word_1_484' title='bbox 3369 2976 3569 3033; x_wconf 87' lang='lat' dir='ltr'><strong>factum</strong></span> <span class='ocrx_word' id='word_1_485' title='bbox 3598 2986 3686 3034; x_wconf 89' lang='lat' dir='ltr'><strong>est</strong></span> <span class='ocrx_word' id='word_1_486' title='bbox 3713 2980 3873 3048; x_wconf 86' lang='lat' dir='ltr'><strong>nihil,</strong></span> 
     </span>
    </p>
   </div>
   <div class='ocr_carea' id='block_1_58' title="bbox 2272 3071 3875 3145">
    <p class='ocr_par' dir='ltr' id='par_1_58' title="bbox 2272 3071 3875 3145">
     <span class='ocr_line' id='line_1_58' title="bbox 2272 3071 3875 3145; baseline 0 -14"><span class='ocrx_word' id='word_1_487' title='bbox 2272 3075 2414 3131; x_wconf 91' lang='lat' dir='ltr'><strong>sicut</strong></span> <span class='ocrx_word' id='word_1_488' title='bbox 2446 3072 2788 3143; x_wconf 87' lang='lat' dir='ltr'><strong>Evangelista</strong></span> <span class='ocrx_word' id='word_1_489' title='bbox 2824 3071 2938 3125; x_wconf 89' lang='lat' dir='ltr'><strong>ait:</strong></span> <span class='ocrx_word' id='word_1_490' title='bbox 2973 3071 3203 3125; x_wconf 77' lang='lat' dir='ltr'><strong>Mundus</strong></span> <span class='ocrx_word' id='word_1_491' title='bbox 3242 3089 3334 3144; x_wconf 88' lang='lat' dir='ltr'><strong>per</strong></span> <span class='ocrx_word' id='word_1_492' title='bbox 3364 3072 3534 3144; x_wconf 85' lang='lat' dir='ltr'><strong>ipsum</strong></span> <span class='ocrx_word' id='word_1_493' title='bbox 3564 3074 3735 3145; x_wconf 81' lang='lat' dir='ltr'><strong>[actus</strong></span> <span class='ocrx_word' id='word_1_494' title='bbox 3776 3083 3875 3144; x_wconf 83' lang='lat' dir='ltr'><strong>est,</strong></span> 
     </span>
    </p>
   </div>
   <div class='ocr_carea' id='block_1_59' title="bbox 2275 3165 3522 3241">
    <p class='ocr_par' dir='ltr' id='par_1_59' title="bbox 2275 3165 3522 3241">
     <span class='ocr_line' id='line_1_59' title="bbox 2275 3165 3522 3241; baseline -0.004 -15"><span class='ocrx_word' id='word_1_495' title='bbox 2275 3184 2322 3227; x_wconf 89' lang='lat' dir='ltr'><strong>et</strong></span> <span class='ocrx_word' id='word_1_496' title='bbox 2346 3170 2569 3225; x_wconf 88' lang='lat' dir='ltr'><strong>mundus</strong></span> <span class='ocrx_word' id='word_1_497' title='bbox 2596 3184 2714 3222; x_wconf 88' lang='lat' dir='ltr'><strong>eum</strong></span> <span class='ocrx_word' id='word_1_498' title='bbox 2740 3184 2841 3221; x_wconf 88' lang='lat' dir='ltr'><strong>non</strong></span> <span class='ocrx_word' id='word_1_499' title='bbox 2866 3167 3101 3239; x_wconf 86' lang='lat' dir='ltr'><strong>cognovit</strong></span> <span class='ocrx_word' id='word_1_500' title='bbox 3124 3165 3305 3239; x_wconf 82' lang='lat' dir='ltr'><strong>(Joan.</strong></span> <span class='ocrx_word' id='word_1_501' title='bbox 3331 3183 3372 3233; x_wconf 84' lang='grc' dir='ltr'><strong>ι,</strong></span> <span class='ocrx_word' id='word_1_502' title='bbox 3408 3167 3522 3241; x_wconf 77' lang='grc'><strong>10).</strong></span> 
     </span>
    </p>
   </div>
   <div class='ocr_carea' id='block_1_60' title="bbox 561 3260 3864 3353">
    <p class='ocr_par' dir='ltr' id='par_1_60' title="bbox 561 3260 3864 3353">
     <span class='ocr_line' id='line_1_60' title="bbox 561 3260 3864 3353; baseline -0.008 -5"><span class='ocrx_word' id='word_1_503' title='bbox 561 3293 707 3350; x_wconf 87' lang='lat' dir='ltr'><strong>enim</strong></span> <span class='ocrx_word' id='word_1_504' title='bbox 748 3292 828 3346; x_wconf 88' lang='lat' dir='ltr'><strong>sic</strong></span> <span class='ocrx_word' id='word_1_505' title='bbox 881 3288 1134 3344; x_wconf 88' lang='lat' dir='ltr'><strong>humanis</strong></span> <span class='ocrx_word' id='word_1_506' title='bbox 1178 3282 1493 3353; x_wconf 88' lang='lat' dir='ltr'><strong>aspectibus</strong></span> <span class='ocrx_word' id='word_1_507' title='bbox 1521 3282 1792 3335; x_wconf 84' lang='lat' dir='ltr'><strong>revelatus</strong></span> <span class='ocrx_word' id='word_1_508' title='bbox 1834 3286 1936 3345; x_wconf 83' lang='lat' dir='ltr'><strong>est,</strong></span> <span class='ocrx_word' id='word_1_509' title='bbox 1968 3284 2027 3330; x_wconf 87' lang='lat' dir='ltr'><strong>ut</strong></span> <span class='ocrx_word' id='word_1_510' title='bbox 2052 3261 2236 3330; x_wconf 84' lang='lat' dir='ltr'><strong>totaC</strong></span> <span class='ocrx_word' id='word_1_511' title='bbox 2337 3264 2606 3319; x_wconf 63' lang='lat' dir='ltr'><strong>Caeterum</strong></span> <span class='ocrx_word' id='word_1_512' title='bbox 2653 3263 2887 3316; x_wconf 91' lang='lat' dir='ltr'><strong>amentis</strong></span> <span class='ocrx_word' id='word_1_513' title='bbox 2942 3270 3026 3316; x_wconf 88' lang='lat' dir='ltr'><strong>est</strong></span> <span class='ocrx_word' id='word_1_514' title='bbox 3055 3260 3284 3317; x_wconf 88' lang='lat' dir='ltr'><strong>credere</strong></span> <span class='ocrx_word' id='word_1_515' title='bbox 3322 3264 3390 3317; x_wconf 91' lang='lat' dir='ltr'><strong>ab</strong></span> <span class='ocrx_word' id='word_1_516' title='bbox 3432 3278 3501 3317; x_wconf 89' lang='lat' dir='ltr'><strong>eo</strong></span> <span class='ocrx_word' id='word_1_517' title='bbox 3535 3276 3698 3333; x_wconf 86' lang='lat' dir='ltr'><strong>posse</strong></span> <span class='ocrx_word' id='word_1_518' title='bbox 3727 3263 3864 3320; x_wconf 86' lang='lat' dir='ltr'><strong>libe-</strong></span> 
     </span>
    </p>
   </div>
   <div class='ocr_carea' id='block_1_61' title="bbox 562 3369 2163 3448">
    <p class='ocr_par' dir='ltr' id='par_1_61' title="bbox 562 3369 2163 3448">
     <span class='ocr_line' id='line_1_61' title="bbox 562 3369 2163 3448; baseline -0.012 -8"><span class='ocrx_word' id='word_1_519' title='bbox 562 3385 618 3441; x_wconf 88' lang='lat' dir='ltr'><strong>in</strong></span> <span class='ocrx_word' id='word_1_520' title='bbox 651 3383 746 3440; x_wconf 87' lang='lat' dir='ltr'><strong>illo</strong></span> <span class='ocrx_word' id='word_1_521' title='bbox 781 3382 958 3438; x_wconf 83' lang='lat' dir='ltr'><strong>deitas</strong></span> <span class='ocrx_word' id='word_1_522' title='bbox 988 3385 1283 3448; x_wconf 89' lang='lat' dir='ltr'><strong>appareret</strong></span> <span class='ocrx_word' id='word_1_523' title='bbox 1310 3392 1323 3427; x_wconf 89' lang='lat'><strong>:</strong></span> <span class='ocrx_word' id='word_1_524' title='bbox 1349 3374 1445 3429; x_wconf 90' lang='lat' dir='ltr'><strong>sed</strong></span> <span class='ocrx_word' id='word_1_525' title='bbox 1476 3372 1544 3427; x_wconf 89' lang='lat' dir='ltr'><strong>ad</strong></span> <span class='ocrx_word' id='word_1_526' title='bbox 1584 3374 1757 3427; x_wconf 87' lang='lat' dir='ltr'><strong>vicem</strong></span> <span class='ocrx_word' id='word_1_527' title='bbox 1799 3369 2008 3440; x_wconf 76' lang='lat' dir='ltr'><strong>Speculi</strong></span> <span class='ocrx_word' id='word_1_528' title='bbox 2040 3382 2163 3422; x_wconf 92' lang='lat' dir='ltr'><strong>cum</strong></span> 
     </span>
    </p>
   </div>
   <div class='ocr_carea' id='block_1_62' title="bbox 562 3460 2164 3545">
    <p class='ocr_par' dir='ltr' id='par_1_62' title="bbox 562 3460 2164 3545">
     <span class='ocr_line' id='line_1_62' title="bbox 562 3460 2164 3545; baseline -0.014 -12"><span class='ocrx_word' id='word_1_529' title='bbox 562 3485 864 3545; x_wconf 87' lang='lat' dir='ltr'><strong>conceptos</strong></span> <span class='ocrx_word' id='word_1_530' title='bbox 892 3473 1034 3526; x_wconf 89' lang='lat' dir='ltr'><strong>intra</strong></span> <span class='ocrx_word' id='word_1_531' title='bbox 1059 3471 1238 3524; x_wconf 88' lang='lat' dir='ltr'><strong>lucem</strong></span> <span class='ocrx_word' id='word_1_532' title='bbox 1268 3482 1420 3523; x_wconf 90' lang='lat' dir='ltr'><strong>suam</strong></span> <span class='ocrx_word' id='word_1_533' title='bbox 1458 3466 1643 3520; x_wconf 87' lang='lat' dir='ltr'><strong>vultus</strong></span> <span class='ocrx_word' id='word_1_534' title='bbox 1671 3464 1824 3535; x_wconf 91' lang='lat' dir='ltr'><strong>quasi</strong></span> <span class='ocrx_word' id='word_1_535' title='bbox 1854 3460 1921 3515; x_wconf 83' lang='lat' dir='ltr'><strong>ad</strong></span> <span class='ocrx_word' id='word_1_536' title='bbox 1952 3460 2164 3530; x_wconf 92' lang='lat' dir='ltr'><strong>plenam</strong></span> 
     </span>
    </p>
   </div>
   <div class='ocr_carea' id='block_1_63' title="bbox 565 3554 2168 3639">
    <p class='ocr_par' dir='ltr' id='par_1_63' title="bbox 565 3554 2168 3639">
     <span class='ocr_line' id='line_1_63' title="bbox 565 3554 2168 3639; baseline -0.012 -14"><span class='ocrx_word' id='word_1_537' title='bbox 565 3568 803 3639; x_wconf 78' lang='lat' dir='ltr'><strong>effigiem</strong></span> <span class='ocrx_word' id='word_1_538' title='bbox 838 3565 1075 3619; x_wconf 88' lang='lat' dir='ltr'><strong>hominis</strong></span> <span class='ocrx_word' id='word_1_539' title='bbox 1102 3562 1361 3624; x_wconf 82' lang='lat' dir='ltr'><strong>includit;</strong></span> <span class='ocrx_word' id='word_1_540' title='bbox 1397 3569 1422 3597; x_wconf 65' lang='grc' dir='ltr'><strong>τι</strong></span> <span class='ocrx_word' id='word_1_541' title='bbox 1454 3561 1524 3614; x_wconf 91' lang='lat' dir='ltr'><strong>ita</strong></span> <span class='ocrx_word' id='word_1_542' title='bbox 1554 3558 1857 3629; x_wconf 89' lang='lat' dir='ltr'><strong>majestatis</strong></span> <span class='ocrx_word' id='word_1_543' title='bbox 1884 3554 2001 3625; x_wconf 89' lang='lat' dir='ltr'><strong>ejus</strong></span> <span class='ocrx_word' id='word_1_544' title='bbox 2032 3567 2168 3621; x_wconf 60' lang='lat' dir='ltr'><strong>preco</strong></span> 
     </span>
    </p>
   </div>
   <div class='ocr_carea' id='block_1_64' title="bbox 565 3645 2166 3728">
    <p class='ocr_par' dir='ltr' id='par_1_64' title="bbox 565 3645 2166 3728">
     <span class='ocr_line' id='line_1_64' title="bbox 565 3645 2166 3728; baseline -0.013 -10"><span class='ocrx_word' id='word_1_545' title='bbox 565 3669 734 3719; x_wconf 86' lang='lat' dir='ltr'><strong>eunte</strong></span> <span class='ocrx_word' id='word_1_546' title='bbox 774 3659 1006 3728; x_wconf 81' lang='lat' dir='ltr'><strong>fulgore,</strong></span> <span class='ocrx_word' id='word_1_547' title='bbox 1043 3658 1185 3710; x_wconf 85' lang='lat' dir='ltr'><strong>intra</strong></span> <span class='ocrx_word' id='word_1_548' title='bbox 1222 3654 1277 3709; x_wconf 87' lang='lat' dir='ltr'><strong>id</strong></span> <span class='ocrx_word' id='word_1_549' title='bbox 1327 3654 1504 3708; x_wconf 84' lang='lat' dir='ltr'><strong>visum</strong></span> <span class='ocrx_word' id='word_1_550' title='bbox 1548 3662 1654 3717; x_wconf 79' lang='lat' dir='ltr'><strong>est,</strong></span> <span class='ocrx_word' id='word_1_551' title='bbox 1695 3648 1841 3721; x_wconf 89' lang='lat' dir='ltr'><strong>quod</strong></span> <span class='ocrx_word' id='word_1_552' title='bbox 1876 3645 2166 3715; x_wconf 80' lang='lat' dir='ltr'><strong>imaginem</strong></span> 
     </span>
    </p>
   </div>
   <div class='ocr_carea' id='block_1_65' title="bbox 564 3743 2094 3819">
    <p class='ocr_par' dir='ltr' id='par_1_65' title="bbox 564 3743 2094 3819">
     <span class='ocr_line' id='line_1_65' title="bbox 564 3743 2094 3819; baseline -0.014 -11"><span class='ocrx_word' id='word_1_553' title='bbox 564 3752 832 3819; x_wconf 84' lang='lat' dir='ltr'><strong>veritatis,</strong></span> <span class='ocrx_word' id='word_1_554' title='bbox 864 3767 971 3805; x_wconf 91' lang='lat' dir='ltr'><strong>non</strong></span> <span class='ocrx_word' id='word_1_555' title='bbox 1005 3750 1180 3819; x_wconf 89' lang='lat' dir='ltr'><strong>ipsum</strong></span> <span class='ocrx_word' id='word_1_556' title='bbox 1222 3746 1390 3802; x_wconf 88' lang='lat' dir='ltr'><strong>Deum</strong></span> <span class='ocrx_word' id='word_1_557' title='bbox 1425 3745 1643 3815; x_wconf 86' lang='lat' dir='ltr'><strong>pr0prie</strong></span> <span class='ocrx_word' id='word_1_558' title='bbox 1668 3743 2094 3797; x_wconf 88' lang='lat' dir='ltr'><strong>demonstraret.</strong></span> 
     </span>
    </p>
   </div>
   <div class='ocr_carea' id='block_1_66' title="bbox 637 3838 2165 3905">
    <p class='ocr_par' dir='ltr' id='par_1_66' title="bbox 637 3838 2165 3905">
     <span class='ocr_line' id='line_1_66' title="bbox 637 3838 2165 3905; baseline -0.014 -3"><span class='ocrx_word' id='word_1_559' title='bbox 637 3848 730 3903; x_wconf 84' lang='lat' dir='ltr'><strong>Sic</strong></span> <span class='ocrx_word' id='word_1_560' title='bbox 780 3856 834 3901; x_wconf 92' lang='lat' dir='ltr'><strong>et</strong></span> <span class='ocrx_word' id='word_1_561' title='bbox 875 3859 996 3900; x_wconf 88' lang='lat' dir='ltr'><strong>cum</strong></span> <span class='ocrx_word' id='word_1_562' title='bbox 1039 3841 1312 3898; x_wconf 89' lang='lat' dir='ltr'><strong>hominem</strong></span> <span class='ocrx_word' id='word_1_563' title='bbox 1344 3841 1576 3895; x_wconf 91' lang='lat' dir='ltr'><strong>induere</strong></span> <span class='ocrx_word' id='word_1_564' title='bbox 1624 3838 1878 3905; x_wconf 80' lang='lat' dir='ltr'><strong>dignatus</strong></span> <span class='ocrx_word' id='word_1_565' title='bbox 1906 3840 2026 3895; x_wconf 89' lang='lat' dir='ltr'><strong>est,</strong></span> <span class='ocrx_word' id='word_1_566' title='bbox 2057 3842 2165 3883; x_wconf 92' lang='lat' dir='ltr'><strong>non</strong></span> 
     </span>
    </p>
   </div>
   <div class='ocr_carea' id='block_1_67' title="bbox 564 3932 2168 4007">
    <p class='ocr_par' dir='ltr' id='par_1_67' title="bbox 564 3932 2168 4007">
     <span class='ocr_line' id='line_1_67' title="bbox 564 3932 2168 4007; baseline -0.014 -9"><span class='ocrx_word' id='word_1_567' title='bbox 564 3942 749 3998; x_wconf 86' lang='lat' dir='ltr'><strong>labem</strong></span> <span class='ocrx_word' id='word_1_568' title='bbox 778 3938 1075 3996; x_wconf 80' lang='lat' dir='ltr'><strong>aeternitati</strong></span> <span class='ocrx_word' id='word_1_569' title='bbox 1108 3937 1321 4003; x_wconf 90' lang='lat' dir='ltr'><strong>intulit;</strong></span> <span class='ocrx_word' id='word_1_570' title='bbox 1351 3945 1409 3992; x_wconf 90' lang='lat' dir='ltr'><strong>ut</strong></span> <span class='ocrx_word' id='word_1_571' title='bbox 1437 3933 1690 4007; x_wconf 89' lang='lat' dir='ltr'><strong>spiritum</strong></span> <span class='ocrx_word' id='word_1_572' title='bbox 1723 3932 1774 3985; x_wconf 90' lang='lat' dir='ltr'><strong>in</strong></span> <span class='ocrx_word' id='word_1_573' title='bbox 1797 3942 2015 3983; x_wconf 86' lang='lat' dir='ltr'><strong>carnem</strong></span> <span class='ocrx_word' id='word_1_574' title='bbox 2047 3939 2168 3977; x_wconf 60' lang='lat' dir='ltr'><strong>mu»</strong></span> 
     </span>
    </p>
   </div>
   <div class='ocr_carea' id='block_1_68' title="bbox 568 4025 2169 4104">
    <p class='ocr_par' dir='ltr' id='par_1_68' title="bbox 568 4025 2169 4104">
     <span class='ocr_line' id='line_1_68' title="bbox 568 4025 2169 4104; baseline -0.01 -13"><span class='ocrx_word' id='word_1_575' title='bbox 568 4044 735 4104; x_wconf 87' lang='lat' dir='ltr'><strong>taret,</strong></span> <span class='ocrx_word' id='word_1_576' title='bbox 761 4035 859 4091; x_wconf 93' lang='lat' dir='ltr'><strong>sed</strong></span> <span class='ocrx_word' id='word_1_577' title='bbox 894 4043 951 4088; x_wconf 92' lang='lat' dir='ltr'><strong>ut</strong></span> <span class='ocrx_word' id='word_1_578' title='bbox 977 4044 1235 4104; x_wconf 84' lang='lat' dir='ltr'><strong>suscepto</strong></span> <span class='ocrx_word' id='word_1_579' title='bbox 1267 4033 1489 4087; x_wconf 90' lang='lat' dir='ltr'><strong>homine</strong></span> <span class='ocrx_word' id='word_1_580' title='bbox 1517 4025 1979 4084; x_wconf 88' lang='lat' dir='ltr'><strong>immortalitatem</strong></span> <span class='ocrx_word' id='word_1_581' title='bbox 2004 4031 2169 4090; x_wconf 89' lang='lat' dir='ltr'><strong>atque</strong></span> 
     </span>
    </p>
   </div>
   <div class='ocr_carea' id='block_1_69' title="bbox 566 4113 2167 4193">
    <p class='ocr_par' dir='ltr' id='par_1_69' title="bbox 566 4113 2167 4193">
     <span class='ocr_line' id='line_1_69' title="bbox 566 4113 2167 4193; baseline -0.014 -7"><span class='ocrx_word' id='word_1_582' title='bbox 566 4128 929 4186; x_wconf 63' lang='lat' dir='ltr'><strong>aeternitatem</strong></span> <span class='ocrx_word' id='word_1_583' title='bbox 962 4126 1202 4183; x_wconf 63' lang='lat' dir='ltr'><strong>caelestis</strong></span> <span class='ocrx_word' id='word_1_584' title='bbox 1233 4126 1359 4180; x_wconf 71' lang='lat' dir='ltr'><strong>vita:</strong></span> <span class='ocrx_word' id='word_1_585' title='bbox 1394 4127 1699 4193; x_wconf 85' lang='lat' dir='ltr'><strong>praestaret.</strong></span> <span class='ocrx_word' id='word_1_586' title='bbox 1735 4116 1866 4170; x_wconf 88' lang='lat' dir='ltr'><strong>Nam</strong></span> <span class='ocrx_word' id='word_1_587' title='bbox 1890 4114 1994 4169; x_wconf 88' lang='lat' dir='ltr'><strong>etsi</strong></span> <span class='ocrx_word' id='word_1_588' title='bbox 2019 4113 2167 4182; x_wconf 85' lang='lat' dir='ltr'><strong>Apo-</strong></span> 
     </span>
    </p>
   </div>
   <div class='ocr_carea' id='block_1_70' title="bbox 564 4208 2163 4290">
    <p class='ocr_par' dir='ltr' id='par_1_70' title="bbox 564 4208 2163 4290">
     <span class='ocr_line' id='line_1_70' title="bbox 564 4208 2163 4290; baseline -0.011 -12"><span class='ocrx_word' id='word_1_589' title='bbox 564 4222 745 4278; x_wconf 82' lang='lat' dir='ltr'><strong>stolus</strong></span> <span class='ocrx_word' id='word_1_590' title='bbox 783 4228 961 4278; x_wconf 90' lang='lat' dir='ltr'><strong>semet</strong></span> <span class='ocrx_word' id='word_1_591' title='bbox 989 4220 1166 4290; x_wconf 85' lang='lat' dir='ltr'><strong>ipsum</strong></span> <span class='ocrx_word' id='word_1_592' title='bbox 1190 4219 1502 4273; x_wconf 82' lang='lat' dir='ltr'><strong>exinanisse</strong></span> <span class='ocrx_word' id='word_1_593' title='bbox 1539 4211 1670 4267; x_wconf 91' lang='lat' dir='ltr'><strong>dicit</strong></span> <span class='ocrx_word' id='word_1_594' title='bbox 1700 4208 1966 4281; x_wconf 80' lang='lat' dir='ltr'><strong>(Philipp.</strong></span> <span class='ocrx_word' id='word_1_595' title='bbox 1993 4224 2054 4274; x_wconf 83' lang='lat' dir='ltr'><strong>1r,</strong></span> <span class='ocrx_word' id='word_1_596' title='bbox 2084 4208 2163 4278; x_wconf 87' lang='lat'><strong>7),</strong></span> 
     </span>
    </p>
   </div>
   <div class='ocr_carea' id='block_1_71' title="bbox 566 4305 2168 4383">
    <p class='ocr_par' dir='ltr' id='par_1_71' title="bbox 566 4305 2168 4383">
     <span class='ocr_line' id='line_1_71' title="bbox 566 4305 2168 4383; baseline -0.009 -11"><span class='ocrx_word' id='word_1_597' title='bbox 566 4315 805 4373; x_wconf 81' lang='lat' dir='ltr'><strong>formam</strong></span> <span class='ocrx_word' id='word_1_598' title='bbox 843 4316 991 4372; x_wconf 89' lang='lat' dir='ltr'><strong>servi</strong></span> <span class='ocrx_word' id='word_1_599' title='bbox 1022 4312 1412 4383; x_wconf 87' lang='lat' dir='ltr'><strong>suscipiendo;</strong></span> <span class='ocrx_word' id='word_1_600' title='bbox 1443 4323 1550 4363; x_wconf 93' lang='lat' dir='ltr'><strong>non</strong></span> <span class='ocrx_word' id='word_1_601' title='bbox 1596 4307 1787 4375; x_wconf 90' lang='lat' dir='ltr'><strong>utique</strong></span> <span class='ocrx_word' id='word_1_602' title='bbox 1818 4305 1896 4359; x_wconf 91' lang='lat' dir='ltr'><strong>sic</strong></span> <span class='ocrx_word' id='word_1_603' title='bbox 1920 4305 2168 4360; x_wconf 81' lang='lat' dir='ltr'><strong>exinani-</strong></span> 
     </span>
    </p>
   </div>
   <div class='ocr_carea' id='block_1_72' title="bbox 566 4396 2167 4480">
    <p class='ocr_par' dir='ltr' id='par_1_72' title="bbox 566 4396 2167 4480">
     <span class='ocr_line' id='line_1_72' title="bbox 566 4396 2167 4480; baseline -0.009 -15"><span class='ocrx_word' id='word_1_604' title='bbox 566 4418 686 4467; x_wconf 81' lang='lat' dir='ltr'><strong>tum</strong></span> <span class='ocrx_word' id='word_1_605' title='bbox 732 4410 1048 4480; x_wconf 91' lang='lat' dir='ltr'><strong>accipimus,</strong></span> <span class='ocrx_word' id='word_1_606' title='bbox 1082 4418 1137 4461; x_wconf 93' lang='lat' dir='ltr'><strong>ut</strong></span> <span class='ocrx_word' id='word_1_607' title='bbox 1167 4404 1334 4466; x_wconf 90' lang='lat' dir='ltr'><strong>aliud,</strong></span> <span class='ocrx_word' id='word_1_608' title='bbox 1368 4415 1527 4472; x_wconf 90' lang='lat' dir='ltr'><strong>quam</strong></span> <span class='ocrx_word' id='word_1_609' title='bbox 1564 4399 1706 4469; x_wconf 89' lang='lat' dir='ltr'><strong>quod</strong></span> <span class='ocrx_word' id='word_1_610' title='bbox 1743 4396 1944 4459; x_wconf 84' lang='lat' dir='ltr'><strong>fuerat,</strong></span> <span class='ocrx_word' id='word_1_611' title='bbox 1969 4396 1996 4436; x_wconf 66' lang='grc' dir='ltr'>δ</span> <span class='ocrx_word' id='word_1_612' title='bbox 2024 4396 2167 4452; x_wconf 91' lang='lat' dir='ltr'><strong>idem</strong></span> 
     </span>
    </p>
   </div>
   <div class='ocr_carea' id='block_1_73' title="bbox 568 4485 2169 4575">
    <p class='ocr_par' dir='ltr' id='par_1_73' title="bbox 568 4485 2169 4575">
     <span class='ocr_line' id='line_1_73' title="bbox 568 4485 2169 4575; baseline -0.011 -15"><span class='ocrx_word' id='word_1_613' title='bbox 568 4504 809 4575; x_wconf 86' lang='lat' dir='ltr'><strong>Spiritus</strong></span> <span class='ocrx_word' id='word_1_614' title='bbox 838 4502 993 4557; x_wconf 85' lang='lat' dir='ltr'><strong>fieret</strong></span> <span class='ocrx_word' id='word_1_615' title='bbox 1022 4519 1034 4555; x_wconf 89' lang='lat'>:</span> <span class='ocrx_word' id='word_1_616' title='bbox 1066 4497 1161 4552; x_wconf 91' lang='lat' dir='ltr'><strong>sed</strong></span> <span class='ocrx_word' id='word_1_617' title='bbox 1216 4504 1273 4550; x_wconf 90' lang='lat' dir='ltr'><strong>ut</strong></span> <span class='ocrx_word' id='word_1_618' title='bbox 1321 4492 1563 4563; x_wconf 86' lang='lat' dir='ltr'><strong>seposito</strong></span> <span class='ocrx_word' id='word_1_619' title='bbox 1605 4489 1825 4545; x_wconf 89' lang='lat' dir='ltr'><strong>interim</strong></span> <span class='ocrx_word' id='word_1_620' title='bbox 1867 4485 2169 4558; x_wconf 82' lang='lat' dir='ltr'><strong>majestatis</strong></span> 
     </span>
    </p>
   </div>
   <div class='ocr_carea' id='block_1_74' title="bbox 561 4585 2169 4659">
    <p class='ocr_par' dir='ltr' id='par_1_74' title="bbox 561 4585 2169 4659">
     <span class='ocr_line' id='line_1_74' title="bbox 561 4585 2169 4659; baseline -0.011 -6"><span class='ocrx_word' id='word_1_621' title='bbox 561 4612 679 4653; x_wconf 65' lang='lat' dir='ltr'><strong>suae</strong></span> <span class='ocrx_word' id='word_1_622' title='bbox 709 4597 942 4659; x_wconf 88' lang='lat' dir='ltr'><strong>honore,</strong></span> <span class='ocrx_word' id='word_1_623' title='bbox 974 4594 1271 4648; x_wconf 90' lang='lat' dir='ltr'><strong>humanum</strong></span> <span class='ocrx_word' id='word_1_624' title='bbox 1295 4601 1492 4655; x_wconf 89' lang='lat' dir='ltr'><strong>corpus</strong></span> <span class='ocrx_word' id='word_1_625' title='bbox 1518 4585 1790 4648; x_wconf 89' lang='lat' dir='ltr'><strong>indueret,</strong></span> <span class='ocrx_word' id='word_1_626' title='bbox 1813 4596 1922 4651; x_wconf 88' lang='lat' dir='ltr'><strong>quo</strong></span> <span class='ocrx_word' id='word_1_627' title='bbox 1947 4596 2169 4650; x_wconf 86' lang='lat' dir='ltr'><strong>suscep-</strong></span> 
     </span>
    </p>
   </div>
   <div class='ocr_carea' id='block_1_75' title="bbox 2271 3356 3874 3428">
    <p class='ocr_par' dir='ltr' id='par_1_75' title="bbox 2271 3356 3874 3428">
     <span class='ocr_line' id='line_1_75' title="bbox 2271 3356 3874 3428; baseline -0.001 -14"><span class='ocrx_word' id='word_1_628' title='bbox 2271 3360 2401 3424; x_wconf 89' lang='lat' dir='ltr'><strong>rari,</strong></span> <span class='ocrx_word' id='word_1_629' title='bbox 2432 3357 2523 3428; x_wconf 91' lang='lat' dir='ltr'><strong>qui</strong></span> <span class='ocrx_word' id='word_1_630' title='bbox 2570 3365 2628 3411; x_wconf 90' lang='lat' dir='ltr'><strong>ut</strong></span> <span class='ocrx_word' id='word_1_631' title='bbox 2677 3356 2962 3423; x_wconf 88' lang='lat' dir='ltr'><strong>liberaret,</strong></span> <span class='ocrx_word' id='word_1_632' title='bbox 2990 3356 3229 3411; x_wconf 89' lang='lat' dir='ltr'><strong>amissus</strong></span> <span class='ocrx_word' id='word_1_633' title='bbox 3275 3364 3391 3423; x_wconf 90' lang='lat' dir='ltr'><strong>est;</strong></span> <span class='ocrx_word' id='word_1_634' title='bbox 3426 3368 3482 3412; x_wconf 94' lang='lat' dir='ltr'><strong>ut</strong></span> <span class='ocrx_word' id='word_1_635' title='bbox 3526 3367 3874 3423; x_wconf 87' lang='lat' dir='ltr'><strong>nasceretur,</strong></span> 
     </span>
    </p>
   </div>
   <div class='ocr_carea' id='block_1_76' title="bbox 2270 3448 3879 3521">
    <p class='ocr_par' dir='ltr' id='par_1_76' title="bbox 2270 3448 3879 3521">
     <span class='ocr_line' id='line_1_76' title="bbox 2270 3448 3879 3521; baseline -0.001 -14"><span class='ocrx_word' id='word_1_636' title='bbox 2270 3464 2568 3521; x_wconf 66' lang='lat' dir='ltr'><strong>oppreSsus</strong></span> <span class='ocrx_word' id='word_1_637' title='bbox 2597 3458 2682 3503; x_wconf 89' lang='lat' dir='ltr'><strong>est</strong></span> <span class='ocrx_word' id='word_1_638' title='bbox 2716 3466 2730 3502; x_wconf 87' lang='lat'><strong>:</strong></span> <span class='ocrx_word' id='word_1_639' title='bbox 2769 3460 2826 3504; x_wconf 88' lang='lat' dir='ltr'><strong>ut</strong></span> <span class='ocrx_word' id='word_1_640' title='bbox 2856 3448 3323 3504; x_wconf 89' lang='lat' dir='ltr'><strong>immortalitatem</strong></span> <span class='ocrx_word' id='word_1_641' title='bbox 3358 3451 3663 3519; x_wconf 88' lang='lat' dir='ltr'><strong>reciperet,</strong></span> <span class='ocrx_word' id='word_1_642' title='bbox 3695 3461 3879 3506; x_wconf 86' lang='lat' dir='ltr'><strong>trans-</strong></span> 
     </span>
    </p>
   </div>
   <div class='ocr_carea' id='block_1_77' title="bbox 2271 3542 3879 3610">
    <p class='ocr_par' dir='ltr' id='par_1_77' title="bbox 2271 3542 3879 3610">
     <span class='ocr_line' id='line_1_77' title="bbox 2271 3542 3879 3610; baseline 0.002 -11"><span class='ocrx_word' id='word_1_643' title='bbox 2271 3544 2373 3599; x_wconf 85' lang='lat' dir='ltr'><strong>ivit</strong></span> <span class='ocrx_word' id='word_1_644' title='bbox 2400 3544 2466 3598; x_wconf 92' lang='lat' dir='ltr'><strong>ad</strong></span> <span class='ocrx_word' id='word_1_645' title='bbox 2501 3553 2750 3597; x_wconf 91' lang='lat' dir='ltr'><strong>mortem.</strong></span> <span class='ocrx_word' id='word_1_646' title='bbox 2783 3543 2893 3599; x_wconf 89' lang='lat' dir='ltr'><strong>Sed</strong></span> <span class='ocrx_word' id='word_1_647' title='bbox 2922 3542 3083 3610; x_wconf 90' lang='lat' dir='ltr'><strong>absit,</strong></span> <span class='ocrx_word' id='word_1_648' title='bbox 3120 3542 3377 3600; x_wconf 60' lang='lat' dir='ltr'><strong>haeretica</strong></span> <span class='ocrx_word' id='word_1_649' title='bbox 3397 3586 3411 3610; x_wconf 91' lang='lat'><strong>,</strong></span> <span class='ocrx_word' id='word_1_650' title='bbox 3448 3555 3507 3599; x_wconf 92' lang='lat' dir='ltr'><strong>ut</strong></span> <span class='ocrx_word' id='word_1_651' title='bbox 3537 3560 3735 3602; x_wconf 89' lang='lat' dir='ltr'><strong>sensus</strong></span> <span class='ocrx_word' id='word_1_652' title='bbox 3766 3558 3879 3602; x_wconf 73' lang='lat' dir='ltr'><strong>tua:</strong></span> 
     </span>
    </p>
   </div>
   <div class='ocr_carea' id='block_1_78' title="bbox 2272 3638 3880 3710">
    <p class='ocr_par' dir='ltr' id='par_1_78' title="bbox 2272 3638 3880 3710">
     <span class='ocr_line' id='line_1_78' title="bbox 2272 3638 3880 3710; baseline 0.002 -16"><span class='ocrx_word' id='word_1_653' title='bbox 2272 3638 2575 3710; x_wconf 86' lang='lat' dir='ltr'><strong>iniquitatis</strong></span> <span class='ocrx_word' id='word_1_654' title='bbox 2620 3655 2651 3694; x_wconf 91' lang='lat' dir='ltr'><strong>a</strong></span> <span class='ocrx_word' id='word_1_655' title='bbox 2682 3639 2969 3695; x_wconf 88' lang='lat' dir='ltr'><strong>catholicis</strong></span> <span class='ocrx_word' id='word_1_656' title='bbox 2994 3639 3314 3695; x_wconf 87' lang='lat' dir='ltr'><strong>admittatur</strong></span> <span class='ocrx_word' id='word_1_657' title='bbox 3347 3658 3358 3695; x_wconf 91' lang='lat'>:</span> <span class='ocrx_word' id='word_1_658' title='bbox 3386 3656 3487 3696; x_wconf 91' lang='lat' dir='ltr'><strong>nos</strong></span> <span class='ocrx_word' id='word_1_659' title='bbox 3516 3644 3662 3698; x_wconf 89' lang='lat' dir='ltr'><strong>enim</strong></span> <span class='ocrx_word' id='word_1_660' title='bbox 3691 3643 3880 3699; x_wconf 84' lang='lat' dir='ltr'><strong>credi-</strong></span> 
     </span>
    </p>
   </div>
   <div class='ocr_carea' id='block_1_79' title="bbox 2272 3731 3882 3796">
    <p class='ocr_par' dir='ltr' id='par_1_79' title="bbox 2272 3731 3882 3796">
     <span class='ocr_line' id='line_1_79' title="bbox 2272 3731 3882 3796; baseline 0.001 -8"><span class='ocrx_word' id='word_1_661' title='bbox 2272 3748 2393 3788; x_wconf 91' lang='lat' dir='ltr'><strong>mus</strong></span> <span class='ocrx_word' id='word_1_662' title='bbox 2441 3731 2833 3787; x_wconf 89' lang='lat' dir='ltr'><strong>immutabilem</strong></span> <span class='ocrx_word' id='word_1_663' title='bbox 2882 3741 2939 3787; x_wconf 92' lang='lat' dir='ltr'><strong>et</strong></span> <span class='ocrx_word' id='word_1_664' title='bbox 2996 3732 3498 3796; x_wconf 88' lang='lat' dir='ltr'><strong>inconvertibilem,</strong></span> <span class='ocrx_word' id='word_1_665' title='bbox 3526 3733 3765 3789; x_wconf 90' lang='lat' dir='ltr'><strong>Verbum</strong></span> <span class='ocrx_word' id='word_1_666' title='bbox 3822 3742 3882 3790; x_wconf 86' lang='lat' dir='ltr'><strong>et</strong></span> 
     </span>
    </p>
   </div>
   <div class='ocr_carea' id='block_1_80' title="bbox 2272 3826 3880 3897">
    <p class='ocr_par' dir='ltr' id='par_1_80' title="bbox 2272 3826 3880 3897">
     <span class='ocr_line' id='line_1_80' title="bbox 2272 3826 3880 3897; baseline 0 -13"><span class='ocrx_word' id='word_1_667' title='bbox 2272 3826 2556 3897; x_wconf 88' lang='lat' dir='ltr'><strong>Spiritum,</strong></span> <span class='ocrx_word' id='word_1_668' title='bbox 2593 3826 2644 3881; x_wconf 92' lang='lat' dir='ltr'><strong>id</strong></span> <span class='ocrx_word' id='word_1_669' title='bbox 2671 3832 2778 3892; x_wconf 90' lang='lat' dir='ltr'><strong>est,</strong></span> <span class='ocrx_word' id='word_1_670' title='bbox 2811 3826 3012 3881; x_wconf 87' lang='lat' dir='ltr'><strong>Filium</strong></span> <span class='ocrx_word' id='word_1_671' title='bbox 3048 3826 3180 3892; x_wconf 91' lang='lat' dir='ltr'><strong>Dei;</strong></span> <span class='ocrx_word' id='word_1_672' title='bbox 3212 3828 3303 3897; x_wconf 90' lang='lat' dir='ltr'><strong>qui</strong></span> <span class='ocrx_word' id='word_1_673' title='bbox 3335 3843 3460 3883; x_wconf 91' lang='lat' dir='ltr'><strong>cum</strong></span> <span class='ocrx_word' id='word_1_674' title='bbox 3487 3827 3765 3884; x_wconf 92' lang='lat' dir='ltr'><strong>hominem</strong></span> <span class='ocrx_word' id='word_1_675' title='bbox 3795 3830 3880 3885; x_wconf 89' lang='lat' dir='ltr'><strong>in-</strong></span> 
     </span>
    </p>
   </div>
   <div class='ocr_carea' id='block_1_81' title="bbox 2272 3920 3874 3991">
    <p class='ocr_par' dir='ltr' id='par_1_81' title="bbox 2272 3920 3874 3991">
     <span class='ocr_line' id='line_1_81' title="bbox 2272 3920 3874 3991; baseline 0.003 -16"><span class='ocrx_word' id='word_1_676' title='bbox 2272 3920 2411 3987; x_wconf 93' lang='lat' dir='ltr'><strong>duit,</strong></span> <span class='ocrx_word' id='word_1_677' title='bbox 2444 3935 2553 3975; x_wconf 91' lang='lat' dir='ltr'><strong>non</strong></span> <span class='ocrx_word' id='word_1_678' title='bbox 2586 3927 2789 3975; x_wconf 83' lang='lat' dir='ltr'><strong>statum</strong></span> <span class='ocrx_word' id='word_1_679' title='bbox 2842 3920 3026 3986; x_wconf 89' lang='lat' dir='ltr'><strong>vertit,</strong></span> <span class='ocrx_word' id='word_1_680' title='bbox 3054 3937 3160 3975; x_wconf 92' lang='lat' dir='ltr'><strong>non</strong></span> <span class='ocrx_word' id='word_1_681' title='bbox 3191 3920 3443 3977; x_wconf 90' lang='lat' dir='ltr'><strong>ordinem</strong></span> <span class='ocrx_word' id='word_1_682' title='bbox 3475 3922 3734 3991; x_wconf 89' lang='lat' dir='ltr'><strong>perdidit,</strong></span> <span class='ocrx_word' id='word_1_683' title='bbox 3764 3939 3874 3980; x_wconf 88' lang='lat' dir='ltr'><strong>non</strong></span> 
     </span>
    </p>
   </div>
   <div class='ocr_carea' id='block_1_82' title="bbox 2270 4011 3877 4087">
    <p class='ocr_par' dir='ltr' id='par_1_82' title="bbox 2270 4011 3877 4087">
     <span class='ocr_line' id='line_1_82' title="bbox 2270 4011 3877 4087; baseline 0.001 -18"><span class='ocrx_word' id='word_1_684' title='bbox 2270 4011 2625 4069; x_wconf 84' lang='lat' dir='ltr'><strong>substantiam</strong></span> <span class='ocrx_word' id='word_1_685' title='bbox 2654 4011 2964 4066; x_wconf 87' lang='lat' dir='ltr'><strong>immutavit</strong></span> <span class='ocrx_word' id='word_1_686' title='bbox 2990 4029 3003 4066; x_wconf 87' lang='lat'><strong>:</strong></span> <span class='ocrx_word' id='word_1_687' title='bbox 3030 4012 3126 4067; x_wconf 86' lang='lat' dir='ltr'><strong>sed</strong></span> <span class='ocrx_word' id='word_1_688' title='bbox 3160 4012 3375 4068; x_wconf 85' lang='lat' dir='ltr'><strong>illuvias</strong></span> <span class='ocrx_word' id='word_1_689' title='bbox 3405 4013 3651 4081; x_wconf 84' lang='lat' dir='ltr'><strong>ejusdem</strong></span> <span class='ocrx_word' id='word_1_690' title='bbox 3684 4026 3877 4087; x_wconf 89' lang='lat' dir='ltr'><strong>corpo-</strong></span> 
     </span>
    </p>
   </div>
   <div class='ocr_carea' id='block_1_83' title="bbox 2273 4103 3876 4177">
    <p class='ocr_par' dir='ltr' id='par_1_83' title="bbox 2273 4103 3876 4177">
     <span class='ocr_line' id='line_1_83' title="bbox 2273 4103 3876 4177; baseline 0.003 -17"><span class='ocrx_word' id='word_1_691' title='bbox 2273 4106 2350 4160; x_wconf 89' lang='lat' dir='ltr'><strong>ris</strong></span> <span class='ocrx_word' id='word_1_692' title='bbox 2380 4115 2587 4160; x_wconf 65' lang='lat' dir='ltr'><strong>aaterno</strong></span> <span class='ocrx_word' id='word_1_693' title='bbox 2638 4103 2906 4159; x_wconf 86' lang='lat' dir='ltr'><strong>claritatis</strong></span> <span class='ocrx_word' id='word_1_694' title='bbox 2954 4119 3068 4159; x_wconf 71' lang='lat' dir='ltr'><strong>sua:</strong></span> <span class='ocrx_word' id='word_1_695' title='bbox 3118 4105 3326 4161; x_wconf 89' lang='lat' dir='ltr'><strong>lumine</strong></span> <span class='ocrx_word' id='word_1_696' title='bbox 3357 4106 3682 4173; x_wconf 84' lang='lat' dir='ltr'><strong>illustravit;</strong></span> <span class='ocrx_word' id='word_1_697' title='bbox 3717 4117 3780 4177; x_wconf 73' lang='lat' dir='ltr'><strong>ut</strong></span> <span class='ocrx_word' id='word_1_698' title='bbox 3806 4108 3876 4165; x_wconf 89' lang='lat' dir='ltr'><strong>ad</strong></span> 
     </span>
    </p>
   </div>
   <div class='ocr_carea' id='block_1_84' title="bbox 2272 4202 3872 4274">
    <p class='ocr_par' dir='ltr' id='par_1_84' title="bbox 2272 4202 3872 4274">
     <span class='ocr_line' id='line_1_84' title="bbox 2272 4202 3872 4274; baseline 0.002 -17"><span class='ocrx_word' id='word_1_699' title='bbox 2272 4218 2373 4258; x_wconf 91' lang='lat' dir='ltr'><strong>nos</strong></span> <span class='ocrx_word' id='word_1_700' title='bbox 2422 4219 2519 4272; x_wconf 87' lang='lat' dir='ltr'><strong>per</strong></span> <span class='ocrx_word' id='word_1_701' title='bbox 2552 4202 2826 4257; x_wconf 90' lang='lat' dir='ltr'><strong>tramitem</strong></span> <span class='ocrx_word' id='word_1_702' title='bbox 2855 4202 3104 4270; x_wconf 89' lang='lat' dir='ltr'><strong>corporis</strong></span> <span class='ocrx_word' id='word_1_703' title='bbox 3132 4202 3251 4273; x_wconf 89' lang='lat' dir='ltr'><strong>ejus</strong></span> <span class='ocrx_word' id='word_1_704' title='bbox 3280 4202 3372 4257; x_wconf 81' lang='lat' dir='ltr'><strong>lux</strong></span> <span class='ocrx_word' id='word_1_705' title='bbox 3404 4202 3580 4259; x_wconf 89' lang='lat' dir='ltr'><strong>sancti</strong></span> <span class='ocrx_word' id='word_1_706' title='bbox 3610 4202 3872 4274; x_wconf 85' lang='lat' dir='ltr'><strong>Spiritus,</strong></span> 
     </span>
    </p>
   </div>
   <div class='ocr_carea' id='block_1_85' title="bbox 2271 4294 3317 4363">
    <p class='ocr_par' dir='ltr' id='par_1_85' title="bbox 2271 4294 3317 4363">
     <span class='ocr_line' id='line_1_85' title="bbox 2271 4294 3317 4363; baseline -0.004 -11"><span class='ocrx_word' id='word_1_707' title='bbox 2271 4303 2329 4352; x_wconf 91' lang='lat' dir='ltr'><strong>et</strong></span> <span class='ocrx_word' id='word_1_708' title='bbox 2352 4305 2573 4351; x_wconf 66' lang='lat' dir='ltr'><strong>acterna:</strong></span> <span class='ocrx_word' id='word_1_709' title='bbox 2599 4295 2726 4348; x_wconf 69' lang='lat' dir='ltr'><strong>vita:</strong></span> <span class='ocrx_word' id='word_1_710' title='bbox 2755 4294 2931 4363; x_wconf 89' lang='lat' dir='ltr'><strong>gratia</strong></span> <span class='ocrx_word' id='word_1_711' title='bbox 2962 4294 3317 4350; x_wconf 89' lang='lat' dir='ltr'><strong>redundaret.</strong></span> 
     </span>
    </p>
   </div>
   <div class='ocr_carea' id='block_1_86' title="bbox 2342 4387 3874 4459">
    <p class='ocr_par' dir='ltr' id='par_1_86' title="bbox 2342 4387 3874 4459">
     <span class='ocr_line' id='line_1_86' title="bbox 2342 4387 3874 4459; baseline 0.003 -16"><span class='ocrx_word' id='word_1_712' title='bbox 2342 4387 2512 4454; x_wconf 84' lang='lat' dir='ltr'><strong>Quem</strong></span> <span class='ocrx_word' id='word_1_713' title='bbox 2539 4389 2641 4442; x_wconf 89' lang='lat' dir='ltr'><strong>etsi</strong></span> <span class='ocrx_word' id='word_1_714' title='bbox 2665 4403 2884 4458; x_wconf 84' lang='lat' dir='ltr'><strong>passum</strong></span> <span class='ocrx_word' id='word_1_715' title='bbox 2912 4388 3190 4443; x_wconf 91' lang='lat' dir='ltr'><strong>credimus</strong></span> <span class='ocrx_word' id='word_1_716' title='bbox 3216 4399 3271 4443; x_wconf 90' lang='lat' dir='ltr'><strong>et</strong></span> <span class='ocrx_word' id='word_1_717' title='bbox 3300 4387 3611 4459; x_wconf 89' lang='lat' dir='ltr'><strong>sepultum;</strong></span> <span class='ocrx_word' id='word_1_718' title='bbox 3645 4390 3741 4446; x_wconf 92' lang='lat' dir='ltr'><strong>sed</strong></span> <span class='ocrx_word' id='word_1_719' title='bbox 3768 4391 3874 4447; x_wconf 89' lang='lat' dir='ltr'><strong>ho-</strong></span> 
     </span>
    </p>
   </div>
   <div class='ocr_carea' id='block_1_87' title="bbox 2271 4480 3875 4553">
    <p class='ocr_par' dir='ltr' id='par_1_87' title="bbox 2271 4480 3875 4553">
     <span class='ocr_line' id='line_1_87' title="bbox 2271 4480 3875 4553; baseline 0.003 -18"><span class='ocrx_word' id='word_1_720' title='bbox 2271 4496 2360 4535; x_wconf 91' lang='lat' dir='ltr'><strong>mo</strong></span> <span class='ocrx_word' id='word_1_721' title='bbox 2385 4481 2477 4534; x_wconf 92' lang='lat' dir='ltr'><strong>ille</strong></span> <span class='ocrx_word' id='word_1_722' title='bbox 2503 4494 2696 4550; x_wconf 87' lang='lat' dir='ltr'><strong>passus</strong></span> <span class='ocrx_word' id='word_1_723' title='bbox 2728 4490 2835 4545; x_wconf 91' lang='lat' dir='ltr'><strong>est,</strong></span> <span class='ocrx_word' id='word_1_724' title='bbox 2865 4494 3026 4548; x_wconf 90' lang='lat' dir='ltr'><strong>quem</strong></span> <span class='ocrx_word' id='word_1_725' title='bbox 3075 4480 3251 4535; x_wconf 86' lang='lat' dir='ltr'><strong>Filius</strong></span> <span class='ocrx_word' id='word_1_726' title='bbox 3296 4481 3386 4536; x_wconf 89' lang='lat' dir='ltr'><strong>Dei</strong></span> <span class='ocrx_word' id='word_1_727' title='bbox 3419 4482 3683 4551; x_wconf 91' lang='lat' dir='ltr'><strong>suscepit,</strong></span> <span class='ocrx_word' id='word_1_728' title='bbox 3711 4498 3875 4553; x_wconf 88' lang='lat' dir='ltr'><strong>quem</strong></span> 
     </span>
    </p>
   </div>
   <div class='ocr_carea' id='block_1_88' title="bbox 2272 4574 3877 4646">
    <p class='ocr_par' dir='ltr' id='par_1_88' title="bbox 2272 4574 3877 4646">
     <span class='ocr_line' id='line_1_88' title="bbox 2272 4574 3877 4646; baseline 0.003 -17"><span class='ocrx_word' id='word_1_729' title='bbox 2272 4575 2465 4639; x_wconf 87' lang='lat' dir='ltr'><strong>induit,</strong></span> <span class='ocrx_word' id='word_1_730' title='bbox 2485 4590 2644 4646; x_wconf 90' lang='lat' dir='ltr'><strong>quem</strong></span> <span class='ocrx_word' id='word_1_731' title='bbox 2672 4574 2928 4645; x_wconf 86' lang='lat' dir='ltr'><strong>portavit.</strong></span> <span class='ocrx_word' id='word_1_732' title='bbox 2950 4574 3055 4631; x_wconf 90' lang='lat' dir='ltr'><strong>Sed</strong></span> <span class='ocrx_word' id='word_1_733' title='bbox 3077 4578 3201 4643; x_wconf 90' lang='lat' dir='ltr'><strong>quia</strong></span> <span class='ocrx_word' id='word_1_734' title='bbox 3220 4585 3391 4632; x_wconf 90' lang='lat' dir='ltr'><strong>totum</strong></span> <span class='ocrx_word' id='word_1_735' title='bbox 3411 4577 3478 4632; x_wconf 93' lang='lat' dir='ltr'><strong>ad</strong></span> <span class='ocrx_word' id='word_1_736' title='bbox 3495 4588 3773 4634; x_wconf 87' lang='lat' dir='ltr'><strong>auctorem</strong></span> <span class='ocrx_word' id='word_1_737' title='bbox 3790 4595 3877 4635; x_wconf 83' lang='lat' dir='ltr'><strong>re—</strong></span> 
     </span>
    </p>
   </div>
   <div class='ocr_carea' id='block_1_89' title="bbox 562 4661 3875 4760">
    <p class='ocr_par' dir='ltr' id='par_1_89' title="bbox 562 4661 3875 4760">
     <span class='ocr_line' id='line_1_89' title="bbox 562 4661 3875 4760; baseline -0.005 -15"><span class='ocrx_word' id='word_1_738' title='bbox 562 4700 645 4756; x_wconf 83' lang='lat' dir='ltr'><strong>to,</strong></span> <span class='ocrx_word' id='word_1_739' title='bbox 670 4690 820 4745; x_wconf 90' lang='lat' dir='ltr'><strong>salus</strong></span> <span class='ocrx_word' id='word_1_740' title='bbox 839 4686 1084 4760; x_wconf 89' lang='lat' dir='ltr'><strong>gentium</strong></span> <span class='ocrx_word' id='word_1_741' title='bbox 1115 4686 1293 4739; x_wconf 82' lang='lat' dir='ltr'><strong>fieret.</strong></span> <span class='ocrx_word' id='word_1_742' title='bbox 1318 4678 1549 4735; x_wconf 88' lang='lat' dir='ltr'><strong>Utenim</strong></span> <span class='ocrx_word' id='word_1_743' title='bbox 1580 4677 1659 4731; x_wconf 92' lang='lat' dir='ltr'><strong>sol</strong></span> <span class='ocrx_word' id='word_1_744' title='bbox 1692 4691 1816 4730; x_wconf 92' lang='lat' dir='ltr'><strong>cum</strong></span> <span class='ocrx_word' id='word_1_745' title='bbox 1848 4676 1991 4730; x_wconf 90' lang='lat' dir='ltr'><strong>nube</strong></span> <span class='ocrx_word' id='word_1_746' title='bbox 2026 4676 2165 4745; x_wconf 89' lang='lat' dir='ltr'><strong>tegi-</strong></span> <span class='ocrx_word' id='word_1_747' title='bbox 2195 4661 2243 4719; x_wconf 89' lang='lat' dir='ltr'><strong>D</strong></span> <span class='ocrx_word' id='word_1_748' title='bbox 2270 4667 2572 4735; x_wconf 89' lang='lat' dir='ltr'><strong>ferebatur,</strong></span> <span class='ocrx_word' id='word_1_749' title='bbox 2598 4666 2859 4738; x_wconf 85' lang='lat' dir='ltr'><strong>quidquid</strong></span> <span class='ocrx_word' id='word_1_750' title='bbox 2885 4667 3050 4723; x_wconf 90' lang='lat' dir='ltr'><strong>homo</strong></span> <span class='ocrx_word' id='word_1_751' title='bbox 3080 4668 3171 4725; x_wconf 90' lang='lat' dir='ltr'><strong>ille</strong></span> <span class='ocrx_word' id='word_1_752' title='bbox 3201 4669 3545 4739; x_wconf 87' lang='lat' dir='ltr'><strong>patiebatur:</strong></span> <span class='ocrx_word' id='word_1_753' title='bbox 3572 4670 3698 4727; x_wconf 91' lang='lat' dir='ltr'><strong>ideo</strong></span> <span class='ocrx_word' id='word_1_754' title='bbox 3725 4687 3875 4729; x_wconf 88' lang='lat' dir='ltr'><strong>mors</strong></span> 
     </span>
    </p>
   </div>
   <div class='ocr_carea' id='block_1_90' title="bbox 568 4769 2163 4851">
    <p class='ocr_par' dir='ltr' id='par_1_90' title="bbox 568 4769 2163 4851">
     <span class='ocr_line' id='line_1_90' title="bbox 568 4769 2163 4851; baseline -0.012 -10"><span class='ocrx_word' id='word_1_755' title='bbox 568 4797 683 4851; x_wconf 89' lang='lat' dir='ltr'><strong>tur,</strong></span> <span class='ocrx_word' id='word_1_756' title='bbox 718 4784 943 4840; x_wconf 87' lang='lat' dir='ltr'><strong>claritas</strong></span> <span class='ocrx_word' id='word_1_757' title='bbox 975 4780 1091 4851; x_wconf 88' lang='lat' dir='ltr'><strong>ejus</strong></span> <span class='ocrx_word' id='word_1_758' title='bbox 1118 4773 1521 4844; x_wconf 86' lang='lat' dir='ltr'><strong>comprimitur,</strong></span> <span class='ocrx_word' id='word_1_759' title='bbox 1551 4786 1656 4823; x_wconf 90' lang='lat' dir='ltr'><strong>non</strong></span> <span class='ocrx_word' id='word_1_760' title='bbox 1696 4778 1966 4831; x_wconf 65' lang='lat' dir='ltr'><strong>creentur;</strong></span> <span class='ocrx_word' id='word_1_761' title='bbox 1997 4778 2050 4822; x_wconf 88' lang='lat' dir='ltr'><strong>et</strong></span> <span class='ocrx_word' id='word_1_762' title='bbox 2076 4769 2163 4823; x_wconf 89' lang='lat' dir='ltr'><strong>lu-</strong></span> 
     </span>
    </p>
   </div>
   <div class='ocr_carea' id='block_1_91' title="bbox 566 4863 2169 4946">
    <p class='ocr_par' dir='ltr' id='par_1_91' title="bbox 566 4863 2169 4946">
     <span class='ocr_line' id='line_1_91' title="bbox 566 4863 2169 4946; baseline -0.011 -10"><span class='ocrx_word' id='word_1_763' title='bbox 566 4896 694 4937; x_wconf 85' lang='lat' dir='ltr'><strong>men</strong></span> <span class='ocrx_word' id='word_1_764' title='bbox 745 4878 878 4933; x_wconf 91' lang='lat' dir='ltr'><strong>illud</strong></span> <span class='ocrx_word' id='word_1_765' title='bbox 917 4874 1061 4946; x_wconf 91' lang='lat' dir='ltr'><strong>quod</strong></span> <span class='ocrx_word' id='word_1_766' title='bbox 1094 4881 1207 4925; x_wconf 90' lang='lat' dir='ltr'><strong>toto</strong></span> <span class='ocrx_word' id='word_1_767' title='bbox 1237 4867 1369 4922; x_wconf 89' lang='lat' dir='ltr'><strong>orbe</strong></span> <span class='ocrx_word' id='word_1_768' title='bbox 1398 4863 1654 4919; x_wconf 82' lang='lat' dir='ltr'><strong>diﬂ&#39;usum</strong></span> <span class='ocrx_word' id='word_1_769' title='bbox 1694 4864 1844 4919; x_wconf 91' lang='lat' dir='ltr'><strong>claro</strong></span> <span class='ocrx_word' id='word_1_770' title='bbox 1873 4863 2169 4933; x_wconf 83' lang='lat' dir='ltr'><strong>Splendore</strong></span> 
     </span>
    </p>
   </div>
   <div class='ocr_carea' id='block_1_92' title="bbox 566 4958 2165 5042">
    <p class='ocr_par' dir='ltr' id='par_1_92' title="bbox 566 4958 2165 5042">
     <span class='ocr_line' id='line_1_92' title="bbox 566 4958 2165 5042; baseline -0.013 -10"><span class='ocrx_word' id='word_1_771' title='bbox 566 4983 765 5031; x_wconf 86' lang='lat' dir='ltr'><strong>cuncta</strong></span> <span class='ocrx_word' id='word_1_772' title='bbox 810 4968 1105 5042; x_wconf 87' lang='lat' dir='ltr'><strong>perfundit,</strong></span> <span class='ocrx_word' id='word_1_773' title='bbox 1141 4978 1309 5033; x_wconf 84' lang='lat' dir='ltr'><strong>parvo</strong></span> <span class='ocrx_word' id='word_1_774' title='bbox 1348 4961 1639 5016; x_wconf 88' lang='lat' dir='ltr'><strong>admodum</strong></span> <span class='ocrx_word' id='word_1_775' title='bbox 1687 4959 1973 5014; x_wconf 89' lang='lat' dir='ltr'><strong>obstaculo</strong></span> <span class='ocrx_word' id='word_1_776' title='bbox 2006 4958 2165 5013; x_wconf 88' lang='lat' dir='ltr'><strong>nubis</strong></span> 
     </span>
    </p>
   </div>
   <div class='ocr_carea' id='block_1_93' title="bbox 566 5050 2167 5127">
    <p class='ocr_par' dir='ltr' id='par_1_93' title="bbox 566 5050 2167 5127">
     <span class='ocr_line' id='line_1_93' title="bbox 566 5050 2167 5127; baseline -0.012 -3"><span class='ocrx_word' id='word_1_777' title='bbox 566 5065 885 5127; x_wconf 89' lang='lat' dir='ltr'><strong>includitur,</strong></span> <span class='ocrx_word' id='word_1_778' title='bbox 915 5075 1021 5115; x_wconf 89' lang='lat' dir='ltr'><strong>non</strong></span> <span class='ocrx_word' id='word_1_779' title='bbox 1065 5054 1308 5112; x_wconf 79' lang='lat' dir='ltr'><strong>aufertur</strong></span> <span class='ocrx_word' id='word_1_780' title='bbox 1333 5072 1346 5107; x_wconf 88' lang='lat'><strong>:</strong></span> <span class='ocrx_word' id='word_1_781' title='bbox 1371 5053 1453 5107; x_wconf 91' lang='lat' dir='ltr'><strong>sic</strong></span> <span class='ocrx_word' id='word_1_782' title='bbox 1475 5062 1531 5106; x_wconf 89' lang='lat' dir='ltr'><strong>et</strong></span> <span class='ocrx_word' id='word_1_783' title='bbox 1564 5051 1728 5106; x_wconf 85' lang='lat' dir='ltr'><strong>homo</strong></span> <span class='ocrx_word' id='word_1_784' title='bbox 1755 5050 1844 5105; x_wconf 90' lang='lat' dir='ltr'><strong>ille</strong></span> <span class='ocrx_word' id='word_1_785' title='bbox 1866 5066 2027 5121; x_wconf 91' lang='lat' dir='ltr'><strong>quem</strong></span> <span class='ocrx_word' id='word_1_786' title='bbox 2060 5050 2167 5106; x_wconf 87' lang='lat' dir='ltr'><strong>Do-</strong></span> 
     </span>
    </p>
   </div>
   <div class='ocr_carea' id='block_1_94' title="bbox 566 5145 2166 5218">
    <p class='ocr_par' dir='ltr' id='par_1_94' title="bbox 566 5145 2166 5218">
     <span class='ocr_line' id='line_1_94' title="bbox 566 5145 2166 5218; baseline -0.009 -2"><span class='ocrx_word' id='word_1_787' title='bbox 566 5163 752 5216; x_wconf 84' lang='lat' dir='ltr'><strong>minus</strong></span> <span class='ocrx_word' id='word_1_788' title='bbox 778 5157 938 5211; x_wconf 89' lang='lat' dir='ltr'><strong>Jesus</strong></span> <span class='ocrx_word' id='word_1_789' title='bbox 963 5152 1331 5218; x_wconf 90' lang='lat' dir='ltr'><strong>Salvatorque</strong></span> <span class='ocrx_word' id='word_1_790' title='bbox 1359 5156 1573 5214; x_wconf 89' lang='lat' dir='ltr'><strong>noster,</strong></span> <span class='ocrx_word' id='word_1_791' title='bbox 1594 5145 1648 5200; x_wconf 92' lang='lat' dir='ltr'><strong>id</strong></span> <span class='ocrx_word' id='word_1_792' title='bbox 1670 5155 1776 5211; x_wconf 91' lang='lat' dir='ltr'><strong>est,</strong></span> <span class='ocrx_word' id='word_1_793' title='bbox 1804 5146 1947 5201; x_wconf 91' lang='lat' dir='ltr'><strong>Deus</strong></span> <span class='ocrx_word' id='word_1_794' title='bbox 1962 5146 2166 5215; x_wconf 89' lang='lat' dir='ltr'><strong>Deique</strong></span> 
     </span>
    </p>
   </div>
   <div class='ocr_carea' id='block_1_95' title="bbox 568 5239 2160 5309">
    <p class='ocr_par' dir='ltr' id='par_1_95' title="bbox 568 5239 2160 5309">
     <span class='ocr_line' id='line_1_95' title="bbox 568 5239 2160 5309; baseline -0.009 -1"><span class='ocrx_word' id='word_1_795' title='bbox 568 5252 745 5308; x_wconf 84' lang='lat' dir='ltr'><strong>Filius</strong></span> <span class='ocrx_word' id='word_1_796' title='bbox 771 5244 977 5309; x_wconf 87' lang='lat' dir='ltr'><strong>induit;</strong></span> <span class='ocrx_word' id='word_1_797' title='bbox 1010 5254 1030 5283; x_wconf 77' lang='grc' dir='ltr'><strong>ο</strong></span> <span class='ocrx_word' id='word_1_798' title='bbox 1063 5243 1235 5298; x_wconf 88' lang='lat' dir='ltr'><strong>Deum</strong></span> <span class='ocrx_word' id='word_1_799' title='bbox 1273 5251 1456 5298; x_wconf 90' lang='lat' dir='ltr'><strong>tamen</strong></span> <span class='ocrx_word' id='word_1_800' title='bbox 1485 5241 1539 5296; x_wconf 91' lang='lat' dir='ltr'><strong>in</strong></span> <span class='ocrx_word' id='word_1_801' title='bbox 1574 5240 1668 5295; x_wconf 89' lang='lat' dir='ltr'><strong>illo</strong></span> <span class='ocrx_word' id='word_1_802' title='bbox 1707 5254 1812 5295; x_wconf 93' lang='lat' dir='ltr'><strong>non</strong></span> <span class='ocrx_word' id='word_1_803' title='bbox 1844 5239 2160 5308; x_wconf 89' lang='lat' dir='ltr'><strong>intercepit,</strong></span> 
     </span>
    </p>
   </div>
   <div class='ocr_carea' id='block_1_96' title="bbox 569 5339 1005 5403">
    <p class='ocr_par' dir='ltr' id='par_1_96' title="bbox 569 5339 1005 5403">
     <span class='ocr_line' id='line_1_96' title="bbox 569 5339 1005 5403; baseline -0.023 0"><span class='ocrx_word' id='word_1_804' title='bbox 569 5344 666 5403; x_wconf 85' lang='lat' dir='ltr'><strong>sed</strong></span> <span class='ocrx_word' id='word_1_805' title='bbox 693 5339 1005 5398; x_wconf 88' lang='lat' dir='ltr'><strong>abscondit.</strong></span> 
     </span>
    </p>
   </div>
   <div class='ocr_carea' id='block_1_97' title="bbox 639 5448 2165 5523">
    <p class='ocr_par' dir='ltr' id='par_1_97' title="bbox 639 5448 2165 5523">
     <span class='ocr_line' id='line_1_97' title="bbox 639 5448 2165 5523; baseline -0.009 -8"><span class='ocrx_word' id='word_1_806' title='bbox 639 5472 665 5500; x_wconf 75' lang='grc' dir='ltr'>ιι</span> <span class='ocrx_word' id='word_1_807' title='bbox 692 5460 812 5514; x_wconf 87' lang='lat' dir='ltr'><strong>Vet.</strong></span> <span class='ocrx_word' id='word_1_808' title='bbox 841 5456 977 5512; x_wconf 88' lang='lat' dir='ltr'><strong>edit.</strong></span> <span class='ocrx_word' id='word_1_809' title='bbox 1012 5462 1065 5509; x_wconf 91' lang='lat' dir='ltr'><strong>et</strong></span> <span class='ocrx_word' id='word_1_810' title='bbox 1088 5468 1193 5507; x_wconf 90' lang='lat' dir='ltr'><strong>ms.</strong></span> <span class='ocrx_word' id='word_1_811' title='bbox 1219 5452 1386 5506; x_wconf 88' lang='lat' dir='ltr'><strong>Tell.:</strong></span> <span class='ocrx_word' id='word_1_812' title='bbox 1414 5454 1488 5505; x_wconf 88' lang='lat' dir='ltr'><strong>ita</strong></span> <span class='ocrx_word' id='word_1_813' title='bbox 1512 5451 1901 5523; x_wconf 13' lang='lat' dir='ltr'><strong>majestasrejus</strong></span> <span class='ocrx_word' id='word_1_814' title='bbox 2024 5448 2165 5523; x_wconf 75' lang='lat' dir='ltr'><strong>intra</strong></span> 
     </span>
    </p>
   </div>
   <div class='ocr_carea' id='block_1_98' title="bbox 563 5521 2162 5596">
    <p class='ocr_par' dir='ltr' id='par_1_98' title="bbox 563 5521 2162 5596">
     <span class='ocr_line' id='line_1_98' title="bbox 563 5521 2162 5596; baseline -0.011 -6"><span class='ocrx_word' id='word_1_815' title='bbox 563 5536 622 5591; x_wconf 82' lang='lat' dir='ltr'><strong>id</strong></span> <span class='ocrx_word' id='word_1_816' title='bbox 651 5534 816 5587; x_wconf 88' lang='lat' dir='ltr'><strong>visum</strong></span> <span class='ocrx_word' id='word_1_817' title='bbox 841 5539 968 5584; x_wconf 82' lang='lat' dir='ltr'><strong>esset</strong></span> <span class='ocrx_word' id='word_1_818' title='bbox 987 5526 1182 5596; x_wconf 89' lang='lat' dir='ltr'><strong>:magis</strong></span> <span class='ocrx_word' id='word_1_819' title='bbox 1209 5525 1479 5579; x_wconf 81' lang='lat' dir='ltr'><strong>eoncinne</strong></span> <span class='ocrx_word' id='word_1_820' title='bbox 1503 5521 1832 5596; x_wconf 67' lang='lat' dir='ltr'><strong>Vigihedit.</strong></span> <span class='ocrx_word' id='word_1_821' title='bbox 1868 5536 1990 5575; x_wconf 89' lang='lat' dir='ltr'><strong>cum</strong></span> <span class='ocrx_word' id='word_1_822' title='bbox 2025 5521 2162 5596; x_wconf 59' lang='lat' dir='ltr'><strong>Luat.</strong></span> 
     </span>
    </p>
   </div>
   <div class='ocr_carea' id='block_1_99' title="bbox 564 5592 2163 5673">
    <p class='ocr_par' dir='ltr' id='par_1_99' title="bbox 564 5592 2163 5673">
     <span class='ocr_line' id='line_1_99' title="bbox 564 5592 2163 5673; baseline -0.011 -11"><span class='ocrx_word' id='word_1_823' title='bbox 564 5621 729 5665; x_wconf 86' lang='lat' dir='ltr'><strong>mss.,</strong></span> <span class='ocrx_word' id='word_1_824' title='bbox 759 5605 835 5656; x_wconf 86' lang='lat' dir='ltr'><strong>ita</strong></span> <span class='ocrx_word' id='word_1_825' title='bbox 882 5592 1175 5673; x_wconf 77' lang='lat' dir='ltr'><strong>majestatis</strong></span> <span class='ocrx_word' id='word_1_826' title='bbox 1221 5598 1603 5673; x_wconf 81' lang='lat' dir='ltr'><strong>ej_us...._.i_ntra</strong></span> <span class='ocrx_word' id='word_1_827' title='bbox 1628 5593 1683 5647; x_wconf 90' lang='lat' dir='ltr'><strong>id</strong></span> <span class='ocrx_word' id='word_1_828' title='bbox 1717 5596 1879 5673; x_wconf 82' lang='lat' dir='ltr'><strong>visum</strong></span> <span class='ocrx_word' id='word_1_829' title='bbox 1931 5602 2032 5657; x_wconf 84' lang='lat' dir='ltr'><strong>est,</strong></span> <span class='ocrx_word' id='word_1_830' title='bbox 2062 5592 2163 5645; x_wconf 89' lang='lat' dir='ltr'><strong>hoc</strong></span> 
     </span>
    </p>
   </div>
   <div class='ocr_carea' id='block_1_100' title="bbox 564 5667 1902 5740">
    <p class='ocr_par' dir='ltr' id='par_1_100' title="bbox 564 5667 1902 5740">
     <span class='ocr_line' id='line_1_100' title="bbox 564 5667 1902 5740; baseline -0.013 -6"><span class='ocrx_word' id='word_1_831' title='bbox 564 5687 670 5740; x_wconf 85' lang='lat' dir='ltr'><strong>est,</strong></span> <span class='ocrx_word' id='word_1_832' title='bbox 707 5676 807 5729; x_wconf 89' lang='lat' dir='ltr'><strong>sub</strong></span> <span class='ocrx_word' id='word_1_833' title='bbox 843 5674 925 5727; x_wconf 89' lang='lat' dir='ltr'><strong>his</strong></span> <span class='ocrx_word' id='word_1_834' title='bbox 956 5667 1364 5727; x_wconf 71' lang='lat' dir='ltr'><strong>cosiditiombns</strong></span> <span class='ocrx_word' id='word_1_835' title='bbox 1393 5668 1537 5740; x_wconf 85' lang='lat' dir='ltr'><strong>visi_o_</strong></span> <span class='ocrx_word' id='word_1_836' title='bbox 1562 5667 1902 5740; x_wconf 75' lang='lat' dir='ltr'><strong>conceditur.</strong></span> 
     </span>
    </p>
   </div>
   <div class='ocr_carea' id='block_1_101' title="bbox 639 5734 2164 5807">
    <p class='ocr_par' dir='ltr' id='par_1_101' title="bbox 639 5734 2164 5807">
     <span class='ocr_line' id='line_1_101' title="bbox 639 5734 2164 5807; baseline -0.01 -3"><span class='ocrx_word' id='word_1_837' title='bbox 639 5734 669 5788; x_wconf 58' lang='grc' dir='ltr'>Β</span> <span class='ocrx_word' id='word_1_838' title='bbox 695 5747 819 5803; x_wconf 85' lang='lat' dir='ltr'><strong>Gill.</strong></span> <span class='ocrx_word' id='word_1_839' title='bbox 852 5755 905 5801; x_wconf 89' lang='lat' dir='ltr'><strong>et</strong></span> <span class='ocrx_word' id='word_1_840' title='bbox 929 5744 1083 5800; x_wconf 82' lang='lat' dir='ltr'><strong>Rom.</strong></span> <span class='ocrx_word' id='word_1_841' title='bbox 1124 5744 1281 5807; x_wconf 90' lang='lat' dir='ltr'><strong>edit.,</strong></span> <span class='ocrx_word' id='word_1_842' title='bbox 1311 5740 1448 5794; x_wconf 85' lang='lat' dir='ltr'><strong>idem</strong></span> <span class='ocrx_word' id='word_1_843' title='bbox 1476 5737 1715 5792; x_wconf 83' lang='lat' dir='ltr'><strong>Christus</strong></span> <span class='ocrx_word' id='word_1_844' title='bbox 1739 5738 1886 5803; x_wconf 81' lang='lat' dir='ltr'><strong>ﬁeret</strong></span> <span class='ocrx_word' id='word_1_845' title='bbox 1908 5753 1925 5797; x_wconf 82' lang='lat'><strong>,&#39;</strong></span> <span class='ocrx_word' id='word_1_846' title='bbox 1949 5734 2070 5788; x_wconf 62' lang='lat' dir='ltr'><strong>alia!</strong></span> <span class='ocrx_word' id='word_1_847' title='bbox 2100 5748 2164 5789; x_wconf 92' lang='lat' dir='ltr'><strong>ac</strong></span> 
     </span>
    </p>
   </div>
   <div class='ocr_carea' id='block_1_102' title="bbox 568 5807 2163 5888">
    <p class='ocr_par' dir='ltr' id='par_1_102' title="bbox 568 5807 2163 5888">
     <span class='ocr_line' id='line_1_102' title="bbox 568 5807 2163 5888; baseline -0.011 -10"><span class='ocrx_word' id='word_1_848' title='bbox 568 5838 726 5879; x_wconf 84' lang='lat' dir='ltr'><strong>mss..</strong></span> <span class='ocrx_word' id='word_1_849' title='bbox 757 5818 892 5874; x_wconf 84' lang='lat' dir='ltr'><strong>idem</strong></span> <span class='ocrx_word' id='word_1_850' title='bbox 922 5817 1136 5888; x_wconf 85' lang='lat' dir='ltr'><strong>spiritus</strong></span> <span class='ocrx_word' id='word_1_851' title='bbox 1169 5816 1333 5888; x_wconf 77' lang='lat' dir='ltr'><strong>ﬁeret.</strong></span> <span class='ocrx_word' id='word_1_852' title='bbox 1355 5810 1589 5888; x_wconf 78' lang='lat' dir='ltr'><strong>Minime</strong></span> <span class='ocrx_word' id='word_1_853' title='bbox 1625 5810 1785 5876; x_wconf 80' lang='lat' dir='ltr'><strong>male,</strong></span> <span class='ocrx_word' id='word_1_854' title='bbox 1816 5823 1979 5873; x_wconf 68' lang='lat' dir='ltr'><strong>suiira</strong></span> <span class='ocrx_word' id='word_1_855' title='bbox 2014 5807 2163 5861; x_wconf 88' lang='lat' dir='ltr'><strong>enim</strong></span> 
     </span>
    </p>
   </div>
   <div class='ocr_carea' id='block_1_103' title="bbox 566 5882 2055 5968">
    <p class='ocr_par' dir='ltr' id='par_1_103' title="bbox 566 5882 2055 5968">
     <span class='ocr_line' id='line_1_103' title="bbox 566 5882 2055 5968; baseline -0.017 -12"><span class='ocrx_word' id='word_1_856' title='bbox 566 5895 826 5968; x_wconf 78' lang='lat' dir='ltr'><strong>scriptum</strong></span> <span class='ocrx_word' id='word_1_857' title='bbox 859 5882 1118 5963; x_wconf 80' lang='lat' dir='ltr'><strong>legimus,</strong></span> <span class='ocrx_word' id='word_1_858' title='bbox 1145 5894 1203 5942; x_wconf 87' lang='lat' dir='ltr'><strong>ut</strong></span> <span class='ocrx_word' id='word_1_859' title='bbox 1235 5884 1478 5957; x_wconf 83' lang='lat' dir='ltr'><strong>spiritum</strong></span> <span class='ocrx_word' id='word_1_860' title='bbox 1500 5882 1557 5938; x_wconf 88' lang='lat' dir='ltr'><strong>in</strong></span> <span class='ocrx_word' id='word_1_861' title='bbox 1579 5896 1785 5936; x_wconf 87' lang='lat' dir='ltr'><strong>carnem</strong></span> <span class='ocrx_word' id='word_1_862' title='bbox 1810 5887 2055 5933; x_wconf 84' lang='lat' dir='ltr'><strong>mutaret.</strong></span> 
     </span>
    </p>
   </div>
   <div class='ocr_carea' id='block_1_104' title="bbox 2273 4762 3875 4834">
    <p class='ocr_par' dir='ltr' id='par_1_104' title="bbox 2273 4762 3875 4834">
     <span class='ocr_line' id='line_1_104' title="bbox 2273 4762 3875 4834; baseline 0.003 -16"><span class='ocrx_word' id='word_1_863' title='bbox 2273 4772 2327 4819; x_wconf 93' lang='lat' dir='ltr'><strong>et</strong></span> <span class='ocrx_word' id='word_1_864' title='bbox 2354 4763 2535 4834; x_wconf 89' lang='lat' dir='ltr'><strong>passio</strong></span> <span class='ocrx_word' id='word_1_865' title='bbox 2562 4764 2778 4818; x_wconf 91' lang='lat' dir='ltr'><strong>Domini</strong></span> <span class='ocrx_word' id='word_1_866' title='bbox 2798 4762 3073 4819; x_wconf 91' lang='lat' dir='ltr'><strong>indicatur</strong></span> <span class='ocrx_word' id='word_1_867' title='bbox 3097 4781 3112 4831; x_wconf 91' lang='lat'><strong>;</strong></span> <span class='ocrx_word' id='word_1_868' title='bbox 3157 4776 3282 4818; x_wconf 90' lang='lat' dir='ltr'><strong>nam</strong></span> <span class='ocrx_word' id='word_1_869' title='bbox 3309 4775 3529 4819; x_wconf 89' lang='lat' dir='ltr'><strong>constat</strong></span> <span class='ocrx_word' id='word_1_870' title='bbox 3558 4764 3875 4823; x_wconf 88' lang='lat' dir='ltr'><strong>immortale</strong></span> 
     </span>
    </p>
   </div>
   <div class='ocr_carea' id='block_1_105' title="bbox 2273 4859 3799 4929">
    <p class='ocr_par' dir='ltr' id='par_1_105' title="bbox 2273 4859 3799 4929">
     <span class='ocr_line' id='line_1_105' title="bbox 2273 4859 3799 4929; baseline 0.003 -15"><span class='ocrx_word' id='word_1_871' title='bbox 2273 4874 2427 4925; x_wconf 89' lang='lat' dir='ltr'><strong>esse,</strong></span> <span class='ocrx_word' id='word_1_872' title='bbox 2460 4860 2603 4929; x_wconf 91' lang='lat' dir='ltr'><strong>quod</strong></span> <span class='ocrx_word' id='word_1_873' title='bbox 2652 4859 2750 4915; x_wconf 90' lang='lat' dir='ltr'><strong>Dei</strong></span> <span class='ocrx_word' id='word_1_874' title='bbox 2801 4870 2884 4915; x_wconf 89' lang='lat' dir='ltr'><strong>est</strong></span> <span class='ocrx_word' id='word_1_875' title='bbox 2929 4859 3253 4923; x_wconf 89' lang='lat' dir='ltr'><strong>:hominis,</strong></span> <span class='ocrx_word' id='word_1_876' title='bbox 3308 4860 3451 4929; x_wconf 89' lang='lat' dir='ltr'><strong>quod</strong></span> <span class='ocrx_word' id='word_1_877' title='bbox 3509 4860 3799 4918; x_wconf 89' lang='lat' dir='ltr'><strong>caducum.</strong></span> 
     </span>
    </p>
   </div>
   <div class='ocr_carea' id='block_1_106' title="bbox 2342 4956 3870 5027">
    <p class='ocr_par' dir='ltr' id='par_1_106' title="bbox 2342 4956 3870 5027">
     <span class='ocr_line' id='line_1_106' title="bbox 2342 4956 3870 5027; baseline 0.001 -15"><span class='ocrx_word' id='word_1_878' title='bbox 2342 4956 2524 5012; x_wconf 86' lang='lat' dir='ltr'><strong>Tertia</strong></span> <span class='ocrx_word' id='word_1_879' title='bbox 2563 4971 2779 5027; x_wconf 92' lang='lat' dir='ltr'><strong>quoque</strong></span> <span class='ocrx_word' id='word_1_880' title='bbox 2805 4956 2896 5012; x_wconf 88' lang='lat' dir='ltr'><strong>die</strong></span> <span class='ocrx_word' id='word_1_881' title='bbox 2933 4956 3261 5022; x_wconf 85' lang='lat' dir='ltr'><strong>resurrexit,</strong></span> <span class='ocrx_word' id='word_1_882' title='bbox 3290 4971 3401 5011; x_wconf 90' lang='lat' dir='ltr'><strong>non</strong></span> <span class='ocrx_word' id='word_1_883' title='bbox 3432 4956 3574 5013; x_wconf 90' lang='lat' dir='ltr'><strong>Deus</strong></span> <span class='ocrx_word' id='word_1_884' title='bbox 3603 4956 3657 5012; x_wconf 90' lang='lat' dir='ltr'><strong>in</strong></span> <span class='ocrx_word' id='word_1_885' title='bbox 3691 4958 3870 5013; x_wconf 89' lang='lat' dir='ltr'><strong>homi-</strong></span> 
     </span>
    </p>
   </div>
   <div class='ocr_carea' id='block_1_107' title="bbox 2273 5048 3259 5116">
    <p class='ocr_par' dir='ltr' id='par_1_107' title="bbox 2273 5048 3259 5116">
     <span class='ocr_line' id='line_1_107' title="bbox 2273 5048 3259 5116; baseline -0.003 -11"><span class='ocrx_word' id='word_1_886' title='bbox 2273 5064 2418 5115; x_wconf 90' lang='lat' dir='ltr'><strong>nem,</strong></span> <span class='ocrx_word' id='word_1_887' title='bbox 2449 5048 2545 5104; x_wconf 87' lang='lat' dir='ltr'><strong>sed</strong></span> <span class='ocrx_word' id='word_1_888' title='bbox 2575 5049 2741 5104; x_wconf 90' lang='lat' dir='ltr'><strong>homo</strong></span> <span class='ocrx_word' id='word_1_889' title='bbox 2769 5050 2945 5116; x_wconf 86' lang='lat' dir='ltr'><strong>potius</strong></span> <span class='ocrx_word' id='word_1_890' title='bbox 2977 5049 3031 5103; x_wconf 93' lang='lat' dir='ltr'><strong>in</strong></span> <span class='ocrx_word' id='word_1_891' title='bbox 3066 5049 3259 5103; x_wconf 89' lang='lat' dir='ltr'><strong>Deum.</strong></span> 
     </span>
    </p>
   </div>
   <div class='ocr_carea' id='block_1_108' title="bbox 2343 5142 3873 5209">
    <p class='ocr_par' dir='ltr' id='par_1_108' title="bbox 2343 5142 3873 5209">
     <span class='ocr_line' id='line_1_108' title="bbox 2343 5142 3873 5209; baseline -0.001 -10"><span class='ocrx_word' id='word_1_892' title='bbox 2343 5142 2601 5199; x_wconf 82' lang='lat' dir='ltr'><strong>Ascendit</strong></span> <span class='ocrx_word' id='word_1_893' title='bbox 2635 5147 2686 5197; x_wconf 92' lang='lat' dir='ltr'><strong>in</strong></span> <span class='ocrx_word' id='word_1_894' title='bbox 2718 5144 2911 5209; x_wconf 84' lang='lat' dir='ltr'><strong>caelos,</strong></span> <span class='ocrx_word' id='word_1_895' title='bbox 2947 5143 3145 5198; x_wconf 92' lang='lat' dir='ltr'><strong>obtulit</strong></span> <span class='ocrx_word' id='word_1_896' title='bbox 3172 5142 3323 5197; x_wconf 88' lang='lat' dir='ltr'><strong>Patri</strong></span> <span class='ocrx_word' id='word_1_897' title='bbox 3362 5157 3463 5198; x_wconf 90' lang='lat' dir='ltr'><strong>suo</strong></span> <span class='ocrx_word' id='word_1_898' title='bbox 3496 5145 3774 5199; x_wconf 89' lang='lat' dir='ltr'><strong>hominem</strong></span> <span class='ocrx_word' id='word_1_899' title='bbox 3808 5144 3873 5199; x_wconf 90' lang='lat' dir='ltr'><strong>il-</strong></span> 
     </span>
    </p>
   </div>
   <div class='ocr_carea' id='block_1_109' title="bbox 2272 5236 3873 5308">
    <p class='ocr_par' dir='ltr' id='par_1_109' title="bbox 2272 5236 3873 5308">
     <span class='ocr_line' id='line_1_109' title="bbox 2272 5236 3873 5308; baseline 0.001 -17"><span class='ocrx_word' id='word_1_900' title='bbox 2272 5238 2384 5293; x_wconf 90' lang='lat' dir='ltr'><strong>lum</strong></span> <span class='ocrx_word' id='word_1_901' title='bbox 2412 5238 2784 5308; x_wconf 88' lang='lat' dir='ltr'><strong>gratissimum</strong></span> <span class='ocrx_word' id='word_1_902' title='bbox 2812 5252 3031 5301; x_wconf 90' lang='lat' dir='ltr'><strong>munus,</strong></span> <span class='ocrx_word' id='word_1_903' title='bbox 3062 5236 3312 5292; x_wconf 89' lang='lat' dir='ltr'><strong>consedit</strong></span> <span class='ocrx_word' id='word_1_904' title='bbox 3348 5236 3415 5291; x_wconf 91' lang='lat' dir='ltr'><strong>ad</strong></span> <span class='ocrx_word' id='word_1_905' title='bbox 3458 5237 3738 5294; x_wconf 75' lang='lat' dir='ltr'><strong>deitterarn</strong></span> <span class='ocrx_word' id='word_1_906' title='bbox 3772 5239 3873 5294; x_wconf 85' lang='lat' dir='ltr'><strong>Pa-</strong></span> 
     </span>
    </p>
   </div>
   <div class='ocr_carea' id='block_1_110' title="bbox 2266 5326 3871 5399">
    <p class='ocr_par' dir='ltr' id='par_1_110' title="bbox 2266 5326 3871 5399">
     <span class='ocr_line' id='line_1_110' title="bbox 2266 5326 3871 5399; baseline -0.002 -12"><span class='ocrx_word' id='word_1_907' title='bbox 2266 5332 2386 5397; x_wconf 88' lang='lat' dir='ltr'><strong>tris,</strong></span> <span class='ocrx_word' id='word_1_908' title='bbox 2419 5329 2717 5387; x_wconf 84' lang='lat' dir='ltr'><strong>secundum</strong></span> <span class='ocrx_word' id='word_1_909' title='bbox 2766 5327 2911 5399; x_wconf 92' lang='lat' dir='ltr'><strong>quod</strong></span> <span class='ocrx_word' id='word_1_910' title='bbox 2960 5327 3221 5395; x_wconf 90' lang='lat' dir='ltr'><strong>scriptum</strong></span> <span class='ocrx_word' id='word_1_911' title='bbox 3261 5336 3346 5383; x_wconf 89' lang='lat' dir='ltr'><strong>est</strong></span> <span class='ocrx_word' id='word_1_912' title='bbox 3381 5326 3566 5384; x_wconf 68' lang='lat' dir='ltr'><strong>:Dixit</strong></span> <span class='ocrx_word' id='word_1_913' title='bbox 3612 5329 3871 5384; x_wconf 83' lang='lat' dir='ltr'><strong>Dominus</strong></span> 
     </span>
    </p>
   </div>
   <div class='ocr_carea' id='block_1_111' title="bbox 2346 5441 3455 5513">
    <p class='ocr_par' dir='ltr' id='par_1_111' title="bbox 2346 5441 3455 5513">
     <span class='ocr_line' id='line_1_111' title="bbox 2346 5441 3455 5513; baseline 0.007 -24"><span class='ocrx_word' id='word_1_914' title='bbox 2346 5456 2367 5484; x_wconf 87' lang='lat' dir='ltr'><strong>c</strong></span> <span class='ocrx_word' id='word_1_915' title='bbox 2394 5443 2555 5513; x_wconf 80' lang='lat' dir='ltr'><strong>Vigil.</strong></span> <span class='ocrx_word' id='word_1_916' title='bbox 2590 5444 2751 5505; x_wconf 85' lang='lat' dir='ltr'><strong>edit.,</strong></span> <span class='ocrx_word' id='word_1_917' title='bbox 2777 5442 3099 5494; x_wconf 83' lang='lat' dir='ltr'><strong>divinitatem</strong></span> <span class='ocrx_word' id='word_1_918' title='bbox 3125 5441 3178 5493; x_wconf 86' lang='lat' dir='ltr'><strong>in</strong></span> <span class='ocrx_word' id='word_1_919' title='bbox 3208 5442 3323 5504; x_wconf 82' lang='lat' dir='ltr'><strong>illo.</strong></span> <span class='ocrx_word' id='word_1_920' title='bbox 3346 5454 3455 5499; x_wconf 89' lang='lat' dir='ltr'><strong>etc.</strong></span> 
     </span>
    </p>
   </div>
   <div class='ocr_carea' id='block_1_112' title="bbox 2318 5513 3867 5597">
    <p class='ocr_par' dir='ltr' id='par_1_112' title="bbox 2318 5513 3867 5597">
     <span class='ocr_line' id='line_1_112' title="bbox 2318 5513 3867 5597; baseline 0.006 -32"><span class='ocrx_word' id='word_1_921' title='bbox 2318 5513 2587 5597; x_wconf 32' lang='lat' dir='ltr'><strong>.dehnlrr.</strong></span> <span class='ocrx_word' id='word_1_922' title='bbox 2638 5514 2880 5597; x_wconf 18' lang='lat' dir='ltr'><strong>editﬁac</strong></span> <span class='ocrx_word' id='word_1_923' title='bbox 2934 5527 3259 5597; x_wconf 39' lang='lat' dir='ltr'><strong>rnss.,uc.um</strong></span> <span class='ocrx_word' id='word_1_924' title='bbox 3305 5532 3470 5586; x_wconf 86' lang='lat' dir='ltr'><strong>usque</strong></span> <span class='ocrx_word' id='word_1_925' title='bbox 3522 5516 3591 5570; x_wconf 92' lang='lat' dir='ltr'><strong>ad</strong></span> <span class='ocrx_word' id='word_1_926' title='bbox 3627 5527 3867 5585; x_wconf 86' lang='lat' dir='ltr'><strong>nostros;</strong></span> 
     </span>
    </p>
   </div>
   <div class='ocr_carea' id='block_1_113' title="bbox 2267 5583 3868 5667">
    <p class='ocr_par' dir='ltr' id='par_1_113' title="bbox 2267 5583 3868 5667">
     <span class='ocr_line' id='line_1_113' title="bbox 2267 5583 3868 5667; baseline 0.002 -26"><span class='ocrx_word' id='word_1_927' title='bbox 2267 5586 2428 5656; x_wconf 84' lang='lat' dir='ltr'><strong>Vigil.</strong></span> <span class='ocrx_word' id='word_1_928' title='bbox 2456 5584 2589 5666; x_wconf 85' lang='lat' dir='ltr'><strong>edit.</strong></span> <span class='ocrx_word' id='word_1_929' title='bbox 2626 5584 2969 5667; x_wconf 71' lang='lat' dir='ltr'><strong>negitionetn</strong></span> <span class='ocrx_word' id='word_1_930' title='bbox 3019 5583 3227 5654; x_wconf 85' lang='lat' dir='ltr'><strong>adjicit,</strong></span> <span class='ocrx_word' id='word_1_931' title='bbox 3262 5583 3424 5657; x_wconf 82' lang='lat' dir='ltr'><strong>quam</strong></span> <span class='ocrx_word' id='word_1_932' title='bbox 3474 5589 3696 5657; x_wconf 87' lang='lat' dir='ltr'><strong>quidem</strong></span> <span class='ocrx_word' id='word_1_933' title='bbox 3755 5583 3868 5645; x_wconf 74' lang='lat' dir='ltr'><strong>illic</strong></span> 
     </span>
    </p>
   </div>
   <div class='ocr_carea' id='block_1_114' title="bbox 2269 5667 3017 5727">
    <p class='ocr_par' dir='ltr' id='par_1_114' title="bbox 2269 5667 3017 5727">
     <span class='ocr_line' id='line_1_114' title="bbox 2269 5667 3017 5727; baseline -0.007 -14"><span class='ocrx_word' id='word_1_934' title='bbox 2269 5672 2492 5712; x_wconf 73' lang='lat'><strong>&quot;808558</strong></span> <span class='ocrx_word' id='word_1_935' title='bbox 2504 5672 2583 5709; x_wconf 84' lang='lat' dir='ltr'><strong>l&#39;l0</strong></span> <span class='ocrx_word' id='word_1_936' title='bbox 2608 5672 2799 5710; x_wconf 66' lang='grc' dir='ltr'><strong>ςθηευδ</strong></span> <span class='ocrx_word' id='word_1_937' title='bbox 2829 5672 2891 5710; x_wconf 82' lang='lat' dir='ltr'><strong>ex</strong></span> <span class='ocrx_word' id='word_1_938' title='bbox 2904 5667 3017 5727; x_wconf 72' lang='lat' dir='ltr'><strong>lgll.</strong></span> 
     </span>
    </p>
   </div>
   <div class='ocr_carea' id='block_1_115' title="bbox 2314 5728 3865 5812">
    <p class='ocr_par' dir='ltr' id='par_1_115' title="bbox 2314 5728 3865 5812">
     <span class='ocr_line' id='line_1_115' title="bbox 2314 5728 3865 5812; baseline 0.005 -35"><span class='ocrx_word' id='word_1_939' title='bbox 2314 5801 2326 5812; x_wconf 41' lang='lat'><strong>.</strong></span> <span class='ocrx_word' id='word_1_940' title='bbox 2346 5740 2380 5811; x_wconf 32' lang='grc' dir='ltr'><strong>θ’</strong></span> <span class='ocrx_word' id='word_1_941' title='bbox 2399 5728 2559 5797; x_wconf 79' lang='lat' dir='ltr'><strong>Vigil.</strong></span> <span class='ocrx_word' id='word_1_942' title='bbox 2586 5728 2747 5812; x_wconf 38' lang='lat' dir='ltr'><strong>edit...</strong></span> <span class='ocrx_word' id='word_1_943' title='bbox 2780 5730 2852 5781; x_wconf 92' lang='lat' dir='ltr'><strong>ita</strong></span> <span class='ocrx_word' id='word_1_944' title='bbox 2874 5740 2943 5812; x_wconf 69' lang='lat' dir='ltr'><strong>_et</strong></span> <span class='ocrx_word' id='word_1_945' title='bbox 2989 5729 3236 5812; x_wconf 73' lang='lat' dir='ltr'><strong>majestas</strong></span> <span class='ocrx_word' id='word_1_946' title='bbox 3278 5730 3374 5782; x_wconf 89' lang='lat' dir='ltr'><strong>illa</strong></span> <span class='ocrx_word' id='word_1_947' title='bbox 3418 5729 3617 5797; x_wconf 82' lang='lat' dir='ltr'><strong>divina,</strong></span> <span class='ocrx_word' id='word_1_948' title='bbox 3644 5748 3783 5801; x_wconf 67' lang='lat' dir='ltr'><strong>qua,</strong></span> <span class='ocrx_word' id='word_1_949' title='bbox 3809 5742 3865 5787; x_wconf 88' lang='lat' dir='ltr'><strong>ut</strong></span> 
     </span>
    </p>
   </div>
   <div class='ocr_carea' id='block_1_116' title="bbox 2271 5801 3614 5871">
    <p class='ocr_par' dir='ltr' id='par_1_116' title="bbox 2271 5801 3614 5871">
     <span class='ocr_line' id='line_1_116' title="bbox 2271 5801 3614 5871; baseline 0.002 -16"><span class='ocrx_word' id='word_1_950' title='bbox 2271 5801 2403 5862; x_wconf 78' lang='lat' dir='ltr'><strong>dixi,</strong></span> <span class='ocrx_word' id='word_1_951' title='bbox 2428 5816 2617 5871; x_wconf 84' lang='lat' dir='ltr'><strong>corpus</strong></span> <span class='ocrx_word' id='word_1_952' title='bbox 2644 5801 2905 5869; x_wconf 87' lang='lat' dir='ltr'><strong>induerat,</strong></span> <span class='ocrx_word' id='word_1_953' title='bbox 2936 5801 3121 5871; x_wconf 87' lang='lat' dir='ltr'><strong>probat</strong></span> <span class='ocrx_word' id='word_1_954' title='bbox 3151 5817 3204 5855; x_wconf 87' lang='lat' dir='ltr'><strong>se</strong></span> <span class='ocrx_word' id='word_1_955' title='bbox 3233 5816 3336 5855; x_wconf 88' lang='lat' dir='ltr'><strong>non</strong></span> <span class='ocrx_word' id='word_1_956' title='bbox 3366 5817 3480 5869; x_wconf 88' lang='lat' dir='ltr'><strong>suo,</strong></span> <span class='ocrx_word' id='word_1_957' title='bbox 3506 5811 3614 5859; x_wconf 89' lang='lat' dir='ltr'><strong>etc.</strong></span> 
     </span>
    </p>
   </div>
  </div>
