4106 6344
236 274 305 333 49
1612 275 1958 336 LIBELLUS
1996 278 2202 337 FIDE].
3513 285 3590 348 50

231 396 462 451 Domina
487 412 607 452 meo
637 412 657 452 :
682 397 823 454 Sede
848 399 914 453 ad
938 398 1199 454 dexteram
1228 412 1398 454 meam
1430 397 1606 473 (Psal.
1631 413 1746 466 etx,
1779 398 1854 471 l).
1884 398 1936 457 A
1967 401 2147 467 habet,
2181 415 2282 455 nec
2312 388 2602 459 terminum
2632 420 2644 457 :
2670 404 2755 459 cui
2787 413 2873 459 est
2899 404 3080 460 honor
3108 414 3165 461 et
3192 406 3363 477 gloria
3398 408 3450 462 in
3478 424 3587 465 sat-

302 488 451 543 Misit
500 491 670 545 nobis
720 490 978 562 Spiritum
1028 500 1276 548 sanctum
1298 493 1366 548 de
1396 494 1615 563 propria
1648 508 1772 559 sua,
1799 503 1854 548 et

232 581 349 653 ipsa
394 597 502 636 una
554 584 872 638 subsmntia
915 599 1033 649 sua,
1070 597 1455 653 protectorem,
1485 584 1853 640 sanctiﬁcato-

231 687 342 729 rem
375 683 432 728 et
462 674 835 731 deductorem
876 677 927 731 in
973 677 1137 731 vitam
1182 686 1468 744 aeternam,
1503 680 1640 732 sicut
1677 679 1851 749 scrip-

228 775 337 822 tum
370 778 455 822 est
488 783 563 822 ex
595 783 741 825 voce
770 770 903 825 Dei:
937 768 1222 837 Elfuudam
1264 772 1327 826 de
1374 772 1585 842 Spiritu
1613 789 1727 827 meo
1753 789 1846 827 su-

229 876 316 933 per
355 876 534 914 servos
586 877 770 927 meos,
808 870 855 916 et
903 863 1123 917 ancillas
1174 881 1311 918 meas
1340 864 1505 933 (Joel.
1540 882 1597 932 ιι,
1620 865 1755 929 29).
1785 867 1851 922 Et

226 952 460 1007 iterum:
495 949 749 1016 Spiritus
804 969 868 1008 ea:
906 970 984 1008 me
1044 956 1269 1024 prodibit
1298 954 1461 1030 (Isai.
1490 973 1619 1023 Lvu,
1655 957 1747 1028 6).
1784 959 1853 1015 Et

228 1047 341 1115 ipse
366 1045 651 1101 Dominus
708 1047 1069 1120 Salvatorqne
1109 1060 1300 1106 noster
1332 1070 1344 1106 :
1382 1051 1459 1106 De
1486 1069 1621 1121 meo,
1648 1053 1848 1124 inquit,

225 1140 440 1209 accipiet
468 1140 798 1211 (Joaa.xvt,
819 1145 934 1214 15);
969 1159 1032 1197 ex
1063 1160 1129 1199 eo
1159 1145 1345 1217 utique
1367 1150 1510 1218 quod
1544 1158 1627 1205 est
1652 1149 1845 1216 Filius,

224 1233 343 1304 quia
376 1244 432 1289 et
455 1234 645 1290 Filius
677 1236 750 1291 de
778 1253 846 1293 eo
867 1238 1009 1308 quod
1041 1239 1204 1295 Pater
1234 1250 1338 1296 est.

290 1329 508 1384 Exinde
561 1331 846 1399 praeﬁnito
900 1341 1145 1405 tempore
1180 1344 1467 1405 venturus,
1500 1337 1652 1393 vivos
1690 1353 1840 1394 mor-

224 1429 453 1491 tuosque
479 1422 881 1491 judicaturus;
908 1435 965 1479 ut
996 1426 1190 1481 reddat
1218 1428 1571 1486 credentibus
1598 1432 1846 1502 praemia,

225 1530 327 1569 non
355 1514 733 1572 credentibus
757 1534 888 1574 vero
915 1520 1204 1590 supplicia.

292 1606 459 1678 Cujus
505 1624 753 1682 regnum
796 1623 1087 1681 mternum,
1117 1616 1455 1685 immortale;
1490 1634 1591 1676 nec
1628 1621 1844 1678 initium

240 1745 3236 1773 W

1962 498 2081 550 cula
2108 498 2449 551 saeculorum.

2034 590 2161 645 llaec
2191 595 2280 660 qui
2305 592 2461 663 legis,
2497 606 2594 659 per
2639 590 2808 645 Deum
2842 591 3104 656 obsecro,
3144 606 3211 645 ne
3240 590 3580 661 simplicita-

1961 692 2067 739 tem
2124 699 2321 740 sensus
2368 686 2418 738 in
2467 684 2778 755 ambiguum
2812 684 3383 753 torqueas,autalias
3412 700 3581 756 quam

1959 774 2102 829 dicta
2129 786 2278 842 sunt,
2312 776 2533 841 trahas;
2563 776 2688 846 quia
2720 790 2818 830 nos
2862 775 3081 830 Patrem
3126 792 3315 832 verum
3351 778 3572 833 Patrem

1959 870 2307 935 conﬁtemur,
2334 881 2387 923 et
2418 868 2612 923 Filium
2644 868 2736 923 Dei
2768 884 2961 923 verum
2992 867 3192 923 Filium
3218 870 3336 937 Dei,
3362 880 3418 925 et
3447 870 3574 940 Spi-

1958 960 2123 1014 ritum
2181 975 2429 1015 sanctum
2474 976 2605 1015 vere
2647 959 2913 1030 Spiritum
2963 972 3213 1016 Sanetum
3243 960 3572 1016 credimus:

1962 1068 2071 1111 tres
2107 1072 2369 1125 personas
2398 1055 2558 1109 unius
2595 1055 2937 1123 substantiae,
2974 1063 3028 1108 et
3059 1054 3221 1108 unius
3260 1053 3573 1110 divinitatis

1958 1150 2304 1205 confitentes.
2332 1147 2551 1206 Sabellii
2581 1162 2762 1203 autem
2793 1156 2849 1203 et
2878 1147 3125 1214 Photini,
3161 1162 3264 1202 nec
3307 1161 3418 1202 non
3448 1148 3568 1202 Arii

1957 1253 2184 1309 sectam,
2231 1253 2287 1299 et
2324 1244 2371 1298 si
2426 1258 2530 1313 qua
2581 1241 2686 1295 alia
2744 1252 2873 1295 sunt
2927 1258 3048 1312 qua:
3088 1251 3279 1296 contra
3318 1242 3565 1312 regulam

1951 1341 2195 1393 veritatis
2253 1339 2516 1402 veniunt,
2564 1334 3019 1389 condemnainus.
3076 1333 3317 1389 Nicaanae
3374 1344 3562 1388 autem

1951 1432 2145 1505 synodi
2177 1440 2466 1487 tractatum
2491 1429 2639 1482 omni
2670 1428 2836 1481 animi
2866 1429 2989 1483 nisu
3024 1442 3095 1482 ex
3139 1436 3249 1481 tota
3300 1426 3410 1481 [ide
3440 1440 3560 1480 ser-

1952 1538 2142 1583 vantes
2162 1570 2177 1595 ,
2205 1526 2593 1597 amplectimur
2626 1542 2638 1577 :
2681 1526 2823 1578 hunc
2854 1524 3001 1578 enim
3026 1531 3320 1575 tractatum
3348 1521 3554 1575 scimus

1949 1632 2139 1676 contra
2170 1634 2360 1674 omnes
2384 1618 2620 1673 haereses
2650 1618 2850 1672 invicta
2879 1616 3110 1670 veritate
3137 1613 3472 1684 oppositum.

1801 1868 2034 1974 ΙΙΙ.

1404 2054 1961 2140 L'IBELLUS
2037 2057 2385 2140 FIDEI.

285 2230 576 2287 Credimus
602 2241 631 2270 ⁸
666 2246 841 2288 unum
870 2232 1041 2287 Deum
1066 2276 1081 2302 ,
1110 2233 1328 2290 Patrem
1360 2239 1795 2310 omnipotentem
1816 2285 1831 2310 ,
1863 2247 1910 2306 B
1939 2259 2235 2314 numquam
2266 2244 2492 2298 desierit
2535 2258 2657 2298 esse
2703 2224 2754 2297 in
2805 2243 2948 2299 caelo
2979 2259 2993 2296 :
3024 2251 3183 2298 natus
3223 2241 3293 2298 de
3340 2241 3550 2311 Spiritu

796 2030 820 2042 δ

221 2333 273 2379 ει
301 2340 464 2380 unum
499 2325 856 2396 unigenitum
886 2325 1082 2382 Filium
1112 2329 1230 2397 ejus
1259 2330 1428 2385 Deum
1462 2342 1516 2387 et
1547 2334 1833 2389 Dominum

220 2414 560 2472 Salvatorem
608 2426 901 2485 nostrum,
936 2427 993 2474 et
1034 2419 1297 2489 Spiritum
1340 2435 1588 2480 sanctum
1622 2426 1835 2482 Deum:

221 2524 321 2564 non
346 2519 456 2565 tres
481 2510 636 2565 Deos
661 2510 879 2566 Patrem
901 2521 955 2566 et
978 2510 1174 2567 Filium
1197 2524 1253 2569 et
1276 2514 1537 2585 Spiritum
1562 2531 1833 2588 sanctum,

219 2603 308 2658 sed
354 2619 525 2658 unum
563 2603 747 2658 Deum
795 2619 920 2659 esse
968 2605 1314 2661 confitemur.
1368 2607 1485 2664 Non
1539 2613 1620 2665 sic
1670 2629 1834 2667 unttm

220 2698 412 2768 Deum,
447 2703 613 2769 quasi
656 2700 1007 2765 solitarium,
1054 2716 1154 2756 nec
1194 2703 1485 2772 eumdem,
1528 2706 1625 2777 qui
1652 2706 1678 2745 ι)
1713 2708 1833 2778 ipse

219 2791 314 2846 sibi
348 2792 517 2848 Pater
549 2796 664 2859 sit,
705 2792 824 2863 ipse
854 2804 907 2848 et
941 2793 1149 2861 Filius;
1198 2796 1292 2851 sed
1334 2797 1553 2854 Patrem
1600 2816 1791 2855 verum
1813 2844 1829 2869 ,

219 2888 305 2956 qui
335 2890 523 2956 genuit
557 2885 767 2941 Filium
801 2902 994 2941 verum
1014 2930 1026 2948 .
1059 2899 1077 2924 ε
1106 2899 1164 2941 ιιι
1194 2899 1278 2944 εει
1312 2891 1453 2945 Deus
1484 2891 1551 2945 de
1582 2892 1723 2958 Deo,
1752 2895 1834 2948 Iu-

224 2992 347 3033 men
368 2979 437 3034 de
462 2966 696 3045 lumine,
732 2979 843 3033 vita
875 2994 941 3034 ex
972 2980 1108 3046 vita,
1146 2982 1446 3051 perfectura
1471 2984 1540 3039 de
1563 2985 1827 3055 perfecto,

226 3080 392 3128 totum
437 3089 465 3127 a
510 3083 660 3139 toto,
700 3073 922 3143 plenutn
955 3088 983 3128 a
1028 3074 1219 3143 pleno;
1264 3093 1370 3130 non
1409 3090 1688 3146 creatum,
1734 3080 1828 3135 sed

229 3167 501 3238 genitum;
536 3183 647 3222 non
683 3181 751 3221 ex
771 3165 940 3220 nihilo
972 3208 987 3233 ,
1017 3166 1110 3221 sed
1143 3183 1207 3222 ex
1241 3168 1434 3234 Patre,
1458 3167 1482 3205 ἀ
1515 3172 1672 3223 unius
1704 3172 1832 3226 sub-

218 3260 430 3315 stantia:
456 3275 581 3314 cum
612 3259 782 3315 Patre
806 3268 859 3312 ιε’
892 3257 1160 3329 Spiritum
1190 3275 1320 3314 vero
1347 3271 1599 3315 Sanctum
1637 3263 1826 3327 Deum,

220 3366 318 3407 non
359 3353 709 3423 ingenitum,
750 3366 926 3421 neque
967 3352 1240 3420 genitum;
1274 3366 1382 3407 non
1415 3366 1695 3421 creatum,
1732 3370 1831 3409 nec

220 3446 453 3514 factum;
480 3449 575 3503 sed
603 3446 789 3501 Patris
811 3458 863 3501 et
889 3445 1034 3510 Filii,
1060 3462 1283 3517 semper
1303 3446 1354 3501 in
1375 3447 1555 3513 Patre,
1576 3457 1630 3502 et
1655 3447 1827 3502 Filiof

220 3552 578 3598 coaeternum.
610 3540 959 3595 Venerantur
989 3550 1167 3594 tamen
1203 3555 1368 3593 unum
1412 3540 1584 3595 Deum
1612 3558 1626 3594 :
1654 3551 1679 3588 ts
1704 3543 1828 3612 quia

1941 2349 2135 2391 saneto
2179 2352 2245 2390 ex
2291 2336 2503 2405 virgine
2546 2335 2731 2389 Maria.
2763 2334 3006 2389 Verbum
3040 2349 3171 2390 caro
3202 2334 3405 2389 factum
3441 2349 3549 2387 non

1940 2428 2123 2484 amisit
2152 2428 2294 2497 quod
2327 2428 2533 2495 fuerat,
2591 2428 2686 2482 sed
2718 2427 2881 2497 cmpit
2908 2442 3031 2482 esse
3059 2426 3207 2497 quod
3262 2440 3372 2480 non
3403 2435 3543 2480 erat.

1944 2520 2098 2579 iNon
2131 2518 2471 2577 demut’atum
2506 2519 2601 2575 sed
2634 2530 3043 2590 permanentem
3076 2519 3241 2574 etiam
3268 2519 3547 2573 hominem

1939 2627 2158 2679 natum,
2186 2632 2292 2670 non
2318 2616 2580 2686 putative,
2607 2615 2700 2670 sed
2726 2631 2883 2682 vere;
2911 2634 3019 2671 non
3051 2617 3282 2680 aerium,
3309 2612 3405 2667 sed
3429 2627 3550 2667 cor-

1937 2728 2198 2784 poreum;
2224 2728 2328 2765 non
2350 2712 2751 2782 phantasticum
2773 2755 2786 2777 ,
2812 2712 2906 2767 sed
2936 2725 3229 2774 carneuin;
3254 2722 3402 2772 ossa,
3427 2722 3548 2761 san-

1931 2809 2184 2878 guinem,
2219 2822 2439 2860 sensum
2470 2815 2526 2861 et
2555 2807 2793 2861 animam
2828 2806 3120 2861 habentem
3145 2819 3159 2869 ;
3184 2806 3211 2840 ι
3245 2803 3317 2857 ita
3353 2816 3541 2855 verum

1938 2901 2110 2955 Deum
2141 2908 2197 2954 et
2227 2915 2413 2954 verum
2464 2898 2737 2954 hominem
2786 2898 3184 2968 intelligimus:
3228 2896 3303 2950 ita
3352 2909 3539 2950 verum

1938 2992 2216 3046 hominem
2240 3007 2428 3047 verum
2451 2992 2619 3047 Deum
2646 2992 2816 3047 fuiSse
2842 2991 2993 3045 nullo
3016 2989 3176 3044 modo
3197 2987 3542 3058 amhigimus.

1932 3081 2312 3140 Cenﬁtendum
2349 3094 2433 3138 est
2464 3085 2607 3139 hunc
2651 3084 2905 3140 eumdem
2953 3084 3245 3138 Dominum
3291 3093 3540 3136 nostrum

1931 3175 2104 3231 Jesuu
2148 3177 2421 3231 Catus'ruu
2482 3177 2811 3245 adimplesse
2866 3178 3041 3245 legem
3091 3183 3145 3230 et
3200 3175 3535 3243 prophetas,

1935 3285 2152 3339 paswm
2195 3270 2297 3325 sub
2329 3270 2525 3325 Pontio
2568 3271 2773 3334 Pilato,
2808 3266 2827 3305 1
2866 3269 3189 3323 cruciﬁxum
3237 3266 3539 3322 secundum

1932 3363 2245 3433 Scripturas
2266 3406 2279 3428 ,
2317 3373 2590 3416 mortuum
2625 3373 2680 3417 et
2713 3362 2987 3431 sepultum
3018 3360 3321 3415 secundum
3353 3357 3543 3429 Scrip-

1935 3466 2121 3525 turas,
2157 3458 2313 3513 tertia
2345 3458 2434 3512 die
2477 3472 2506 3511 a
2554 3457 2782 3513 mortuis
2824 3456 3164 3517 surrexisse,
3199 3464 3542 3525 assumptum

1933 3550 1990 3603 in
2021 3550 2226 3616 ccelos,
2269 3549 2459 3604 sedere
2499 3549 2566 3603 ad
2610 3549 2891 3604 dexteram
2924 3549 3135 3614 Patris;
3173 3548 3308 3603 inde
3346 3555 3545 3603 ventu-

220 3649 281 3690 ex
305 3650 417 3689 uno
443 3635 609 3689 Patre
634 3640 813 3687 totum
840 3631 982 3701 quod
1023 3631 1198 3686 Patris
1222 3642 1327 3701 εει,
1359 3644 1519 3686 natus
1548 3641 1633 3687 est
1662 3632 1828 3690 Filius

1943 3643 2323 3713 rumjudicare
2349 3645 2504 3697 vivos
2523 3654 2573 3698 et
2598 3652 2843 3699 mortuos
2866 3651 3269 3712 exsliectamus.
3299 3641 3355 3696 ln
3381 3643 3543 3712 hujus

220 3729 389 3796 Deus;
425 3740 479 3787 et
512 3732 564 3783 in
599 3729 764 3783 Patre
796 3736 965 3782 totum
1005 3727 1148 3797 quod
1181 3728 1354 3794 inest,
1386 3726 1411 3764 ιι
1442 3737 1613 3784 totum
1637 3732 1826 3801 genuit

220 3820 438 3877 Filium.
466 3823 632 3878 Pater
656 3820 857 3875 Filium
879 3834 1151 3890 generans
1180 3836 1285 3874 non
1316 3820 1503 3874 minuit
1531 3862 1545 3887 ,
1570 3836 1667 3876 nec
1690 3823 1826 3876 ami-

218 3916 281 3969 sit
312 3915 683 3986 plenitudinis
718 3926 833 3966 Sua:
863 3912 1125 3966 deitatem
1153 3929 1166 3964 :
1207 3921 1376 3965 totum
1409 3923 1591 3967 autem
1631 3912 1645 3950 ί
1682 3914 1823 3984 quod

217 4007 359 4063 Deus
385 4007 552 4062 Pater
579 4016 699 4071 est,
728 4004 781 4059 id
805 4019 927 4060 esse
956 4014 1009 4058 et
1040 4003 1235 4058 Filium
1265 4004 1333 4060 ab
1361 4020 1427 4059 eo
1460 4015 1641 4059 natum
1663 4049 1677 4071 ,
1704 4022 1826 4061 cer-

216 4100 430 4157 tissime
470 4108 750 4155 tenentes.
799 4098 931 4151 Cum
967 4097 1172 4164 Spiritu
1217 4108 1413 4152 sancto
1444 4115 1607 4153 unum
1652 4100 1821 4155 Deum

218 4194 463 4263 piissime
502 4190 841 4246 conﬁtemur
876 4189 1043 4244 Jesuu
1072 4188 1350 4244 Cumsruu
1378 4190 1666 4245 Dominum
1702 4208 1823 4247 nos-

218 4294 359 4340 trum
381 4330 395 4351 ,
434 4286 526 4339 Dei
560 4284 763 4339 Filium
792 4323 806 4347 ,
832 4295 936 4352 per
957 4296 1114 4351 quem
1142 4282 1320 4335 omnia
1354 4283 1491 4337 facta
1524 4293 1672 4349 sont,
1701 4300 1823 4355 quae

220 4378 272 4433 in
322 4378 476 4434 caelis
525 4387 579 4433 et
610 4391 739 4447 quae
786 4378 837 4429 in
884 4382 1069 4438 terra,
1119 4375 1350 4430 \isibilia
1395 4385 1449 4430 et
1486 4376 1821 4431 invisibilia:

219 4484 441 4545 propter
490 4485 739 4530 nostram
794 4473 1022 4528 salutem
1069 4471 1353 4526 descendit
1393 4471 1463 4527 de
1510 4473 1682 4537 caelo;
1730 4473 1824 4544 qui

293 4599 320 4626 ³
363 4590 553 4645 Unum.
601 4588 780 4644 Codd.
814 4588 933 4641 Vat.
966 4596 1022 4642 et
1041 4585 1265 4651 Vallic.,
1294 4587 1346 4640 in
1371 4604 1548 4641 unum.
1581 4586 1704 4642 Mox
1732 4630 1746 4654 ,
1772 4590 1829 4643 in

220 4677 384 4733 unum
415 4664 745 4733 unigmitum
774 4658 970 4733 Ij‘ilium
999 4662 1111 4731 ejus
1139 4656 1319 4733 Iesum
1348 4658 1610 4733 C_Itristum
1640 4658 1823 4715 Deum.

228 4732 332 4855 F113.
360 4732 482 4802 Ipse
505 4728 625 4789 sibi.
657 4728 1108 4797 Codd.Lucens.,
1136 4731 1243 4801 ipse
1271 4733 1337 4783 sit
1366 4728 1545 4795 Pater,
1567 4732 1634 4785 sit
1654 4733 1763 4801 ipse
1783 4744 1830 4788 et

278 4822 290 4855 ι
316 4822 414 4855 ius.

278 4806 414 4858 ilius.

298 4887 318 4914 ε
365 4875 431 4931 Ut
458 4886 532 4931 est
563 4877 634 4931 Β.
681 4874 869 4941 Crah.,
898 4874 950 4927 id
976 4885 1050 4928 est
1083 4872 1243 4926 Deum
1273 4872 1336 4926 de
1369 4873 1495 4928 Deo.

295 4944 321 4983 ἀ
363 4948 529 5003 Unius
576 4947 743 5002 subst.
796 4948 1027 5013 Quesn.,
1060 4954 1109 4999 et
1149 4946 1300 5014 unius
1340 4945 1500 5000 subst.
1542 4945 1827 5014 Conjunc-

231 5018 427 5074 tionem
459 5023 725 5074 omittunt
758 5020 927 5072 nostri
958 5018 1115 5071 codd.
1151 5028 1202 5069 et
1234 5013 1393 5070 Crab.

299 5100 320 5127 θ
360 5092 621 5158 Spiritum
663 5106 781 5143 vero
813 5099 1046 5143 sanctum
1091 5086 1154 5140 ι).
1200 5086 1271 5139 lta
1306 5103 1428 5141 cum
1461 5086 1822 5158 Crah.,,codd.

228 5177 352 5217 mss.
381 5156 539 5231 Apud
566 5161 796 5228 Quesn.,
824 5171 868 5214 et
893 5160 1147 5231 Spiritum
1169 5165 1402 5231 sanctum
1426 5176 1603 5214 verum
1630 5156 1820 5212 Deum.

300 5233 317 5272 ί
360 5217 709 5290 coartet-tium.
759 5217 1362 5298 Crah.completisque
1410 5231 1617 5285 nostris
1659 5231 1821 5285 codd.
1854 5217 1907 5276 D

227 5305 323 5359 alia
365 5306 813 5375 interpunctione
832 5342 846 5367 ,
876 5310 1181 5356 cowternum
1202 5316 1527 5367 veneramur,
1556 5319 1715 5356 unum
1746 5315 1826 5356 ta-

229 5392 337 5433 men
368 5377 560 5432 Deum.

226 5466 239 5490 ε
295 5460 320 5498 s
345 5449 499 5517 Quia.
527 5446 723 5511 Crah.,
747 5444 992 5517 quihlox
1010 5444 1268 5510 Lucens.,
1308 5442 1500 5500 Vallic.
1527 5456 1581 5501 et
1601 5457 1834 5516 uterque

228 5516 375 5591 γεω
400 5522 545 5576 Deus
572 5529 727 5573 natus
745 5516 827 5591 est
856 5516 1042 5591 Filius.

293 5592 321 5632 ιι
353 5588 557 5649 Totum
589 5607 712 5660 gen.
744 5588 862 5643 Vat.
896 5589 1036 5644 1542
1057 5629 1071 5651 ,
1118 5596 1281 5642 totum
1301 5590 1476 5659 genuit
1519 5590 1573 5643 in
1606 5588 1827 5660 Eilium.

229 5665 418 5722 Vallic.
454 5676 511 5720 et
540 5665 685 5717 alius
714 5660 861 5725 Vat.,
890 5671 1050 5713 totum
1090 5662 1405 5730 ingenitum,
1437 5670 1483 5713 et
1514 5662 1566 5713 in
1603 5659 1826 5717 Filium.

300 5740 315 5775 ί
364 5738 518 5806 Quod
551 5734 695 5789 Deus
728 5731 883 5786 Pater
908 5739 1003 5806 est.
1032 5731 1493 5806 lta_cotltt.AYind.
1525 5748 1589 5787 ac
1614 5734 1827 5806 Thuan.

227 5802 701 5870 consentientibus
741 5805 952 5860 caeteris
989 5802 1244 5859 omnibus
1281 5803 1510 5859 aliarum
1540 5803 1827 5862 collectio-

1935 3748 2119 3793 morte
2150 3746 2206 3793 et
2240 3739 2505 3807 sanguine
2539 3739 2832 3792 inundatos
2858 3748 2898 3773 ιιι
2928 3739 3306 3793 remissionem
3346 3751 3543 3807 pecca-

1935 3842 2112 3887 torum
2154 3843 2511 3896 consecutos;
2563 3831 2970 3887 resuscitandos
3014 3845 3115 3885 nos
3144 3833 3213 3885 ab
3251 3846 3317 3885 eo
3357 3831 3413 3884 in
3456 3828 3541 3884 his

1935 3924 2258 3993 corporibus
2280 3936 2335 3978 et
2361 3926 2412 3978 in
2439 3925 2627 3980 eadem
2659 3940 2825 3979 carne.
2846 3939 2950 3993 qua
2983 3938 3127 3977 nunc
3150 3937 3368 3987 sumus;
3400 3923 3544 3977 sicut

1935 4029 1990 4074 et
2032 4020 2149 4088 ipse
2180 4020 2231 4073 in
2272 4020 2461 4075 eadem
2507 4034 2675 4074 carne
2721 4036 2827 4087 qua
2868 4028 3028 4074 natus
3071 4027 3153 4072 est
3180 4027 3237 4072 et
3270 4031 3461 4086 passus
3489 4024 3545 4069 et

1934 4124 2183 4167 mortuus
2200 4154 2212 4174 ,
2237 4114 2539 4168 resurrexit
2567 4132 2579 4165 :
2614 4123 2669 4168 et
2700 4114 2910 4167 animas
2935 4127 3058 4166 cum
3091 4111 3192 4164 hac
3216 4124 3380 4163 carne
3401 4107 3432 4136 ’³
3455 4108 3545 4163 vel

1930 4219 2163 4276 corpOra
2188 4218 2370 4261 nostra
2403 4208 2469 4261 ab
2491 4222 2559 4261 eo
2578 4248 2592 4272 ,
2618 4215 2713 4260 aut
2734 4208 2903 4261 vitam
2930 4215 3191 4259 mternam
3214 4245 3228 4267 ,
3252 4202 3541 4271 praemium

1930 4297 2057 4353 boni
2088 4299 2272 4353 meriti
2292 4341 2304 4361 ,
2333 4307 2427 4353 aut
2454 4300 2781 4354 sententiam
2810 4314 2912 4369 pro
2941 4298 3175 4368 peccatis
3198 4297 3387 4351 aeterni
3416 4310 3544 4363 sup-

1931 4390 2079 4461 plicii
2105 4400 2446 4464 recepturos.

1939 4611 2091 4669 num.
2129 4596 2280 4653 Unus
2310 4599 2547 4667 Quesn.,
2580 4596 2718 4669 quod
2750 4594 2908 4649 Pater
2947 4602 3019 4649 est
3052 4590 3193 4648 Deus
3216 4633 3229 4659 ,
3262 4592 3397 4647 idem
3435 4610 3547 4649 esse

1938 4679 1986 4721 et
2020 4667 2287 4723 Filium...
2317 4667 2604 4725 certissime
2636 4680 2882 4722 tenemus.

2017 4740 2031 4789 J'
2085 4740 2209 4794 Non
2237 4740 2434 4795 demut.
2473 4743 2564 4798 Sic
2606 4756 2796 4794 omnes
2825 4739 2994 4793 nostri
3024 4737 3187 4793 codd.
3231 4747 3286 4793 et
3327 4736 3538 4794 Thuan.

1938 4812 2169 4878 Quesn..
2205 4828 2308 4865 non
2357 4813 2713 4880 demutatum,
2763 4812 2853 4866 sed
2896 4827 3219 4882 permanens.
3270 4808 3542 4868 Credimus

1936 4882 2195 4937 hominem
2225 4893 2421 4939 natum.

2008 4952 2032 4990 ιι
2075 4955 2163 5008 Ita
2189 4970 2364 5009 verum
2387 4954 2453 5008 D.
2479 4954 2668 5010 Melior
2688 4954 2899 5010 videtur
2923 4955 3085 5011 lectio
3115 4954 3242 5010 cod.
3269 4953 3536 5022 Lucens.,

1933 5026 2005 5079 ita
2046 5043 2221 5081 rerum
2264 5028 2527 5081 hominem
2564 5038 2610 5080 et
2652 5043 2826 5080 verum
2856 5025 3022 5080 Deum
3069 5026 3444 5095 intelligimus,
3480 5039 3538 5081 ut

1932 5112 2106 5151 verum
2138 5096 2303 5151 Deum
2330 5114 2504 5152 verum
2533 5098 2790 5152 hominem
2820 5101 2981 5170 fuisse
3014 5096 3159 5152 nullo
3188 5100 3340 5154 modo
3368 5098 3536 5154 ambiv

1931 5184 2114 5240 gamus
2137 5170 2506 5240 conﬁtendum.

2014 5238 2027 5274 1
2078 5238 2417 5309 cruciﬁxum,
2447 5241 2676 5308 Quesn.,
2706 5242 3010 5310 cruciﬁxum
3035 5251 3084 5295 et
3107 5252 3387 5299 mortuum.

2008 5320 2046 5346 ιιι
2090 5310 2373 5384 inundatos
2402 5314 2603 5367 remiss.
2631 5312 2836 5380 Quesn.
2878 5315 3067 5367 inserit
3097 5315 3269 5384 conﬁt:
3283 5330 3421 5369 mur.

2012 5389 2039 5416 ἰ
2091 5380 2183 5435 Vel
2222 5400 2441 5453 corpora
2474 5391 2671 5437 nostra.
2720 5384 2847 5438 Haec
2875 5384 3041 5438 verba
3085 5380 3287 5440 delevit
3328 5388 3533 5453 Quesn.

1941 5452 2065 5507 licet
2099 5453 2331 5508 fateatur
2362 5456 2452 5509 illa
2483 5456 2734 5510 exhiberi
2769 5458 2819 5509 in
2854 5456 3066 5510 duobus
3106 5456 3320 5510 Thuan.
3358 5452 3444 5511 uti
3478 5457 3535 5511 in

1936 5525 2204 5598 omnibus
2230 5530 2433 5581 nostris
2467 5528 2707 5598 quinque
2752 5527 2913 5583 codd.
2952 5527 3290 5583 diversarum
3336 5527 3535 5581 collec-

1936 5596 2145 5648 tionum
2196 5597 2451 5665 leguntur
2486 5596 2493 5598 ⁷
2527 5596 2686 5653 Solus
2736 5599 2969 5653 anens.
3022 5610 3143 5667 post
3192 5600 3270 5652 vel
3311 5613 3531 5668 corpora

1935 5678 2109 5719 nostra
2138 5667 2359 5737 subjirit
2383 5671 2693 5737 accepimus.
2728 5671 2917 5724 Melius
2950 5670 3142 5726 Vallic.
3172 5679 3229 5723 et
3260 5667 3407 5732 Vat.,
3440 5685 3529 5731 ace

1932 5746 2202 5812 eepturas,
2239 5739 2419 5792 deleto
2464 5742 2514 5795 in
2562 5742 2670 5797 line
2700 5741 2867 5797 verbo
2912 5749 3209 5811 recepturos
3234 5754 3253 5793 :
3290 5754 3390 5809 pro
3418 5742 3529 5812 quo

1930 5806 2163 5878 Quesn.,
2188 5819 2503 5881 recepturus.
