4106 6344
553 314 625 368 55

1774 309 1834 365 S.
1878 302 2320 366 ANASTASIUS
2357 306 2379 361 1
2419 307 2621 366 PAPA.

3787 306 3859 366 56

544 434 741 505 probo,
775 433 872 499 ait,
919 433 965 487 si
1006 439 1247 496 accusat,
1296 438 1607 498 auctorem,
1648 437 1705 486 et
1748 428 2148 485 exsecrandum
2172 425 2308 489 Ain
2339 427 2474 485 urbe
2519 430 2690 486 Roma
2722 430 2927 502 positi,
2971 446 3135 503 quam
3177 433 3435 503 princeps
3476 430 3857 503 apostolorum

541 529 745 584 factum
786 525 1002 596 populis
1031 525 1233 596 prodit,
1260 534 1318 580 ut
1341 525 1505 594 justis
1535 523 1753 579 tandem
1794 522 1935 578 odiis
1964 532 2152 580 tenea-

544 628 665 686 tur,
695 634 857 690 quem
900 620 1011 689 jam
1048 618 1252 674 dudum
1298 617 1443 673 fama
1474 616 1916 672 constrinxerat:
1947 616 1993 671 si
2021 632 2150 673 vero

547 713 825 779 interpres
861 720 1141 768 tantorum
1172 712 1438 766 malorum
1466 725 1795 767 consensum
1828 719 2147 782 praestat...

547 805 682 859 nihil
713 804 859 859 aliud
889 810 969 859 sui
1011 820 1181 876 opera
1218 804 1426 859 laboris
1454 804 1751 869 exstruxit,
1787 805 1891 859 nisi
1922 815 1981 860 ut
2023 822 2151 876 pro-

546 898 683 969 priae
716 897 887 953 veluti
918 900 1117 953 mentis
1147 897 1397 961 arbitrio,
1433 896 1549 953 haec
1576 913 1697 967 qua:
1723 898 1861 965 sola,
1891 914 2011 968 qua:
2040 899 2152 970 pri—

551 1006 660 1056 ma,
698 1006 820 1059 quae
869 990 1014 1060 apud
1059 989 1367 1045 catholicos
1406 988 1745 1045 Christianos
1775 1007 1905 1046 vera
1948 992 2148 1049 ﬁde....

547 1092 828 1150 tenentur,
880 1083 1175 1153 inOpinatae
1229 1084 1385 1137 titulo
1429 1085 1754 1139 assertionis
1794 1093 2086 1141 everteret.
2126 1106 2145 1139 ι

546 1176 719 1231 Paulo
748 1186 875 1231 ante
904 1186 1167 1247 praeterea
1200 1177 1298 1250 (α).
1339 1178 1633 1247 «(Ruﬁnum
1657 1178 2008 1235 conscientia:
2036 1196 2152 1235 suae

548 1268 787 1322 divinam
840 1269 1040 1324 habere
1088 1269 1351 1323 arbitram
1410 1270 1752 1339 majestatem
1808 1290 1826 1322 ι
1884 1269 2149 1327 declarat.

548 1364 676 1418 Haec
704 1364 919 1434 aliaque
954 1362 1008 1416 in
1035 1362 1281 1418 eamdem
1314 1363 1663 1429 sententiam,
1698 1380 1817 1433 quae
1856 1364 1999 1433 apud
2034 1365 2152 1419 lau-

544 1455 702 1509 datos
747 1455 1045 1525 scriptores
1092 1455 1254 1509 latius
1287 1464 1619 1524 pertractata
1650 1455 1833 1510 videas
1860 1498 1873 1522 ,
1908 1458 2145 1526 apertis-

546 1549 686 1602 sime
726 1560 961 1619 arguunt
1010 1547 1152 1602 haud
1201 1548 1367 1604 fuisse
1413 1549 1480 1603 ab
1510 1548 1801 1604 Anastasio
1827 1550 2148 1606 damnatum

551 1639 830 1695 Ruﬁnum.
860 1640 1132 1695 Caeterum
1166 1655 1287 1710 qua:
1324 1640 1391 1694 ad
1424 1641 1582 1707 huius
1622 1641 1918 1713 epistolaa§
1953 1644 1986 1698 5
2020 1644 2149 1698 illu-

545 1732 834 1787 strandum
866 1748 934 1787 ex
966 1731 1233 1785 Vallarsio
1264 1734 1666 1799 annotavimus,
1696 1742 1857 1789 antea
1889 1736 2146 1804 pervide-

2249 521 2439 575 statuit
2466 530 2524 577 et
2562 521 2666 578 fide
2709 536 2806 577 sua
2835 524 3181 580 confirmavit
3208 525 3486 596 gloriosus
3517 524 3747 591 Petrus,
3784 538 3855 581 ne

2249 615 2372 686 quis
2402 626 2594 671 contra
2622 627 2955 688 praeceptum
2995 619 3137 691 legat
3161 635 3283 691 quae
3324 620 3564 675 diximus
3588 662 3602 686 ,
3633 614 3869 675 damna?

2252 707 2471 775 vimus,
2519 718 2575 764 et
2619 723 2745 765 cum
2785 712 2996 782 magnis
3044 714 3297 783 precibus
3328 715 3728 784 postulavimus
3754 754 3770 779 ,
3800 720 3861 769 ut

2251 800 2676 873 Evangeliorum
2705 805 2951 861 instituta
2979 822 3100 877 qutc
3118 822 3184 862 ex
3210 822 3307 862 ore
3335 822 3433 863 suo
3458 807 3552 863 Dei
3581 805 3856 863 etChristi

2251 894 2437 951 docuit
2466 912 2699 953 censura
2722 896 2774 965 ἀ,
2800 900 2867 953 ab
2882 899 2980 954 hac
3003 900 3187 955 recedi
3217 901 3443 954 omnino
3485 914 3589 954 non
3616 899 3856 966 debere,

2252 987 2347 1042 sed
2369 988 2500 1043 illud
2527 989 2578 1043 in
2599 992 2919 1047 memoriam
2943 991 3161 1060 deduci,
3188 992 3333 1063 quod
3354 992 3552 1047 Paulus
3567 992 3858 1048 venerabi-

2252 1083 2321 1139 lis
2347 1086 2629 1153 apostolus
2648 1087 2899 1156 prmdixit
2923 1098 3087 1158 atque
3110 1088 3450 1142 commonuit
3477 1104 3489 1141 :
3510 1086 3571 1142 Si
3592 1087 3704 1155 quis
3719 1085 3858 1141 vobis

2254 1176 2679 1247 euangelizaverit
2690 1190 2876 1249 prceter
2887 1181 3025 1249 quod
3039 1180 3445 1250 euangelizatum
3460 1189 3534 1233 est
3548 1179 3708 1244 vobis,
3726 1194 3860 1233 ana-

2255 1268 2424 1323 thema
2440 1271 2526 1325 sit.
2554 1291 2572 1323 ι
2592 1270 2818 1339 Reliqua
2837 1288 3019 1341 porro,
3040 1283 3198 1343 prout
3213 1274 3265 1327 in
3284 1273 3502 1343 vulgato
3534 1272 3856 1342 exemplari.

2264 1372 2267 1377 '
2327 1363 2380 1417 5.
2416 1360 2510 1419 His
2538 1364 2747 1419 duabus
2779 1366 3050 1420 Anastasii
3084 1366 3333 1437 epistolis
3380 1365 3700 1437 Apologiam
3732 1366 3861 1422 sub-

2254 1452 2513 1521 didimus,
2549 1471 2713 1525 quam
2736 1456 2802 1511 ad
2833 1457 3089 1513 eumdem
3123 1457 3435 1528 pontiﬁcem
3465 1472 3567 1529 pro
3604 1473 3664 1514 se
3703 1459 3859 1515 misit

2256 1546 2485 1603 Rufinus
2514 1549 2911 1619 Aquileiensis;
2939 1550 3323 1606 Coustantium
3363 1551 3659 1618 assectati,
3700 1551 3859 1622 cujus

2257 1641 2486 1710 proinde
2515 1644 2796 1713 exemplar
2834 1658 2935 1714 pro
2965 1659 3117 1700 more
3149 1644 3237 1699 hic
3264 1644 3637 1715 expressimus
3672 1664 3685 1699 :
3724 1644 3859 1701 illud

2258 1741 2436 1789 tamen
2483 1736 2817 1791 contulimus
2860 1751 2986 1792 cum
3031 1736 3212 1792 Rufini
3262 1753 3489 1807 Operum
3537 1736 3782 1793 editione
3829 1751 3862 1793 a

550 1836 637 1881 rat
664 1836 849 1880 noster
876 1825 1242 1894 Hieronymus
1269 1824 1337 1880 de
1368 1826 1554 1892 Prato,
1585 1840 1746 1896 quem
1772 1826 1999 1897 proinde
2021 1843 2152 1885 con-
2181 1813 2231 1875 Β
2257 1825 2527 1907 Vallarsio
2584 1829 2820 1884 solerter
2865 1829 3136 1885 adornata
3164 1873 3178 1898 ,
3231 1831 3325 1902 qui
3371 1830 3437 1885 ad
3472 1846 3574 1884 ms.
3614 1829 3863 1887 codicem

551 1919 735 1975 sulere
754 1917 961 1987 juverit
991 1916 1091 1989 (ὁ).

623 2015 677 2069 5.
724 2011 969 2067 Alteram
1002 2011 1275 2067 Anastasii
1305 2011 1371 2067 ad
1402 2012 1821 2082 Simplicianum
1850 2014 2151 2071 antistitem

551 2105 1018 2161 Mediolanensem
1070 2103 1397 2172 epistolam,
1448 2103 1594 2158 haud
1640 2104 1713 2159 ita
1761 2104 1968 2174 pridem
2012 2106 2154 2161 inter

549 2198 980 2269 llieronymiana
1010 2200 1216 2268 scripta
1246 2196 1515 2268 evulgavit
1538 2210 1664 2252 cum
1705 2197 1827 2253 aliis
1860 2198 2155 2255 luculentis

550 2293 782 2345 vetustis
811 2290 1118 2347 litterarum
1149 2290 1519 2346 monumentis
1542 2305 1607 2345 ex
1624 2290 2005 2361 antiquissimo
2026 2291 2155 2348 Am-

548 2383 822 2439 brosianus
869 2383 1215 2439 bibliotheca:
1253 2384 1444 2440 codice
1491 2400 1595 2440 ms.
1646 2386 1896 2440 eruditus
1946 2387 2155 2442 Vallar-

551 2478 668 2532 sius
696 2477 795 2548 (c).
821 2477 879 2531 In
908 2493 972 2531 ea
1004 2492 1140 2531 vero
1163 2484 1386 2532 sanctus
1409 2477 1679 2547 pontifex,
1723 2477 2010 2550 Theophili
2039 2478 2153 2548 epi-

550 2571 705 2640 scopi
733 2570 1089 2625 Alexandrini
1117 2570 1362 2625 studium
1394 2586 1457 2625 ac
1502 2572 1838 2641 vigilantiam
1885 2572 2148 2641 laudans,

549 2662 801 2733 Origenis
831 2678 1051 2719 errores
1078 2678 1202 2719 cum
1242 2678 1342 2719 suo
1369 2676 1595 2721 auctore
1625 2665 1692 2720 ab
1733 2681 1792 2722 se
1816 2669 2153 2738 proscriptos

544 2754 814 2811 declarat.
873 2755 1197 2826 Hujusmodi
1244 2765 1425 2811 autem
1484 2758 1717 2827 epistola
1776 2760 1879 2813 sub
1936 2760 2152 2814 initium

546 2848 673 2902 anni
702 2862 833 2903 cccc
861 2852 1062 2918 scripta
1096 2847 1268 2904 fuisse
1298 2847 1550 2914 videtur;
1584 2865 1693 2920 quo
1720 2861 1977 2906 currente
2005 2852 2151 2907 Sim-

546 2940 851 3011 plicianum
882 2957 913 2996 e
944 2942 1085 2996 vivis
1112 2942 1450 3007 excessisse,
1483 2940 1643 3013 eique
1687 2946 2019 2999 successisse
2050 2944 2152 3000 Ve-

546 3033 800 3101 nerium,
844 3044 1191 3103 compertum
1226 3033 1511 3089 habemus.
1555 3034 1673 3102 Qua
1719 3035 1787 3091 de
1814 3050 1875 3091 re
1921 3047 2043 3105 post
2073 3038 2146 3093 cl.

545 3126 816 3183 editorem
850 3127 928 3199 (d)
958 3128 1240 3196 complura
1274 3130 1445 3198 probe
1475 3129 1763 3185 observata
1811 3131 1960 3203 legas
1998 3133 2143 3203 apud

2256 1920 2695 1975 Guarnerianum
2740 1923 2990 1978 eamdem
3037 1923 3355 1995 Apologiam
3404 1921 3604 1993 exegit,
3653 1933 3710 1979 et
3756 1924 3860 1979 ali-

2249 2017 2387 2082 quot
2411 2012 2465 2066 in
2494 2012 2625 2068 locis
2654 2012 2891 2069 feliciter
2913 2016 3150 2070 restituit
3182 2014 3283 2087 (g),
3314 2023 3375 2069 ut
3402 2030 3468 2071 ex
3498 2015 3702 2070 notulis
3733 2014 3862 2070 sub-

2250 2103 2415 2173 jectis
2441 2111 2676 2158 constat.
2712 2103 2862 2159 Hanc
2886 2121 3021 2161 vero
3050 2105 3369 2177 Apologiam
3394 2122 3496 2175 pro
3527 2106 3635 2161 ﬁde
3666 2120 3767 2161 sua
3792 2107 3862 2163 ad

2254 2204 2505 2251 sanctum
2531 2196 2846 2265 pontiﬁcem
2877 2197 3079 2254 direxit
3096 2197 3343 2263 Ruﬁnus,
3371 2213 3480 2269 quo
3503 2213 3615 2253 suae
3638 2199 3860 2270 prospi-

2256 2297 2405 2341 ceret
2432 2286 2855 2354 existimationi,
2901 2290 3176 2358 simulque
3202 2290 3459 2345 invidiam
3488 2291 3630 2362 apud
3671 2292 3860 2347 sedem

2254 2380 2614 2449 apostolicam
2646 2382 2717 2439 ob
2746 2381 3013 2438 librorum
3055 2383 3307 2454 Origenis
3350 2388 3470 2456 περὶ
3500 2385 3706 2461 Ἀρχῶν
3736 2401 3861 2441 ver-

2253 2473 2466 2529 sionem
2498 2473 2603 2530 sibi
2627 2477 2918 2530 conﬁatam
2956 2476 3317 2545 propulsaret.
3352 2476 3472 2542 Quo
3502 2488 3687 2531 autem
3720 2485 3859 2533 tem-

2254 2580 2388 2636 pore
2440 2568 2641 2638 scripta
2674 2569 2761 2623 illa
2802 2567 2999 2635 fuerit,
3043 2583 3164 2624 cum
3196 2584 3261 2623 ex
3300 2570 3418 2639 ipso
3449 2569 3649 2625 Ruﬁno
3675 2612 3688 2635 ,
3742 2581 3857 2628 tum

2254 2677 2320 2717 ex
2385 2663 2720 2735 Hieronymo
2768 2665 3084 2719 edocemur.
3139 2663 3370 2718 Ruﬁnus
3419 2665 3566 2719 enim
3624 2665 3856 2722 Romam

2253 2756 2480 2825 accitus,
2501 2767 2559 2811 ut
2576 2758 2917 2827 suspiciones
2936 2757 3005 2813 de
3024 2757 3133 2813 tide
3152 2774 3247 2812 sua
3281 2759 3351 2814 ibi
3372 2772 3559 2813 coram
3589 2758 3851 2826 dilueret,

2252 2851 2395 2907 hanc
2420 2853 2823 2905 excusationem
2854 2848 3142 2919 praetendit
3164 2849 3248 2923 (h)
3276 2868 3288 2903 :
3323 2849 3604 2917 Quoniam,
3635 2851 3809 2923 inquit
3835 2892 3852 2920 ,

2251 2947 2363 3015 ipse
2405 2960 2533 3000 rosr
2560 2959 2813 3000 TRIGINTA
2858 2960 2997 2999 rens
3046 2960 3214 2999 annos
3266 2944 3567 3015 parentibus
3617 2949 3851 3003 redditus

2251 3055 2393 3105 sum,
2428 3048 2473 3092 et
2503 3039 2691 3092 durum
2720 3039 2848 3093 satis
2892 3049 3048 3110 atque
3083 3040 3425 3093 inhumanum
3467 3049 3616 3110 erat,
3657 3042 3702 3095 si
3746 3052 3851 3097 tant

2251 3134 2351 3187 cito
2376 3132 2661 3186 desererem
2686 3148 2771 3187 eos
2799 3150 2927 3204 quos
2959 3143 3065 3187 tant
3097 3133 3243 3187 tarde
3285 3135 3582 3201 reviseram,
3614 3137 3771 3191 simul
3802 3148 3848 3191 et

546 3218 811 3274 Ballerin.
838 3195 935 3290 (e),
966 3195 1130 3289 atque
1152 3195 1418 3291 imprimis
1444 3223 1584 3292 apud
1615 3195 1892 3298 laudatum
1915 3195 2137 3280 Hieron.
2175 3195 2223 3260 θ
2250 3224 2372 3295 quia
2400 3233 2502 3276 lam
2540 3225 2683 3296 longi
2704 3195 2905 3279 itineris
2931 3224 3077 3278 labor
3108 3225 3430 3296 fragiliorem
3458 3244 3539 3282 me
3572 3195 3751 3283 reddit
3780 3230 3849 3285 ad

546 3312 618 3367 de
630 3312 793 3367 Prato
813 3312 881 3384 (Γ)
899 3332 908 3364 :
929 3315 1021 3383 qui
1038 3314 1278 3383 etipsam
1300 3317 1709 3371 Anastasianam
1725 3318 2017 3386 epistolam
2036 3320 2147 3374 lec-

546 3416 729 3460 torum
760 3406 934 3461 oculis
971 3407 1197 3471 sistens,
1241 3408 1449 3479 aliquot
1481 3411 1532 3464 in
1562 3410 1698 3465 locis
1731 3427 1795 3467 ex
1828 3412 2142 3482 conjectura

549 3500 979 3555 emendatiorem
1013 3499 1281 3556 exhibere
1330 3503 1557 3559 studuit.
1582 3504 1933 3576 Quapropter
1986 3515 2146 3575 prout

542 3608 663 3647 eam
699 3594 783 3648 vir
821 3593 1014 3649 doetus
1040 3596 1400 3652 emaculatum
1432 3599 1658 3668 profert,
1691 3616 1874 3672 operae
1906 3602 2140 3670 pretium

541 3686 707 3742 fuerit
749 3686 838 3741 hic
879 3688 931 3741 in
980 3688 1211 3743 medium
1242 3689 1459 3747 aﬁ‘erre.
1505 3692 1596 3747 Sic
1634 3704 1816 3747 autem
1846 3708 1903 3746 se
1935 3693 2138 3748 habet:

614 3777 670 3831 4.
716 3776 941 3832 Domino
988 3782 1141 3850 fratri
1173 3781 1516 3853 Simpliciano
1554 3786 1874 3838 Anastasius.
1912 3804 1930 3836 ‹
1965 3783 2139 3840 Gran-

544 3871 669 3927 dem
724 3872 1151 3930 sollicitudinem
1198 3885 1360 3947 atque
1415 3880 1675 3933 excubias
1720 3892 1883 3946 super
1909 3893 2135 3949 gregem

537 3980 697 4021 suum
731 3979 914 4036 pastor
937 3968 1137 4025 habere
1166 3972 1498 4041 approbatur
1524 3989 1537 4024 :
1565 3971 1819 4027 similiter
1848 3983 1900 4025 et
1927 3985 1991 4025 ex
2017 3972 2128 4025 alta

539 4070 693 4115 turre
714 4076 877 4117 causa
908 4064 1144 4118 civitatis
1172 4064 1262 4118 diu
1296 4074 1569 4133 noctuque
1599 4072 1791 4117 cautus
1821 4063 2138 4131 speculator

540 4153 797 4210 observat
841 4171 856 4209 :
902 4159 1162 4227 magister
1211 4165 1237 4193 ιι
1276 4157 1519 4226 providus
1549 4154 1575 4192 ι’
1604 4156 1757 4208 navis
1808 4154 1937 4209 hora
1992 4167 2130 4211 tem-

536 4248 764 4317 pestatis
793 4256 847 4302 et
882 4249 1108 4317 periculi
1153 4263 1403 4318 magnam
1434 4247 1638 4316 patitur
1678 4244 1844 4298 animi
1874 4245 2132 4316 jactatio-

531 4352 684 4402 nem,
733 4353 801 4393 ne
844 4340 1103 4409 procellis
1144 4351 1309 4408 atque
1339 4337 1661 4404 asperrimis
1696 4334 1952 4392 ﬂuctibus
1983 4340 2137 4397 navis

535 4430 771 4486 elidatur
801 4430 854 4485 in
884 4447 1038 4486 saxa.
1066 4431 1189 4484 Pari
1218 4431 1399 4484 animo
1430 4430 1514 4481 vir
1535 4435 1758 4483 sanctus
1800 4439 1855 4484 et
1895 4430 2132 4487 honora-

530 4522 659 4579 bilis
684 4523 1049 4593 TheOphilus,
1080 4524 1244 4578 frater
1270 4531 1325 4575 et
1351 4520 1712 4589 coepiscopus
1742 4531 1953 4588 noster,
1977 4525 2125 4579 circa

529 4617 725 4672 salutis
761 4617 1045 4672 commoda
1078 4594 1185 4670 rion
1212 4612 1417 4668 desinit
1444 4611 1699 4681 vigilare,
1730 4627 1799 4667 ne
1830 4613 1927 4669 Dei
1958 4630 2126 4685 popu-

530 4709 616 4765 lus
645 4725 740 4781 per
764 4710 1009 4766 diversas
1042 4706 1303 4764 ecclesias
1332 4704 1622 4775 Origenem
1650 4704 1879 4775 legendo
1909 4706 1965 4762 in
2014 4725 2126 4765 ma-

526 4818 663 4875 gnas
694 4806 935 4860 incurrat
974 4796 1362 4869 blasphemias.
1406 4796 1719 4853 Conventus
1762 4799 1959 4855 litteris
2000 4818 2116 4858 mc-

525 4899 724 4954 morati
751 4941 766 4965 ,
808 4895 1076 4953 convenio
1102 4891 1442 4947 sanctitatem
1472 4897 1642 4958 tuam,
1674 4901 1733 4945 ut
1766 4904 1787 4929 ο
1816 4893 1975 4951 sicuti
2012 4912 2111 4955 nos

586 5041 613 5069 ³
647 5037 743 5091 Ms.
777 5034 1019 5105 magister
1045 5031 1292 5083 hactenus
1334 5030 1499 5084 navis.
1529 5026 1688 5085 Num.
1724 5035 1977 5105 magister
2008 5055 2106 5093 au-

516 5119 618 5219 t”:
643 5107 928 5234 Ἠξῖδιῖονα
973 5172 1288 5241 tempestatis
1325 5174 1486 5227 ecoris
1529 5182 1575 5226 et
1615 5176 1865 5243 periculo.
1918 5178 2102 5250 Forte,

593 5334 671 5404 (al
697 5331 842 5404 ueni
872 5326 1004 5404 ibjd-
1036 5325 1144 5404 se;

590 5397 665 5474 ('b)
702 5401 768 5455 Η.
804 5397 1091 5477 ἀεΛΡιτιιο.
1116 5398 1349 5477 Rissert.
1392 5400 1442 5465 6,
1479 5401 1548 5456 ad
1579 5411 1708 5457 tom.
1739 5403 1756 5458 l
1788 5417 1915 5474 opp.
1943 5404 2096 5477 Sulp.

513 5470 653 5532 Sev.
675 5486 823 5525 num.
843 5470 933 5532 56,
961 5484 1081 5538 pag.
1114 5470 1239 5524 511.

609 5542 656 5612 ι)
690 5542 910 5615 Hieron.
943 5556 1067 5615 opp.
1096 5549 1226 5615 tam.
1251 5541 1289 5607 1,
1325 5545 1483 5614 epist.
1515 5543 1605 5609 93,
1642 5560 1764 5615 pag.
1796 5546 1923 5604 552.

609 5545 656 5612 ι)
693 5545 910 5595 Hieron.
943 5556 1067 5610 opp.
1096 5549 1226 5595 tom.
1251 5545 1289 5607 1,
1325 5545 1483 5614 epiSI.
1515 5545 1605 5609 95,
1642 5560 1764 5615 pag.
1796 5546 1923 5604 552.

585 5545 664 5684 id)
690 5612 925 5687 Vallurs.
946 5614 1076 5665 edit.
1101 5613 1317 5669 Hieron.
1346 5626 1472 5671 tom.
1506 5616 1545 5679 Ι,
1579 5632 1698 5687 pag.
1724 5618 1849 5680 552,
1880 5628 1933 5674 et
1954 5620 2090 5676 ibid.

505 5686 569 5757 in,
598 5698 810 5757 recens.
842 5684 1024 5751 epistt.
1054 5688 1119 5757 ad
1163 5702 1364 5742 numm.
1401 5689 1494 5753 95,
1528 5684 1617 5753 94,
1649 5684 1738 5757 95,
1774 5704 1873 5744 nec
1899 5707 2006 5746 non
2038 5694 2090 5747 in

511 5753 876 5831 Vit._H_ie_r_on.
905 5764 1035 5831 tom.
1064 5756 1153 5825 XI,
1186 5773 1311 5831 pag.
1336 5761 1460 5817 176.

580 5826 649 5895 (ε)
677 5825 873 5882 Baller.
910 5826 948 5882 l.
977 5842 1025 5883 c.
1055 5825 1319 5902 cap.’5,'§
1352 5832 1398 5901 1,
1438 5846 1559 5905 pag.
1590 5828 1713 5885 842.

2249 3318 2515 3372 iterandos
2562 3317 2784 3373 labores.
2850 3319 3178 3388 Hujusmodi
3241 3328 3421 3376 autem
3477 3325 3849 3379 excusationis

2248 3426 2439 3466 causas
2470 3425 2697 3479 carpens
2727 3410 3093 3483 Hieronymus
3119 3453 3133 3478 ,
3168 3411 3287 3467 hare
3316 3413 3393 3467 ait
3424 3414 3522 3487 (i):
3558 3413 3848 3470 Prtetendit

2248 3505 2388 3575 longi
2425 3504 2623 3557 itineris
2654 3504 3038 3571 lassitudinem,
3067 3508 3217 3577 quasi
3245 3522 3504 3564 TRIGINTA
3537 3525 3691 3564 ANNIS
3713 3526 3848 3564 sem-

2248 3614 2338 3667 per
2368 3598 2681 3662 cucurrerit,
2714 3608 2803 3651 aut
2826 3613 3039 3654 BIENNIO
3069 3600 3319 3671 Aquileiae
3349 3602 3563 3665 sedens,
3598 3603 3849 3673 pru‘teriti

2244 3690 2444 3743 itineris
2475 3688 2651 3743 labore
2691 3694 2956 3762 confectus
2999 3693 3085 3745 sit.
3117 3693 3328 3761 Quibus
3360 3710 3428 3750 ex
3480 3696 3615 3750 locis
3664 3696 3847 3767 arguit

2245 3783 2327 3837 vir
2350 3783 2597 3838 eruditus
2637 3782 2737 3855 (j),
2784 3799 2927 3839 anno
2970 3800 3099 3842 cccc
3133 3788 3271 3843 hanc
3316 3804 3345 3842 a
3387 3788 3587 3843 Rufino
3621 3790 3844 3847 missam

2244 3877 2411 3932 fuisse
2457 3876 2799 3947 Apologiam.
2846 3877 3158 3946 Nimirum,
3212 3882 3429 3951 inquit,
3484 3882 3735 3953 Aquileia
3788 3885 3842 3940 in

2242 3968 2517 4024 Orientem
2535 3968 2872 4025 discesserat
2895 3969 3129 4026 Rufinus
3154 3988 3301 4026 anno
3319 3988 3575 4029 cccuxu
3604 3976 3735 4031 illuc
3761 3992 3847 4032 rc-

2242 4073 2432 4114 versus
2462 4074 2606 4113 anno
2637 4075 2885 4115 cccxcm.
2915 4060 3049 4116 Cum
3083 4074 3266 4118 autem
3298 4065 3595 4120 rotundum
3629 4067 3844 4139 triginta

2240 4166 2491 4205 annorum
2540 4167 2821 4207 numerum
2877 4153 3143 4223 particula
3200 4160 3309 4227 fere
3355 4157 3628 4211 diminuat
3676 4160 3840 4228 ipse:

2239 4262 2383 4303 anno
2443 4248 2604 4318 igitur
2660 4264 2788 4304 cccc
2839 4249 2950 4319 jam
3010 4251 3230 4322 incepto
3269 4252 3523 4307 currebat
3581 4253 3842 4307 biennium

2240 4340 2752 4412 Hieronymianum,
2782 4358 2889 4412 quo
2924 4344 3190 4413 Aquilei:e
3234 4344 3547 4399 morabatur
3585 4346 3836 4402 Rufinus.

2238 4433 2294 4488 ln
2317 4434 2564 4489 eamdem
2590 4437 2757 4491 ferme
2784 4436 3112 4491 sententiam
3134 4438 3202 4492 cl.
3228 4436 3694 4510 Coustantius(k).
3715 4438 3841 4495 Haec

2242 4542 2404 4597 porro
2430 4528 2737 4600 presbyteri
2763 4528 3134 4597 Aquileiensis
3165 4530 3436 4600 Apologia
3465 4541 3675 4601 septem
3706 4547 3843 4602 quo-

2238 4619 2531 4675 dammodo
2558 4620 2734 4690 capita
2772 4622 3061 4691 complecti
3093 4621 3314 4677 videtur
3339 4663 3354 4688 ,
3388 4638 3618 4693 quorum
3653 4625 3841 4693 priora

2235 4713 2474 4783 quinque
2517 4713 2768 4783 dogmata
2818 4714 3120 4784 respiciunt
3153 4732 3165 4767 :
3200 4714 3453 4769 videlicet
3499 4717 3736 4785 primum
3769 4717 3840 4773 de

2233 4804 2518 4871 Trinitatc,
2551 4804 2850 4860 secundum
2884 4803 2954 4860 de
2978 4804 3147 4861 Verbi
3183 4805 3582 4873 incarnatione,
3612 4807 3837 4863 tertium

2230 4899 2299 4956 de
2333 4897 2772 4965 resurrectione,
2823 4907 3076 4967 quartum
3126 4897 3193 4953 de
3232 4896 3438 4968 judicio
3480 4906 3731 4955 extremo
3784 4910 3838 4955 et

2222 5042 2353 5096 ltora
2383 5038 2723 5104 tempestatis,
2754 5039 2981 5107 azquoris
3012 5046 3061 5092 et
3083 5036 3333 5106 periculo.

2301 5124 2324 5152 ο
2359 5110 2429 5167 Ut
2457 5110 2627 5164 sicuti.
2657 5108 2840 5173 Forte,
2874 5119 2930 5162 ut
2958 5110 3091 5163 scias
3120 5109 3214 5161 uti.

2218 5252 2231 5263 .
2290 5182 2316 5221 ἀ
2345 5183 2442 5239 Hic
2464 5181 2658 5237 deesse
2687 5178 2941 5234 videntur
2964 5178 3160 5248 aliqua.

2311 5338 2363 5417 ί)
2473 5336 2553 5417 _(_le
2578 5335 2740 5390 Prato
2838 5351 2897 5417 c._
2935 5350 3140 5417 numm.
3169 5335 3268 5417 “18,
3296 5335 3391 5401 2-1,
3430 5340 3623 5417 [9,295
3658 5358 3818 5417 seqq.

2308 5405 2359 5478 'g)
2395 5408 2621 5463 Vallars.
2653 5406 2803 5473 praef.
2833 5405 2901 5478 a_d
2924 5405 3255 5478 opp._Ruftn.
3284 5423 3403 5477 pag.
3430 5405 3521 5465 ⁷16,

2306 5475 2362 5546 li)
2389 5479 2564 5533 Rufin.
2593 5478 2818 5546 Apolog.
2851 5475 2877 5547 §
2907 5475 3119 5548 l,Ainfra
3152 5475 3413 5548 pag—2&9
3447 5481 3503 5537 d.

2298 5550 2337 5621 i)
2373 5551 2596 5621 Hieron.
2629 5548 2701 5621 lib
2730 5563 2765 5621 ll
2802 5546 2926 5621 adv.
2956 5546 3129 5601 Ruﬁn.
3153 5546 3190 5621 ξ
3224 5549 3277 5602 2.

2359 5620 2534 5701 “Bern.
2567 5619 2633 5672 de
2667 5618 2804 5672 Rub.
2834 5618 3063 5673 Dissert.
3090 5618 3368 5674 de'Ruﬁn.
3402 5640 3521 5694 cap.
3555 5626 3644 5693 16,
3686 5629 3713 5701 §
3753 5633 3807 5698 1,

2198 5692 2408 5761 p.110.

2271 5763 2345 5831 (Ic)
2370 5760 2647 5818 Constant.
2678 5761 2869 5832 Epistt.
2903 5760 3063 5818 Rom.
3094 5761 3308 5821 Pontiﬁ‘.
3340 5753 3464 5837 pag.
3493 5766 3619 5837 7t5,
3650 5769 3677 5840 §
3704 5770 3760 5827 4.
