4106 6344
224 326 289 381 57
1619 299 1828 361 PROLI

1932 296 2163 354 lMENA.
3493 277 3571 343 58

218 437 419 496 diaboli
461 442 687 490 {eterna
740 431 1085 489 damnatione
1108 471 1121 495 ,
1152 428 1400 498 quintum
1431 423 1501 479 de
1540 422 1841 478 animarum
1868 420 1924 481 Α
1947 411 2305 467 Constantius
2329 408 2382 465 in
2414 407 2590 479 Epist.
2611 406 2815 464 Pontif.
2846 404 3010 460 Rom.
3042 410 3084 459 t.
3119 402 3163 470 Ι,
3267 400 3377 498 719
3396 415 3571 498 usque

219 532 445 602 origine.
477 527 539 583 In
575 528 808 583 duobus
836 524 1055 595 reliquis
1091 521 1362 592 capitibus
1391 518 1641 590 Origenis
1673 532 1732 572 se
1762 516 1846 571 in-

222 631 544 693 terpretem,
581 638 703 677 non
742 620 1087 676 defensorem
1115 614 1403 687 proﬁtetur
1431 612 1683 668 Ruﬁnus.
1712 610 1844 677 Qum

219 716 431 789 quidem
464 714 666 769 omnia
700 713 1018 784 singillatim
1061 710 1319 767 enucleat
1341 706 1681 762 Fontaninus
1717 704 1793 776 (a)
1824 720 1837 770 ;

223 824 391 879 neque
421 809 609 877 ipsum
635 806 712 862 de
743 806 828 860 his
856 805 1256 861 edisserentem
1281 803 1456 856 lector
1479 799 1688 864 adiens,
1711 812 1844 868 ope-

221 917 328 957 ram
352 900 665 970 oleumque
698 899 917 971 perdet.

966 1033 1054 1090 IV.

578 1149 686 1213 (Ex
716 1150 1003 1201 Scbmnem.
1028 1147 1261 1198 Biblioth.
1284 1151 1406 1196 tom.
1434 1144 1498 1207 Ι.)

286 1258 336 1313 1.
369 1256 618 1329 Scripta.
648 1287 715 1297 -
756 1256 887 1312 Duae
933 1255 1212 1310 dumtaxat
1239 1260 1537 1321 supersunt
1586 1252 1836 1321 epistolae,

220 1366 443 1422 quarum
477 1352 663 1407 altera
724 1352 793 1404 ad
841 1350 1095 1406 Joannem
1146 1347 1685 1418 Hierosolymitanum
1727 1348 1836 1415 jam

219 1446 453 1513 dudum;
485 1446 671 1502 altera
702 1448 775 1499 ad
810 1446 1208 1518 Simplicianum
1257 1443 1552 1513 episcopum
1581 1442 1839 1496 Mediola-

219 1555 418 1593 nensem
451 1554 637 1609 nuper
680 1538 907 1594 demum
937 1538 1111 1594 lucem
1131 1538 1289 1593 vidit.
1313 1538 1473 1593 Prior
1494 1552 1545 1591 a.
1572 1536 1700 1602 401,
1720 1535 1837 1591 haec

217 1646 265 1687 a.
288 1631 417 1700 400,
451 1635 664 1702 scripta
690 1647 820 1688 esse
848 1632 1089 1698 videtur,
1115 1648 1223 1701 quo
1253 1643 1510 1688 currente
1529 1632 1837 1701 Simplicia-

219 1739 313 1781 nns
336 1740 366 1781 e
400 1724 545 1781 vivis
570 1726 840 1791 excessit,
868 1735 923 1781 et
954 1726 1007 1780 in
1032 1725 1209 1781 locum
1238 1725 1356 1795 ejus
1385 1725 1649 1780 Venerius
1676 1737 1833 1779 crea-

1948 506 2014 561 ad
2045 507 2172 573 730,
2193 505 2512 574 addiditque
2540 519 2597 576 p.
2624 500 2875 558 729-758
2904 499 3157 555 notitiam
3181 495 3573 568 dedeperditis

1949 608 2005 655 et
2035 600 2172 654 falso
2194 598 2451 669 ascriptis
2483 597 2586 669 (ά).
2639 596 2805 651 Novis
2855 593 3002 649 euris
3038 590 3365 663 perpolitam
3420 588 3573 645 dedit

1949 694 2254 751 Vallarsius
2284 695 2337 749 in
2363 693 2499 749 edit.
2524 707 2652 762 opp.
2686 689 2873 745 Ruﬁni
2902 697 2942 742 t.
2964 686 3008 753 Ι,
3044 702 3099 757 p.
3132 686 3259 741 411.

2018 787 2314 857 Epistolam
2341 787 2410 840 ad
2433 785 2839 856 Simplicianum
2870 780 3213 850 Hieronymo
3246 778 3555 848 ignoratam

1946 888 2002 937 et
2028 882 2231 937 nemini
2260 892 2423 936 antea
2444 878 2745 949 cognitam,
2766 874 3080 932 Vallarsins
3104 873 3325 929 demum
3350 887 3415 927 ex
3432 870 3565 926 Am-

1946 973 2217 1030 brosianaa
2242 973 2597 1029 Bibliothecae
2626 970 2823 1027 codice
2850 984 2954 1023 ms.
2987 982 3110 1023 cum
3158 966 3282 1021 aliis
3325 964 3556 1036 quibus-

1944 1066 2069 1122 dam
2096 1066 2332 1121 aliorum
2361 1066 2507 1120 inter
2538 1064 2823 1134 Epistolas
2850 1061 3313 1133 Hieronymianas
3364 1068 3514 1113 tomo
3540 1056 3562 1112 1

1945 1173 2075 1228 opp.
2106 1174 2196 1228 ep.
2226 1158 2296 1214 95
2321 1157 2615 1227 evulgavit.
2647 1155 2889 1210 Omnino
2918 1155 3131 1208 sincera
3161 1166 3283 1207 esse
3309 1150 3558 1206 videtur.

1942 1252 2082 1309 Hinc
2109 1252 2450 1323 deprompsit
2477 1260 2532 1307 et
2560 1248 2922 1306 conciliorum
2972 1245 3305 1303 Collectioni
3349 1251 3502 1298 tomo
3533 1242 3553 1296 l

1942 1345 2177 1400 inseruit
2199 1344 2286 1399 Jo.
2319 1342 2533 1397 Domin.
2566 1340 2825 1396 Mansins.
2858 1338 3122 1392 Eamdem
3145 1334 3395 1404 pluribus
3416 1334 3553 1389 locis

1942 1453 2007 1492 ex
2030 1437 2345 1507 conjectura
2377 1434 2719 1490 emendatam
2770 1431 3054 1502 proposuit
3100 1429 3454 1499 Hieronymus
3484 1428 3551 1482 de

1942 1528 2105 1584 Prato
2138 1530 2191 1583 in
2212 1528 2299 1584 ed.
2326 1544 2454 1599 opp.
2478 1525 2709 1595 Sulpicii
2736 1524 2945 1579 Severi.
2977 1521 3323 1594 t.l(Verona3
3356 1516 3544 1588 17H),

1941 1623 2162 1677 dissert.
2222 1624 2274 1684 6,
2305 1637 2451 1676 num.
2511 1621 2602 1687 36,
2635 1634 2758 1690 pag.
2792 1619 2920 1674 511.
2970 1616 3271 1687 Utramque
3323 1611 3545 1667 tandem

1939 1716 2210 1783 Carnerii,
2244 1714 2542 1771 Constantii
2578 1724 2632 1769 et
2677 1709 3155 1767 Vallarsiistudiis
3212 1707 3544 1763 illustratam

221 1824 297 1873 tus
319 1827 428 1874 est.
468 1817 762 1873 Perierunt
792 1818 1038 1888 epistola:
1067 1819 1188 1873 dua:
1214 1819 1278 1873 ad
1304 1819 1610 1883 Paulinum,
1644 1834 1747 1872 una
1769 1817 1833 1871 ad
1868 1825 1916 1884 Β
1941 1811 2233 1881 additaque
2260 1810 2528 1879 Apologia
2553 1808 2737 1863 Ruﬁni
2794 1806 2860 1863 ad
2913 1803 3261 1862 Anastasium
3311 1800 3548 1855 Andreas

220 1909 507 1982 Anysium,
543 1926 655 1981 qua
681 1912 894 1977 omnia,
926 1927 1047 1982 quae
1078 1911 1132 1967 in
1162 1911 1365 1983 Illyrici
1406 1912 1646 1982 partibus
1674 1926 1831 1980 gere-

219 2016 426 2071 rentur,
452 2018 659 2060 recens
695 2005 805 2075 ipsi
834 2006 1175 2061 commisisse
1232 2008 1449 2070 lerunt;
1484 2024 1589 2060 una
1629 2007 1698 2060 ad
1732 2005 1833 2060 Ve-

220 2098 452 2163 nerium,
485 2099 552 2153 ad
585 2113 759 2168 quam
812 2099 869 2153 iu
902 2099 1130 2169 epistola
1160 2098 1228 2154 ad
1256 2098 1520 2156 Joannem
1554 2098 1826 2153 Hierosol.

220 2189 462 2259 reSpicit,
490 2208 601 2245 una
626 2192 698 2247 ad
732 2191 920 2259 Afros,
948 2193 1055 2247 alia
1086 2193 1320 2263 denique
1346 2208 1513 2262 super
1540 2191 1737 2246 Ruﬁno
1776 2192 1827 2246 in

222 2281 492 2339 Orientem
545 2284 746 2351 missa,
806 2285 1006 2341 Ruﬁno
1057 2296 1357 2353 assertore.
1394 2284 1517 2339 Tria
1541 2290 1832 2356 fragmenta

221 2376 592 2449 Epistolarum
624 2381 693 2435 ad
730 2380 1017 2448 Ursinum,
1050 2382 1116 2435 ad
1151 2380 1498 2435 Anastasium
1526 2382 1569 2435 ll
1593 2381 1831 2450 pertine-

220 2491 295 2545 re,
331 2477 585 2532 Baluzius
608 2477 864 2532 ostendit
889 2478 989 2549 (ὁ).
1020 2479 1100 2535 De
1130 2479 1251 2533 aliis
1271 2479 1614 2551 supposititiis
1642 2485 1699 2533 et
1726 2477 1827 2531 l'al-

222 2583 278 2625 so
308 2571 427 2640 ejus
449 2572 683 2627 decreto
714 2586 784 2626 ex
813 2571 1095 2627 Blondello
1135 2570 1489 2627 Constantius
1511 2573 1756 2626 disserit.

286 2664 345 2718 ‘2.
379 2662 558 2719 Edita.
584 2695 660 2705 —
692 2665 941 2733 Epistula
966 2665 1032 2718 ad
1050 2664 1309 2719 Joannem
1331 2665 1543 2719 Hieros.
1571 2664 1825 2735 quoniam

228 2758 293 2813 ad
318 2774 432 2814 eam
463 2759 669 2830 sacpius
704 2759 935 2828 reSpicit
958 2759 1503 2832 Hicronymus,iuter
1528 2762 1673 2830 ipsas
1701 2759 1828 2814 llieo

228 2852 435 2921 ronymi
466 2851 737 2915 epistolas
762 2866 795 2904 a
824 2852 1102 2908 veteribus
1127 2854 1545 2909 collectionibus
1567 2863 1648 2908 est
1669 2868 1828 2923 repo-

230 2944 355 3009 sita,
398 2945 454 2999 in
482 2945 850 3001 Benedictiua
902 2946 1081 3001 locum
1133 2947 1184 3001 in
1242 2958 1389 3002 tomo
1416 2947 1480 3013 γ,
1510 2948 1601 3017 qui
1649 2948 1824 3002 aliena

235 3038 620 3107 complectitur,
660 3055 715 3109 p.
742 3038 854 3094 ‘260
881 3041 1185 3110 occupavit.
1218 3041 1261 3095 Ε
1293 3042 1526 3112 vulgatis
1556 3041 1826 3111 Hierony-

233 3130 303 3183 tni
352 3130 680 3186 editionibus
740 3131 862 3186 haec
915 3132 1143 3201 epistola
1178 3134 1411 3203 primum
1448 3135 1499 3186 in
1524 3133 1821 3189 Romanam

227 3222 511 3280 editionem
545 3226 917 3296 Epistolarum
952 3226 1181 3293 Pontil.,
1214 3228 1338 3282 dein
1364 3244 1390 3279 a
1422 3227 1656 3281 Baronio
1684 3228 1818 3281 ada.
1852 3211 1898 3275 C

228 3316 344 3383 402,
377 3317 518 3388 §26.
554 3328 781 3389 recepta
807 3330 910 3383 est,
968 3320 1168 3375 deinde
1206 3322 1257 3376 in
1290 3322 1641 3377 conciliorum
1700 3319 1828 3375 Col-

230 3409 480 3467 lecﬁones
512 3414 793 3481 migravit.
821 3413 1014 3468 Postea
1048 3430 1115 3469 cx
1142 3415 1421 3471 codicibus
1451 3432 1584 3470 mss.
1612 3415 1829 3469 Vatica-

229 3518 293 3559 no
338 3516 387 3559 et
443 3506 839 3561 Bellovacensi
870 3522 899 3561 a
933 3505 1138 3561 Joanne
1184 3507 1440 3564 Garnerio
1485 3508 1633 3564 inter
1659 3523 1827 3577 Opera

228 3593 367 3651 Marii
425 3598 755 3654 Mercatoris
802 3599 892 3653 ed.
952 3599 1123 3654 Paris.
1187 3602 1347 3669 1675,
1383 3602 1736 3672 partetApp.
1771 3602 1823 3669 1,

230 3689 359 3744 edita
382 3701 488 3758 est,
520 3691 709 3746 addita
744 3708 817 3746 ex
859 3692 1099 3761 ejusdem
1127 3694 1404 3749 codicibus
1428 3694 1701 3764 personati
1719 3692 1829 3747 Rn-

230 3786 313 3842 ﬁni
342 3789 683 3858 professione
714 3789 864 3854 ﬁdei,
923 3806 1041 3857 quae
1078 3805 1153 3843 xu
1182 3790 1651 3845 auathcmatismis
1698 3804 1828 3844 con-

230 3889 345 3936 stat.
378 3879 516 3937 Cum
540 3882 593 3936 in
624 3882 1007 3951 superioribus
1034 3892 1211 3937 autem
1263 3883 1613 3950 editiouibns,
1670 3883 1825 3936 sicuti

230 3974 379 4029 etiam
408 3976 462 4029 in
496 3975 865 4046 sequentibus
896 3975 1094 4029 factum
1152 3987 1253 4035 est,
1310 3978 1361 4029 iu
1412 3977 1685 4032 sectiones
1729 3991 1823 4032 seu

231 4070 585 4141 paragraphos
614 4086 713 4125 sex
740 4070 914 4124 divisa
939 4080 1101 4135 esset,
1135 4086 1160 4121 a
1184 4070 1455 4126 Garnerio
1485 4072 1536 4125 in
1561 4087 1632 4125 xit
1662 4071 1827 4141 parti-

231 4165 367 4219 culas
395 4166 656 4221 distincta
679 4174 787 4231 est,
815 4181 1042 4234 quarum
1073 4177 1325 4221 octavam
1357 4167 1591 4222 laceram
1615 4176 1666 4221 et
1698 4182 1821 4221 cor-

228 4270 426 4328 ruptam
455 4262 794 4329 suSpicatus,
833 4262 995 4328 plane
1040 4260 1105 4315 ad
1134 4261 1420 4315 arbitrium
1480 4262 1825 4330 interpolavit

230 4351 592 4409 damnationis
613 4354 876 4423 Origeuis
898 4365 951 4408 et
976 4353 1159 4408 Ruﬁni
1191 4355 1417 4408 lurmula
1447 4370 1461 4419 ;
1509 4356 1725 4409 tametsi
1772 4354 1822 4408 id

228 4459 325 4501 non
346 4462 413 4502 eo
435 4449 623 4503 animo
650 4446 805 4514 fecit,
832 4456 890 4501 ut
917 4447 1155 4503 lectores
1196 4447 1433 4513 falleret,
1485 4446 1578 4502 sed
1612 4463 1719 4518 quo
1746 4448 1823 4502 ci-

229 4540 325 4595 tius
356 4542 408 4596 in
438 4544 632 4597 oculos
654 4543 994 4605 incurreret,
1021 4541 1438 4595 verbaiusiticia
1451 4541 1667 4596 diverso
1689 4540 1819 4595 cha-

226 4644 429 4692 ractere
469 4634 847 4692 exscribenda
898 4635 1112 4690 curavit
1140 4635 1212 4707 (c)
1245 4646 1299 4690 et
1346 4636 1401 4690 in
1434 4637 1577 4690 notis
1607 4652 1658 4705 p.
1692 4636 1816 4701 112,

225 4740 315 4796 pro
335 4728 451 4784 suis
482 4728 733 4798 agnovit,
762 4737 823 4783 et
855 4728 1013 4782 ﬁdem
1054 4731 1138 4784 eis
1168 4729 1350 4783 facere
1382 4730 1580 4799 triplici
1613 4731 1825 4786 ratione

223 4833 438 4879 conatus
461 4836 571 4891 est,
594 4838 833 4895 quarum
866 4822 1035 4886 nulla,
1068 4833 1127 4877 ut
1155 4823 1510 4879 Constantius
1539 4833 1746 4890 censet,
1772 4825 1821 4879 id

1936 1903 2252 1959 Gallandius
2279 1904 2331 1958 in
2357 1903 2494 1958 Bibl.
2527 1902 2631 1957 PP.
2660 1910 2715 1956 et
2745 1908 2853 1956 vet.
2904 1898 3057 1954 Eccl.
3090 1897 3292 1968 Script.
3326 1902 3367 1949 t.
3403 1891 3541 1959 Vill,

1933 1996 2505 2067 p.246-251,intulit,
2566 1993 2840 2064 simulque
2887 1991 3327 2047 dissertatiouem
3378 2000 3545 2058 super

1934 2092 2224 2146 Anastasio
2247 2106 2298 2145 c.
2334 2089 2367 2144 9
2395 2088 2651 2160 Prolegg.
2679 2105 2730 2158 p.
2762 2104 2849 2142 χχι
2881 2101 2999 2157 seq.
3036 2084 3320 2156 praemisit.

2109 2200 2387 2257 NOTITIA
2428 2199 2653 2256 EPIST.
2697 2199 2835 2256 NON
2870 2196 3349 2263 EXSTANTIUM,

2181 2332 2299 2381 ρυλε
2328 2329 2401 2372 ΔΙ)
2435 2330 2760 2371 ANASTASIUM
2792 2330 2965 2369 PAPAM
2997 2327 3280 2368 ATTINENT.

2709 2409 2747 2462 Ι.

2262 2502 2361 2567 (Ex
2380 2502 2629 2553 Constant.
2656 2502 2813 2564 Epist.
2838 2500 2979 2550 Rom.
3006 2499 3149 2549 Pont.
3171 2498 3190 2564 )

2005 2590 2056 2643 1.
2081 2588 2343 2640 Anastasii
2369 2588 2436 2640 ad
2478 2586 2765 2641 Paulinum
2791 2594 2835 2639 et
2864 2584 3078 2637 Paulini
3105 2582 3173 2637 ad
3197 2580 3531 2636 Anastasium

1930 2680 2501 2747 litterata—Paulinus
2526 2680 2703 2735 adhuc
2734 2679 3040 2749 presbyter,
3070 2686 3254 2748 postea
3288 2676 3533 2731 Nolanus

1927 2776 2249 2843 episcopus,
2281 2774 2443 2842 epist.
2492 2773 2595 2838 20,
2633 2774 2699 2826 ad
2736 2772 3062 2841 Delphinum
3089 2812 3104 2837 ,
3148 2786 3201 2825 n.
3237 2769 3308 2835 ‘2,
3347 2770 3533 2839 plures

1929 2865 2227 2937 epistolas,
2259 2882 2380 2937 quae
2410 2866 2474 2919 ad
2507 2866 2854 2921 Anastasium
2884 2873 3130 2918 nostrum
3156 2864 3424 2926 attinent,
3457 2860 3531 2915 si-

1930 2962 2041 3016 mul
2086 2960 2288 3016 indicat
2317 2962 2368 3016 in
2404 2961 2545 3015 hunc
2580 2960 2803 3015 modum
2833 2977 2844 3012 :
2882 2978 2900 3011 t
2932 2959 3080 3013 Sciat
3111 2958 3397 3012 veneratio
3440 2966 3529 3011 tua

1927 3068 2175 3113 sanctum
2224 3056 2451 3112 fratrem
2503 3066 2654 3111 tuum
2706 3070 2898 3126 papam
2951 3053 3113 3109 Urbis
3173 3052 3531 3107 Anastasium

1927 3151 2366 3204 amantissimum
2398 3164 2521 3203 esse
2545 3148 2872 3202 humilitatis
2897 3157 3118 3201 nostrae.
3144 3144 3276 3199 Nam
3302 3144 3388 3197 tibi
3420 3143 3533 3213 pri-

1929 3260 2079 3297 mum
2111 3252 2436 3312 potestatem
2470 3242 2756 3297 charitatis
2783 3256 2896 3293 sum
2921 3239 3080 3291 nobis
3110 3235 3406 3291 efferendae
3434 3234 3532 3289 ha-

1927 3336 2060 3393 bere
2085 3337 2283 3405 cmpit,
2317 3351 2428 3390 non
2460 3335 2637 3390 solum
2669 3316 2950 3401 suscipere
2994 3345 3115 3385 eam
3141 3347 3167 3382 ιι
3200 3329 3390 3392 nobis,
3425 3328 3524 3383 sed

1929 3429 2181 3500 ingerere
2204 3430 2361 3485 nobis
2390 3428 2638 3501 piissima
2674 3426 2964 3481 ail'ectione
2996 3424 3339 3495 properavit.
3394 3420 3528 3477 Nam

1927 3526 2077 3581 brevi
2111 3533 2234 3597 post
2263 3524 2666 3579 ordinationem
2702 3537 2857 3576 suam
2900 3521 3159 3590 epistolas
3201 3520 3268 3573 de
3310 3518 3531 3573 nomine

1930 3630 2120 3675 nostro
2152 3621 2340 3689 plenas
2370 3620 2595 3689 pietatis
2621 3627 2675 3672 et
2704 3617 2853 3687 pacis
2881 3617 2946 3670 ad
2982 3616 3271 3684 episcopos
3297 3614 3529 3682 Campa-

1929 3719 2035 3773 niae
2076 3719 2252 3783 misit,
2287 3718 2490 3788 quibus
2530 3726 2585 3772 et
2612 3731 2769 3770 suum
2803 3714 3111 3770 declararet
3153 3712 3440 3778 alit-ctum,
3475 3721 3530 3766 et

1928 3811 2051 3865 aliis
2089 3811 2443 3881 benignitatis
2489 3825 2602 3864 sum
2655 3809 2925 3878 prmberet
2969 3807 3299 3876 exemplum.
3335 3806 3529 3861 Postea

1928 3920 2145 3974 quoque
2171 3904 2499 3973 interposito
2525 3911 2771 3972 tempore
2793 3901 2952 3956 etiam
2977 3900 3041 3954 ad
3066 3900 3310 3953 Natalem
3334 3913 3489 3952 suum
3509 3939 3525 3964 ,

1927 3997 2070 4066 quod
2119 3994 2603 4051 Consacerdotibns
2664 3995 2777 4049 suis
2822 4003 3029 4048 tantum
3079 3992 3295 4047 deferre
3347 3992 3525 4056 solet,

1927 4088 2159 4141 invitare
2198 4087 2449 4157 dignatus
2482 4096 2587 4140 est.
2631 4085 2739 4141 Nec
2776 4085 3021 4141 oll'ensus
3059 4095 3142 4139 est
3179 4085 3532 4140 excusatione

1929 4189 2112 4234 nostra
2142 4180 2267 4233 :scd
2286 4179 2524 4233 ofﬁcium
2554 4177 2822 4232 sermonis
2852 4178 3018 4231 nostri
3046 4219 3057 4239 ,
3094 4177 3235 4246 quod
3273 4177 3323 4230 in
3352 4176 3527 4231 vicem

1928 4271 2233 4339 praesentizc
2261 4271 2673 4324 reddideramus
2691 4310 2703 4332 ,
2728 4281 3020 4339 acceptans
3045 4309 3058 4329 ,
3093 4270 3276 4323 animo
3300 4283 3399 4323 nos
3431 4284 3528 4339 pa-

1929 4372 2084 4417 terno
2123 4371 2179 4417 et
2224 4363 2482 4417 absentes
2527 4362 2753 4429 recepit.
2779 4380 2798 4413 ι
2838 4361 2930 4414 llis
2952 4362 3154 4430 quippe
3183 4360 3370 4415 verbis
3397 4376 3530 4429 qna-

1927 4465 2050 4511 tuor
2079 4454 2165 4509 vel
2207 4457 2445 4525 quinque
2481 4463 2739 4509 notantur
2781 4453 3029 4524 epistolm
3064 4472 3076 4507 :
3107 4452 3277 4521 prima
3313 4452 3529 4506 Paulini

1926 4548 1992 4602 ad
2017 4548 2367 4603 Anastasium
2393 4562 2585 4604 recens
2611 4547 2953 4611 ordinatum,
2981 4561 3143 4615 quam
3174 4545 3265 4599 ille
3288 4545 3527 4615 benigne

1926 4643 2195 4712 suscepit;
2239 4642 2410 4697 altera
2442 4642 2713 4697 Anastasii
2737 4684 2749 4704 ,
2784 4656 2886 4712 qua
2926 4641 3152 4696 Paulino
3186 4640 3529 4696 benevolen-

1928 4735 2056 4788 tiam
2089 4749 2241 4789 suam
2282 4737 2513 4806 ingerere
2540 4748 2601 4789 ac
2628 4734 2867 4789 vicissim
2915 4735 3224 4805 signiﬁcare
3269 4749 3533 4804 pr0pera-

1927 4829 2032 4893 vit;
2060 4827 2217 4882 tertia
2253 4827 2500 4896 ejusdem
2540 4843 2691 4898 papze
2719 4827 2785 4881 ad
2813 4829 3103 4898 episcopos
3131 4825 3443 4898 Campania:
3475 4829 3531 4883 in

224 4920 360 4988 quod
410 4920 551 4984 vult,
603 4917 925 4973 necessario
966 4916 1212 4981 conﬁcit,
1238 4931 1300 4972 ac
1349 4918 1649 4986 praesertim
1702 4918 1824 4973 duae
1923 4922 2150 4993 gratiam
2181 4921 2391 4976 Paulini
2415 4922 2619 4987 missa;
2653 4931 2877 4992 quarta,
2904 4924 3006 4991 qua
3041 4921 3364 4976 Anastasius
3392 4920 3534 4976 Pau-

222 5021 505 5079 postremae
538 5011 736 5067 verbis
783 5009 1058 5063 Anastasii
1098 5009 1183 5064 vel
1214 5009 1527 5078 depravatis
1558 5011 1643 5065 vel
1692 5026 1815 5081 per-

225 5119 399 5174 peram
473 5104 780 5160 intellectis
846 5102 1397 5173 nituntur.“:Rejecta
1470 5106 1651 5175 itaque
1718 5104 1818 5161 hac

222 5195 678 5268 interpolatione,
714 5196 983 5264 integram
1035 5194 1102 5249 ad
1146 5194 1400 5251 Garuerii
1462 5204 1517 5250 et
1568 5206 1816 5253 veterum

220 5290 511 5347 editionum
544 5290 870 5343 varietatem
924 5287 1107 5341 denuo
1154 5297 1405 5342 exactam
1433 5296 1489 5342 et
1517 5290 1661 5344 notis
1707 5290 1821 5344 suis

221 5384 717 5456 etprmmonitione
744 5380 1071 5435 illustratam
1120 5381 1367 5436 exhibuit
1398 5398 1449 5436 a.
1484 5383 1618 5439 1721
1671 5383 1815 5439 Petr.

309 5528 357 5592 a)
390 5527 637 5581 Fontan.
664 5521 809 5577 Hist.
833 5521 1214 5595 litter.Aquil.
1244 5524 1340 5579 lib.
1366 5541 1419 5592 v,
1452 5539 1573 5595 cap.
1599 5525 1654 5585 ι.

309 5530 357 5592 α)
390 5530 637 5581 Fontan.
664 5530 809 5577 Hist.
834 5530 1001 5576 litter.
1032 5530 1214 5593 Aquil.
1246 5530 1340 5579 lib.
1366 5541 1419 5592 v,
1452 5539 1533 5595 ea]

284 5530 359 5668 11))
404 5601 458 5653 1η
489 5596 636 5651 Coll.
667 5608 832 5668 nova‘
866 5594 1063 5649 concil.
1098 5604 1136 5648 t.
1184 5594 1238 5668 Ι,
1284 5610 1339 5664 p.
1374 5596 1533 5668 1457.

284 5663 355 5737 (ci
398 5663 1051 5737 Nihilominusl‘uerunl,
1087 5675 1142 5720 ut
1181 5663 1529 5721 Constantius
1576 5666 1819 5722 animad-

221 5735 397 5808 vertit,
424 5744 515 5811 qui
540 5741 593 5793 in
624 5737 713 5791 his
739 5735 1105 5811 offenderent,
1124 5739 1269 5806 quod
1295 5739 1438 5793 notis
1467 5740 1584 5811 ejus
1608 5755 1709 5795 non
1736 5748 1816 5793 in.

217 5806 411 5883 Spectis
432 5806 671 5883 ideoque
705 5806 1075 5883 characterem
1104 5821 1370 5883 mutatum
1392 5809 1727 5883 arbitrantes
1760 5820 1817 5865 ut

217 5877 480 5942 scatentia
530 5877 806 5938 adVerstls
852 5880 1139 5951 Origeuem
1187 5892 1242 5937 et
1292 5881 1547 5937 Ruﬁnum
1602 5884 1812 5953 prolata

1926 5014 2094 5069 linum
2119 5014 2188 5069 ad
2209 5014 2455 5070 Natalem
2488 5030 2675 5080 suum,
2706 5030 2802 5069 seu
2832 5014 2899 5068 ad
2925 5014 3533 5069 anniversariumordi-

1927 5106 2165 5161 nationis
2214 5122 2329 5162 suae
2370 5108 2511 5162 diem
2560 5105 2861 5173 invitabat,
2906 5114 2961 5161 et
2992 5106 3043 5160 id
3077 5106 3299 5176 quidem
3333 5117 3535 5176 prteter

1927 5216 2136 5256 morem
2160 5242 2175 5267 ,
2208 5216 2315 5271 quo
2356 5201 2458 5255 soli
2499 5200 2925 5255 consacerdotes
2948 5241 2962 5267 ,
2992 5200 3141 5271 quod
3187 5200 3486 5255 notandum
3516 5243 3530 5266 ,

1930 5294 2033 5349 hoc
2061 5302 2145 5349 est
2192 5293 2435 5363 episc0pi
2457 5334 2470 5359 ,
2501 5308 2609 5348 non
2643 5293 2922 5362 simplices
2954 5292 3266 5363 presbyteri
3313 5292 3535 5346 invitari

1928 5386 2221 5451 solebant;
2276 5396 2553 5456 postrema
2596 5385 2807 5442 Paulini
2848 5384 2913 5439 ad
2971 5387 3318 5440 Anastasium
3357 5427 3370 5450 ,
3426 5397 3530 5453 qua

1926 5525 2141 5585 facilius
2191 5533 2594 5587 secerneretur,
2650 5523 2896 5578 addititia
2927 5522 3177 5579 Garnerii
3210 5524 3373 5577 verba
3424 5538 3526 5592 pro

1927 5598 2463 5672 genuinisAnastasii
2488 5595 2826 5672 acciperent.
2855 5595 2908 5648 ld
2939 5595 3082 5665 quod
3112 5594 3240 5649 Ant.
3276 5593 3441 5661 Pagio
3469 5596 3523 5650 in

1927 5668 2063 5728 Crit.
2097 5673 2162 5726 ad
2185 5688 2237 5725 a.
2281 5670 2406 5729 401,
2433 5686 2485 5722 n.
2513 5669 2567 5731 9,
2588 5668 2807 5722 accidit.

1999 5744 2079 5815 (ά)
2126 5742 2551 5815 [lancuotitiam
2604 5738 2906 5796 Cottslantii
2946 5738 3073 5793 huic
3100 5736 3526 5794 Schoenemanni

1924 5811 2243 5885 subiicimus
2274 5811 2505 5883 (Eam).
