  <div class='ocr_page' id='page_1' title='image "/cluster/home/n/w/nwhite01/storage/ocr_20150623/20/hvd.32044015471352/035.png"; bbox 0 0 4106 6344; ppageno 0'>
   <div class='ocr_carea' id='block_1_1' title="bbox 576 274 2170 347">
    <p class='ocr_par' dir='ltr' id='par_1_1' title="bbox 576 274 2170 336">
     <span class='ocr_line' id='line_1_1' title="bbox 576 274 2170 336; baseline 0.003 -5"><span class='ocrx_word' id='word_1_1' title='bbox 576 278 646 331; x_wconf 76' lang='lat'><strong>59</strong></span> <span class='ocrx_word' id='word_1_2' title='bbox 1782 280 1840 335; x_wconf 92' lang='lat' dir='ltr'><strong>S.</strong></span> <span class='ocrx_word' id='word_1_3' title='bbox 1886 274 2170 336; x_wconf 60' lang='lat' dir='ltr'><strong>ANAS&#39;I‘N</strong></span> 
     </span>
    </p>
   </div>
   <div class='ocr_carea' id='block_1_2' title="bbox 2272 274 3857 347">
    <p class='ocr_par' dir='ltr' id='par_1_2' title="bbox 2272 276 3857 347">
     <span class='ocr_line' id='line_1_2' title="bbox 2272 276 3857 347; baseline 0.006 -10"><span class='ocrx_word' id='word_1_4' title='bbox 2272 276 2320 337; x_wconf 66' lang='grc' dir='ltr'>Β</span> <span class='ocrx_word' id='word_1_5' title='bbox 2356 280 2377 337; x_wconf 90' lang='lat' dir='ltr'><strong>l</strong></span> <span class='ocrx_word' id='word_1_6' title='bbox 2416 279 2620 337; x_wconf 80' lang='grc' dir='ltr'><strong>ΡΑΡΑ.</strong></span> <span class='ocrx_word' id='word_1_7' title='bbox 3791 291 3857 347; x_wconf 83' lang='grc'><strong>60</strong></span> 
     </span>
    </p>
   </div>
   <div class='ocr_carea' id='block_1_3' title="bbox 569 396 3855 471">
    <p class='ocr_par' dir='ltr' id='par_1_3' title="bbox 569 396 3855 471">
     <span class='ocr_line' id='line_1_3' title="bbox 569 396 3855 471; baseline 0.003 -20"><span class='ocrx_word' id='word_1_8' title='bbox 569 396 710 467; x_wconf 64' lang='lat' dir='ltr'><strong>quod</strong></span> <span class='ocrx_word' id='word_1_9' title='bbox 754 407 1007 465; x_wconf 85' lang='lat' dir='ltr'><strong>vocatus,</strong></span> <span class='ocrx_word' id='word_1_10' title='bbox 1059 398 1126 453; x_wconf 89' lang='lat' dir='ltr'><strong>ad</strong></span> <span class='ocrx_word' id='word_1_11' title='bbox 1169 397 1374 453; x_wconf 76' lang='lat' dir='ltr'><strong>Natalis</strong></span> <span class='ocrx_word' id='word_1_12' title='bbox 1418 398 1590 467; x_wconf 83' lang='lat' dir='ltr'><strong>ipsius</strong></span> <span class='ocrx_word' id='word_1_13' title='bbox 1626 398 2000 454; x_wconf 71' lang='lat' dir='ltr'><strong>celebritatem</strong></span> <span class='ocrx_word' id='word_1_14' title='bbox 2049 410 2156 454; x_wconf 89' lang='lat' dir='ltr'><strong>non</strong></span> <span class='ocrx_word' id='word_1_15' title='bbox 2184 399 2505 460; x_wconf 62' lang='lat' dir='ltr'><strong>Anondum</strong></span> <span class='ocrx_word' id='word_1_16' title='bbox 2534 403 2873 471; x_wconf 80' lang='lat' dir='ltr'><strong>exploratum</strong></span> <span class='ocrx_word' id='word_1_17' title='bbox 2904 402 3131 460; x_wconf 79' lang='lat' dir='ltr'><strong>haberet</strong></span> <span class='ocrx_word' id='word_1_18' title='bbox 3170 404 3316 459; x_wconf 85' lang='lat' dir='ltr'><strong>idem</strong></span> <span class='ocrx_word' id='word_1_19' title='bbox 3356 404 3595 470; x_wconf 87' lang='lat' dir='ltr'><strong>Doctor,</strong></span> <span class='ocrx_word' id='word_1_20' title='bbox 3629 404 3696 459; x_wconf 88' lang='lat' dir='ltr'><strong>ad</strong></span> <span class='ocrx_word' id='word_1_21' title='bbox 3737 421 3855 465; x_wconf 83' lang='lat' dir='ltr'><strong>eam</strong></span> 
     </span>
    </p>
   </div>
   <div class='ocr_carea' id='block_1_4' title="bbox 567 486 2168 560">
    <p class='ocr_par' dir='ltr' id='par_1_4' title="bbox 567 486 2168 560">
     <span class='ocr_line' id='line_1_4' title="bbox 567 486 2168 560; baseline -0.001 -14"><span class='ocrx_word' id='word_1_22' title='bbox 567 492 964 555; x_wconf 83' lang='lat' dir='ltr'><strong>convenisset,</strong></span> <span class='ocrx_word' id='word_1_23' title='bbox 1028 493 1353 547; x_wconf 78' lang='lat' dir='ltr'><strong>excusabat.</strong></span> <span class='ocrx_word' id='word_1_24' title='bbox 1420 486 1500 547; x_wconf 79' lang='lat' dir='ltr'><strong>Ex</strong></span> <span class='ocrx_word' id='word_1_25' title='bbox 1575 492 1829 546; x_wconf 87' lang='lat' dir='ltr'><strong>omnibus</strong></span> <span class='ocrx_word' id='word_1_26' title='bbox 1879 492 1993 546; x_wconf 87' lang='lat' dir='ltr'><strong>illis</strong></span> <span class='ocrx_word' id='word_1_27' title='bbox 2050 494 2168 560; x_wconf 86' lang='lat' dir='ltr'><strong>epi-</strong></span> 
     </span>
    </p>
   </div>
   <div class='ocr_carea' id='block_1_5' title="bbox 574 580 2168 655">
    <p class='ocr_par' dir='ltr' id='par_1_5' title="bbox 574 580 2168 655">
     <span class='ocr_line' id='line_1_5' title="bbox 574 580 2168 655; baseline 0 -15"><span class='ocrx_word' id='word_1_28' title='bbox 574 587 754 650; x_wconf 80' lang='lat' dir='ltr'><strong>stolis,</strong></span> <span class='ocrx_word' id='word_1_29' title='bbox 790 596 900 639; x_wconf 90' lang='lat' dir='ltr'><strong>tres</strong></span> <span class='ocrx_word' id='word_1_30' title='bbox 924 586 1118 655; x_wconf 68' lang='lat' dir='ltr'><strong>prima:</strong></span> <span class='ocrx_word' id='word_1_31' title='bbox 1148 585 1297 639; x_wconf 87' lang='lat' dir='ltr'><strong>brevi</strong></span> <span class='ocrx_word' id='word_1_32' title='bbox 1332 596 1452 653; x_wconf 89' lang='lat' dir='ltr'><strong>post</strong></span> <span class='ocrx_word' id='word_1_33' title='bbox 1467 585 1737 640; x_wconf 84' lang='lat' dir='ltr'><strong>Anastasii</strong></span> <span class='ocrx_word' id='word_1_34' title='bbox 1758 580 2168 641; x_wconf 67' lang='lat' dir='ltr'><strong>.(ll‘IIillalIOIICﬂl</strong></span> 
     </span>
    </p>
   </div>
   <div class='ocr_carea' id='block_1_6' title="bbox 575 676 2168 749">
    <p class='ocr_par' dir='ltr' id='par_1_6' title="bbox 575 676 2168 749">
     <span class='ocr_line' id='line_1_6' title="bbox 575 676 2168 749; baseline 0.001 -20"><span class='ocrx_word' id='word_1_35' title='bbox 575 676 799 744; x_wconf 82' lang='lat' dir='ltr'><strong>scriptae</strong></span> <span class='ocrx_word' id='word_1_36' title='bbox 833 686 1229 743; x_wconf 86' lang='lat' dir='ltr'><strong>memorantur,</strong></span> <span class='ocrx_word' id='word_1_37' title='bbox 1262 676 1506 749; x_wconf 79' lang='lat' dir='ltr'><strong>adeoque</strong></span> <span class='ocrx_word' id='word_1_38' title='bbox 1533 678 1599 731; x_wconf 84' lang='lat' dir='ltr'><strong>ad</strong></span> <span class='ocrx_word' id='word_1_39' title='bbox 1623 692 1824 731; x_wconf 89' lang='lat' dir='ltr'><strong>annum</strong></span> <span class='ocrx_word' id='word_1_40' title='bbox 1857 676 1965 733; x_wconf 81' lang='lat'><strong>399</strong></span> <span class='ocrx_word' id='word_1_41' title='bbox 1998 678 2168 747; x_wconf 86' lang='lat' dir='ltr'><strong>perti-</strong></span> 
     </span>
    </p>
   </div>
   <div class='ocr_carea' id='block_1_7' title="bbox 577 768 2173 841">
    <p class='ocr_par' dir='ltr' id='par_1_7' title="bbox 577 768 2173 841">
     <span class='ocr_line' id='line_1_7' title="bbox 577 768 2173 841; baseline 0.001 -19"><span class='ocrx_word' id='word_1_42' title='bbox 577 780 729 823; x_wconf 84' lang='lat' dir='ltr'><strong>nent.</strong></span> <span class='ocrx_word' id='word_1_43' title='bbox 766 770 846 823; x_wconf 81' lang='lat' dir='ltr'><strong>Ad</strong></span> <span class='ocrx_word' id='word_1_44' title='bbox 878 770 1123 839; x_wconf 84' lang='lat' dir='ltr'><strong>ejusdem</strong></span> <span class='ocrx_word' id='word_1_45' title='bbox 1147 786 1363 841; x_wconf 84' lang='lat' dir='ltr'><strong>quoque</strong></span> <span class='ocrx_word' id='word_1_46' title='bbox 1384 768 1511 825; x_wconf 86' lang='lat' dir='ltr'><strong>anni</strong></span> <span class='ocrx_word' id='word_1_47' title='bbox 1537 770 2063 840; x_wconf 67' lang='lat' dir='ltr'><strong>exitumrelerenda:</strong></span> <span class='ocrx_word' id='word_1_48' title='bbox 2093 771 2173 824; x_wconf 89' lang='lat' dir='ltr'><strong>vi-</strong></span> 
     </span>
    </p>
   </div>
   <div class='ocr_carea' id='block_1_8' title="bbox 572 861 2172 936">
    <p class='ocr_par' dir='ltr' id='par_1_8' title="bbox 572 861 2172 936">
     <span class='ocr_line' id='line_1_8' title="bbox 572 861 2172 936; baseline 0 -17"><span class='ocrx_word' id='word_1_49' title='bbox 572 861 773 920; x_wconf 90' lang='lat' dir='ltr'><strong>dentur</strong></span> <span class='ocrx_word' id='word_1_50' title='bbox 803 864 923 920; x_wconf 83' lang='lat' dir='ltr'><strong>duae</strong></span> <span class='ocrx_word' id='word_1_51' title='bbox 951 865 1072 920; x_wconf 79' lang='lat' dir='ltr'><strong>aliae</strong></span> <span class='ocrx_word' id='word_1_52' title='bbox 1095 907 1108 931; x_wconf 95' lang='lat'><strong>,</strong></span> <span class='ocrx_word' id='word_1_53' title='bbox 1141 872 1326 936; x_wconf 85' lang='lat' dir='ltr'><strong>utpote</strong></span> <span class='ocrx_word' id='word_1_54' title='bbox 1352 880 1471 935; x_wconf 66' lang='lat' dir='ltr'><strong>quae</strong></span> <span class='ocrx_word' id='word_1_55' title='bbox 1500 864 1717 934; x_wconf 78' lang='lat' dir='ltr'><strong>scriptae</strong></span> <span class='ocrx_word' id='word_1_56' title='bbox 1746 868 1853 919; x_wconf 85' lang='lat' dir='ltr'><strong>sint</strong></span> <span class='ocrx_word' id='word_1_57' title='bbox 1885 864 2172 919; x_wconf 77' lang='lat' dir='ltr'><strong>occasione</strong></span> 
     </span>
    </p>
   </div>
   <div class='ocr_carea' id='block_1_9' title="bbox 574 960 2172 1031">
    <p class='ocr_par' dir='ltr' id='par_1_9' title="bbox 574 960 2172 1031">
     <span class='ocr_line' id='line_1_9' title="bbox 574 960 2172 1031; baseline -0.001 -16"><span class='ocrx_word' id='word_1_58' title='bbox 574 961 948 1015; x_wconf 82' lang='lat' dir='ltr'><strong>solemnitatis</strong></span> <span class='ocrx_word' id='word_1_59' title='bbox 980 962 1399 1027; x_wconf 70' lang='lat' dir='ltr'><strong>anniversarias,</strong></span> <span class='ocrx_word' id='word_1_60' title='bbox 1440 974 1543 1031; x_wconf 83' lang='lat' dir='ltr'><strong>qua</strong></span> <span class='ocrx_word' id='word_1_61' title='bbox 1600 962 1922 1016; x_wconf 88' lang='lat' dir='ltr'><strong>redeuntem</strong></span> <span class='ocrx_word' id='word_1_62' title='bbox 1952 960 2172 1015; x_wconf 86' lang='lat' dir='ltr'><strong>ordina-</strong></span> 
     </span>
    </p>
   </div>
   <div class='ocr_carea' id='block_1_10' title="bbox 569 1052 1747 1110">
    <p class='ocr_par' dir='ltr' id='par_1_10' title="bbox 569 1052 1747 1110">
     <span class='ocr_line' id='line_1_10' title="bbox 569 1052 1747 1110; baseline -0.003 -2"><span class='ocrx_word' id='word_1_63' title='bbox 569 1054 739 1109; x_wconf 89' lang='lat' dir='ltr'><strong>tionis</strong></span> <span class='ocrx_word' id='word_1_64' title='bbox 768 1070 877 1109; x_wconf 62' lang='lat' dir='ltr'><strong>sua:</strong></span> <span class='ocrx_word' id='word_1_65' title='bbox 904 1053 1048 1110; x_wconf 90' lang='lat' dir='ltr'><strong>diem</strong></span> <span class='ocrx_word' id='word_1_66' title='bbox 1081 1053 1397 1110; x_wconf 84' lang='lat' dir='ltr'><strong>Anastasius</strong></span> <span class='ocrx_word' id='word_1_67' title='bbox 1420 1052 1747 1110; x_wconf 78' lang='lat' dir='ltr'><strong>celebravit.</strong></span> 
     </span>
    </p>
   </div>
   <div class='ocr_carea' id='block_1_11' title="bbox 644 1234 2172 1311">
    <p class='ocr_par' dir='ltr' id='par_1_11' title="bbox 644 1234 2172 1311">
     <span class='ocr_line' id='line_1_11' title="bbox 644 1234 2172 1311; baseline 0.002 -18"><span class='ocrx_word' id='word_1_68' title='bbox 644 1236 698 1293; x_wconf 71' lang='grc'><strong>2.</strong></span> <span class='ocrx_word' id='word_1_69' title='bbox 719 1234 915 1309; x_wconf 81' lang='lat' dir='ltr'><strong>Anysia</strong></span> <span class='ocrx_word' id='word_1_70' title='bbox 942 1238 1074 1292; x_wconf 79' lang='lat' dir='ltr'><strong>vices</strong></span> <span class='ocrx_word' id='word_1_71' title='bbox 1100 1252 1223 1292; x_wconf 82' lang='lat' dir='ltr'><strong>suas</strong></span> <span class='ocrx_word' id='word_1_72' title='bbox 1249 1239 1303 1292; x_wconf 84' lang='lat' dir='ltr'><strong>in</strong></span> <span class='ocrx_word' id='word_1_73' title='bbox 1327 1235 1541 1309; x_wconf 74' lang='lat' dir='ltr'><strong>Illyrico</strong></span> <span class='ocrx_word' id='word_1_74' title='bbox 1571 1238 2172 1311; x_wconf 61' lang='lat' dir='ltr'><strong>committit—Scripsit</strong></span> 
     </span>
    </p>
   </div>
   <div class='ocr_carea' id='block_1_12' title="bbox 578 1330 2173 1405">
    <p class='ocr_par' dir='ltr' id='par_1_12' title="bbox 578 1330 2173 1405">
     <span class='ocr_line' id='line_1_12' title="bbox 578 1330 2173 1405; baseline 0.003 -20"><span class='ocrx_word' id='word_1_75' title='bbox 578 1338 633 1385; x_wconf 92' lang='lat' dir='ltr'><strong>et</strong></span> <span class='ocrx_word' id='word_1_76' title='bbox 665 1330 986 1385; x_wconf 85' lang='lat' dir='ltr'><strong>Anastasius</strong></span> <span class='ocrx_word' id='word_1_77' title='bbox 1010 1330 1074 1384; x_wconf 89' lang='lat' dir='ltr'><strong>ad</strong></span> <span class='ocrx_word' id='word_1_78' title='bbox 1110 1331 1369 1402; x_wconf 82' lang='lat' dir='ltr'><strong>Anysium</strong></span> <span class='ocrx_word' id='word_1_79' title='bbox 1392 1331 1938 1389; x_wconf 85' lang='lat' dir='ltr'><strong>Thessalonicensem</strong></span> <span class='ocrx_word' id='word_1_80' title='bbox 1962 1335 2173 1405; x_wconf 87' lang='lat' dir='ltr'><strong>episco-</strong></span> 
     </span>
    </p>
   </div>
   <div class='ocr_carea' id='block_1_13' title="bbox 577 1426 2169 1499">
    <p class='ocr_par' dir='ltr' id='par_1_13' title="bbox 577 1426 2169 1499">
     <span class='ocr_line' id='line_1_13' title="bbox 577 1426 2169 1499; baseline 0.004 -20"><span class='ocrx_word' id='word_1_81' title='bbox 577 1442 727 1496; x_wconf 90' lang='lat' dir='ltr'><strong>pum,</strong></span> <span class='ocrx_word' id='word_1_82' title='bbox 754 1442 861 1497; x_wconf 86' lang='lat' dir='ltr'><strong>quo</strong></span> <span class='ocrx_word' id='word_1_83' title='bbox 882 1430 1084 1493; x_wconf 81' lang='lat' dir='ltr'><strong>omnia,</strong></span> <span class='ocrx_word' id='word_1_84' title='bbox 1115 1440 1234 1497; x_wconf 61' lang='lat' dir='ltr'><strong>quae</strong></span> <span class='ocrx_word' id='word_1_85' title='bbox 1261 1427 1312 1480; x_wconf 92' lang='lat' dir='ltr'><strong>iu</strong></span> <span class='ocrx_word' id='word_1_86' title='bbox 1332 1426 1529 1499; x_wconf 85' lang='lat' dir='ltr'><strong>Illyrici</strong></span> <span class='ocrx_word' id='word_1_87' title='bbox 1555 1428 1799 1497; x_wconf 87' lang='lat' dir='ltr'><strong>partibus</strong></span> <span class='ocrx_word' id='word_1_88' title='bbox 1822 1440 2169 1499; x_wconf 76' lang='lat' dir='ltr'><strong>gererentur,</strong></span> 
     </span>
    </p>
   </div>
   <div class='ocr_carea' id='block_1_14' title="bbox 571 1520 2171 1591">
    <p class='ocr_par' dir='ltr' id='par_1_14' title="bbox 571 1520 2171 1591">
     <span class='ocr_line' id='line_1_14' title="bbox 571 1520 2171 1591; baseline 0.004 -18"><span class='ocrx_word' id='word_1_89' title='bbox 571 1521 619 1573; x_wconf 83' lang='lat' dir='ltr'><strong>ei</strong></span> <span class='ocrx_word' id='word_1_90' title='bbox 670 1521 1046 1588; x_wconf 82' lang='lat' dir='ltr'><strong>cognoscenda</strong></span> <span class='ocrx_word' id='word_1_91' title='bbox 1093 1524 1479 1577; x_wconf 82' lang='lat' dir='ltr'><strong>committeret.</strong></span> <span class='ocrx_word' id='word_1_92' title='bbox 1537 1520 1704 1591; x_wconf 86' lang='lat' dir='ltr'><strong>Cujus</strong></span> <span class='ocrx_word' id='word_1_93' title='bbox 1747 1523 1825 1577; x_wconf 91' lang='lat' dir='ltr'><strong>rei</strong></span> <span class='ocrx_word' id='word_1_94' title='bbox 1869 1526 2026 1579; x_wconf 88' lang='lat' dir='ltr'><strong>testis</strong></span> <span class='ocrx_word' id='word_1_95' title='bbox 2081 1525 2171 1580; x_wconf 92' lang='lat' dir='ltr'><strong>III-</strong></span> 
     </span>
    </p>
   </div>
   <div class='ocr_carea' id='block_1_15' title="bbox 574 1614 2169 1687">
    <p class='ocr_par' dir='ltr' id='par_1_15' title="bbox 574 1614 2169 1687">
     <span class='ocr_line' id='line_1_15' title="bbox 574 1614 2169 1687; baseline 0.004 -19"><span class='ocrx_word' id='word_1_96' title='bbox 574 1617 857 1670; x_wconf 86' lang='lat' dir='ltr'><strong>nocentius</strong></span> <span class='ocrx_word' id='word_1_97' title='bbox 905 1614 1068 1685; x_wconf 88' lang='lat' dir='ltr'><strong>epist.</strong></span> <span class='ocrx_word' id='word_1_98' title='bbox 1106 1617 1127 1670; x_wconf 89' lang='lat' dir='ltr'><strong>I</strong></span> <span class='ocrx_word' id='word_1_99' title='bbox 1167 1616 1308 1671; x_wconf 91' lang='lat' dir='ltr'><strong>idem</strong></span> <span class='ocrx_word' id='word_1_100' title='bbox 1350 1616 1525 1672; x_wconf 88' lang='lat' dir='ltr'><strong>eidem</strong></span> <span class='ocrx_word' id='word_1_101' title='bbox 1572 1617 1775 1687; x_wconf 80' lang='lat' dir='ltr'><strong>Anysio</strong></span> <span class='ocrx_word' id='word_1_102' title='bbox 1820 1634 2015 1671; x_wconf 82' lang='lat' dir='ltr'><strong>utunns</strong></span> <span class='ocrx_word' id='word_1_103' title='bbox 2069 1620 2169 1674; x_wconf 90' lang='lat' dir='ltr'><strong>dc-</strong></span> 
     </span>
    </p>
   </div>
   <div class='ocr_carea' id='block_1_16' title="bbox 576 1709 2171 1781">
    <p class='ocr_par' dir='ltr' id='par_1_16' title="bbox 576 1709 2171 1781">
     <span class='ocr_line' id='line_1_16' title="bbox 576 1709 2171 1781; baseline 0.005 -18"><span class='ocrx_word' id='word_1_104' title='bbox 576 1710 797 1779; x_wconf 82' lang='lat' dir='ltr'><strong>legaus,</strong></span> <span class='ocrx_word' id='word_1_105' title='bbox 823 1709 927 1777; x_wconf 77' lang='lat' dir='ltr'><strong>hoc</strong></span> <span class='ocrx_word' id='word_1_106' title='bbox 952 1712 1001 1767; x_wconf 90' lang='lat' dir='ltr'><strong>ei</strong></span> <span class='ocrx_word' id='word_1_107' title='bbox 1037 1710 1249 1767; x_wconf 80' lang='lat' dir='ltr'><strong>deferre</strong></span> <span class='ocrx_word' id='word_1_108' title='bbox 1288 1727 1346 1765; x_wconf 76' lang='lat' dir='ltr'><strong>se</strong></span> <span class='ocrx_word' id='word_1_109' title='bbox 1398 1714 1501 1777; x_wconf 19' lang='lat' dir='ltr'><strong>ait,</strong></span> <span class='ocrx_word' id='word_1_110' title='bbox 1545 1729 1563 1763; x_wconf 77' lang='grc' dir='ltr'><strong>ι</strong></span> <span class='ocrx_word' id='word_1_111' title='bbox 1590 1712 1730 1781; x_wconf 86' lang='lat' dir='ltr'><strong>quod</strong></span> <span class='ocrx_word' id='word_1_112' title='bbox 1771 1715 1905 1767; x_wconf 88' lang='lat' dir='ltr'><strong>tanti</strong></span> <span class='ocrx_word' id='word_1_113' title='bbox 1940 1728 2003 1767; x_wconf 86' lang='lat' dir='ltr'><strong>ac</strong></span> <span class='ocrx_word' id='word_1_114' title='bbox 2033 1717 2171 1770; x_wconf 83' lang='lat' dir='ltr'><strong>tales</strong></span> 
     </span>
    </p>
   </div>
   <div class='ocr_carea' id='block_1_17' title="bbox 573 1800 2173 1875">
    <p class='ocr_par' dir='ltr' id='par_1_17' title="bbox 573 1800 2173 1875">
     <span class='ocr_line' id='line_1_17' title="bbox 573 1800 2173 1875; baseline 0.004 -20"><span class='ocrx_word' id='word_1_115' title='bbox 573 1800 1011 1875; x_wconf 70' lang='lat' dir='ltr'><strong>prmtlecessorcs</strong></span> <span class='ocrx_word' id='word_1_116' title='bbox 1035 1805 1138 1858; x_wconf 87' lang='lat' dir='ltr'><strong>mei</strong></span> <span class='ocrx_word' id='word_1_117' title='bbox 1171 1804 1413 1873; x_wconf 74' lang='lat' dir='ltr'><strong>episcopi</strong></span> <span class='ocrx_word' id='word_1_118' title='bbox 1438 1846 1451 1868; x_wconf 96' lang='lat'><strong>,</strong></span> <span class='ocrx_word' id='word_1_119' title='bbox 1479 1803 1531 1858; x_wconf 88' lang='lat' dir='ltr'><strong>id</strong></span> <span class='ocrx_word' id='word_1_120' title='bbox 1562 1810 1646 1859; x_wconf 92' lang='lat' dir='ltr'><strong>est</strong></span> <span class='ocrx_word' id='word_1_121' title='bbox 1671 1815 1871 1858; x_wconf 85' lang='lat' dir='ltr'><strong>sanctae</strong></span> <span class='ocrx_word' id='word_1_122' title='bbox 1895 1807 2173 1861; x_wconf 59' lang='lat' dir='ltr'><strong>memoriae</strong></span> 
     </span>
    </p>
   </div>
   <div class='ocr_carea' id='block_1_18' title="bbox 576 1890 2174 1966">
    <p class='ocr_par' dir='ltr' id='par_1_18' title="bbox 576 1890 2174 1966">
     <span class='ocr_line' id='line_1_18' title="bbox 576 1890 2174 1966; baseline 0.004 -19"><span class='ocrx_word' id='word_1_123' title='bbox 576 1890 872 1957; x_wconf 85' lang='lat' dir='ltr'><strong>Damasus.</strong></span> <span class='ocrx_word' id='word_1_124' title='bbox 915 1892 1140 1951; x_wconf 88' lang='lat' dir='ltr'><strong>Siricius</strong></span> <span class='ocrx_word' id='word_1_125' title='bbox 1172 1908 1334 1966; x_wconf 87' lang='lat' dir='ltr'><strong>atque</strong></span> <span class='ocrx_word' id='word_1_126' title='bbox 1359 1910 1517 1964; x_wconf 84' lang='lat' dir='ltr'><strong>supra</strong></span> <span class='ocrx_word' id='word_1_127' title='bbox 1548 1908 1881 1952; x_wconf 87' lang='lat' dir='ltr'><strong>memoratus</strong></span> <span class='ocrx_word' id='word_1_128' title='bbox 1904 1898 1985 1952; x_wconf 83' lang='lat' dir='ltr'><strong>vir</strong></span> <span class='ocrx_word' id='word_1_129' title='bbox 2007 1900 2174 1965; x_wconf 80' lang='lat' dir='ltr'><strong>(Ana-</strong></span> 
     </span>
    </p>
   </div>
   <div class='ocr_carea' id='block_1_19' title="bbox 571 1986 2173 2062">
    <p class='ocr_par' dir='ltr' id='par_1_19' title="bbox 571 1986 2173 2062">
     <span class='ocr_line' id='line_1_19' title="bbox 571 1986 2173 2062; baseline 0.004 -23"><span class='ocrx_word' id='word_1_130' title='bbox 571 1986 794 2054; x_wconf 56' lang='lat' dir='ltr'><strong>stasius)</strong></span> <span class='ocrx_word' id='word_1_131' title='bbox 844 1986 1175 2042; x_wconf 88' lang='lat' dir='ltr'><strong>detulerunt.</strong></span> <span class='ocrx_word' id='word_1_132' title='bbox 1209 2006 1227 2039; x_wconf 74' lang='grc' dir='ltr'><strong>ι</strong></span> <span class='ocrx_word' id='word_1_133' title='bbox 1282 1987 1351 2042; x_wconf 84' lang='lat' dir='ltr'><strong>Et</strong></span> <span class='ocrx_word' id='word_1_134' title='bbox 1384 1988 1498 2042; x_wconf 75' lang='lat' dir='ltr'><strong>lucc</strong></span> <span class='ocrx_word' id='word_1_135' title='bbox 1538 1987 1757 2057; x_wconf 83' lang='lat' dir='ltr'><strong>quidem</strong></span> <span class='ocrx_word' id='word_1_136' title='bbox 1789 1999 1977 2046; x_wconf 84' lang='lat' dir='ltr'><strong>uolatu</strong></span> <span class='ocrx_word' id='word_1_137' title='bbox 2011 1990 2173 2062; x_wconf 86' lang='lat' dir='ltr'><strong>digna</strong></span> 
     </span>
    </p>
   </div>
   <div class='ocr_carea' id='block_1_20' title="bbox 572 2082 2172 2152">
    <p class='ocr_par' dir='ltr' id='par_1_20' title="bbox 572 2082 2172 2152">
     <span class='ocr_line' id='line_1_20' title="bbox 572 2082 2172 2152; baseline 0.002 -14"><span class='ocrx_word' id='word_1_138' title='bbox 572 2094 701 2138; x_wconf 88' lang='lat' dir='ltr'><strong>sunt</strong></span> <span class='ocrx_word' id='word_1_139' title='bbox 752 2084 1051 2137; x_wconf 89' lang='lat' dir='ltr'><strong>Innocentii</strong></span> <span class='ocrx_word' id='word_1_140' title='bbox 1103 2084 1293 2138; x_wconf 81' lang='lat' dir='ltr'><strong>verba.</strong></span> <span class='ocrx_word' id='word_1_141' title='bbox 1346 2082 1473 2137; x_wconf 85' lang='lat' dir='ltr'><strong>Inde</strong></span> <span class='ocrx_word' id='word_1_142' title='bbox 1518 2085 1663 2139; x_wconf 87' lang='lat' dir='ltr'><strong>enim</strong></span> <span class='ocrx_word' id='word_1_143' title='bbox 1713 2086 2034 2152; x_wconf 84' lang='lat' dir='ltr'><strong>coniicitur,</strong></span> <span class='ocrx_word' id='word_1_144' title='bbox 2091 2085 2172 2141; x_wconf 85' lang='lat' dir='ltr'><strong>vi-</strong></span> 
     </span>
    </p>
   </div>
   <div class='ocr_carea' id='block_1_21' title="bbox 574 2178 2171 2252">
    <p class='ocr_par' dir='ltr' id='par_1_21' title="bbox 574 2178 2171 2252">
     <span class='ocr_line' id='line_1_21' title="bbox 574 2178 2171 2252; baseline 0.003 -19"><span class='ocrx_word' id='word_1_145' title='bbox 574 2179 706 2233; x_wconf 87' lang='lat' dir='ltr'><strong>carii</strong></span> <span class='ocrx_word' id='word_1_146' title='bbox 764 2179 1082 2247; x_wconf 75' lang='lat' dir='ltr'><strong>apostolica:</strong></span> <span class='ocrx_word' id='word_1_147' title='bbox 1126 2178 1274 2235; x_wconf 86' lang='lat' dir='ltr'><strong>sedis</strong></span> <span class='ocrx_word' id='word_1_148' title='bbox 1307 2179 1361 2233; x_wconf 90' lang='lat' dir='ltr'><strong>in</strong></span> <span class='ocrx_word' id='word_1_149' title='bbox 1408 2180 1840 2250; x_wconf 81' lang='lat' dir='ltr'><strong>Illyricomunus</strong></span> <span class='ocrx_word' id='word_1_150' title='bbox 1866 2181 2030 2237; x_wconf 86' lang='lat' dir='ltr'><strong>alicui</strong></span> <span class='ocrx_word' id='word_1_151' title='bbox 2058 2182 2171 2252; x_wconf 87' lang='lat' dir='ltr'><strong>epi-</strong></span> 
     </span>
    </p>
   </div>
   <div class='ocr_carea' id='block_1_22' title="bbox 576 2272 2173 2341">
    <p class='ocr_par' dir='ltr' id='par_1_22' title="bbox 576 2272 2173 2341">
     <span class='ocr_line' id='line_1_22' title="bbox 576 2272 2173 2341; baseline 0.004 -16"><span class='ocrx_word' id='word_1_152' title='bbox 576 2286 742 2341; x_wconf 76' lang='lat' dir='ltr'><strong>scapo</strong></span> <span class='ocrx_word' id='word_1_153' title='bbox 772 2272 1243 2328; x_wconf 81' lang='lat' dir='ltr'><strong>Tltessalonicensi</strong></span> <span class='ocrx_word' id='word_1_154' title='bbox 1274 2275 1445 2331; x_wconf 85' lang='lat' dir='ltr'><strong>semel</strong></span> <span class='ocrx_word' id='word_1_155' title='bbox 1473 2276 1734 2330; x_wconf 86' lang='lat' dir='ltr'><strong>collatum</strong></span> <span class='ocrx_word' id='word_1_156' title='bbox 1759 2320 1771 2341; x_wconf 94' lang='lat'><strong>,</strong></span> <span class='ocrx_word' id='word_1_157' title='bbox 1808 2277 1973 2330; x_wconf 81' lang='lat' dir='ltr'><strong>tOties</strong></span> <span class='ocrx_word' id='word_1_158' title='bbox 2016 2278 2173 2332; x_wconf 89' lang='lat' dir='ltr'><strong>inuo-</strong></span> 
     </span>
    </p>
   </div>
   <div class='ocr_carea' id='block_1_23' title="bbox 572 2364 2171 2440">
    <p class='ocr_par' dir='ltr' id='par_1_23' title="bbox 572 2364 2171 2440">
     <span class='ocr_line' id='line_1_23' title="bbox 572 2364 2171 2440; baseline 0.006 -24"><span class='ocrx_word' id='word_1_159' title='bbox 572 2364 687 2418; x_wconf 87' lang='lat' dir='ltr'><strong>vari</strong></span> <span class='ocrx_word' id='word_1_160' title='bbox 718 2364 1004 2430; x_wconf 82' lang='lat' dir='ltr'><strong>debuisse,</strong></span> <span class='ocrx_word' id='word_1_161' title='bbox 1030 2368 1244 2435; x_wconf 90' lang='lat' dir='ltr'><strong>quoties</strong></span> <span class='ocrx_word' id='word_1_162' title='bbox 1273 2383 1444 2420; x_wconf 88' lang='lat' dir='ltr'><strong>novus</strong></span> <span class='ocrx_word' id='word_1_163' title='bbox 1486 2367 1747 2422; x_wconf 68' lang='lat' dir='ltr'><strong>Romana:</strong></span> <span class='ocrx_word' id='word_1_164' title='bbox 1782 2371 1927 2424; x_wconf 87' lang='lat' dir='ltr'><strong>sedis</strong></span> <span class='ocrx_word' id='word_1_165' title='bbox 1970 2371 2171 2440; x_wconf 67' lang='lat' dir='ltr'><strong>praesul</strong></span> 
     </span>
    </p>
   </div>
   <div class='ocr_carea' id='block_1_24' title="bbox 569 2457 2172 2531">
    <p class='ocr_par' dir='ltr' id='par_1_24' title="bbox 569 2457 2172 2531">
     <span class='ocr_line' id='line_1_24' title="bbox 569 2457 2172 2531; baseline 0.004 -22"><span class='ocrx_word' id='word_1_166' title='bbox 569 2468 870 2510; x_wconf 86' lang='lat' dir='ltr'><strong>crearetur.</strong></span> <span class='ocrx_word' id='word_1_167' title='bbox 904 2457 999 2512; x_wconf 74' lang='lat' dir='ltr'><strong>lla:</strong></span> <span class='ocrx_word' id='word_1_168' title='bbox 1030 2458 1303 2513; x_wconf 80' lang='lat' dir='ltr'><strong>Anastasii</strong></span> <span class='ocrx_word' id='word_1_169' title='bbox 1323 2460 1513 2514; x_wconf 71' lang='lat' dir='ltr'><strong>littera:</strong></span> <span class='ocrx_word' id='word_1_170' title='bbox 1542 2476 1650 2514; x_wconf 89' lang='lat' dir='ltr'><strong>non</strong></span> <span class='ocrx_word' id='word_1_171' title='bbox 1677 2463 1836 2531; x_wconf 84' lang='lat' dir='ltr'><strong>longe</strong></span> <span class='ocrx_word' id='word_1_172' title='bbox 1865 2469 1987 2530; x_wconf 90' lang='lat' dir='ltr'><strong>post</strong></span> <span class='ocrx_word' id='word_1_173' title='bbox 2020 2462 2172 2517; x_wconf 91' lang='lat' dir='ltr'><strong>initia</strong></span> 
     </span>
    </p>
   </div>
   <div class='ocr_carea' id='block_1_25' title="bbox 568 2548 1718 2618">
    <p class='ocr_par' dir='ltr' id='par_1_25' title="bbox 568 2548 1718 2618">
     <span class='ocr_line' id='line_1_25' title="bbox 568 2548 1718 2618; baseline 0.005 -18"><span class='ocrx_word' id='word_1_174' title='bbox 568 2548 919 2615; x_wconf 74' lang='lat' dir='ltr'><strong>pontiﬁcatus</strong></span> <span class='ocrx_word' id='word_1_175' title='bbox 947 2550 1069 2618; x_wconf 82' lang='lat' dir='ltr'><strong>ejus</strong></span> <span class='ocrx_word' id='word_1_176' title='bbox 1097 2550 1349 2605; x_wconf 87' lang='lat' dir='ltr'><strong>videntur</strong></span> <span class='ocrx_word' id='word_1_177' title='bbox 1379 2550 1718 2608; x_wconf 69' lang='lat' dir='ltr'><strong>diderendae.</strong></span> 
     </span>
    </p>
   </div>
   <div class='ocr_carea' id='block_1_26' title="bbox 1338 2642 1426 2697">
    <p class='ocr_par' dir='ltr' id='par_1_26' title="bbox 1338 2642 1426 2697">
     <span class='ocr_line' id='line_1_26' title="bbox 1338 2642 1426 2697; baseline 0 0"><span class='ocrx_word' id='word_1_178' title='bbox 1338 2642 1426 2697; x_wconf 91' lang='lat' dir='ltr'><strong>III.</strong></span> 
     </span>
    </p>
   </div>
   <div class='ocr_carea' id='block_1_27' title="bbox 641 2729 2174 2807">
    <p class='ocr_par' dir='ltr' id='par_1_27' title="bbox 641 2729 2174 2807">
     <span class='ocr_line' id='line_1_27' title="bbox 641 2729 2174 2807; baseline 0.005 -20"><span class='ocrx_word' id='word_1_179' title='bbox 641 2731 696 2787; x_wconf 77' lang='lat'><strong>3.</strong></span> <span class='ocrx_word' id='word_1_180' title='bbox 718 2729 941 2787; x_wconf 77' lang='lat' dir='ltr'><strong>Joannis</strong></span> <span class='ocrx_word' id='word_1_181' title='bbox 959 2732 1187 2790; x_wconf 83' lang='lat' dir='ltr'><strong>Jerosol.</strong></span> <span class='ocrx_word' id='word_1_182' title='bbox 1211 2734 1281 2787; x_wconf 82' lang='lat' dir='ltr'><strong>ad</strong></span> <span class='ocrx_word' id='word_1_183' title='bbox 1304 2734 1640 2789; x_wconf 81' lang='lat' dir='ltr'><strong>Anastasium</strong></span> <span class='ocrx_word' id='word_1_184' title='bbox 1664 2738 1882 2805; x_wconf 80' lang='lat' dir='ltr'><strong>epistola</strong></span> <span class='ocrx_word' id='word_1_185' title='bbox 1905 2738 1969 2793; x_wconf 75' lang='lat' dir='ltr'><strong>de</strong></span> <span class='ocrx_word' id='word_1_186' title='bbox 1992 2736 2174 2807; x_wconf 65' lang='lat' dir='ltr'><strong>Ruﬁni</strong></span> 
     </span>
    </p>
   </div>
   <div class='ocr_carea' id='block_1_28' title="bbox 570 2824 2171 2899">
    <p class='ocr_par' dir='ltr' id='par_1_28' title="bbox 570 2824 2171 2899">
     <span class='ocr_line' id='line_1_28' title="bbox 570 2824 2171 2899; baseline 0.006 -24"><span class='ocrx_word' id='word_1_187' title='bbox 570 2824 794 2876; x_wconf 84' lang='lat' dir='ltr'><strong>nomine.</strong></span> <span class='ocrx_word' id='word_1_188' title='bbox 819 2853 889 2865; x_wconf 91' lang='lat'><strong>—-</strong></span> <span class='ocrx_word' id='word_1_189' title='bbox 914 2824 1206 2881; x_wconf 78' lang='lat' dir='ltr'><strong>Anastasio</strong></span> <span class='ocrx_word' id='word_1_190' title='bbox 1246 2827 1503 2895; x_wconf 84' lang='lat' dir='ltr'><strong>pontiﬁce</strong></span> <span class='ocrx_word' id='word_1_191' title='bbox 1545 2830 1805 2899; x_wconf 78' lang='lat' dir='ltr'><strong>contigit.</strong></span> <span class='ocrx_word' id='word_1_192' title='bbox 1854 2841 1911 2883; x_wconf 93' lang='lat' dir='ltr'><strong>ut</strong></span> <span class='ocrx_word' id='word_1_193' title='bbox 1941 2829 2171 2885; x_wconf 77' lang='lat' dir='ltr'><strong>Ruﬁnus</strong></span> 
     </span>
    </p>
   </div>
   <div class='ocr_carea' id='block_1_29' title="bbox 572 2917 2173 2999">
    <p class='ocr_par' dir='ltr' id='par_1_29' title="bbox 572 2917 2173 2999">
     <span class='ocr_line' id='line_1_29' title="bbox 572 2917 2173 2999; baseline 0.006 -28"><span class='ocrx_word' id='word_1_194' title='bbox 572 2917 743 2973; x_wconf 89' lang='lat' dir='ltr'><strong>libros</strong></span> <span class='ocrx_word' id='word_1_195' title='bbox 765 2920 1018 2990; x_wconf 83' lang='lat' dir='ltr'><strong>Origenis</strong></span> <span class='ocrx_word' id='word_1_196' title='bbox 1046 2925 1165 2999; x_wconf 80' lang='grc' dir='ltr'><strong>περὶ</strong></span> <span class='ocrx_word' id='word_1_197' title='bbox 1194 2921 1397 2998; x_wconf 78' lang='grc' dir='ltr'><strong>Ἀρχῶν</strong></span> <span class='ocrx_word' id='word_1_198' title='bbox 1434 2923 1701 2976; x_wconf 84' lang='lat' dir='ltr'><strong>latinitate</strong></span> <span class='ocrx_word' id='word_1_199' title='bbox 1731 2925 1982 2978; x_wconf 81' lang='lat' dir='ltr'><strong>donaret.</strong></span> <span class='ocrx_word' id='word_1_200' title='bbox 2018 2922 2173 2980; x_wconf 89' lang='lat' dir='ltr'><strong>Unde</strong></span> 
     </span>
    </p>
   </div>
   <div class='ocr_carea' id='block_1_30' title="bbox 568 3011 2169 3082">
    <p class='ocr_par' dir='ltr' id='par_1_30' title="bbox 568 3011 2169 3082">
     <span class='ocr_line' id='line_1_30' title="bbox 568 3011 2169 3082; baseline 0.006 -20"><span class='ocrx_word' id='word_1_201' title='bbox 568 3011 753 3079; x_wconf 86' lang='lat' dir='ltr'><strong>plures</strong></span> <span class='ocrx_word' id='word_1_202' title='bbox 779 3011 1042 3068; x_wconf 88' lang='lat' dir='ltr'><strong>adversus</strong></span> <span class='ocrx_word' id='word_1_203' title='bbox 1086 3014 1435 3081; x_wconf 84' lang='lat' dir='ltr'><strong>interpretem</strong></span> <span class='ocrx_word' id='word_1_204' title='bbox 1468 3014 1747 3082; x_wconf 77' lang='lat' dir='ltr'><strong>commoti,</strong></span> <span class='ocrx_word' id='word_1_205' title='bbox 1782 3029 1905 3071; x_wconf 86' lang='lat' dir='ltr'><strong>eum</strong></span> <span class='ocrx_word' id='word_1_206' title='bbox 1930 3014 2169 3071; x_wconf 79' lang='lat' dir='ltr'><strong>Anasta-</strong></span> 
     </span>
    </p>
   </div>
   <div class='ocr_carea' id='block_1_31' title="bbox 565 3102 2172 3172">
    <p class='ocr_par' dir='ltr' id='par_1_31' title="bbox 565 3102 2172 3172">
     <span class='ocr_line' id='line_1_31' title="bbox 565 3102 2172 3172; baseline 0.006 -17"><span class='ocrx_word' id='word_1_207' title='bbox 565 3102 632 3156; x_wconf 88' lang='lat' dir='ltr'><strong>sii</strong></span> <span class='ocrx_word' id='word_1_208' title='bbox 660 3105 984 3158; x_wconf 80' lang='lat' dir='ltr'><strong>auctoritate</strong></span> <span class='ocrx_word' id='word_1_209' title='bbox 1018 3104 1424 3172; x_wconf 88' lang='lat' dir='ltr'><strong>reprimendum</strong></span> <span class='ocrx_word' id='word_1_210' title='bbox 1448 3117 1805 3162; x_wconf 87' lang='lat' dir='ltr'><strong>censuerunt.</strong></span> <span class='ocrx_word' id='word_1_211' title='bbox 1834 3108 1985 3163; x_wconf 85' lang='lat' dir='ltr'><strong>Tunc</strong></span> <span class='ocrx_word' id='word_1_212' title='bbox 2004 3108 2172 3164; x_wconf 87' lang='lat' dir='ltr'><strong>Joan-</strong></span> 
     </span>
    </p>
   </div>
   <div class='ocr_carea' id='block_1_32' title="bbox 2276 498 3859 573">
    <p class='ocr_par' dir='ltr' id='par_1_32' title="bbox 2276 498 3859 573">
     <span class='ocr_line' id='line_1_32' title="bbox 2276 498 3859 573; baseline 0.004 -21"><span class='ocrx_word' id='word_1_213' title='bbox 2276 498 2580 567; x_wconf 85' lang='lat' dir='ltr'><strong>respiciens</strong></span> <span class='ocrx_word' id='word_1_214' title='bbox 2610 498 2771 563; x_wconf 83' lang='lat' dir='ltr'><strong>epist.</strong></span> <span class='ocrx_word' id='word_1_215' title='bbox 2797 499 2900 566; x_wconf 78' lang='lat'><strong>78,</strong></span> <span class='ocrx_word' id='word_1_216' title='bbox 2930 500 2997 556; x_wconf 81' lang='lat' dir='ltr'><strong>ad</strong></span> <span class='ocrx_word' id='word_1_217' title='bbox 3023 501 3432 557; x_wconf 83' lang='lat' dir='ltr'><strong>Pammachium</strong></span> <span class='ocrx_word' id='word_1_218' title='bbox 3457 511 3507 556; x_wconf 90' lang='lat' dir='ltr'><strong>et</strong></span> <span class='ocrx_word' id='word_1_219' title='bbox 3533 501 3859 573; x_wconf 71' lang='lat' dir='ltr'><strong>Marcellam,</strong></span> 
     </span>
    </p>
   </div>
   <div class='ocr_carea' id='block_1_33' title="bbox 2273 591 3865 663">
    <p class='ocr_par' dir='ltr' id='par_1_33' title="bbox 2273 591 3865 663">
     <span class='ocr_line' id='line_1_33' title="bbox 2273 591 3865 663; baseline 0.005 -19"><span class='ocrx_word' id='word_1_220' title='bbox 2273 591 2497 661; x_wconf 84' lang='lat' dir='ltr'><strong>scripsit</strong></span> <span class='ocrx_word' id='word_1_221' title='bbox 2530 610 2542 646; x_wconf 91' lang='lat'><strong>:</strong></span> <span class='ocrx_word' id='word_1_222' title='bbox 2581 610 2601 644; x_wconf 75' lang='grc' dir='ltr'><strong>ι</strong></span> <span class='ocrx_word' id='word_1_223' title='bbox 2620 591 2785 649; x_wconf 80' lang='lat' dir='ltr'><strong>Orate</strong></span> <span class='ocrx_word' id='word_1_224' title='bbox 2806 594 2970 663; x_wconf 80' lang='lat' dir='ltr'><strong>igitur</strong></span> <span class='ocrx_word' id='word_1_225' title='bbox 2995 594 3308 658; x_wconf 82' lang='lat' dir='ltr'><strong>Dominum,</strong></span> <span class='ocrx_word' id='word_1_226' title='bbox 3338 602 3494 648; x_wconf 89' lang='lat' dir='ltr'><strong>ut....</strong></span> <span class='ocrx_word' id='word_1_227' title='bbox 3528 594 3865 663; x_wconf 70' lang='lat' dir='ltr'><strong>pmdicatio-</strong></span> 
     </span>
    </p>
   </div>
   <div class='ocr_carea' id='block_1_34' title="bbox 2278 689 3864 759">
    <p class='ocr_par' dir='ltr' id='par_1_34' title="bbox 2278 689 3864 759">
     <span class='ocr_line' id='line_1_34' title="bbox 2278 689 3864 759; baseline 0.004 -19"><span class='ocrx_word' id='word_1_228' title='bbox 2278 701 2398 741; x_wconf 90' lang='lat' dir='ltr'><strong>nem</strong></span> <span class='ocrx_word' id='word_1_229' title='bbox 2439 703 2655 759; x_wconf 89' lang='lat' dir='ltr'><strong>quoque</strong></span> <span class='ocrx_word' id='word_1_230' title='bbox 2686 689 2962 744; x_wconf 60' lang='lat' dir='ltr'><strong>cathedrae</strong></span> <span class='ocrx_word' id='word_1_231' title='bbox 2996 690 3161 744; x_wconf 79' lang='lat' dir='ltr'><strong>Marci</strong></span> <span class='ocrx_word' id='word_1_232' title='bbox 3201 689 3568 758; x_wconf 66' lang='lat' dir='ltr'><strong>Evangelista:</strong></span> <span class='ocrx_word' id='word_1_233' title='bbox 3612 689 3864 747; x_wconf 83' lang='lat' dir='ltr'><strong>cathedra</strong></span> 
     </span>
    </p>
   </div>
   <div class='ocr_carea' id='block_1_35' title="bbox 2279 781 3861 853">
    <p class='ocr_par' dir='ltr' id='par_1_35' title="bbox 2279 781 3861 853">
     <span class='ocr_line' id='line_1_35' title="bbox 2279 781 3861 853; baseline 0.003 -18"><span class='ocrx_word' id='word_1_234' title='bbox 2279 781 2422 836; x_wconf 89' lang='lat' dir='ltr'><strong>Petri</strong></span> <span class='ocrx_word' id='word_1_235' title='bbox 2454 784 2685 852; x_wconf 87' lang='lat' dir='ltr'><strong>apostoli</strong></span> <span class='ocrx_word' id='word_1_236' title='bbox 2709 799 2803 839; x_wconf 89' lang='lat' dir='ltr'><strong>sua</strong></span> <span class='ocrx_word' id='word_1_237' title='bbox 2826 783 3214 851; x_wconf 67' lang='lat' dir='ltr'><strong>prtedicatioue</strong></span> <span class='ocrx_word' id='word_1_238' title='bbox 3240 783 3528 838; x_wconf 82' lang='lat' dir='ltr'><strong>conﬁrmet</strong></span> <span class='ocrx_word' id='word_1_239' title='bbox 3545 824 3560 849; x_wconf 95' lang='lat'><strong>,</strong></span> <span class='ocrx_word' id='word_1_240' title='bbox 3588 802 3606 835; x_wconf 75' lang='grc' dir='ltr'><strong>ι</strong></span> <span class='ocrx_word' id='word_1_241' title='bbox 3633 782 3736 839; x_wconf 91' lang='lat' dir='ltr'><strong>hoc</strong></span> <span class='ocrx_word' id='word_1_242' title='bbox 3756 794 3861 853; x_wconf 85' lang='lat' dir='ltr'><strong>est,</strong></span> 
     </span>
    </p>
   </div>
   <div class='ocr_carea' id='block_1_36' title="bbox 2278 876 3866 947">
    <p class='ocr_par' dir='ltr' id='par_1_36' title="bbox 2278 876 3866 947">
     <span class='ocr_line' id='line_1_36' title="bbox 2278 876 3866 947; baseline 0.003 -19"><span class='ocrx_word' id='word_1_243' title='bbox 2278 884 2335 929; x_wconf 91' lang='lat' dir='ltr'><strong>ut</strong></span> <span class='ocrx_word' id='word_1_244' title='bbox 2368 876 2418 929; x_wconf 93' lang='lat' dir='ltr'><strong>in</strong></span> <span class='ocrx_word' id='word_1_245' title='bbox 2450 877 2684 947; x_wconf 87' lang='lat' dir='ltr'><strong>Origene</strong></span> <span class='ocrx_word' id='word_1_246' title='bbox 2713 876 3128 932; x_wconf 80' lang='lat' dir='ltr'><strong>condemnanda</strong></span> <span class='ocrx_word' id='word_1_247' title='bbox 3174 876 3495 932; x_wconf 78' lang='lat' dir='ltr'><strong>Anastasius</strong></span> <span class='ocrx_word' id='word_1_248' title='bbox 3540 892 3663 931; x_wconf 79' lang='lat' dir='ltr'><strong>cum</strong></span> <span class='ocrx_word' id='word_1_249' title='bbox 3693 877 3866 933; x_wconf 83' lang='lat' dir='ltr'><strong>Theo-</strong></span> 
     </span>
    </p>
   </div>
   <div class='ocr_carea' id='block_1_37' title="bbox 2278 968 3865 1038">
    <p class='ocr_par' dir='ltr' id='par_1_37' title="bbox 2278 968 3865 1038">
     <span class='ocr_line' id='line_1_37' title="bbox 2278 968 3865 1038; baseline 0.003 -19"><span class='ocrx_word' id='word_1_250' title='bbox 2278 968 2426 1036; x_wconf 81' lang='lat' dir='ltr'><strong>philo</strong></span> <span class='ocrx_word' id='word_1_251' title='bbox 2466 970 2790 1023; x_wconf 87' lang='lat' dir='ltr'><strong>consentiat.</strong></span> <span class='ocrx_word' id='word_1_252' title='bbox 2840 969 2931 1023; x_wconf 86' lang='lat' dir='ltr'><strong>His</strong></span> <span class='ocrx_word' id='word_1_253' title='bbox 2972 979 3153 1023; x_wconf 87' lang='lat' dir='ltr'><strong>tamen</strong></span> <span class='ocrx_word' id='word_1_254' title='bbox 3187 969 3406 1037; x_wconf 81' lang='lat' dir='ltr'><strong>subjicit</strong></span> <span class='ocrx_word' id='word_1_255' title='bbox 3442 986 3454 1022; x_wconf 91' lang='lat'><strong>:</strong></span> <span class='ocrx_word' id='word_1_256' title='bbox 3494 968 3865 1038; x_wconf 69' lang='lat' dir='ltr'><strong>«Quamquam</strong></span> 
     </span>
    </p>
   </div>
   <div class='ocr_carea' id='block_1_38' title="bbox 2276 1059 3865 1131">
    <p class='ocr_par' dir='ltr' id='par_1_38' title="bbox 2276 1059 3865 1131">
     <span class='ocr_line' id='line_1_38' title="bbox 2276 1059 3865 1131; baseline 0.003 -18"><span class='ocrx_word' id='word_1_257' title='bbox 2276 1060 2476 1113; x_wconf 89' lang='lat' dir='ltr'><strong>celebri</strong></span> <span class='ocrx_word' id='word_1_258' title='bbox 2497 1075 2751 1115; x_wconf 90' lang='lat' dir='ltr'><strong>sermone</strong></span> <span class='ocrx_word' id='word_1_259' title='bbox 2775 1061 3049 1131; x_wconf 81' lang='lat' dir='ltr'><strong>vulgatum</strong></span> <span class='ocrx_word' id='word_1_260' title='bbox 3073 1059 3173 1125; x_wconf 89' lang='lat' dir='ltr'><strong>sit,</strong></span> <span class='ocrx_word' id='word_1_261' title='bbox 3199 1063 3415 1115; x_wconf 84' lang='lat' dir='ltr'><strong>beatum</strong></span> <span class='ocrx_word' id='word_1_262' title='bbox 3442 1076 3657 1131; x_wconf 88' lang='lat' dir='ltr'><strong>quoque</strong></span> <span class='ocrx_word' id='word_1_263' title='bbox 3681 1077 3865 1131; x_wconf 86' lang='lat' dir='ltr'><strong>papam</strong></span> 
     </span>
    </p>
   </div>
   <div class='ocr_carea' id='block_1_39' title="bbox 2276 1150 3867 1223">
    <p class='ocr_par' dir='ltr' id='par_1_39' title="bbox 2276 1150 3867 1223">
     <span class='ocr_line' id='line_1_39' title="bbox 2276 1150 3867 1223; baseline 0.003 -18"><span class='ocrx_word' id='word_1_264' title='bbox 2276 1150 2619 1206; x_wconf 86' lang='lat' dir='ltr'><strong>Anastasium</strong></span> <span class='ocrx_word' id='word_1_265' title='bbox 2648 1152 2839 1208; x_wconf 91' lang='lat' dir='ltr'><strong>eodem</strong></span> <span class='ocrx_word' id='word_1_266' title='bbox 2886 1150 3127 1219; x_wconf 77' lang='lat' dir='ltr'><strong>fervore,</strong></span> <span class='ocrx_word' id='word_1_267' title='bbox 3161 1153 3284 1222; x_wconf 87' lang='lat' dir='ltr'><strong>quia</strong></span> <span class='ocrx_word' id='word_1_268' title='bbox 3313 1152 3506 1209; x_wconf 89' lang='lat' dir='ltr'><strong>eodem</strong></span> <span class='ocrx_word' id='word_1_269' title='bbox 3538 1153 3732 1223; x_wconf 78' lang='lat' dir='ltr'><strong>Spiritu</strong></span> <span class='ocrx_word' id='word_1_270' title='bbox 3758 1165 3867 1222; x_wconf 90' lang='lat' dir='ltr'><strong>est,</strong></span> 
     </span>
    </p>
   </div>
   <div class='ocr_carea' id='block_1_40' title="bbox 2277 1243 3870 1319">
    <p class='ocr_par' dir='ltr' id='par_1_40' title="bbox 2277 1243 3870 1319">
     <span class='ocr_line' id='line_1_40' title="bbox 2277 1243 3870 1319; baseline 0.007 -25"><span class='ocrx_word' id='word_1_271' title='bbox 2277 1243 2556 1299; x_wconf 85' lang='lat' dir='ltr'><strong>latitantes</strong></span> <span class='ocrx_word' id='word_1_272' title='bbox 2592 1245 2645 1298; x_wconf 92' lang='lat' dir='ltr'><strong>in</strong></span> <span class='ocrx_word' id='word_1_273' title='bbox 2691 1244 2867 1301; x_wconf 90' lang='lat' dir='ltr'><strong>l‘oveis</strong></span> <span class='ocrx_word' id='word_1_274' title='bbox 2914 1246 3201 1302; x_wconf 79' lang='lat' dir='ltr'><strong>haereticos</strong></span> <span class='ocrx_word' id='word_1_275' title='bbox 3246 1254 3619 1317; x_wconf 72' lang='lat' dir='ltr'><strong>persecutum,</strong></span> <span class='ocrx_word' id='word_1_276' title='bbox 3650 1247 3870 1319; x_wconf 80' lang='lat' dir='ltr'><strong>ejusque</strong></span> 
     </span>
    </p>
   </div>
   <div class='ocr_carea' id='block_1_41' title="bbox 2277 1332 3869 1409">
    <p class='ocr_par' dir='ltr' id='par_1_41' title="bbox 2277 1332 3869 1409">
     <span class='ocr_line' id='line_1_41' title="bbox 2277 1332 3869 1409; baseline 0.006 -23"><span class='ocrx_word' id='word_1_277' title='bbox 2277 1332 2473 1388; x_wconf 63' lang='lat' dir='ltr'><strong>littera</strong></span> <span class='ocrx_word' id='word_1_278' title='bbox 2516 1334 2752 1389; x_wconf 86' lang='lat' dir='ltr'><strong>doceant</strong></span> <span class='ocrx_word' id='word_1_279' title='bbox 2796 1337 3114 1391; x_wconf 89' lang='lat' dir='ltr'><strong>damnatum</strong></span> <span class='ocrx_word' id='word_1_280' title='bbox 3158 1338 3212 1391; x_wconf 91' lang='lat' dir='ltr'><strong>in</strong></span> <span class='ocrx_word' id='word_1_281' title='bbox 3264 1337 3599 1404; x_wconf 90' lang='lat' dir='ltr'><strong>Occidente,</strong></span> <span class='ocrx_word' id='word_1_282' title='bbox 3644 1344 3789 1409; x_wconf 91' lang='lat' dir='ltr'><strong>quod</strong></span> <span class='ocrx_word' id='word_1_283' title='bbox 3819 1342 3869 1396; x_wconf 92' lang='lat' dir='ltr'><strong>in</strong></span> 
     </span>
    </p>
   </div>
   <div class='ocr_carea' id='block_1_42' title="bbox 2275 1427 3869 1499">
    <p class='ocr_par' dir='ltr' id='par_1_42' title="bbox 2275 1427 3869 1499">
     <span class='ocr_line' id='line_1_42' title="bbox 2275 1427 3869 1499; baseline 0.006 -18"><span class='ocrx_word' id='word_1_284' title='bbox 2275 1427 2495 1483; x_wconf 78' lang='lat' dir='ltr'><strong>Oriente</strong></span> <span class='ocrx_word' id='word_1_285' title='bbox 2518 1430 2831 1484; x_wconf 87' lang='lat' dir='ltr'><strong>damnatum</strong></span> <span class='ocrx_word' id='word_1_286' title='bbox 2860 1438 2965 1486; x_wconf 77' lang='lat' dir='ltr'><strong>est.</strong></span> <span class='ocrx_word' id='word_1_287' title='bbox 2993 1449 3011 1484; x_wconf 76' lang='grc' dir='ltr'><strong>ι</strong></span> <span class='ocrx_word' id='word_1_288' title='bbox 3047 1432 3258 1499; x_wconf 83' lang='lat' dir='ltr'><strong>Quibus</strong></span> <span class='ocrx_word' id='word_1_289' title='bbox 3291 1434 3471 1488; x_wconf 83' lang='lat' dir='ltr'><strong>verbis</strong></span> <span class='ocrx_word' id='word_1_290' title='bbox 3496 1449 3602 1489; x_wconf 92' lang='lat' dir='ltr'><strong>non</strong></span> <span class='ocrx_word' id='word_1_291' title='bbox 3633 1435 3869 1496; x_wconf 79' lang='lat' dir='ltr'><strong>obscure</strong></span> 
     </span>
    </p>
   </div>
   <div class='ocr_carea' id='block_1_43' title="bbox 2277 1518 3865 1593">
    <p class='ocr_par' dir='ltr' id='par_1_43' title="bbox 2277 1518 3865 1593">
     <span class='ocr_line' id='line_1_43' title="bbox 2277 1518 3865 1593; baseline 0.008 -22"><span class='ocrx_word' id='word_1_292' title='bbox 2277 1518 2481 1575; x_wconf 84' lang='lat' dir='ltr'><strong>indicat</strong></span> <span class='ocrx_word' id='word_1_293' title='bbox 2500 1520 2889 1593; x_wconf 86' lang='lat' dir='ltr'><strong>Hieronymus,</strong></span> <span class='ocrx_word' id='word_1_294' title='bbox 2913 1522 3184 1579; x_wconf 83' lang='lat' dir='ltr'><strong>Anastasii</strong></span> <span class='ocrx_word' id='word_1_295' title='bbox 3208 1525 3325 1580; x_wconf 84' lang='lat' dir='ltr'><strong>sive</strong></span> <span class='ocrx_word' id='word_1_296' title='bbox 3344 1526 3411 1580; x_wconf 86' lang='lat' dir='ltr'><strong>ad</strong></span> <span class='ocrx_word' id='word_1_297' title='bbox 3434 1526 3732 1582; x_wconf 79' lang='lat' dir='ltr'><strong>Venerium</strong></span> <span class='ocrx_word' id='word_1_298' title='bbox 3756 1528 3865 1583; x_wconf 75' lang='lat' dir='ltr'><strong>Me-</strong></span> 
     </span>
    </p>
   </div>
   <div class='ocr_carea' id='block_1_44' title="bbox 2277 1612 3869 1692">
    <p class='ocr_par' dir='ltr' id='par_1_44' title="bbox 2277 1612 3869 1692">
     <span class='ocr_line' id='line_1_44' title="bbox 2277 1612 3869 1692; baseline 0.006 -24"><span class='ocrx_word' id='word_1_299' title='bbox 2277 1612 2651 1671; x_wconf 88' lang='lat' dir='ltr'><strong>diolaneusem</strong></span> <span class='ocrx_word' id='word_1_300' title='bbox 2682 1658 2696 1683; x_wconf 92' lang='lat'><strong>,</strong></span> <span class='ocrx_word' id='word_1_301' title='bbox 2751 1617 2866 1672; x_wconf 85' lang='lat' dir='ltr'><strong>sive</strong></span> <span class='ocrx_word' id='word_1_302' title='bbox 2914 1618 2980 1671; x_wconf 82' lang='lat' dir='ltr'><strong>ad</strong></span> <span class='ocrx_word' id='word_1_303' title='bbox 3036 1617 3301 1674; x_wconf 77' lang='lat' dir='ltr'><strong>Joannem</strong></span> <span class='ocrx_word' id='word_1_304' title='bbox 3348 1618 3869 1692; x_wconf 74' lang='lat' dir='ltr'><strong>Jerosolymitanuni</strong></span> 
     </span>
    </p>
   </div>
   <div class='ocr_carea' id='block_1_45' title="bbox 2278 1707 3867 1781">
    <p class='ocr_par' dir='ltr' id='par_1_45' title="bbox 2278 1707 3867 1781">
     <span class='ocr_line' id='line_1_45' title="bbox 2278 1707 3867 1781; baseline 0.006 -22"><span class='ocrx_word' id='word_1_305' title='bbox 2278 1707 2537 1762; x_wconf 66' lang='lat' dir='ltr'><strong>adversus</strong></span> <span class='ocrx_word' id='word_1_306' title='bbox 2567 1710 2855 1779; x_wconf 82' lang='lat' dir='ltr'><strong>Origenem</strong></span> <span class='ocrx_word' id='word_1_307' title='bbox 2898 1710 3107 1766; x_wconf 89' lang='lat' dir='ltr'><strong>litteras</strong></span> <span class='ocrx_word' id='word_1_308' title='bbox 3148 1712 3259 1779; x_wconf 87' lang='lat' dir='ltr'><strong>jatn</strong></span> <span class='ocrx_word' id='word_1_309' title='bbox 3293 1720 3405 1766; x_wconf 91' lang='lat' dir='ltr'><strong>tum</strong></span> <span class='ocrx_word' id='word_1_310' title='bbox 3437 1714 3656 1781; x_wconf 80' lang='lat' dir='ltr'><strong>quidem</strong></span> <span class='ocrx_word' id='word_1_311' title='bbox 3699 1712 3867 1770; x_wconf 76' lang='lat' dir='ltr'><strong>fuisse</strong></span> 
     </span>
    </p>
   </div>
   <div class='ocr_carea' id='block_1_46' title="bbox 2208 1791 3870 1869">
    <p class='ocr_par' dir='ltr' id='par_1_46' title="bbox 2208 1791 3870 1869">
     <span class='ocr_line' id='line_1_46' title="bbox 2208 1791 3870 1869; baseline 0.007 -20"><span class='ocrx_word' id='word_1_312' title='bbox 2208 1791 2249 1849; x_wconf 74' lang='lat' dir='ltr'><strong>Ii</strong></span> <span class='ocrx_word' id='word_1_313' title='bbox 2280 1801 2512 1869; x_wconf 83' lang='lat' dir='ltr'><strong>scriptas</strong></span> <span class='ocrx_word' id='word_1_314' title='bbox 2534 1842 2547 1866; x_wconf 93' lang='lat'><strong>,</strong></span> <span class='ocrx_word' id='word_1_315' title='bbox 2581 1801 2676 1857; x_wconf 88' lang='lat' dir='ltr'><strong>sed</strong></span> <span class='ocrx_word' id='word_1_316' title='bbox 2708 1816 2897 1857; x_wconf 87' lang='lat' dir='ltr'><strong>earum</strong></span> <span class='ocrx_word' id='word_1_317' title='bbox 2934 1804 3182 1858; x_wconf 85' lang='lat' dir='ltr'><strong>notitiam</strong></span> <span class='ocrx_word' id='word_1_318' title='bbox 3208 1803 3439 1859; x_wconf 89' lang='lat' dir='ltr'><strong>necdum</strong></span> <span class='ocrx_word' id='word_1_319' title='bbox 3469 1804 3535 1859; x_wconf 87' lang='lat' dir='ltr'><strong>ad</strong></span> <span class='ocrx_word' id='word_1_320' title='bbox 3565 1820 3625 1860; x_wconf 87' lang='lat' dir='ltr'><strong>se</strong></span> <span class='ocrx_word' id='word_1_321' title='bbox 3657 1806 3763 1859; x_wconf 86' lang='lat' dir='ltr'><strong>nisi</strong></span> <span class='ocrx_word' id='word_1_322' title='bbox 3802 1816 3870 1861; x_wconf 72' lang='lat' dir='ltr'><strong>ex</strong></span> 
     </span>
    </p>
   </div>
   <div class='ocr_carea' id='block_1_47' title="bbox 2279 1894 3869 1969">
    <p class='ocr_par' dir='ltr' id='par_1_47' title="bbox 2279 1894 3869 1969">
     <span class='ocr_line' id='line_1_47' title="bbox 2279 1894 3869 1969; baseline 0.003 -22"><span class='ocrx_word' id='word_1_323' title='bbox 2279 1906 2497 1948; x_wconf 90' lang='lat' dir='ltr'><strong>rumore</strong></span> <span class='ocrx_word' id='word_1_324' title='bbox 2553 1896 2885 1964; x_wconf 82' lang='lat' dir='ltr'><strong>pervenisse.</strong></span> <span class='ocrx_word' id='word_1_325' title='bbox 2948 1895 3101 1951; x_wconf 88' lang='lat' dir='ltr'><strong>Unde</strong></span> <span class='ocrx_word' id='word_1_326' title='bbox 3156 1898 3323 1967; x_wconf 90' lang='lat' dir='ltr'><strong>liquet</strong></span> <span class='ocrx_word' id='word_1_327' title='bbox 3390 1897 3529 1953; x_wconf 88' lang='lat' dir='ltr'><strong>hanc</strong></span> <span class='ocrx_word' id='word_1_328' title='bbox 3581 1894 3869 1969; x_wconf 78' lang='lat' dir='ltr'><strong>Theophili</strong></span> 
     </span>
    </p>
   </div>
   <div class='ocr_carea' id='block_1_48' title="bbox 2277 1986 3871 2056">
    <p class='ocr_par' dir='ltr' id='par_1_48' title="bbox 2277 1986 3871 2056">
     <span class='ocr_line' id='line_1_48' title="bbox 2277 1986 3871 2056; baseline 0.004 -17"><span class='ocrx_word' id='word_1_329' title='bbox 2277 1986 2564 2056; x_wconf 85' lang='lat' dir='ltr'><strong>epistolam</strong></span> <span class='ocrx_word' id='word_1_330' title='bbox 2600 1987 2874 2055; x_wconf 62' lang='lat' dir='ltr'><strong>prtediCtis</strong></span> <span class='ocrx_word' id='word_1_331' title='bbox 2900 1988 2965 2041; x_wconf 89' lang='lat' dir='ltr'><strong>ad</strong></span> <span class='ocrx_word' id='word_1_332' title='bbox 2999 1987 3288 2044; x_wconf 85' lang='lat' dir='ltr'><strong>Venerium</strong></span> <span class='ocrx_word' id='word_1_333' title='bbox 3311 1998 3405 2045; x_wconf 86' lang='lat' dir='ltr'><strong>aut</strong></span> <span class='ocrx_word' id='word_1_334' title='bbox 3433 1988 3701 2045; x_wconf 88' lang='lat' dir='ltr'><strong>Joannem</strong></span> <span class='ocrx_word' id='word_1_335' title='bbox 3731 1990 3871 2045; x_wconf 84' lang='lat' dir='ltr'><strong>litte-</strong></span> 
     </span>
    </p>
   </div>
   <div class='ocr_carea' id='block_1_49' title="bbox 2279 2079 3043 2137">
    <p class='ocr_par' dir='ltr' id='par_1_49' title="bbox 2279 2079 3043 2137">
     <span class='ocr_line' id='line_1_49' title="bbox 2279 2079 3043 2137; baseline 0.004 -5"><span class='ocrx_word' id='word_1_336' title='bbox 2279 2079 2352 2133; x_wconf 88' lang='lat' dir='ltr'><strong>ris</strong></span> <span class='ocrx_word' id='word_1_337' title='bbox 2373 2079 2730 2135; x_wconf 87' lang='lat' dir='ltr'><strong>recentiorem</strong></span> <span class='ocrx_word' id='word_1_338' title='bbox 2765 2097 2870 2135; x_wconf 91' lang='lat' dir='ltr'><strong>non</strong></span> <span class='ocrx_word' id='word_1_339' title='bbox 2901 2096 3043 2137; x_wconf 89' lang='lat' dir='ltr'><strong>esse.</strong></span> 
     </span>
    </p>
   </div>
   <div class='ocr_carea' id='block_1_50' title="bbox 3036 2173 3122 2229">
    <p class='ocr_par' dir='ltr' id='par_1_50' title="bbox 3036 2173 3122 2229">
     <span class='ocr_line' id='line_1_50' title="bbox 3036 2173 3122 2229; baseline 0.023 -2"><span class='ocrx_word' id='word_1_340' title='bbox 3036 2173 3122 2229; x_wconf 86' lang='lat' dir='ltr'><strong>VI.</strong></span> 
     </span>
    </p>
   </div>
   <div class='ocr_carea' id='block_1_51' title="bbox 2350 2264 3873 2339">
    <p class='ocr_par' dir='ltr' id='par_1_51' title="bbox 2350 2264 3873 2339">
     <span class='ocr_line' id='line_1_51' title="bbox 2350 2264 3873 2339; baseline 0.003 -22"><span class='ocrx_word' id='word_1_341' title='bbox 2350 2264 2403 2317; x_wconf 70' lang='grc' dir='ltr'><strong>(ι.</strong></span> <span class='ocrx_word' id='word_1_342' title='bbox 2440 2264 2681 2333; x_wconf 67' lang='lat' dir='ltr'><strong>Afrorum</strong></span> <span class='ocrx_word' id='word_1_343' title='bbox 2714 2265 2781 2319; x_wconf 83' lang='lat' dir='ltr'><strong>ad</strong></span> <span class='ocrx_word' id='word_1_344' title='bbox 2832 2266 3161 2321; x_wconf 65' lang='lat' dir='ltr'><strong>Anastasianas</strong></span> <span class='ocrx_word' id='word_1_345' title='bbox 3208 2268 3395 2323; x_wconf 70' lang='lat' dir='ltr'><strong>littera:</strong></span> <span class='ocrx_word' id='word_1_346' title='bbox 3441 2282 3504 2322; x_wconf 78' lang='lat' dir='ltr'><strong>ac</strong></span> <span class='ocrx_word' id='word_1_347' title='bbox 3558 2269 3772 2339; x_wconf 76' lang='lat' dir='ltr'><strong>legatio.</strong></span> <span class='ocrx_word' id='word_1_348' title='bbox 3802 2296 3873 2310; x_wconf 84' lang='lat'><strong>-</strong></span> 
     </span>
    </p>
   </div>
   <div class='ocr_carea' id='block_1_52' title="bbox 2276 2357 3872 2434">
    <p class='ocr_par' dir='ltr' id='par_1_52' title="bbox 2276 2357 3872 2434">
     <span class='ocr_line' id='line_1_52' title="bbox 2276 2357 3872 2434; baseline 0.002 -20"><span class='ocrx_word' id='word_1_349' title='bbox 2276 2357 2434 2414; x_wconf 79' lang='lat' dir='ltr'><strong>Auno</strong></span> <span class='ocrx_word' id='word_1_350' title='bbox 2462 2358 2591 2425; x_wconf 78' lang='grc'><strong>401,</strong></span> <span class='ocrx_word' id='word_1_351' title='bbox 2612 2358 2761 2413; x_wconf 80' lang='lat' dir='ltr'><strong>Junii</strong></span> <span class='ocrx_word' id='word_1_352' title='bbox 2785 2360 2851 2415; x_wconf 80' lang='grc'><strong>18</strong></span> <span class='ocrx_word' id='word_1_353' title='bbox 2882 2362 2969 2415; x_wconf 87' lang='lat' dir='ltr'><strong>die</strong></span> <span class='ocrx_word' id='word_1_354' title='bbox 2988 2402 3001 2424; x_wconf 94' lang='lat'><strong>,</strong></span> <span class='ocrx_word' id='word_1_355' title='bbox 3037 2360 3153 2416; x_wconf 78' lang='lat' dir='ltr'><strong>Afri</strong></span> <span class='ocrx_word' id='word_1_356' title='bbox 3182 2360 3511 2432; x_wconf 75' lang='lat' dir='ltr'><strong>Carthagine</strong></span> <span class='ocrx_word' id='word_1_357' title='bbox 3533 2360 3872 2434; x_wconf 79' lang='lat' dir='ltr'><strong>congtegati,</strong></span> 
     </span>
    </p>
   </div>
   <div class='ocr_carea' id='block_1_53' title="bbox 2278 2454 3871 2525">
    <p class='ocr_par' dir='ltr' id='par_1_53' title="bbox 2278 2454 3871 2525">
     <span class='ocr_line' id='line_1_53' title="bbox 2278 2454 3871 2525; baseline 0.004 -21"><span class='ocrx_word' id='word_1_358' title='bbox 2278 2464 2443 2505; x_wconf 88' lang='lat' dir='ltr'><strong>unum</strong></span> <span class='ocrx_word' id='word_1_359' title='bbox 2474 2467 2540 2506; x_wconf 76' lang='lat' dir='ltr'><strong>ex</strong></span> <span class='ocrx_word' id='word_1_360' title='bbox 2581 2458 2960 2523; x_wconf 83' lang='lat' dir='ltr'><strong>episcOporum</strong></span> <span class='ocrx_word' id='word_1_361' title='bbox 2994 2469 3222 2508; x_wconf 88' lang='lat' dir='ltr'><strong>numero</strong></span> <span class='ocrx_word' id='word_1_362' title='bbox 3263 2454 3574 2525; x_wconf 84' lang='lat' dir='ltr'><strong>eligendum</strong></span> <span class='ocrx_word' id='word_1_363' title='bbox 3601 2456 3871 2511; x_wconf 81' lang='lat' dir='ltr'><strong>decreve-</strong></span> 
     </span>
    </p>
   </div>
   <div class='ocr_carea' id='block_1_54' title="bbox 2278 2548 3875 2617">
    <p class='ocr_par' dir='ltr' id='par_1_54' title="bbox 2278 2548 3875 2617">
     <span class='ocr_line' id='line_1_54' title="bbox 2278 2548 3875 2617; baseline 0.003 -18"><span class='ocrx_word' id='word_1_364' title='bbox 2278 2557 2433 2612; x_wconf 90' lang='lat' dir='ltr'><strong>runt,</strong></span> <span class='ocrx_word' id='word_1_365' title='bbox 2471 2564 2490 2599; x_wconf 81' lang='lat' dir='ltr'><strong>t</strong></span> <span class='ocrx_word' id='word_1_366' title='bbox 2517 2548 2609 2617; x_wconf 87' lang='lat' dir='ltr'><strong>qui</strong></span> <span class='ocrx_word' id='word_1_367' title='bbox 2663 2557 2769 2601; x_wconf 88' lang='lat' dir='ltr'><strong>tam</strong></span> <span class='ocrx_word' id='word_1_368' title='bbox 2814 2548 3108 2602; x_wconf 77' lang='lat' dir='ltr'><strong>venerabili</strong></span> <span class='ocrx_word' id='word_1_369' title='bbox 3154 2558 3347 2603; x_wconf 79' lang='lat' dir='ltr'><strong>saneto</strong></span> <span class='ocrx_word' id='word_1_370' title='bbox 3398 2548 3553 2603; x_wconf 78' lang='lat' dir='ltr'><strong>fratri</strong></span> <span class='ocrx_word' id='word_1_371' title='bbox 3584 2548 3875 2605; x_wconf 76' lang='lat' dir='ltr'><strong>Anastasio</strong></span> 
     </span>
    </p>
   </div>
   <div class='ocr_carea' id='block_1_55' title="bbox 2275 2638 3873 2710">
    <p class='ocr_par' dir='ltr' id='par_1_55' title="bbox 2275 2638 3873 2710">
     <span class='ocr_line' id='line_1_55' title="bbox 2275 2638 3873 2710; baseline 0.004 -20"><span class='ocrx_word' id='word_1_372' title='bbox 2275 2638 2421 2692; x_wconf 89' lang='lat' dir='ltr'><strong>sedis</strong></span> <span class='ocrx_word' id='word_1_373' title='bbox 2449 2640 2763 2707; x_wconf 62' lang='lat' dir='ltr'><strong>apostolica!</strong></span> <span class='ocrx_word' id='word_1_374' title='bbox 2793 2641 3074 2708; x_wconf 85' lang='lat' dir='ltr'><strong>episcopo,</strong></span> <span class='ocrx_word' id='word_1_375' title='bbox 3101 2655 3263 2710; x_wconf 78' lang='lat' dir='ltr'><strong>quam</strong></span> <span class='ocrx_word' id='word_1_376' title='bbox 3291 2641 3458 2696; x_wconf 84' lang='lat' dir='ltr'><strong>etiam</strong></span> <span class='ocrx_word' id='word_1_377' title='bbox 3498 2651 3691 2697; x_wconf 88' lang='lat' dir='ltr'><strong>sancto</strong></span> <span class='ocrx_word' id='word_1_378' title='bbox 3719 2641 3873 2698; x_wconf 81' lang='lat' dir='ltr'><strong>fratri</strong></span> 
     </span>
    </p>
   </div>
   <div class='ocr_carea' id='block_1_56' title="bbox 2281 2727 3869 2789">
    <p class='ocr_par' dir='ltr' id='par_1_56' title="bbox 2281 2727 3869 2789">
     <span class='ocr_line' id='line_1_56' title="bbox 2281 2727 3869 2789; baseline 0.004 -7"><span class='ocrx_word' id='word_1_379' title='bbox 2281 2727 2510 2783; x_wconf 78' lang='lat' dir='ltr'><strong>Venerio</strong></span> <span class='ocrx_word' id='word_1_380' title='bbox 2539 2728 2805 2783; x_wconf 83' lang='lat' dir='ltr'><strong>sacerdoti</strong></span> <span class='ocrx_word' id='word_1_381' title='bbox 2835 2728 3256 2785; x_wconf 86' lang='lat' dir='ltr'><strong>Mediolanensis</strong></span> <span class='ocrx_word' id='word_1_382' title='bbox 3286 2731 3535 2787; x_wconf 73' lang='lat' dir='ltr'><strong>ecclesia:</strong></span> <span class='ocrx_word' id='word_1_383' title='bbox 3560 2749 3582 2784; x_wconf 84' lang='grc'><strong>›</strong></span> <span class='ocrx_word' id='word_1_384' title='bbox 3622 2735 3869 2789; x_wconf 67' lang='lat' dir='ltr'><strong>necessi-</strong></span> 
     </span>
    </p>
   </div>
   <div class='ocr_carea' id='block_1_57' title="bbox 2277 2821 3872 2892">
    <p class='ocr_par' dir='ltr' id='par_1_57' title="bbox 2277 2821 3872 2892">
     <span class='ocr_line' id='line_1_57' title="bbox 2277 2821 3872 2892; baseline 0.004 -21"><span class='ocrx_word' id='word_1_385' title='bbox 2277 2828 2441 2873; x_wconf 76' lang='grc' dir='ltr'>ιειιι-ιιι</span> <span class='ocrx_word' id='word_1_386' title='bbox 2466 2831 2519 2873; x_wconf 82' lang='lat' dir='ltr'><strong>et</strong></span> <span class='ocrx_word' id='word_1_387' title='bbox 2545 2821 2779 2889; x_wconf 89' lang='lat' dir='ltr'><strong>inopiam</strong></span> <span class='ocrx_word' id='word_1_388' title='bbox 2812 2821 3160 2886; x_wconf 88' lang='lat' dir='ltr'><strong>clericorum,</strong></span> <span class='ocrx_word' id='word_1_389' title='bbox 3185 2838 3293 2892; x_wconf 88' lang='lat' dir='ltr'><strong>qua</strong></span> <span class='ocrx_word' id='word_1_390' title='bbox 3318 2822 3568 2878; x_wconf 73' lang='lat' dir='ltr'><strong>ecclesia:</strong></span> <span class='ocrx_word' id='word_1_391' title='bbox 3600 2822 3872 2879; x_wconf 78' lang='lat' dir='ltr'><strong>Africana:</strong></span> 
     </span>
    </p>
   </div>
   <div class='ocr_carea' id='block_1_58' title="bbox 2277 2914 3875 2989">
    <p class='ocr_par' dir='ltr' id='par_1_58' title="bbox 2277 2914 3875 2989">
     <span class='ocr_line' id='line_1_58' title="bbox 2277 2914 3875 2989; baseline 0.004 -23"><span class='ocrx_word' id='word_1_392' title='bbox 2277 2914 2632 2979; x_wconf 75' lang='lat' dir='ltr'><strong>laborabant,</strong></span> <span class='ocrx_word' id='word_1_393' title='bbox 2662 2915 2939 2969; x_wconf 86' lang='lat' dir='ltr'><strong>intimaret</strong></span> <span class='ocrx_word' id='word_1_394' title='bbox 2960 2956 2974 2981; x_wconf 93' lang='lat'><strong>,</strong></span> <span class='ocrx_word' id='word_1_395' title='bbox 3008 2926 3328 2985; x_wconf 85' lang='lat' dir='ltr'><strong>peteretque</strong></span> <span class='ocrx_word' id='word_1_396' title='bbox 3358 2926 3418 2971; x_wconf 90' lang='lat' dir='ltr'><strong>ut</strong></span> <span class='ocrx_word' id='word_1_397' title='bbox 3449 2917 3747 2987; x_wconf 75' lang='lat' dir='ltr'><strong>parvulos,</strong></span> <span class='ocrx_word' id='word_1_398' title='bbox 3776 2918 3875 2989; x_wconf 76' lang='lat' dir='ltr'><strong>qui</strong></span> 
     </span>
    </p>
   </div>
   <div class='ocr_carea' id='block_1_59' title="bbox 2274 3006 3875 3081">
    <p class='ocr_par' dir='ltr' id='par_1_59' title="bbox 2274 3006 3875 3081">
     <span class='ocr_line' id='line_1_59' title="bbox 2274 3006 3875 3081; baseline 0.005 -22"><span class='ocrx_word' id='word_1_399' title='bbox 2274 3006 2413 3075; x_wconf 83' lang='lat' dir='ltr'><strong>apud</strong></span> <span class='ocrx_word' id='word_1_400' title='bbox 2443 3007 2727 3062; x_wconf 65' lang='lat' dir='ltr'><strong>haereticos</strong></span> <span class='ocrx_word' id='word_1_401' title='bbox 2758 3008 2969 3064; x_wconf 81' lang='lat' dir='ltr'><strong>fuerant</strong></span> <span class='ocrx_word' id='word_1_402' title='bbox 2994 3008 3261 3078; x_wconf 80' lang='lat' dir='ltr'><strong>baptizati</strong></span> <span class='ocrx_word' id='word_1_403' title='bbox 3280 3050 3296 3075; x_wconf 84' lang='lat'><strong>.</strong></span> <span class='ocrx_word' id='word_1_404' title='bbox 3327 3025 3660 3081; x_wconf 80' lang='lat' dir='ltr'><strong>promovere</strong></span> <span class='ocrx_word' id='word_1_405' title='bbox 3682 3010 3742 3065; x_wconf 92' lang='lat' dir='ltr'><strong>in</strong></span> <span class='ocrx_word' id='word_1_406' title='bbox 3764 3010 3875 3067; x_wconf 76' lang='lat' dir='ltr'><strong>cle-</strong></span> 
     </span>
    </p>
   </div>
   <div class='ocr_carea' id='block_1_60' title="bbox 2275 3104 3873 3177">
    <p class='ocr_par' dir='ltr' id='par_1_60' title="bbox 2275 3104 3873 3177">
     <span class='ocr_line' id='line_1_60' title="bbox 2275 3104 3873 3177; baseline 0.003 -20"><span class='ocrx_word' id='word_1_407' title='bbox 2275 3119 2394 3158; x_wconf 85' lang='lat' dir='ltr'><strong>rum</strong></span> <span class='ocrx_word' id='word_1_408' title='bbox 2426 3104 2529 3158; x_wconf 86' lang='lat' dir='ltr'><strong>sibi</strong></span> <span class='ocrx_word' id='word_1_409' title='bbox 2562 3104 2771 3161; x_wconf 84' lang='lat' dir='ltr'><strong>liceret.</strong></span> <span class='ocrx_word' id='word_1_410' title='bbox 2804 3106 2961 3174; x_wconf 86' lang='lat' dir='ltr'><strong>Quod</strong></span> <span class='ocrx_word' id='word_1_411' title='bbox 3008 3105 3133 3161; x_wconf 89' lang='lat' dir='ltr'><strong>ideo</strong></span> <span class='ocrx_word' id='word_1_412' title='bbox 3180 3107 3283 3162; x_wconf 89' lang='lat' dir='ltr'><strong>sibi</strong></span> <span class='ocrx_word' id='word_1_413' title='bbox 3328 3108 3400 3162; x_wconf 84' lang='lat' dir='ltr'><strong>ab</strong></span> <span class='ocrx_word' id='word_1_414' title='bbox 3428 3107 3537 3162; x_wconf 86' lang='lat' dir='ltr'><strong>illis</strong></span> <span class='ocrx_word' id='word_1_415' title='bbox 3578 3106 3873 3177; x_wconf 87' lang='lat' dir='ltr'><strong>petendum</strong></span> 
     </span>
    </p>
   </div>
   <div class='ocr_carea' id='block_1_61' title="bbox 569 3172 3874 3270">
    <p class='ocr_par' dir='ltr' id='par_1_61' title="bbox 569 3172 3874 3270">
     <span class='ocr_line' id='line_1_61' title="bbox 569 3172 3874 3270; baseline 0.002 -21"><span class='ocrx_word' id='word_1_416' title='bbox 569 3211 666 3250; x_wconf 87' lang='lat' dir='ltr'><strong>nes</strong></span> <span class='ocrx_word' id='word_1_417' title='bbox 725 3197 1215 3268; x_wconf 79' lang='lat' dir='ltr'><strong>Jcrosolymitanus</strong></span> <span class='ocrx_word' id='word_1_418' title='bbox 1273 3204 1503 3253; x_wconf 82' lang='lat' dir='ltr'><strong>antistes</strong></span> <span class='ocrx_word' id='word_1_419' title='bbox 1537 3241 1550 3263; x_wconf 84' lang='lat'><em>.</em></span> <span class='ocrx_word' id='word_1_420' title='bbox 1610 3215 1706 3254; x_wconf 89' lang='lat' dir='ltr'><strong>seu</strong></span> <span class='ocrx_word' id='word_1_421' title='bbox 1761 3201 1929 3256; x_wconf 86' lang='lat' dir='ltr'><strong>variis</strong></span> <span class='ocrx_word' id='word_1_422' title='bbox 1978 3218 2165 3255; x_wconf 86' lang='lat' dir='ltr'><strong>rnmo-</strong></span> <span class='ocrx_word' id='word_1_423' title='bbox 2192 3172 2242 3236; x_wconf 77' lang='lat' dir='ltr'><strong>C</strong></span> <span class='ocrx_word' id='word_1_424' title='bbox 2277 3198 2477 3253; x_wconf 77' lang='lat' dir='ltr'><strong>duxere</strong></span> <span class='ocrx_word' id='word_1_425' title='bbox 2523 3216 2543 3249; x_wconf 76' lang='grc' dir='ltr'><strong>ι</strong></span> <span class='ocrx_word' id='word_1_426' title='bbox 2566 3199 2718 3268; x_wconf 88' lang='lat' dir='ltr'><strong>quia,</strong></span> <span class='ocrx_word' id='word_1_427' title='bbox 2752 3200 3037 3270; x_wconf 86' lang='lat' dir='ltr'><strong>inquiunt,</strong></span> <span class='ocrx_word' id='word_1_428' title='bbox 3068 3215 3135 3255; x_wconf 83' lang='lat' dir='ltr'><strong>ex</strong></span> <span class='ocrx_word' id='word_1_429' title='bbox 3167 3200 3250 3254; x_wconf 82' lang='lat' dir='ltr'><strong>his</strong></span> <span class='ocrx_word' id='word_1_430' title='bbox 3274 3201 3533 3265; x_wconf 84' lang='lat' dir='ltr'><strong>sedibus,</strong></span> <span class='ocrx_word' id='word_1_431' title='bbox 3558 3220 3579 3253; x_wconf 75' lang='grc' dir='ltr'><strong>ι</strong></span> <span class='ocrx_word' id='word_1_432' title='bbox 3614 3216 3644 3255; x_wconf 86' lang='lat' dir='ltr'><strong>a</strong></span> <span class='ocrx_word' id='word_1_433' title='bbox 3676 3200 3874 3257; x_wconf 87' lang='lat' dir='ltr'><strong>Siricio</strong></span> 
     </span>
    </p>
   </div>
   <div class='ocr_carea' id='block_1_62' title="bbox 568 3288 2169 3363">
    <p class='ocr_par' dir='ltr' id='par_1_62' title="bbox 568 3288 2169 3363">
     <span class='ocr_line' id='line_1_62' title="bbox 568 3288 2169 3363; baseline 0.002 -19"><span class='ocrx_word' id='word_1_434' title='bbox 568 3288 719 3344; x_wconf 87' lang='lat' dir='ltr'><strong>ribus</strong></span> <span class='ocrx_word' id='word_1_435' title='bbox 742 3291 810 3343; x_wconf 84' lang='lat' dir='ltr'><strong>de</strong></span> <span class='ocrx_word' id='word_1_436' title='bbox 835 3290 1031 3345; x_wconf 83' lang='lat' dir='ltr'><strong>Ruﬁno</strong></span> <span class='ocrx_word' id='word_1_437' title='bbox 1053 3292 1354 3360; x_wconf 52' lang='lat' dir='ltr'><strong>dissipatis,</strong></span> <span class='ocrx_word' id='word_1_438' title='bbox 1377 3308 1475 3347; x_wconf 88' lang='lat' dir='ltr'><strong>seu</strong></span> <span class='ocrx_word' id='word_1_439' title='bbox 1506 3293 1679 3361; x_wconf 86' lang='lat' dir='ltr'><strong>ipsius</strong></span> <span class='ocrx_word' id='word_1_440' title='bbox 1702 3294 1879 3347; x_wconf 82' lang='lat' dir='ltr'><strong>IluIini</strong></span> <span class='ocrx_word' id='word_1_441' title='bbox 1914 3294 2169 3363; x_wconf 84' lang='lat' dir='ltr'><strong>precibus</strong></span> 
     </span>
    </p>
   </div>
   <div class='ocr_carea' id='block_1_63' title="bbox 566 3384 2169 3457">
    <p class='ocr_par' dir='ltr' id='par_1_63' title="bbox 566 3384 2169 3457">
     <span class='ocr_line' id='line_1_63' title="bbox 566 3384 2169 3457; baseline 0.004 -21"><span class='ocrx_word' id='word_1_442' title='bbox 566 3384 914 3449; x_wconf 87' lang='lat' dir='ltr'><strong>compulsus,</strong></span> <span class='ocrx_word' id='word_1_443' title='bbox 949 3384 1167 3437; x_wconf 84' lang='lat' dir='ltr'><strong>beatum</strong></span> <span class='ocrx_word' id='word_1_444' title='bbox 1201 3400 1392 3453; x_wconf 88' lang='lat' dir='ltr'><strong>papam</strong></span> <span class='ocrx_word' id='word_1_445' title='bbox 1435 3386 1503 3441; x_wconf 89' lang='lat' dir='ltr'><strong>de</strong></span> <span class='ocrx_word' id='word_1_446' title='bbox 1546 3387 1647 3442; x_wconf 88' lang='lat' dir='ltr'><strong>hoc</strong></span> <span class='ocrx_word' id='word_1_447' title='bbox 1689 3388 2014 3457; x_wconf 82' lang='lat' dir='ltr'><strong>presbytero</strong></span> <span class='ocrx_word' id='word_1_448' title='bbox 2040 3386 2169 3455; x_wconf 85' lang='lat' dir='ltr'><strong>quid</strong></span> 
     </span>
    </p>
   </div>
   <div class='ocr_carea' id='block_1_64' title="bbox 568 3478 2167 3538">
    <p class='ocr_par' dir='ltr' id='par_1_64' title="bbox 568 3478 2167 3538">
     <span class='ocr_line' id='line_1_64' title="bbox 568 3478 2167 3538; baseline 0.005 -11"><span class='ocrx_word' id='word_1_449' title='bbox 568 3485 821 3528; x_wconf 69' lang='grc' dir='ltr'><strong>εειιδυτυι</strong></span> <span class='ocrx_word' id='word_1_450' title='bbox 857 3517 871 3538; x_wconf 82' lang='grc'>,</span> <span class='ocrx_word' id='word_1_451' title='bbox 919 3478 1214 3532; x_wconf 88' lang='lat' dir='ltr'><strong>consuluit.</strong></span> <span class='ocrx_word' id='word_1_452' title='bbox 1254 3478 1310 3533; x_wconf 88' lang='lat' dir='ltr'><strong>In</strong></span> <span class='ocrx_word' id='word_1_453' title='bbox 1352 3479 1436 3534; x_wconf 89' lang='lat' dir='ltr'><strong>his</strong></span> <span class='ocrx_word' id='word_1_454' title='bbox 1480 3480 1677 3536; x_wconf 83' lang='lat' dir='ltr'><strong>litteris</strong></span> <span class='ocrx_word' id='word_1_455' title='bbox 1722 3480 1963 3537; x_wconf 87' lang='lat' dir='ltr'><strong>Joannes</strong></span> <span class='ocrx_word' id='word_1_456' title='bbox 2014 3496 2167 3535; x_wconf 74' lang='lat' dir='ltr'><strong>sum~</strong></span> 
     </span>
    </p>
   </div>
   <div class='ocr_carea' id='block_1_65' title="bbox 573 3567 2166 3641">
    <p class='ocr_par' dir='ltr' id='par_1_65' title="bbox 573 3567 2166 3641">
     <span class='ocr_line' id='line_1_65' title="bbox 573 3567 2166 3641; baseline 0.006 -22"><span class='ocrx_word' id='word_1_457' title='bbox 573 3567 678 3620; x_wconf 81' lang='lat' dir='ltr'><strong>niis</strong></span> <span class='ocrx_word' id='word_1_458' title='bbox 706 3567 955 3622; x_wconf 82' lang='lat' dir='ltr'><strong>laudibus</strong></span> <span class='ocrx_word' id='word_1_459' title='bbox 984 3569 1325 3624; x_wconf 68' lang='lat' dir='ltr'><strong>Auasmsiutn</strong></span> <span class='ocrx_word' id='word_1_460' title='bbox 1356 3572 1673 3637; x_wconf 75' lang='lat' dir='ltr'><strong>extollebat,</strong></span> <span class='ocrx_word' id='word_1_461' title='bbox 1696 3575 1771 3627; x_wconf 93' lang='lat' dir='ltr'><strong>uti</strong></span> <span class='ocrx_word' id='word_1_462' title='bbox 1805 3590 1869 3629; x_wconf 81' lang='lat' dir='ltr'><strong>ex</strong></span> <span class='ocrx_word' id='word_1_463' title='bbox 1894 3573 2166 3641; x_wconf 88' lang='lat' dir='ltr'><strong>superiori</strong></span> 
     </span>
    </p>
   </div>
   <div class='ocr_carea' id='block_1_66' title="bbox 570 3663 2167 3737">
    <p class='ocr_par' dir='ltr' id='par_1_66' title="bbox 570 3663 2167 3737">
     <span class='ocr_line' id='line_1_66' title="bbox 570 3663 2167 3737; baseline 0.003 -19"><span class='ocrx_word' id='word_1_464' title='bbox 570 3664 805 3733; x_wconf 89' lang='lat' dir='ltr'><strong>epistola</strong></span> <span class='ocrx_word' id='word_1_465' title='bbox 851 3663 921 3727; x_wconf 69' lang='lat'><strong>2,</strong></span> <span class='ocrx_word' id='word_1_466' title='bbox 952 3664 1128 3720; x_wconf 88' lang='lat' dir='ltr'><strong>eidem</strong></span> <span class='ocrx_word' id='word_1_467' title='bbox 1177 3670 1402 3722; x_wconf 83' lang='lat' dir='ltr'><strong>antistiti</strong></span> <span class='ocrx_word' id='word_1_468' title='bbox 1453 3669 1520 3721; x_wconf 85' lang='lat' dir='ltr'><strong>ab</strong></span> <span class='ocrx_word' id='word_1_469' title='bbox 1564 3670 1852 3725; x_wconf 77' lang='lat' dir='ltr'><strong>Anastasio</strong></span> <span class='ocrx_word' id='word_1_470' title='bbox 1905 3668 2167 3737; x_wconf 83' lang='lat' dir='ltr'><strong>rescripta</strong></span> 
     </span>
    </p>
   </div>
   <div class='ocr_carea' id='block_1_67' title="bbox 570 3754 961 3825">
    <p class='ocr_par' dir='ltr' id='par_1_67' title="bbox 570 3754 961 3825">
     <span class='ocr_line' id='line_1_67' title="bbox 570 3754 961 3825; baseline 0.003 -18"><span class='ocrx_word' id='word_1_471' title='bbox 570 3754 829 3825; x_wconf 76' lang='lat' dir='ltr'><strong>colligere</strong></span> <span class='ocrx_word' id='word_1_472' title='bbox 858 3766 961 3810; x_wconf 89' lang='lat' dir='ltr'><strong>est.</strong></span> 
     </span>
    </p>
   </div>
   <div class='ocr_carea' id='block_1_68' title="bbox 1335 3853 1425 3910">
    <p class='ocr_par' dir='ltr' id='par_1_68' title="bbox 1335 3853 1425 3910">
     <span class='ocr_line' id='line_1_68' title="bbox 1335 3853 1425 3910; baseline 0.022 -2"><span class='ocrx_word' id='word_1_473' title='bbox 1335 3853 1425 3910; x_wconf 87' lang='lat' dir='ltr'><strong>IV.</strong></span> 
     </span>
    </p>
   </div>
   <div class='ocr_carea' id='block_1_69' title="bbox 647 3942 2168 4015">
    <p class='ocr_par' dir='ltr' id='par_1_69' title="bbox 647 3942 2168 4015">
     <span class='ocr_line' id='line_1_69' title="bbox 647 3942 2168 4015; baseline 0.003 -20"><span class='ocrx_word' id='word_1_474' title='bbox 647 3943 701 3996; x_wconf 77' lang='grc'><strong>4.</strong></span> <span class='ocrx_word' id='word_1_475' title='bbox 755 3942 1012 3999; x_wconf 71' lang='lat' dir='ltr'><strong>Anastasii</strong></span> <span class='ocrx_word' id='word_1_476' title='bbox 1064 3945 1131 3999; x_wconf 82' lang='lat' dir='ltr'><strong>ad</strong></span> <span class='ocrx_word' id='word_1_477' title='bbox 1191 3944 1463 4002; x_wconf 81' lang='lat' dir='ltr'><strong>Venerium</strong></span> <span class='ocrx_word' id='word_1_478' title='bbox 1520 3945 1736 4001; x_wconf 78' lang='lat' dir='ltr'><strong>Mediol.</strong></span> <span class='ocrx_word' id='word_1_479' title='bbox 1788 3946 2033 4015; x_wconf 82' lang='lat' dir='ltr'><strong>epistola.</strong></span> <span class='ocrx_word' id='word_1_480' title='bbox 2101 3976 2168 3985; x_wconf 95' lang='lat'><em>—</em></span> 
     </span>
    </p>
   </div>
   <div class='ocr_carea' id='block_1_70' title="bbox 570 4034 2169 4110">
    <p class='ocr_par' dir='ltr' id='par_1_70' title="bbox 570 4034 2169 4110">
     <span class='ocr_line' id='line_1_70' title="bbox 570 4034 2169 4110; baseline 0.002 -20"><span class='ocrx_word' id='word_1_481' title='bbox 570 4034 767 4090; x_wconf 84' lang='lat' dir='ltr'><strong>Joanui</strong></span> <span class='ocrx_word' id='word_1_482' title='bbox 795 4036 1251 4110; x_wconf 86' lang='lat' dir='ltr'><strong>Jcrosolymitano</strong></span> <span class='ocrx_word' id='word_1_483' title='bbox 1276 4041 1588 4094; x_wconf 77' lang='lat' dir='ltr'><strong>rescribons</strong></span> <span class='ocrx_word' id='word_1_484' title='bbox 1619 4039 1968 4105; x_wconf 81' lang='lat' dir='ltr'><strong>Anastasius,</strong></span> <span class='ocrx_word' id='word_1_485' title='bbox 2002 4039 2169 4094; x_wconf 84' lang='lat' dir='ltr'><strong>simul</strong></span> 
     </span>
    </p>
   </div>
   <div class='ocr_carea' id='block_1_71' title="bbox 575 4133 2168 4205">
    <p class='ocr_par' dir='ltr' id='par_1_71' title="bbox 575 4133 2168 4205">
     <span class='ocr_line' id='line_1_71' title="bbox 575 4133 2168 4205; baseline 0.004 -20"><span class='ocrx_word' id='word_1_486' title='bbox 575 4134 676 4199; x_wconf 86' lang='lat' dir='ltr'><strong>ipsi</strong></span> <span class='ocrx_word' id='word_1_487' title='bbox 712 4134 924 4189; x_wconf 88' lang='lat' dir='ltr'><strong>mittere</strong></span> <span class='ocrx_word' id='word_1_488' title='bbox 966 4150 1025 4189; x_wconf 88' lang='lat' dir='ltr'><strong>se</strong></span> <span class='ocrx_word' id='word_1_489' title='bbox 1069 4147 1219 4191; x_wconf 90' lang='lat' dir='ltr'><strong>notat</strong></span> <span class='ocrx_word' id='word_1_490' title='bbox 1262 4138 1551 4205; x_wconf 82' lang='lat' dir='ltr'><strong>epistolam</strong></span> <span class='ocrx_word' id='word_1_491' title='bbox 1600 4150 1629 4188; x_wconf 89' lang='lat' dir='ltr'><strong>a</strong></span> <span class='ocrx_word' id='word_1_492' title='bbox 1668 4148 1730 4189; x_wconf 90' lang='lat' dir='ltr'><strong>se</strong></span> <span class='ocrx_word' id='word_1_493' title='bbox 1768 4133 1835 4188; x_wconf 90' lang='lat' dir='ltr'><strong>ad</strong></span> <span class='ocrx_word' id='word_1_494' title='bbox 1877 4134 2168 4191; x_wconf 80' lang='lat' dir='ltr'><strong>Venerium</strong></span> 
     </span>
    </p>
   </div>
   <div class='ocr_carea' id='block_1_72' title="bbox 574 4223 2171 4300">
    <p class='ocr_par' dir='ltr' id='par_1_72' title="bbox 574 4223 2171 4300">
     <span class='ocr_line' id='line_1_72' title="bbox 574 4223 2171 4300; baseline 0.006 -22"><span class='ocrx_word' id='word_1_495' title='bbox 574 4223 1032 4280; x_wconf 82' lang='lat' dir='ltr'><strong>Mediolanensem</strong></span> <span class='ocrx_word' id='word_1_496' title='bbox 1066 4229 1382 4299; x_wconf 87' lang='lat' dir='ltr'><strong>episcopum</strong></span> <span class='ocrx_word' id='word_1_497' title='bbox 1412 4225 1669 4295; x_wconf 86' lang='lat' dir='ltr'><strong>scriptam</strong></span> <span class='ocrx_word' id='word_1_498' title='bbox 1691 4267 1705 4291; x_wconf 95' lang='lat'><strong>,</strong></span> <span class='ocrx_word' id='word_1_499' title='bbox 1750 4226 1803 4281; x_wconf 89' lang='lat' dir='ltr'><strong>in</strong></span> <span class='ocrx_word' id='word_1_500' title='bbox 1845 4243 1948 4295; x_wconf 84' lang='lat' dir='ltr'><strong>qua</strong></span> <span class='ocrx_word' id='word_1_501' title='bbox 1980 4229 2171 4300; x_wconf 80' lang='lat' dir='ltr'><strong>Orige-</strong></span> 
     </span>
    </p>
   </div>
   <div class='ocr_carea' id='block_1_73' title="bbox 576 4317 2172 4392">
    <p class='ocr_par' dir='ltr' id='par_1_73' title="bbox 576 4317 2172 4392">
     <span class='ocr_line' id='line_1_73' title="bbox 576 4317 2172 4392; baseline 0.004 -20"><span class='ocrx_word' id='word_1_502' title='bbox 576 4318 661 4373; x_wconf 90' lang='lat' dir='ltr'><strong>nis</strong></span> <span class='ocrx_word' id='word_1_503' title='bbox 688 4317 855 4373; x_wconf 89' lang='lat' dir='ltr'><strong>libros</strong></span> <span class='ocrx_word' id='word_1_504' title='bbox 881 4335 1107 4375; x_wconf 76' lang='lat' dir='ltr'><strong>recenSa</strong></span> <span class='ocrx_word' id='word_1_505' title='bbox 1124 4322 1320 4376; x_wconf 83' lang='lat' dir='ltr'><strong>Ruﬁno</strong></span> <span class='ocrx_word' id='word_1_506' title='bbox 1346 4320 1533 4374; x_wconf 85' lang='lat' dir='ltr'><strong>Latine</strong></span> <span class='ocrx_word' id='word_1_507' title='bbox 1553 4333 1851 4376; x_wconf 78' lang='lat' dir='ltr'><strong>conversos</strong></span> <span class='ocrx_word' id='word_1_508' title='bbox 1871 4337 2032 4392; x_wconf 83' lang='lat' dir='ltr'><strong>quam</strong></span> <span class='ocrx_word' id='word_1_509' title='bbox 2056 4325 2172 4378; x_wconf 78' lang='lat' dir='ltr'><strong>exi-</strong></span> 
     </span>
    </p>
   </div>
   <div class='ocr_carea' id='block_1_74' title="bbox 574 4412 2166 4487">
    <p class='ocr_par' dir='ltr' id='par_1_74' title="bbox 574 4412 2166 4487">
     <span class='ocr_line' id='line_1_74' title="bbox 574 4412 2166 4487; baseline 0.005 -24"><span class='ocrx_word' id='word_1_510' title='bbox 574 4412 742 4466; x_wconf 85' lang='lat' dir='ltr'><strong>tiosos</strong></span> <span class='ocrx_word' id='word_1_511' title='bbox 760 4424 1041 4480; x_wconf 88' lang='lat' dir='ltr'><strong>censeret,</strong></span> <span class='ocrx_word' id='word_1_512' title='bbox 1067 4414 1383 4487; x_wconf 77' lang='lat' dir='ltr'><strong>diligentiori</strong></span> <span class='ocrx_word' id='word_1_513' title='bbox 1410 4428 1536 4466; x_wconf 84' lang='lat' dir='ltr'><strong>cura</strong></span> <span class='ocrx_word' id='word_1_514' title='bbox 1559 4414 1869 4483; x_wconf 79' lang='lat' dir='ltr'><strong>explicabat</strong></span> <span class='ocrx_word' id='word_1_515' title='bbox 1889 4413 2083 4486; x_wconf 77' lang='lat' dir='ltr'><strong>(Epist.</strong></span> <span class='ocrx_word' id='word_1_516' title='bbox 2110 4416 2166 4481; x_wconf 72' lang='grc'><strong>2.</strong></span> 
     </span>
    </p>
   </div>
   <div class='ocr_carea' id='block_1_75' title="bbox 574 4504 2166 4577">
    <p class='ocr_par' dir='ltr' id='par_1_75' title="bbox 574 4504 2166 4577">
     <span class='ocr_line' id='line_1_75' title="bbox 574 4504 2166 4577; baseline 0.003 -17"><span class='ocrx_word' id='word_1_517' title='bbox 574 4522 628 4560; x_wconf 82' lang='grc' dir='ltr'>ιι.</span> <span class='ocrx_word' id='word_1_518' title='bbox 658 4506 742 4577; x_wconf 79' lang='lat'><strong>5).</strong></span> <span class='ocrx_word' id='word_1_519' title='bbox 772 4504 928 4562; x_wconf 88' lang='lat' dir='ltr'><strong>Unde</strong></span> <span class='ocrx_word' id='word_1_520' title='bbox 973 4508 1237 4577; x_wconf 83' lang='lat' dir='ltr'><strong>suspicari</strong></span> <span class='ocrx_word' id='word_1_521' title='bbox 1269 4519 1373 4571; x_wconf 91' lang='lat' dir='ltr'><strong>est,</strong></span> <span class='ocrx_word' id='word_1_522' title='bbox 1409 4509 1572 4562; x_wconf 85' lang='lat' dir='ltr'><strong>etiam</strong></span> <span class='ocrx_word' id='word_1_523' title='bbox 1601 4522 1633 4562; x_wconf 87' lang='lat' dir='ltr'><strong>a</strong></span> <span class='ocrx_word' id='word_1_524' title='bbox 1664 4506 1903 4564; x_wconf 83' lang='lat' dir='ltr'><strong>Venerio</strong></span> <span class='ocrx_word' id='word_1_525' title='bbox 1931 4508 2166 4565; x_wconf 81' lang='lat' dir='ltr'><strong>Anasta-</strong></span> 
     </span>
    </p>
   </div>
   <div class='ocr_carea' id='block_1_76' title="bbox 569 4598 2169 4659">
    <p class='ocr_par' dir='ltr' id='par_1_76' title="bbox 569 4598 2169 4659">
     <span class='ocr_line' id='line_1_76' title="bbox 569 4598 2169 4659; baseline 0.004 -6"><span class='ocrx_word' id='word_1_526' title='bbox 569 4598 710 4653; x_wconf 87' lang='lat' dir='ltr'><strong>sium</strong></span> <span class='ocrx_word' id='word_1_527' title='bbox 739 4598 809 4653; x_wconf 91' lang='lat' dir='ltr'><strong>de</strong></span> <span class='ocrx_word' id='word_1_528' title='bbox 840 4599 1033 4655; x_wconf 88' lang='lat' dir='ltr'><strong>iisdem</strong></span> <span class='ocrx_word' id='word_1_529' title='bbox 1066 4600 1217 4655; x_wconf 86' lang='lat' dir='ltr'><strong>libris</strong></span> <span class='ocrx_word' id='word_1_530' title='bbox 1242 4601 1408 4655; x_wconf 83' lang='lat' dir='ltr'><strong>luisse</strong></span> <span class='ocrx_word' id='word_1_531' title='bbox 1438 4600 1768 4654; x_wconf 89' lang='lat' dir='ltr'><strong>consultum.</strong></span> <span class='ocrx_word' id='word_1_532' title='bbox 1818 4600 1983 4656; x_wconf 84' lang='lat' dir='ltr'><strong>Forte</strong></span> <span class='ocrx_word' id='word_1_533' title='bbox 2022 4602 2169 4659; x_wconf 86' lang='lat' dir='ltr'><strong>circa</strong></span> 
     </span>
    </p>
   </div>
   <div class='ocr_carea' id='block_1_77' title="bbox 572 4688 2168 4763">
    <p class='ocr_par' dir='ltr' id='par_1_77' title="bbox 572 4688 2168 4763">
     <span class='ocr_line' id='line_1_77' title="bbox 572 4688 2168 4763; baseline 0.006 -21"><span class='ocrx_word' id='word_1_534' title='bbox 572 4688 715 4743; x_wconf 90' lang='lat' dir='ltr'><strong>idem</strong></span> <span class='ocrx_word' id='word_1_535' title='bbox 750 4701 961 4760; x_wconf 90' lang='lat' dir='ltr'><strong>tempus</strong></span> <span class='ocrx_word' id='word_1_536' title='bbox 990 4691 1313 4746; x_wconf 85' lang='lat' dir='ltr'><strong>Anastasius</strong></span> <span class='ocrx_word' id='word_1_537' title='bbox 1335 4707 1363 4745; x_wconf 88' lang='lat' dir='ltr'><strong>a</strong></span> <span class='ocrx_word' id='word_1_538' title='bbox 1391 4691 1599 4747; x_wconf 87' lang='lat' dir='ltr'><strong>Joanne</strong></span> <span class='ocrx_word' id='word_1_539' title='bbox 1618 4701 1784 4763; x_wconf 76' lang='lat' dir='ltr'><strong>atque</strong></span> <span class='ocrx_word' id='word_1_540' title='bbox 1811 4692 2045 4750; x_wconf 85' lang='lat' dir='ltr'><strong>Venerio</strong></span> <span class='ocrx_word' id='word_1_541' title='bbox 2072 4710 2168 4751; x_wconf 52' lang='lat' dir='ltr'><strong>ea.</strong></span> 
     </span>
    </p>
   </div>
   <div class='ocr_carea' id='block_1_78' title="bbox 569 4779 2169 4857">
    <p class='ocr_par' dir='ltr' id='par_1_78' title="bbox 569 4779 2169 4857">
     <span class='ocr_line' id='line_1_78' title="bbox 569 4779 2169 4857; baseline 0.006 -23"><span class='ocrx_word' id='word_1_542' title='bbox 569 4779 692 4835; x_wconf 77' lang='lat' dir='ltr'><strong>dum</strong></span> <span class='ocrx_word' id='word_1_543' title='bbox 722 4782 791 4837; x_wconf 91' lang='lat' dir='ltr'><strong>de</strong></span> <span class='ocrx_word' id='word_1_544' title='bbox 831 4798 991 4838; x_wconf 87' lang='lat' dir='ltr'><strong>causa</strong></span> <span class='ocrx_word' id='word_1_545' title='bbox 1010 4784 1289 4838; x_wconf 88' lang='lat' dir='ltr'><strong>consultus</strong></span> <span class='ocrx_word' id='word_1_546' title='bbox 1308 4784 1470 4839; x_wconf 89' lang='lat' dir='ltr'><strong>simul</strong></span> <span class='ocrx_word' id='word_1_547' title='bbox 1489 4786 1653 4839; x_wconf 89' lang='lat' dir='ltr'><strong>etiam</strong></span> <span class='ocrx_word' id='word_1_548' title='bbox 1677 4786 1744 4840; x_wconf 89' lang='lat' dir='ltr'><strong>ad</strong></span> <span class='ocrx_word' id='word_1_549' title='bbox 1770 4795 2061 4857; x_wconf 85' lang='lat' dir='ltr'><strong>utrumque</strong></span> <span class='ocrx_word' id='word_1_550' title='bbox 2085 4805 2169 4844; x_wconf 82' lang='lat' dir='ltr'><strong>re-</strong></span> 
     </span>
    </p>
   </div>
   <div class='ocr_carea' id='block_1_79' title="bbox 569 4874 2167 4949">
    <p class='ocr_par' dir='ltr' id='par_1_79' title="bbox 569 4874 2167 4949">
     <span class='ocr_line' id='line_1_79' title="bbox 569 4874 2167 4949; baseline 0.004 -20"><span class='ocrx_word' id='word_1_551' title='bbox 569 4889 769 4943; x_wconf 85' lang='lat' dir='ltr'><strong>sponsa</strong></span> <span class='ocrx_word' id='word_1_552' title='bbox 800 4874 979 4940; x_wconf 87' lang='lat' dir='ltr'><strong>dedit,</strong></span> <span class='ocrx_word' id='word_1_553' title='bbox 1014 4885 1069 4929; x_wconf 90' lang='lat' dir='ltr'><strong>et</strong></span> <span class='ocrx_word' id='word_1_554' title='bbox 1099 4875 1243 4945; x_wconf 86' lang='lat' dir='ltr'><strong>quod</strong></span> <span class='ocrx_word' id='word_1_555' title='bbox 1279 4878 1367 4930; x_wconf 88' lang='lat' dir='ltr'><strong>uni</strong></span> <span class='ocrx_word' id='word_1_556' title='bbox 1396 4878 1785 4947; x_wconf 58' lang='lat' dir='ltr'><strong>respondebat,</strong></span> <span class='ocrx_word' id='word_1_557' title='bbox 1817 4879 2066 4949; x_wconf 82' lang='lat' dir='ltr'><strong>epistolae</strong></span> <span class='ocrx_word' id='word_1_558' title='bbox 2087 4882 2167 4936; x_wconf 87' lang='lat' dir='ltr'><strong>aI-</strong></span> 
     </span>
    </p>
   </div>
   <div class='ocr_carea' id='block_1_80' title="bbox 572 4968 1682 5037">
    <p class='ocr_par' dir='ltr' id='par_1_80' title="bbox 572 4968 1682 5037">
     <span class='ocr_line' id='line_1_80' title="bbox 572 4968 1682 5037; baseline 0.003 -15"><span class='ocrx_word' id='word_1_559' title='bbox 572 4968 667 5022; x_wconf 83' lang='lat' dir='ltr'><strong>teri</strong></span> <span class='ocrx_word' id='word_1_560' title='bbox 698 4968 973 5037; x_wconf 76' lang='lat' dir='ltr'><strong>rescripta:</strong></span> <span class='ocrx_word' id='word_1_561' title='bbox 1002 4969 1425 5026; x_wconf 84' lang='lat' dir='ltr'><strong>subnectendum</strong></span> <span class='ocrx_word' id='word_1_562' title='bbox 1455 4974 1682 5028; x_wconf 86' lang='lat' dir='ltr'><strong>curavit.</strong></span> 
     </span>
    </p>
   </div>
   <div class='ocr_carea' id='block_1_81' title="bbox 1339 5061 1404 5117">
    <p class='ocr_par' dir='ltr' id='par_1_81' title="bbox 1339 5061 1404 5117">
     <span class='ocr_line' id='line_1_81' title="bbox 1339 5061 1404 5117; baseline 0 0"><span class='ocrx_word' id='word_1_563' title='bbox 1339 5061 1404 5117; x_wconf 87' lang='lat' dir='ltr'><strong>V.</strong></span> 
     </span>
    </p>
   </div>
   <div class='ocr_carea' id='block_1_82' title="bbox 638 5149 2169 5219">
    <p class='ocr_par' dir='ltr' id='par_1_82' title="bbox 638 5149 2169 5219">
     <span class='ocr_line' id='line_1_82' title="bbox 638 5149 2169 5219; baseline 0.01 -14"><span class='ocrx_word' id='word_1_564' title='bbox 638 5150 692 5205; x_wconf 82' lang='grc'><strong>5.</strong></span> <span class='ocrx_word' id='word_1_565' title='bbox 728 5149 1005 5218; x_wconf 77' lang='lat' dir='ltr'><strong>TlteOphili</strong></span> <span class='ocrx_word' id='word_1_566' title='bbox 1042 5152 1387 5209; x_wconf 73' lang='lat' dir='ltr'><strong>Alexandrini</strong></span> <span class='ocrx_word' id='word_1_567' title='bbox 1412 5157 1481 5211; x_wconf 81' lang='lat' dir='ltr'><strong>ad</strong></span> <span class='ocrx_word' id='word_1_568' title='bbox 1510 5158 1838 5217; x_wconf 81' lang='lat' dir='ltr'><strong>Anastasiunt</strong></span> <span class='ocrx_word' id='word_1_569' title='bbox 1870 5163 2075 5219; x_wconf 65' lang='lat' dir='ltr'><strong>littere.</strong></span> <span class='ocrx_word' id='word_1_570' title='bbox 2099 5194 2169 5205; x_wconf 92' lang='lat'>—</span> 
     </span>
    </p>
   </div>
   <div class='ocr_carea' id='block_1_83' title="bbox 572 5244 2165 5322">
    <p class='ocr_par' dir='ltr' id='par_1_83' title="bbox 572 5244 2165 5322">
     <span class='ocr_line' id='line_1_83' title="bbox 572 5244 2165 5322; baseline 0.009 -23"><span class='ocrx_word' id='word_1_571' title='bbox 572 5244 940 5314; x_wconf 85' lang='lat' dir='ltr'><strong>Hieronymus</strong></span> <span class='ocrx_word' id='word_1_572' title='bbox 967 5246 1128 5313; x_wconf 86' lang='lat' dir='ltr'><strong>epist.</strong></span> <span class='ocrx_word' id='word_1_573' title='bbox 1173 5247 1262 5312; x_wconf 88' lang='lat' dir='ltr'><strong>7I,</strong></span> <span class='ocrx_word' id='word_1_574' title='bbox 1290 5249 1357 5304; x_wconf 88' lang='lat' dir='ltr'><strong>ad</strong></span> <span class='ocrx_word' id='word_1_575' title='bbox 1391 5250 1781 5322; x_wconf 80' lang='lat' dir='ltr'><strong>Theophilum,</strong></span> <span class='ocrx_word' id='word_1_576' title='bbox 1813 5272 1883 5311; x_wconf 84' lang='lat' dir='ltr'><strong>ex</strong></span> <span class='ocrx_word' id='word_1_577' title='bbox 1922 5257 2017 5311; x_wconf 87' lang='lat' dir='ltr'><strong>Dei</strong></span> <span class='ocrx_word' id='word_1_578' title='bbox 2050 5257 2165 5313; x_wconf 85' lang='lat' dir='ltr'><strong>dis-</strong></span> 
     </span>
    </p>
   </div>
   <div class='ocr_carea' id='block_1_84' title="bbox 568 5339 2168 5423">
    <p class='ocr_par' dir='ltr' id='par_1_84' title="bbox 568 5339 2168 5423">
     <span class='ocr_line' id='line_1_84' title="bbox 568 5339 2168 5423; baseline 0.011 -33"><span class='ocrx_word' id='word_1_579' title='bbox 568 5339 892 5410; x_wconf 82' lang='lat' dir='ltr'><strong>pensatione</strong></span> <span class='ocrx_word' id='word_1_580' title='bbox 923 5348 1115 5405; x_wconf 87' lang='lat' dir='ltr'><strong>putare</strong></span> <span class='ocrx_word' id='word_1_581' title='bbox 1139 5358 1196 5399; x_wconf 86' lang='lat' dir='ltr'><strong>se</strong></span> <span class='ocrx_word' id='word_1_582' title='bbox 1217 5344 1295 5398; x_wconf 89' lang='lat' dir='ltr'><strong>ait</strong></span> <span class='ocrx_word' id='word_1_583' title='bbox 1316 5343 1518 5402; x_wconf 83' lang='lat' dir='ltr'><strong>factum</strong></span> <span class='ocrx_word' id='word_1_584' title='bbox 1537 5386 1553 5413; x_wconf 85' lang='lat'><strong>,</strong></span> <span class='ocrx_word' id='word_1_585' title='bbox 1586 5359 1643 5403; x_wconf 89' lang='lat' dir='ltr'><strong>ut</strong></span> <span class='ocrx_word' id='word_1_586' title='bbox 1664 5364 1733 5406; x_wconf 90' lang='lat' dir='ltr'><strong>eo</strong></span> <span class='ocrx_word' id='word_1_587' title='bbox 1760 5362 2029 5422; x_wconf 81' lang='lat' dir='ltr'><strong>tempore,</strong></span> <span class='ocrx_word' id='word_1_588' title='bbox 2057 5368 2168 5423; x_wconf 80' lang='lat' dir='ltr'><strong>quo</strong></span> 
     </span>
    </p>
   </div>
   <div class='ocr_carea' id='block_1_85' title="bbox 569 5430 2168 5513">
    <p class='ocr_par' dir='ltr' id='par_1_85' title="bbox 569 5430 2168 5513">
     <span class='ocr_line' id='line_1_85' title="bbox 569 5430 2168 5513; baseline 0.008 -28"><span class='ocrx_word' id='word_1_589' title='bbox 569 5431 682 5501; x_wconf 90' lang='lat' dir='ltr'><strong>ipse</strong></span> <span class='ocrx_word' id='word_1_590' title='bbox 706 5430 1067 5499; x_wconf 78' lang='lat' dir='ltr'><strong>Hieronymus</strong></span> <span class='ocrx_word' id='word_1_591' title='bbox 1095 5433 1356 5501; x_wconf 89' lang='lat' dir='ltr'><strong>epistolas</strong></span> <span class='ocrx_word' id='word_1_592' title='bbox 1386 5437 1647 5495; x_wconf 91' lang='lat' dir='ltr'><strong>adversus</strong></span> <span class='ocrx_word' id='word_1_593' title='bbox 1672 5441 1961 5513; x_wconf 82' lang='lat' dir='ltr'><strong>Origenem</strong></span> <span class='ocrx_word' id='word_1_594' title='bbox 1982 5445 2033 5498; x_wconf 90' lang='lat' dir='ltr'><strong>in</strong></span> <span class='ocrx_word' id='word_1_595' title='bbox 2060 5444 2168 5498; x_wconf 85' lang='lat' dir='ltr'><strong>Oc-</strong></span> 
     </span>
    </p>
   </div>
   <div class='ocr_carea' id='block_1_86' title="bbox 568 5522 2173 5605">
    <p class='ocr_par' dir='ltr' id='par_1_86' title="bbox 568 5522 2173 5605">
     <span class='ocr_line' id='line_1_86' title="bbox 568 5522 2173 5605; baseline 0.006 -26"><span class='ocrx_word' id='word_1_596' title='bbox 568 5522 847 5579; x_wconf 88' lang='lat' dir='ltr'><strong>cidentem</strong></span> <span class='ocrx_word' id='word_1_597' title='bbox 885 5522 1130 5591; x_wconf 85' lang='lat' dir='ltr'><strong>miserat,</strong></span> <span class='ocrx_word' id='word_1_598' title='bbox 1157 5540 1347 5583; x_wconf 87' lang='lat' dir='ltr'><strong>c0ntra</strong></span> <span class='ocrx_word' id='word_1_599' title='bbox 1375 5530 1621 5586; x_wconf 85' lang='lat' dir='ltr'><strong>eumdem</strong></span> <span class='ocrx_word' id='word_1_600' title='bbox 1651 5548 1866 5605; x_wconf 82' lang='lat' dir='ltr'><strong>quoque</strong></span> <span class='ocrx_word' id='word_1_601' title='bbox 1894 5534 2173 5603; x_wconf 82' lang='lat' dir='ltr'><strong>Theophi-</strong></span> 
     </span>
    </p>
   </div>
   <div class='ocr_carea' id='block_1_87' title="bbox 566 5616 2173 5700">
    <p class='ocr_par' dir='ltr' id='par_1_87' title="bbox 566 5616 2173 5700">
     <span class='ocr_line' id='line_1_87' title="bbox 566 5616 2173 5700; baseline 0.009 -29"><span class='ocrx_word' id='word_1_602' title='bbox 566 5616 651 5671; x_wconf 89' lang='lat' dir='ltr'><strong>lus</strong></span> <span class='ocrx_word' id='word_1_603' title='bbox 684 5618 750 5670; x_wconf 89' lang='lat' dir='ltr'><strong>ad</strong></span> <span class='ocrx_word' id='word_1_604' title='bbox 788 5619 1135 5675; x_wconf 69' lang='lat' dir='ltr'><strong>Anastasium</strong></span> <span class='ocrx_word' id='word_1_605' title='bbox 1173 5638 1365 5693; x_wconf 87' lang='lat' dir='ltr'><strong>papam</strong></span> <span class='ocrx_word' id='word_1_606' title='bbox 1400 5630 1711 5697; x_wconf 87' lang='lat' dir='ltr'><strong>scriberet,</strong></span> <span class='ocrx_word' id='word_1_607' title='bbox 1737 5645 1799 5685; x_wconf 88' lang='lat' dir='ltr'><strong>ac</strong></span> <span class='ocrx_word' id='word_1_608' title='bbox 1826 5646 1979 5685; x_wconf 90' lang='lat' dir='ltr'><strong>suam</strong></span> <span class='ocrx_word' id='word_1_609' title='bbox 2003 5631 2173 5700; x_wconf 87' lang='lat' dir='ltr'><strong>ipsius</strong></span> 
     </span>
    </p>
   </div>
   <div class='ocr_carea' id='block_1_88' title="bbox 566 5710 2174 5790">
    <p class='ocr_par' dir='ltr' id='par_1_88' title="bbox 566 5710 2174 5790">
     <span class='ocr_line' id='line_1_88' title="bbox 566 5710 2174 5790; baseline 0.007 -26"><span class='ocrx_word' id='word_1_610' title='bbox 566 5710 902 5766; x_wconf 73' lang='lat' dir='ltr'><strong>sententiam</strong></span> <span class='ocrx_word' id='word_1_611' title='bbox 948 5714 1199 5770; x_wconf 85' lang='lat' dir='ltr'><strong>nesciens</strong></span> <span class='ocrx_word' id='word_1_612' title='bbox 1249 5720 1617 5775; x_wconf 73' lang='lat' dir='ltr'><strong>conﬁrmaret.</strong></span> <span class='ocrx_word' id='word_1_613' title='bbox 1676 5723 1814 5790; x_wconf 87' lang='lat' dir='ltr'><strong>Quid</strong></span> <span class='ocrx_word' id='word_1_614' title='bbox 1870 5738 2003 5776; x_wconf 85' lang='lat' dir='ltr'><strong>vero</strong></span> <span class='ocrx_word' id='word_1_615' title='bbox 2056 5723 2174 5777; x_wconf 86' lang='lat' dir='ltr'><strong>haec</strong></span> 
     </span>
    </p>
   </div>
   <div class='ocr_carea' id='block_1_89' title="bbox 573 5798 2175 5883">
    <p class='ocr_par' dir='ltr' id='par_1_89' title="bbox 573 5798 2175 5883">
     <span class='ocr_line' id='line_1_89' title="bbox 573 5798 2175 5883; baseline 0.009 -28"><span class='ocrx_word' id='word_1_616' title='bbox 573 5798 864 5876; x_wconf 84' lang='lat' dir='ltr'><strong>Theophili</strong></span> <span class='ocrx_word' id='word_1_617' title='bbox 893 5805 1123 5880; x_wconf 74' lang='lat' dir='ltr'><strong>epistola</strong></span> <span class='ocrx_word' id='word_1_618' title='bbox 1156 5824 1183 5864; x_wconf 90' lang='lat' dir='ltr'><strong>a</strong></span> <span class='ocrx_word' id='word_1_619' title='bbox 1200 5811 1309 5883; x_wconf 87' lang='lat' dir='ltr'><strong>pud</strong></span> <span class='ocrx_word' id='word_1_620' title='bbox 1333 5814 1680 5870; x_wconf 82' lang='lat' dir='ltr'><strong>Anastasium</strong></span> <span class='ocrx_word' id='word_1_621' title='bbox 1713 5814 1986 5871; x_wconf 76' lang='lat' dir='ltr'><strong>eﬂ‘ecisset</strong></span> <span class='ocrx_word' id='word_1_622' title='bbox 2010 5855 2023 5883; x_wconf 89' lang='lat'><strong>,</strong></span> <span class='ocrx_word' id='word_1_623' title='bbox 2049 5828 2175 5870; x_wconf 86' lang='lat' dir='ltr'><strong>cum</strong></span> 
     </span>
    </p>
   </div>
   <div class='ocr_carea' id='block_1_90' title="bbox 2272 3292 3772 3362">
    <p class='ocr_par' dir='ltr' id='par_1_90' title="bbox 2272 3292 3772 3362">
     <span class='ocr_line' id='line_1_90' title="bbox 2272 3292 3772 3362; baseline 0 -19"><span class='ocrx_word' id='word_1_624' title='bbox 2272 3292 2527 3346; x_wconf 86' lang='lat' dir='ltr'><strong>nimirum</strong></span> <span class='ocrx_word' id='word_1_625' title='bbox 2549 3302 2605 3346; x_wconf 90' lang='lat' dir='ltr'><strong>et</strong></span> <span class='ocrx_word' id='word_1_626' title='bbox 2629 3292 2918 3347; x_wconf 77' lang='lat' dir='ltr'><strong>Ambrosio</strong></span> <span class='ocrx_word' id='word_1_627' title='bbox 2938 3333 2952 3357; x_wconf 94' lang='lat'><strong>,</strong></span> <span class='ocrx_word' id='word_1_628' title='bbox 2984 3311 3002 3345; x_wconf 73' lang='grc' dir='ltr'><strong>ι</strong></span> <span class='ocrx_word' id='word_1_629' title='bbox 3028 3292 3130 3348; x_wconf 91' lang='lat' dir='ltr'><strong>hoc</strong></span> <span class='ocrx_word' id='word_1_630' title='bbox 3158 3292 3336 3348; x_wconf 81' lang='lat' dir='ltr'><strong>fuerat</strong></span> <span class='ocrx_word' id='word_1_631' title='bbox 3367 3293 3727 3362; x_wconf 88' lang='lat' dir='ltr'><strong>prohibitum.</strong></span> <span class='ocrx_word' id='word_1_632' title='bbox 3752 3310 3772 3343; x_wconf 79' lang='grc' dir='ltr'><strong>ι</strong></span> 
     </span>
    </p>
   </div>
   <div class='ocr_carea' id='block_1_91' title="bbox 3015 3386 3125 3441">
    <p class='ocr_par' dir='ltr' id='par_1_91' title="bbox 3015 3386 3125 3441">
     <span class='ocr_line' id='line_1_91' title="bbox 3015 3386 3125 3441; baseline 0 -1"><span class='ocrx_word' id='word_1_633' title='bbox 3015 3386 3125 3441; x_wconf 84' lang='lat' dir='ltr'><strong>VII.</strong></span> 
     </span>
    </p>
   </div>
   <div class='ocr_carea' id='block_1_92' title="bbox 2346 3479 3878 3551">
    <p class='ocr_par' dir='ltr' id='par_1_92' title="bbox 2346 3479 3878 3551">
     <span class='ocr_line' id='line_1_92' title="bbox 2346 3479 3878 3551; baseline 0.003 -20"><span class='ocrx_word' id='word_1_634' title='bbox 2346 3479 2398 3531; x_wconf 90' lang='lat'><strong>7.</strong></span> <span class='ocrx_word' id='word_1_635' title='bbox 2430 3479 2691 3533; x_wconf 66' lang='grc' dir='ltr'><strong>Δωδωάὲ</strong></span> <span class='ocrx_word' id='word_1_636' title='bbox 2740 3480 2925 3534; x_wconf 73' lang='lat' dir='ltr'><strong>littera:</strong></span> <span class='ocrx_word' id='word_1_637' title='bbox 2965 3481 3035 3533; x_wconf 78' lang='lat' dir='ltr'><strong>ad</strong></span> <span class='ocrx_word' id='word_1_638' title='bbox 3082 3481 3256 3550; x_wconf 66' lang='lat' dir='ltr'><strong>Alros.</strong></span> <span class='ocrx_word' id='word_1_639' title='bbox 3301 3509 3372 3522; x_wconf 95' lang='lat'>—</span> <span class='ocrx_word' id='word_1_640' title='bbox 3402 3480 3703 3550; x_wconf 79' lang='lat' dir='ltr'><strong>Aliquanto</strong></span> <span class='ocrx_word' id='word_1_641' title='bbox 3754 3488 3878 3551; x_wconf 76' lang='lat' dir='ltr'><strong>post</strong></span> 
     </span>
    </p>
   </div>
   <div class='ocr_carea' id='block_1_93' title="bbox 2272 3571 3874 3643">
    <p class='ocr_par' dir='ltr' id='par_1_93' title="bbox 2272 3571 3874 3643">
     <span class='ocr_line' id='line_1_93' title="bbox 2272 3571 3874 3643; baseline 0.003 -20"><span class='ocrx_word' id='word_1_642' title='bbox 2272 3571 2385 3624; x_wconf 75' lang='lat' dir='ltr'><strong>Afri</strong></span> <span class='ocrx_word' id='word_1_643' title='bbox 2430 3571 2499 3625; x_wconf 86' lang='lat' dir='ltr'><strong>ab</strong></span> <span class='ocrx_word' id='word_1_644' title='bbox 2536 3572 2826 3628; x_wconf 85' lang='lat' dir='ltr'><strong>Anastasio</strong></span> <span class='ocrx_word' id='word_1_645' title='bbox 2863 3574 3071 3628; x_wconf 86' lang='lat' dir='ltr'><strong>litteras</strong></span> <span class='ocrx_word' id='word_1_646' title='bbox 3102 3584 3458 3643; x_wconf 87' lang='lat' dir='ltr'><strong>acceperunt,</strong></span> <span class='ocrx_word' id='word_1_647' title='bbox 3490 3575 3695 3643; x_wconf 83' lang='lat' dir='ltr'><strong>quibus</strong></span> <span class='ocrx_word' id='word_1_648' title='bbox 3718 3588 3874 3629; x_wconf 72' lang='lat' dir='ltr'><strong>suam</strong></span> 
     </span>
    </p>
   </div>
   <div class='ocr_carea' id='block_1_94' title="bbox 2268 3665 3875 3737">
    <p class='ocr_par' dir='ltr' id='par_1_94' title="bbox 2268 3665 3875 3737">
     <span class='ocr_line' id='line_1_94' title="bbox 2268 3665 3875 3737; baseline 0.002 -19"><span class='ocrx_word' id='word_1_649' title='bbox 2268 3678 2398 3733; x_wconf 79' lang='lat' dir='ltr'><strong>erga</strong></span> <span class='ocrx_word' id='word_1_650' title='bbox 2429 3679 2525 3718; x_wconf 89' lang='lat' dir='ltr'><strong>eos</strong></span> <span class='ocrx_word' id='word_1_651' title='bbox 2559 3665 2992 3721; x_wconf 82' lang='lat' dir='ltr'><strong>benevolentiam</strong></span> <span class='ocrx_word' id='word_1_652' title='bbox 3024 3676 3078 3721; x_wconf 88' lang='lat' dir='ltr'><strong>et</strong></span> <span class='ocrx_word' id='word_1_653' title='bbox 3111 3680 3391 3735; x_wconf 83' lang='lat' dir='ltr'><strong>paternam</strong></span> <span class='ocrx_word' id='word_1_654' title='bbox 3432 3682 3535 3737; x_wconf 89' lang='lat' dir='ltr'><strong>pro</strong></span> <span class='ocrx_word' id='word_1_655' title='bbox 3562 3682 3756 3723; x_wconf 85' lang='lat' dir='ltr'><strong>eorum</strong></span> <span class='ocrx_word' id='word_1_656' title='bbox 3784 3681 3875 3722; x_wconf 82' lang='lat' dir='ltr'><strong>ec-</strong></span> 
     </span>
    </p>
   </div>
   <div class='ocr_carea' id='block_1_95' title="bbox 2270 3757 3877 3831">
    <p class='ocr_par' dir='ltr' id='par_1_95' title="bbox 2270 3757 3877 3831">
     <span class='ocr_line' id='line_1_95' title="bbox 2270 3757 3877 3831; baseline 0.003 -19"><span class='ocrx_word' id='word_1_657' title='bbox 2270 3757 2436 3812; x_wconf 71' lang='lat' dir='ltr'><strong>clesia</strong></span> <span class='ocrx_word' id='word_1_658' title='bbox 2460 3758 2887 3814; x_wconf 88' lang='lat' dir='ltr'><strong>sollicitudinem</strong></span> <span class='ocrx_word' id='word_1_659' title='bbox 2921 3759 3263 3815; x_wconf 83' lang='lat' dir='ltr'><strong>ostendebat.</strong></span> <span class='ocrx_word' id='word_1_660' title='bbox 3298 3764 3652 3831; x_wconf 81' lang='lat' dir='ltr'><strong>Quapropter</strong></span> <span class='ocrx_word' id='word_1_661' title='bbox 3684 3760 3877 3817; x_wconf 82' lang='lat' dir='ltr'><strong>eodem</strong></span> 
     </span>
    </p>
   </div>
   <div class='ocr_carea' id='block_1_96' title="bbox 2272 3851 3878 3927">
    <p class='ocr_par' dir='ltr' id='par_1_96' title="bbox 2272 3851 3878 3927">
     <span class='ocr_line' id='line_1_96' title="bbox 2272 3851 3878 3927; baseline 0.005 -24"><span class='ocrx_word' id='word_1_662' title='bbox 2272 3864 2416 3904; x_wconf 83' lang='lat' dir='ltr'><strong>anno</strong></span> <span class='ocrx_word' id='word_1_663' title='bbox 2447 3851 2574 3916; x_wconf 74' lang='grc'><strong>401,</strong></span> <span class='ocrx_word' id='word_1_664' title='bbox 2606 3852 2951 3922; x_wconf 83' lang='lat' dir='ltr'><strong>Septembris</strong></span> <span class='ocrx_word' id='word_1_665' title='bbox 2983 3854 3049 3909; x_wconf 79' lang='lat' dir='ltr'><strong>I5</strong></span> <span class='ocrx_word' id='word_1_666' title='bbox 3078 3854 3201 3921; x_wconf 89' lang='lat' dir='ltr'><strong>die,</strong></span> <span class='ocrx_word' id='word_1_667' title='bbox 3235 3868 3451 3909; x_wconf 88' lang='lat' dir='ltr'><strong>rursum</strong></span> <span class='ocrx_word' id='word_1_668' title='bbox 3477 3854 3878 3927; x_wconf 74' lang='lat' dir='ltr'><strong>Carthaginem</strong></span> 
     </span>
    </p>
   </div>
   <div class='ocr_carea' id='block_1_97' title="bbox 2270 3944 3880 4020">
    <p class='ocr_par' dir='ltr' id='par_1_97' title="bbox 2270 3944 3880 4020">
     <span class='ocr_line' id='line_1_97' title="bbox 2270 3944 3880 4020; baseline 0.006 -24"><span class='ocrx_word' id='word_1_669' title='bbox 2270 3944 2659 3998; x_wconf 86' lang='lat' dir='ltr'><strong>convenientes</strong></span> <span class='ocrx_word' id='word_1_670' title='bbox 2676 3986 2691 4011; x_wconf 92' lang='lat'><strong>,</strong></span> <span class='ocrx_word' id='word_1_671' title='bbox 2718 3945 2924 4001; x_wconf 89' lang='lat' dir='ltr'><strong>litteras</strong></span> <span class='ocrx_word' id='word_1_672' title='bbox 2949 3948 3070 4001; x_wconf 83' lang='lat' dir='ltr'><strong>illas</strong></span> <span class='ocrx_word' id='word_1_673' title='bbox 3092 3947 3198 4003; x_wconf 92' lang='lat' dir='ltr'><strong>sibi</strong></span> <span class='ocrx_word' id='word_1_674' title='bbox 3225 3947 3467 4013; x_wconf 89' lang='lat' dir='ltr'><strong>recitari,</strong></span> <span class='ocrx_word' id='word_1_675' title='bbox 3492 3959 3556 4003; x_wconf 85' lang='lat' dir='ltr'><strong>et</strong></span> <span class='ocrx_word' id='word_1_676' title='bbox 3578 3966 3694 4019; x_wconf 82' lang='lat' dir='ltr'><strong>quo</strong></span> <span class='ocrx_word' id='word_1_677' title='bbox 3721 3958 3880 4020; x_wconf 82' lang='lat' dir='ltr'><strong>pacto</strong></span> 
     </span>
    </p>
   </div>
   <div class='ocr_carea' id='block_1_98' title="bbox 2274 4032 3879 4107">
    <p class='ocr_par' dir='ltr' id='par_1_98' title="bbox 2274 4032 3879 4107">
     <span class='ocr_line' id='line_1_98' title="bbox 2274 4032 3879 4107; baseline 0.008 -21"><span class='ocrx_word' id='word_1_678' title='bbox 2274 4032 2399 4087; x_wconf 85' lang='lat' dir='ltr'><strong>illas</strong></span> <span class='ocrx_word' id='word_1_679' title='bbox 2430 4035 2777 4103; x_wconf 90' lang='lat' dir='ltr'><strong>receperint,</strong></span> <span class='ocrx_word' id='word_1_680' title='bbox 2810 4036 3168 4107; x_wconf 77' lang='lat' dir='ltr'><strong>synodalibus</strong></span> <span class='ocrx_word' id='word_1_681' title='bbox 3196 4039 3367 4103; x_wconf 78' lang='lat' dir='ltr'><strong>gestis</strong></span> <span class='ocrx_word' id='word_1_682' title='bbox 3400 4040 3452 4093; x_wconf 93' lang='lat' dir='ltr'><strong>in</strong></span> <span class='ocrx_word' id='word_1_683' title='bbox 3486 4041 3631 4096; x_wconf 78' lang='lat' dir='ltr'><strong>hunc</strong></span> <span class='ocrx_word' id='word_1_684' title='bbox 3656 4041 3879 4099; x_wconf 82' lang='lat' dir='ltr'><strong>modum</strong></span> 
     </span>
    </p>
   </div>
   <div class='ocr_carea' id='block_1_99' title="bbox 2275 4127 3880 4203">
    <p class='ocr_par' dir='ltr' id='par_1_99' title="bbox 2275 4127 3880 4203">
     <span class='ocr_line' id='line_1_99' title="bbox 2275 4127 3880 4203; baseline 0.004 -21"><span class='ocrx_word' id='word_1_685' title='bbox 2275 4127 2518 4183; x_wconf 83' lang='lat' dir='ltr'><strong>mandari</strong></span> <span class='ocrx_word' id='word_1_686' title='bbox 2565 4138 2869 4185; x_wconf 89' lang='lat' dir='ltr'><strong>curarunt:</strong></span> <span class='ocrx_word' id='word_1_687' title='bbox 2904 4150 2924 4185; x_wconf 77' lang='grc' dir='ltr'><strong>ι</strong></span> <span class='ocrx_word' id='word_1_688' title='bbox 2954 4130 3219 4188; x_wconf 85' lang='lat' dir='ltr'><strong>Recitatis</strong></span> <span class='ocrx_word' id='word_1_689' title='bbox 3269 4132 3524 4203; x_wconf 84' lang='lat' dir='ltr'><strong>epistolis</strong></span> <span class='ocrx_word' id='word_1_690' title='bbox 3573 4134 3880 4191; x_wconf 80' lang='lat' dir='ltr'><strong>beatissimi</strong></span> 
     </span>
    </p>
   </div>
   <div class='ocr_carea' id='block_1_100' title="bbox 2272 4220 3881 4282">
    <p class='ocr_par' dir='ltr' id='par_1_100' title="bbox 2272 4220 3881 4282">
     <span class='ocr_line' id='line_1_100' title="bbox 2272 4220 3881 4282; baseline 0.005 -8"><span class='ocrx_word' id='word_1_691' title='bbox 2272 4220 2458 4276; x_wconf 80' lang='lat' dir='ltr'><strong>fratris</strong></span> <span class='ocrx_word' id='word_1_692' title='bbox 2508 4232 2563 4276; x_wconf 91' lang='lat' dir='ltr'><strong>et</strong></span> <span class='ocrx_word' id='word_1_693' title='bbox 2608 4223 3024 4279; x_wconf 86' lang='lat' dir='ltr'><strong>cousacerdotis</strong></span> <span class='ocrx_word' id='word_1_694' title='bbox 3079 4225 3250 4279; x_wconf 90' lang='lat' dir='ltr'><strong>nostri</strong></span> <span class='ocrx_word' id='word_1_695' title='bbox 3310 4225 3576 4280; x_wconf 80' lang='lat' dir='ltr'><strong>Anastasii</strong></span> <span class='ocrx_word' id='word_1_696' title='bbox 3618 4225 3881 4282; x_wconf 64' lang='lat' dir='ltr'><strong>Ecclesia</strong></span> 
     </span>
    </p>
   </div>
   <div class='ocr_carea' id='block_1_101' title="bbox 2272 4315 3881 4388">
    <p class='ocr_par' dir='ltr' id='par_1_101' title="bbox 2272 4315 3881 4388">
     <span class='ocr_line' id='line_1_101' title="bbox 2272 4315 3881 4388; baseline 0.001 -15"><span class='ocrx_word' id='word_1_697' title='bbox 2272 4316 2534 4373; x_wconf 62' lang='lat' dir='ltr'><strong>Romanas</strong></span> <span class='ocrx_word' id='word_1_698' title='bbox 2575 4315 2853 4388; x_wconf 89' lang='lat' dir='ltr'><strong>episcopi,</strong></span> <span class='ocrx_word' id='word_1_699' title='bbox 2899 4318 3094 4387; x_wconf 85' lang='lat' dir='ltr'><strong>quibus</strong></span> <span class='ocrx_word' id='word_1_700' title='bbox 3132 4333 3234 4374; x_wconf 87' lang='lat' dir='ltr'><strong>nos</strong></span> <span class='ocrx_word' id='word_1_701' title='bbox 3260 4329 3506 4388; x_wconf 83' lang='lat' dir='ltr'><strong>paternae</strong></span> <span class='ocrx_word' id='word_1_702' title='bbox 3530 4331 3590 4374; x_wconf 88' lang='lat' dir='ltr'><strong>et</strong></span> <span class='ocrx_word' id='word_1_703' title='bbox 3621 4319 3881 4375; x_wconf 79' lang='lat' dir='ltr'><strong>fraterna:</strong></span> 
     </span>
    </p>
   </div>
   <div class='ocr_carea' id='block_1_102' title="bbox 2271 4413 3881 4477">
    <p class='ocr_par' dir='ltr' id='par_1_102' title="bbox 2271 4413 3881 4477">
     <span class='ocr_line' id='line_1_102' title="bbox 2271 4413 3881 4477; baseline -0.002 -5"><span class='ocrx_word' id='word_1_704' title='bbox 2271 4417 2559 4472; x_wconf 82' lang='lat' dir='ltr'><strong>charitatis</strong></span> <span class='ocrx_word' id='word_1_705' title='bbox 2587 4413 2959 4469; x_wconf 88' lang='lat' dir='ltr'><strong>sollicitudine</strong></span> <span class='ocrx_word' id='word_1_706' title='bbox 2981 4430 3045 4469; x_wconf 87' lang='lat' dir='ltr'><strong>ac</strong></span> <span class='ocrx_word' id='word_1_707' title='bbox 3075 4414 3390 4469; x_wconf 73' lang='lat' dir='ltr'><strong>sinceritate</strong></span> <span class='ocrx_word' id='word_1_708' title='bbox 3411 4413 3744 4470; x_wconf 71' lang='lat' dir='ltr'><strong>adhortatus</strong></span> <span class='ocrx_word' id='word_1_709' title='bbox 3772 4425 3881 4477; x_wconf 80' lang='lat' dir='ltr'><strong>est,</strong></span> 
     </span>
    </p>
   </div>
   <div class='ocr_carea' id='block_1_103' title="bbox 2275 4506 3879 4566">
    <p class='ocr_par' dir='ltr' id='par_1_103' title="bbox 2275 4506 3879 4566">
     <span class='ocr_line' id='line_1_103' title="bbox 2275 4506 3879 4566; baseline -0.001 -2"><span class='ocrx_word' id='word_1_710' title='bbox 2275 4521 2335 4565; x_wconf 92' lang='lat' dir='ltr'><strong>ut</strong></span> <span class='ocrx_word' id='word_1_711' title='bbox 2359 4510 2429 4564; x_wconf 82' lang='lat' dir='ltr'><strong>de</strong></span> <span class='ocrx_word' id='word_1_712' title='bbox 2460 4509 2842 4566; x_wconf 64' lang='lat' dir='ltr'><strong>haireticorum</strong></span> <span class='ocrx_word' id='word_1_713' title='bbox 2873 4516 2928 4563; x_wconf 91' lang='lat' dir='ltr'><strong>et</strong></span> <span class='ocrx_word' id='word_1_714' title='bbox 2955 4506 3426 4563; x_wconf 80' lang='lat' dir='ltr'><strong>schismaticorutn</strong></span> <span class='ocrx_word' id='word_1_715' title='bbox 3460 4507 3879 4564; x_wconf 79' lang='lat' dir='ltr'><strong>Donatistarum</strong></span> 
     </span>
    </p>
   </div>
   <div class='ocr_carea' id='block_1_104' title="bbox 2198 4568 3882 4671">
    <p class='ocr_par' dir='ltr' id='par_1_104' title="bbox 2198 4568 3882 4671">
     <span class='ocr_line' id='line_1_104' title="bbox 2198 4568 3882 4671; baseline -0.002 -12"><span class='ocrx_word' id='word_1_716' title='bbox 2198 4568 2251 4629; x_wconf 68' lang='grc' dir='ltr'><strong>ί)</strong></span> <span class='ocrx_word' id='word_1_717' title='bbox 2275 4603 2485 4659; x_wconf 74' lang='lat' dir='ltr'><strong>insidiis</strong></span> <span class='ocrx_word' id='word_1_718' title='bbox 2515 4611 2569 4657; x_wconf 90' lang='lat' dir='ltr'><strong>et</strong></span> <span class='ocrx_word' id='word_1_719' title='bbox 2600 4601 3071 4671; x_wconf 85' lang='lat' dir='ltr'><strong>improbitatibus,</strong></span> <span class='ocrx_word' id='word_1_720' title='bbox 3105 4600 3301 4670; x_wconf 88' lang='lat' dir='ltr'><strong>quibus</strong></span> <span class='ocrx_word' id='word_1_721' title='bbox 3332 4598 3655 4656; x_wconf 74' lang='lat' dir='ltr'><strong>Africanam</strong></span> <span class='ocrx_word' id='word_1_722' title='bbox 3691 4600 3882 4656; x_wconf 83' lang='lat' dir='ltr'><strong>Eccle-</strong></span> 
     </span>
    </p>
   </div>
   <div class='ocr_carea' id='block_1_105' title="bbox 2274 4692 3882 4764">
    <p class='ocr_par' dir='ltr' id='par_1_105' title="bbox 2274 4692 3882 4764">
     <span class='ocr_line' id='line_1_105' title="bbox 2274 4692 3882 4764; baseline -0.002 -13"><span class='ocrx_word' id='word_1_723' title='bbox 2274 4696 2410 4751; x_wconf 89' lang='lat' dir='ltr'><strong>siam</strong></span> <span class='ocrx_word' id='word_1_724' title='bbox 2431 4694 2755 4749; x_wconf 77' lang='lat' dir='ltr'><strong>catholicam</strong></span> <span class='ocrx_word' id='word_1_725' title='bbox 2792 4694 3030 4764; x_wconf 77' lang='lat' dir='ltr'><strong>graviter</strong></span> <span class='ocrx_word' id='word_1_726' title='bbox 3062 4701 3263 4749; x_wconf 75' lang='lat' dir='ltr'><strong>vexant</strong></span> <span class='ocrx_word' id='word_1_727' title='bbox 3282 4735 3297 4759; x_wconf 93' lang='lat'><strong>,</strong></span> <span class='ocrx_word' id='word_1_728' title='bbox 3336 4692 3490 4749; x_wconf 85' lang='lat' dir='ltr'><strong>nullo</strong></span> <span class='ocrx_word' id='word_1_729' title='bbox 3514 4695 3687 4750; x_wconf 91' lang='lat' dir='ltr'><strong>modo</strong></span> <span class='ocrx_word' id='word_1_730' title='bbox 3714 4693 3882 4750; x_wconf 81' lang='lat' dir='ltr'><strong>dissi-</strong></span> 
     </span>
    </p>
   </div>
   <div class='ocr_carea' id='block_1_106' title="bbox 2274 4787 3883 4858">
    <p class='ocr_par' dir='ltr' id='par_1_106' title="bbox 2274 4787 3883 4858">
     <span class='ocr_line' id='line_1_106' title="bbox 2274 4787 3883 4858; baseline 0 -14"><span class='ocrx_word' id='word_1_731' title='bbox 2274 4791 2541 4845; x_wconf 89' lang='lat' dir='ltr'><strong>mulemus</strong></span> <span class='ocrx_word' id='word_1_732' title='bbox 2568 4806 2580 4841; x_wconf 91' lang='lat'>:</span> <span class='ocrx_word' id='word_1_733' title='bbox 2610 4789 2815 4858; x_wconf 86' lang='lat' dir='ltr'><strong>gratias</strong></span> <span class='ocrx_word' id='word_1_734' title='bbox 2840 4790 3057 4858; x_wconf 87' lang='lat' dir='ltr'><strong>agimus</strong></span> <span class='ocrx_word' id='word_1_735' title='bbox 3089 4788 3345 4848; x_wconf 84' lang='lat' dir='ltr'><strong>Domino.</strong></span> <span class='ocrx_word' id='word_1_736' title='bbox 3376 4787 3524 4855; x_wconf 82' lang='lat' dir='ltr'><strong>quod</strong></span> <span class='ocrx_word' id='word_1_737' title='bbox 3559 4788 3641 4842; x_wconf 88' lang='lat' dir='ltr'><strong>illi</strong></span> <span class='ocrx_word' id='word_1_738' title='bbox 3671 4788 3883 4858; x_wconf 81' lang='lat' dir='ltr'><strong>optimo</strong></span> 
     </span>
    </p>
   </div>
   <div class='ocr_carea' id='block_1_107' title="bbox 2274 4883 3883 4953">
    <p class='ocr_par' dir='ltr' id='par_1_107' title="bbox 2274 4883 3883 4953">
     <span class='ocr_line' id='line_1_107' title="bbox 2274 4883 3883 4953; baseline 0.001 -15"><span class='ocrx_word' id='word_1_739' title='bbox 2274 4900 2337 4940; x_wconf 87' lang='lat' dir='ltr'><strong>ac</strong></span> <span class='ocrx_word' id='word_1_740' title='bbox 2373 4893 2562 4939; x_wconf 86' lang='lat' dir='ltr'><strong>sancto</strong></span> <span class='ocrx_word' id='word_1_741' title='bbox 2608 4883 2841 4940; x_wconf 86' lang='lat' dir='ltr'><strong>antistiti</strong></span> <span class='ocrx_word' id='word_1_742' title='bbox 2872 4898 2971 4938; x_wconf 90' lang='lat' dir='ltr'><strong>suo</strong></span> <span class='ocrx_word' id='word_1_743' title='bbox 3000 4893 3116 4938; x_wconf 82' lang='lat' dir='ltr'><strong>tam</strong></span> <span class='ocrx_word' id='word_1_744' title='bbox 3165 4884 3307 4951; x_wconf 79' lang='lat' dir='ltr'><strong>piam</strong></span> <span class='ocrx_word' id='word_1_745' title='bbox 3339 4897 3533 4936; x_wconf 88' lang='lat' dir='ltr'><strong>curam</strong></span> <span class='ocrx_word' id='word_1_746' title='bbox 3579 4898 3682 4953; x_wconf 86' lang='lat' dir='ltr'><strong>pro</strong></span> <span class='ocrx_word' id='word_1_747' title='bbox 3710 4898 3883 4939; x_wconf 81' lang='lat' dir='ltr'><strong>mem—</strong></span> 
     </span>
    </p>
   </div>
   <div class='ocr_carea' id='block_1_108' title="bbox 2274 4974 3882 5048">
    <p class='ocr_par' dir='ltr' id='par_1_108' title="bbox 2274 4974 3882 5048">
     <span class='ocr_line' id='line_1_108' title="bbox 2274 4974 3882 5048; baseline -0.002 -16"><span class='ocrx_word' id='word_1_748' title='bbox 2274 4977 2384 5033; x_wconf 88' lang='lat' dir='ltr'><strong>bris</strong></span> <span class='ocrx_word' id='word_1_749' title='bbox 2413 4977 2611 5033; x_wconf 88' lang='lat' dir='ltr'><strong>Cbristi</strong></span> <span class='ocrx_word' id='word_1_750' title='bbox 2640 4975 2885 5048; x_wconf 86' lang='lat' dir='ltr'><strong>quamvis</strong></span> <span class='ocrx_word' id='word_1_751' title='bbox 2912 4977 2967 5030; x_wconf 90' lang='lat' dir='ltr'><strong>in</strong></span> <span class='ocrx_word' id='word_1_752' title='bbox 2995 4976 3313 5031; x_wconf 74' lang='lat' dir='ltr'><strong>diversitate</strong></span> <span class='ocrx_word' id='word_1_753' title='bbox 3340 4981 3621 5030; x_wconf 83' lang='lat' dir='ltr'><strong>terrarum</strong></span> <span class='ocrx_word' id='word_1_754' title='bbox 3644 5016 3659 5041; x_wconf 88' lang='lat'><strong>,</strong></span> <span class='ocrx_word' id='word_1_755' title='bbox 3697 4974 3795 5031; x_wconf 84' lang='lat' dir='ltr'><strong>sed</strong></span> <span class='ocrx_word' id='word_1_756' title='bbox 3828 4974 3882 5029; x_wconf 78' lang='lat' dir='ltr'><strong>in</strong></span> 
     </span>
    </p>
   </div>
   <div class='ocr_carea' id='block_1_109' title="bbox 2274 5066 3881 5141">
    <p class='ocr_par' dir='ltr' id='par_1_109' title="bbox 2274 5066 3881 5141">
     <span class='ocr_line' id='line_1_109' title="bbox 2274 5066 3881 5141; baseline -0.002 -14"><span class='ocrx_word' id='word_1_757' title='bbox 2274 5085 2377 5127; x_wconf 81' lang='lat' dir='ltr'><strong>una</strong></span> <span class='ocrx_word' id='word_1_758' title='bbox 2401 5084 2661 5141; x_wconf 83' lang='lat' dir='ltr'><strong>compage</strong></span> <span class='ocrx_word' id='word_1_759' title='bbox 2686 5068 2932 5137; x_wconf 83' lang='lat' dir='ltr'><strong>corporis</strong></span> <span class='ocrx_word' id='word_1_760' title='bbox 2955 5068 3288 5131; x_wconf 75' lang='lat' dir='ltr'><strong>constitutis,</strong></span> <span class='ocrx_word' id='word_1_761' title='bbox 3313 5066 3596 5134; x_wconf 76' lang='lat' dir='ltr'><strong>inspirare</strong></span> <span class='ocrx_word' id='word_1_762' title='bbox 3621 5069 3881 5139; x_wconf 76' lang='lat' dir='ltr'><strong>dignatus</strong></span> 
     </span>
    </p>
   </div>
   <div class='ocr_carea' id='block_1_110' title="bbox 2274 5158 3886 5229">
    <p class='ocr_par' dir='ltr' id='par_1_110' title="bbox 2274 5158 3886 5229">
     <span class='ocr_line' id='line_1_110' title="bbox 2274 5158 3886 5229; baseline -0.004 -8"><span class='ocrx_word' id='word_1_763' title='bbox 2274 5174 2376 5221; x_wconf 87' lang='lat' dir='ltr'><strong>est.</strong></span> <span class='ocrx_word' id='word_1_764' title='bbox 2407 5184 2425 5217; x_wconf 70' lang='grc' dir='ltr'><strong>ι</strong></span> <span class='ocrx_word' id='word_1_765' title='bbox 2468 5164 2611 5219; x_wconf 91' lang='lat' dir='ltr'><strong>Istud</strong></span> <span class='ocrx_word' id='word_1_766' title='bbox 2637 5178 2765 5217; x_wconf 87' lang='lat' dir='ltr'><strong>vero</strong></span> <span class='ocrx_word' id='word_1_767' title='bbox 2790 5176 2913 5217; x_wconf 86' lang='lat' dir='ltr'><strong>cum</strong></span> <span class='ocrx_word' id='word_1_768' title='bbox 2947 5160 3081 5229; x_wconf 83' lang='lat' dir='ltr'><strong>grati</strong></span> <span class='ocrx_word' id='word_1_769' title='bbox 3126 5159 3297 5213; x_wconf 88' lang='lat' dir='ltr'><strong>animi</strong></span> <span class='ocrx_word' id='word_1_770' title='bbox 3352 5158 3773 5229; x_wconf 72' lang='lat' dir='ltr'><strong>signiﬁcatione</strong></span> <span class='ocrx_word' id='word_1_771' title='bbox 3802 5173 3886 5215; x_wconf 80' lang='lat' dir='ltr'><strong>te-</strong></span> 
     </span>
    </p>
   </div>
   <div class='ocr_carea' id='block_1_111' title="bbox 2272 5248 3885 5322">
    <p class='ocr_par' dir='ltr' id='par_1_111' title="bbox 2272 5248 3885 5322">
     <span class='ocr_line' id='line_1_111' title="bbox 2272 5248 3885 5322; baseline -0.003 -11"><span class='ocrx_word' id='word_1_772' title='bbox 2272 5256 2549 5320; x_wconf 86' lang='lat' dir='ltr'><strong>colentes,</strong></span> <span class='ocrx_word' id='word_1_773' title='bbox 2604 5270 2669 5307; x_wconf 89' lang='lat' dir='ltr'><strong>an</strong></span> <span class='ocrx_word' id='word_1_774' title='bbox 2701 5250 3039 5307; x_wconf 82' lang='lat' dir='ltr'><strong>concesserit</strong></span> <span class='ocrx_word' id='word_1_775' title='bbox 3064 5248 3424 5313; x_wconf 79' lang='lat' dir='ltr'><strong>Anastasius,</strong></span> <span class='ocrx_word' id='word_1_776' title='bbox 3476 5250 3629 5318; x_wconf 89' lang='lat' dir='ltr'><strong>quod</strong></span> <span class='ocrx_word' id='word_1_777' title='bbox 3654 5252 3727 5306; x_wconf 87' lang='lat' dir='ltr'><strong>ab</strong></span> <span class='ocrx_word' id='word_1_778' title='bbox 3766 5251 3885 5322; x_wconf 67' lang='lat' dir='ltr'><strong>ipso</strong></span> 
     </span>
    </p>
   </div>
   <div class='ocr_carea' id='block_1_112' title="bbox 2275 5340 3885 5417">
    <p class='ocr_par' dir='ltr' id='par_1_112' title="bbox 2275 5340 3885 5417">
     <span class='ocr_line' id='line_1_112' title="bbox 2275 5340 3885 5417; baseline -0.004 -14"><span class='ocrx_word' id='word_1_779' title='bbox 2275 5348 2341 5403; x_wconf 87' lang='lat' dir='ltr'><strong>de</strong></span> <span class='ocrx_word' id='word_1_780' title='bbox 2366 5348 2552 5417; x_wconf 75' lang='lat' dir='ltr'><strong>pueris</strong></span> <span class='ocrx_word' id='word_1_781' title='bbox 2584 5347 2635 5399; x_wconf 91' lang='lat' dir='ltr'><strong>in</strong></span> <span class='ocrx_word' id='word_1_782' title='bbox 2662 5345 2851 5400; x_wconf 83' lang='lat' dir='ltr'><strong>Donati</strong></span> <span class='ocrx_word' id='word_1_783' title='bbox 2882 5352 3035 5412; x_wconf 84' lang='lat' dir='ltr'><strong>parte</strong></span> <span class='ocrx_word' id='word_1_784' title='bbox 3066 5340 3358 5411; x_wconf 76' lang='lat' dir='ltr'><strong>baptizatis</strong></span> <span class='ocrx_word' id='word_1_785' title='bbox 3387 5344 3758 5408; x_wconf 66' lang='lat' dir='ltr'><strong>quierendum</strong></span> <span class='ocrx_word' id='word_1_786' title='bbox 3791 5342 3885 5397; x_wconf 84' lang='lat' dir='ltr'><strong>de—</strong></span> 
     </span>
    </p>
   </div>
   <div class='ocr_carea' id='block_1_113' title="bbox 2276 5434 3883 5506">
    <p class='ocr_par' dir='ltr' id='par_1_113' title="bbox 2276 5434 3883 5506">
     <span class='ocr_line' id='line_1_113' title="bbox 2276 5434 3883 5506; baseline -0.004 -11"><span class='ocrx_word' id='word_1_787' title='bbox 2276 5448 2589 5503; x_wconf 80' lang='lat' dir='ltr'><strong>creverant,</strong></span> <span class='ocrx_word' id='word_1_788' title='bbox 2617 5438 2798 5491; x_wconf 92' lang='lat' dir='ltr'><strong>silent.</strong></span> <span class='ocrx_word' id='word_1_789' title='bbox 2824 5436 2889 5489; x_wconf 84' lang='lat' dir='ltr'><strong>At</strong></span> <span class='ocrx_word' id='word_1_790' title='bbox 2916 5434 3056 5503; x_wconf 89' lang='lat' dir='ltr'><strong>quod</strong></span> <span class='ocrx_word' id='word_1_791' title='bbox 3087 5434 3341 5503; x_wconf 87' lang='lat' dir='ltr'><strong>petebant</strong></span> <span class='ocrx_word' id='word_1_792' title='bbox 3368 5475 3380 5495; x_wconf 93' lang='lat'><strong>,</strong></span> <span class='ocrx_word' id='word_1_793' title='bbox 3411 5434 3549 5503; x_wconf 90' lang='lat' dir='ltr'><strong>ipsis</strong></span> <span class='ocrx_word' id='word_1_794' title='bbox 3577 5450 3607 5489; x_wconf 87' lang='lat' dir='ltr'><strong>a</strong></span> <span class='ocrx_word' id='word_1_795' title='bbox 3633 5436 3723 5506; x_wconf 91' lang='lat' dir='ltr'><strong>pio</strong></span> <span class='ocrx_word' id='word_1_796' title='bbox 3748 5451 3883 5506; x_wconf 89' lang='lat' dir='ltr'><strong>papa</strong></span> 
     </span>
    </p>
   </div>
   <div class='ocr_carea' id='block_1_114' title="bbox 2281 5527 3883 5603">
    <p class='ocr_par' dir='ltr' id='par_1_114' title="bbox 2281 5527 3883 5603">
     <span class='ocr_line' id='line_1_114' title="bbox 2281 5527 3883 5603; baseline -0.002 -17"><span class='ocrx_word' id='word_1_797' title='bbox 2281 5534 2603 5603; x_wconf 83' lang='lat' dir='ltr'><strong>permissum</strong></span> <span class='ocrx_word' id='word_1_798' title='bbox 2650 5543 2803 5597; x_wconf 90' lang='lat' dir='ltr'><strong>csse,</strong></span> <span class='ocrx_word' id='word_1_799' title='bbox 2856 5528 3113 5596; x_wconf 86' lang='lat' dir='ltr'><strong>colligere</strong></span> <span class='ocrx_word' id='word_1_800' title='bbox 3162 5536 3244 5583; x_wconf 89' lang='lat' dir='ltr'><strong>est</strong></span> <span class='ocrx_word' id='word_1_801' title='bbox 3288 5540 3353 5581; x_wconf 80' lang='lat' dir='ltr'><strong>ex</strong></span> <span class='ocrx_word' id='word_1_802' title='bbox 3401 5527 3638 5597; x_wconf 88' lang='lat' dir='ltr'><strong>epistola</strong></span> <span class='ocrx_word' id='word_1_803' title='bbox 3680 5529 3749 5584; x_wconf 91' lang='lat' dir='ltr'><strong>de</strong></span> <span class='ocrx_word' id='word_1_804' title='bbox 3780 5545 3883 5600; x_wconf 86' lang='lat' dir='ltr'><strong>qua</strong></span> 
     </span>
    </p>
   </div>
   <div class='ocr_carea' id='block_1_115' title="bbox 2280 5622 3036 5693">
    <p class='ocr_par' dir='ltr' id='par_1_115' title="bbox 2280 5622 3036 5693">
     <span class='ocr_line' id='line_1_115' title="bbox 2280 5622 3036 5693; baseline -0.009 -11"><span class='ocrx_word' id='word_1_805' title='bbox 2280 5641 2421 5682; x_wconf 89' lang='lat' dir='ltr'><strong>nunc</strong></span> <span class='ocrx_word' id='word_1_806' title='bbox 2450 5624 2606 5680; x_wconf 71' lang='lat' dir='ltr'><strong>nobis</strong></span> <span class='ocrx_word' id='word_1_807' title='bbox 2631 5631 2716 5677; x_wconf 91' lang='lat' dir='ltr'><strong>est</strong></span> <span class='ocrx_word' id='word_1_808' title='bbox 2745 5622 3036 5693; x_wconf 88' lang='lat' dir='ltr'><strong>agendum.</strong></span> 
     </span>
    </p>
   </div>
   <div class='ocr_carea' id='block_1_116' title="bbox 3012 5714 3145 5769">
    <p class='ocr_par' dir='ltr' id='par_1_116' title="bbox 3012 5714 3145 5769">
     <span class='ocr_line' id='line_1_116' title="bbox 3012 5714 3145 5769; baseline 0 0"><span class='ocrx_word' id='word_1_809' title='bbox 3012 5714 3145 5769; x_wconf 72' lang='lat' dir='ltr'><strong>VIII.</strong></span> 
     </span>
    </p>
   </div>
   <div class='ocr_carea' id='block_1_117' title="bbox 2356 5808 3887 5893">
    <p class='ocr_par' dir='ltr' id='par_1_117' title="bbox 2356 5808 3887 5893">
     <span class='ocr_line' id='line_1_117' title="bbox 2356 5808 3887 5893; baseline -0.009 -20"><span class='ocrx_word' id='word_1_810' title='bbox 2356 5815 2408 5873; x_wconf 91' lang='lat'><strong>8.</strong></span> <span class='ocrx_word' id='word_1_811' title='bbox 2437 5814 2569 5872; x_wconf 70' lang='lat' dir='ltr'><strong>Alite</strong></span> <span class='ocrx_word' id='word_1_812' title='bbox 2591 5815 2839 5889; x_wconf 75' lang='lat' dir='ltr'><strong>Afrorum</strong></span> <span class='ocrx_word' id='word_1_813' title='bbox 2860 5818 2928 5873; x_wconf 84' lang='lat' dir='ltr'><strong>ad</strong></span> <span class='ocrx_word' id='word_1_814' title='bbox 2953 5810 3287 5873; x_wconf 83' lang='lat' dir='ltr'><strong>Anastasium</strong></span> <span class='ocrx_word' id='word_1_815' title='bbox 3311 5808 3717 5872; x_wconf 51' lang='lat' dir='ltr'><strong>littera—Nisi</strong></span> <span class='ocrx_word' id='word_1_816' title='bbox 3743 5814 3887 5893; x_wconf 84' lang='lat' dir='ltr'><strong>obti.</strong></span> 
     </span>
    </p>
   </div>
  </div>
