4106 6344
202 269 260 324 GI
1593 265 2133 328 PROLEGOMENA.
3283 299 3288 302 ·
3463 271 3544 330 82

203 383 446 435 ιιιιίθεοηι
479 378 600 433 Μινὶ
650 379 807 450 quod
857 380 906 436 in
939 394 1225 448 puerorum
1270 379 1660 450 prtedictorum
1697 395 1823 451 gra-
1851 384 1902 445 Α
1930 383 2102 440 simus
2132 398 2290 453 papa,
2326 392 2384 437 ut
2413 398 2581 451 supra
2605 398 2725 456 pag.
2749 383 2883 450 5:28,
2907 402 2962 439 tt.
2991 384 3046 451 5,
3081 385 3340 454 vidimus,-
3373 387 3550 446 schis-

203 478 325 529 tiatn
359 473 670 543 petierant,
712 473 900 530 nullus
928 472 1213 528 videbatur
1240 473 1390 530 locus
1436 473 1592 530 novis
1632 489 1822 528 eorum
1923 477 2088 532 matis
2133 475 2390 532 radicitus
2419 477 2762 547 eastirpandi
2791 478 2969 548 gratia
2997 479 3383 546 constituerat,
3415 481 3548 536 utin

203 567 264 624 ad
296 567 553 622 eumdem
588 582 798 638 papam
832 567 1052 633 litteris,
1077 577 1237 638 atque
1267 567 1394 624 huic
1439 569 1597 625 alteri
1619 569 1827 625 consti-

207 663 414 728 tutioni,
445 676 553 730 qua
586 661 801 716 eodem
830 661 881 717 in
919 661 1151 716 concilio
1181 669 1480 716 sanxerunt
1511 679 1524 717 :
1564 680 1582 714 t
1619 659 1825 718 Placuit

206 762 262 808 ut
278 753 473 808 littera:
499 753 806 808 mittantur
825 753 889 808 ad
912 752 1111 808 fratres
1129 762 1183 808 et
1203 753 1562 824 coepiscopos
1583 760 1822 819 nostros,

206 859 254 903 et
281 848 515 903 maxime
547 846 621 902 ad
671 845 868 904 sedem
919 847 1299 918 apostolicam,
1331 847 1384 900 in
1417 861 1522 916 qua
1572 845 1829 915 praesidet

206 951 536 998 memoratus
572 942 927 999 venerabilis
959 941 1126 998 frater
1148 953 1200 998 et
1228 942 1438 1012 collega
1462 951 1644 998 noster
1675 941 1826 997 ANA-

207 1049 435 1100 snsws,
457 1048 572 1102 quo
610 1034 841 1090 noverit
863 1034 1066 1089 habere
1089 1033 1327 1090 Africam
1359 1048 1610 1105 magnam
1641 1048 1829 1090 neces-

207 1128 437 1194 sitatem,
469 1137 719 1198 prepter
751 1127 1016 1184 Ecclesiae
1045 1142 1233 1200 pacem
1263 1135 1316 1182 et
1348 1127 1656 1193 utilitatem,
1693 1135 1828 1183 utet

207 1221 333 1292 ipsis
363 1217 704 1289 Donatistis,
742 1220 1069 1292 quicumque
1095 1220 1281 1276 clerici
1312 1230 1563 1276 correcto
1595 1220 1829 1276 consilio

206 1309 264 1366 ad
286 1309 619 1368 catholicam
656 1313 932 1369 unitatem
957 1313 1190 1368 transire
1212 1314 1503 1379 voluerint,
1523 1313 1826 1368 secundum

210 1403 643 1476 uniuscujusque
685 1405 933 1476 episcopi
981 1405 1231 1460 catholici
1273 1404 1611 1460 voluntatem
1665 1413 1830 1474 atque

209 1495 516 1564 consilium,
554 1497 658 1568 qui
692 1497 746 1550 in
767 1497 959 1553 eodem
983 1496 1105 1552 loco
1133 1497 1404 1567 gubernat
1435 1497 1759 1564 Ecclesium,
1783 1497 1828 1552 si

211 1589 301 1642 hoc
344 1588 463 1659 paci
493 1587 849 1646 Chrisuante
879 1588 1138 1662 prodesse
1178 1592 1354 1644 visum
1396 1586 1586 1653 fuerit,
1618 1589 1670 1643 in
1717 1588 1830 1644 suis
1871 1596 1874 1600 '

204 1679 496 1768 honoribus
530 1683 918 1754 suscipiantur
965 1681 1130 1753 (sicut
1161 1682 1434 1752 prioribus
1465 1681 1710 1753 ejusdem
1743 1681 1829 1738 di—

1927 567 2086 635 locis,
2116 567 2170 623 in
2201 567 2400 639 quibus
2420 568 2534 624 duo
2559 581 2722 625 erant
2748 567 3020 640 episcopi,
3052 585 3196 626 unus
3227 570 3549 634 schismati-

1927 675 2048 726 cus,
2074 660 2210 716 alter
2251 660 2593 727 catholicus.
2637 661 2727 717 ille
2757 662 3176 718 conﬁrmaretur
3225 663 3322 734 qui
3351 663 3548 722 fuisset

1929 752 2208 808 ordinatus
2242 753 2415 824 prior,
2439 754 2668 808 etalteri
2703 753 2856 821 plebs
2883 754 2989 810 alia
3013 755 3252 826 regenda
3283 757 3551 828 provide,-

1925 857 2103 902 retur.
2127 846 2232 902 Sed
2267 847 2358 903 ubi
2383 847 2576 904 aberat
2607 848 2836 902 unitatis.
2860 850 3260 919 compensatio,
3291 850 3375 904 lex
3406 851 3552 922 pris-

1929 938 2039 994 tina
2066 939 2135 994 de
2168 953 2275 994 non
2321 938 2608 994 servandis
2651 938 2979 1008 honoribus,
3018 948 3075 994 ttt
3122 940 3176 996 in
3227 940 3548 1000 Innocentio

1929 1033 2159 1104 aliisque
2181 1031 2528 1104 pontificibus
2555 1031 2719 1088 visuri
2748 1047 2960 1100 sumus,
2986 1033 3200 1106 integra
3226 1034 3546 1106 illibataque

1929 1127 2254 1198 permansit.

2683 1215 2777 1273 IX.

2007 1312 2092 1368 I0.
2125 1311 2390 1366 Anastasii
2421 1311 2656 1380 epistola:
2686 1319 2867 1366 contra
2898 1307 3149 1379 Ruﬁnum
3192 1310 3247 1364 in
3278 1309 3542 1366 Orientem

1932 1405 2120 1460 missa).
2158 1433 2226 1445 ——
2256 1404 2627 1476 Hieronymus
2672 1419 2737 1459 eo
2771 1401 2891 1472 ipso
2926 1418 3091 1468 anno,
3123 1418 3232 1474 quo
3259 1403 3543 1478 Apologia:

1932 1514 2043 1555 Sua:
2067 1499 2264 1554 librum
2297 1515 2351 1552 nt
2379 1498 2700 1564 adornabat,
2733 1511 2903 1552 novas
2925 1498 2992 1552 ab
3021 1499 3313 1556 Anastasio
3341 1499 3540 1573 adver-

1932 1607 2028 1648 sus
2065 1591 2322 1646 Ruﬁnum
2355 1591 2618 1662 epistolas
2650 1591 2702 1644 in
2729 1589 3012 1647 Orientem
3057 1593 3250 1645 missas
3280 1606 3401 1646 esse
3429 1608 3538 1648 non

1935 1684 2108 1740 semel
2150 1691 2435 1738 memorat.
2486 1681 2640 1738 Nunc
2671 1682 2816 1738 enim
2849 1682 3114 1738 adversus
3144 1681 3421 1746 Ruﬁnum,
3447 1683 3542 1751 qui

211 1773 417 1828 visionis
442 1767 660 1827 factum
687 1787 815 1828 esse
847 1772 1194 1828 manifestum
1222 1782 1338 1835 est;
1364 1774 1506 1846 quod
1533 1776 1824 1830 multarum
1857 1785 1906 1846 B
1933 1775 2176 1848 epistola;
2223 1791 2363 1829 anno
2405 1774 2683 1846 prteterito
2711 1773 2778 1828 ad
2805 1771 3072 1828 Joannem
3109 1767 3286 1827 Jeros.
3324 1775 3543 1848 scripta:

209 1873 255 1917 et
280 1878 414 1935 pene
444 1861 708 1918 omnium
727 1859 1106 1919 Africanarum
1122 1865 1518 1933 Ecclesiarum,
1546 1867 1600 1922 in
1625 1866 1823 1938 quibus

210 1957 320 2013 talis
358 1974 524 2014 error
554 1967 791 2015 exortus
822 1968 925 2026 est,
954 1962 1207 2030 exempla
1244 1962 1550 2034 testantur)
1585 1979 1598 2016 :
1632 1977 1739 2017 non
1773 1970 1829 2020 ut

209 2049 521 2120 concilium,
571 2051 727 2124 quod
761 2050 813 2106 in
844 2055 1226 2110 transmarinis
1271 2055 1514 2124 partibus
1540 2054 1607 2110 de
1634 2055 1739 2111 hac
1769 2071 1829 2112 re

208 2134 390 2197 iactum
439 2153 566 2209 est,
601 2143 973 2213 dissolvatur;
1002 2144 1096 2200 sed
1128 2154 1188 2200 ut
1234 2145 1374 2200 illud
1424 2154 1645 2202 maneat
1682 2147 1830 2202 circa

210 2250 312 2300 eos,
343 2239 432 2308 qui
483 2237 575 2292 sic
605 2238 847 2292 transire
879 2237 942 2291 ad
971 2237 1306 2294 Catholicam
1337 2239 1548 2306 volunt,
1578 2247 1641 2293 ut
1680 2238 1826 2293 nulla

210 2345 296 2400 per
322 2346 416 2385 eos
460 2329 714 2386 unitatis
743 2332 1116 2400 compenSatio
1147 2341 1502 2401 proruretur.
1541 2331 1645 2387 Per
1692 2345 1830 2402 quos

212 2433 375 2478 autem
405 2421 496 2480 vel
553 2425 710 2478 omni
763 2419 927 2477 modo
959 2423 1177 2493 perﬁci,
1221 2423 1307 2478 vel
1355 2424 1599 2494 adjuvari
1655 2424 1832 2480 mani-

210 2514 352 2573 festis
394 2512 788 2572 fraternarum
822 2516 1126 2572 animarum
1185 2518 1351 2573 lucris
1395 2517 1660 2574 catholica
1705 2517 1829 2573 uni-

215 2619 287 2662 tas
325 2611 377 2666 in
409 2611 584 2678 locis,
621 2603 675 2666 in
724 2607 922 2682 quibus
969 2603 1189 2682 degunt,
1216 2615 1329 2666 visa
1377 2611 1567 2678 fuerit,
1597 2628 1705 2668 non
1750 2613 1831 2668 eis

213 2702 345 2759 obsit
393 2702 548 2775 quod
591 2713 794 2760 contra
847 2703 1084 2759 honores
1133 2719 1346 2774 eorum,
1377 2706 1626 2774 quamvis
1683 2707 1829 2760 salus

216 2796 341 2851 nulli
361 2797 673 2853 interclusa
704 2799 798 2862 sit,
827 2795 879 2850 in
914 2797 1277 2851 transmarino
1305 2797 1537 2852 concilio
1562 2805 1827 2853 statutum

216 2897 294 2943 est
321 2907 334 2941 :
362 2890 412 2945 id
445 2902 531 2943 est
570 2902 630 2944 ut
660 2885 902 2943 ordinati
933 2889 985 2944 in
1020 2899 1170 2959 parte
1203 2879 1431 2956 Donati
1459 2891 1502 2945 si
1535 2890 1600 2946 ad
1631 2889 1831 2946 Catho-

219 2981 369 3034 licam
397 2985 639 3038 correeti
674 2984 912 3037 transire
947 2982 1250 3046 voluerint,
1301 3001 1408 3037 non
1462 2983 1831 3058 suscipiantur

220 3071 269 3124 in
291 3069 589 3130 honoribus
610 3077 728 3129 suis
744 3073 1042 3130 secundum
1063 3075 1487 3131 transmarinum
1511 3079 1824 3144 concilium,

1932 1869 2365 1942 suppositionem
2394 1868 2662 1940 suspicari
2687 1868 2994 1933 affectabat,
3024 1867 3098 1921 ait
3126 1884 3136 1919 :
3171 1865 3320 1921 Illius
3341 1866 3545 1938 verita-

1933 1972 2041 2022 tem
2069 1983 2086 2016 t
2110 1963 2268 2036 hujus
2295 1979 2512 2034 quoque
2537 1963 2664 2016 anni
2692 1975 2885 2018 contra
2909 1971 2959 2016 te
2978 1960 3222 2030 epistolae
3245 1957 3493 2031 probant.
3517 1979 3538 2032 ρ

1931 2053 1999 2113 Et
2025 2058 2301 2130 aliquanto
2327 2068 2452 2112 ante
2483 2075 2495 2110 :
2539 2076 2558 2108 ι
2588 2055 2739 2124 Esto,
2762 2053 3022 2126 praeteriti
3055 2055 3181 2110 anni
3205 2070 3306 2125 ego
3337 2054 3544 2123 episto-

1931 2148 2036 2205 lam
2074 2149 2347 2206 ﬁnxerint.
2377 2149 2636 2205 Recentia
2667 2149 2732 2204 ad
2753 2149 3032 2204 Orientem
3060 2148 3260 2219 scripta
3291 2147 3413 2219 quis
3442 2147 3545 2204 mi-

1930 2243 2037 2299 sit?
2052 2244 2103 2298 in
2127 2245 2322 2314 quibus
2344 2258 2476 2312 papa
2495 2242 2833 2298 Anssusms
2855 2241 3018 2297 tantis
3040 2251 3090 2295 te
3108 2250 3266 2294 ornat
3289 2239 3541 2309 floribus,

1934 2348 1992 2395 ut
2018 2353 2140 2393 cum
2177 2353 2238 2392 ea
2269 2337 2489 2407 legeris,
2516 2337 2689 2406 magis
2716 2344 2768 2389 te
2797 2335 2934 2389 velle
2961 2332 3257 2388 defendere
3287 2333 3542 2402 incipias,

1931 2446 2091 2505 quam
2124 2445 2211 2486 me
2255 2441 2538 2485 accusare.
2583 2448 2602 2480 ι
2636 2427 2793 2482 Modo
2825 2441 2854 2482 e
2877 2425 3104 2481 ﬂoribus
3141 2424 3250 2480 illis
3278 2424 3540 2500 quosdam

1932 2527 2238 2596 decerpens
2268 2527 2320 2579 et
2352 2523 2423 2579 ob
2449 2522 2638 2578 oculos
2666 2533 2903 2590 ponens,
2930 2519 3000 2573 ita
3032 2516 3284 2572 Rufinum
3315 2515 3545 2586 alloqui~

1930 2631 2022 2678 tur
2054 2638 2068 2674 :
2104 2639 2122 2672 ‹
2159 2615 2408 2674 Praesens
2437 2613 2579 2687 apud
2622 2628 2752 2670 eum
2783 2610 3192 2683 (Anastasium)
3228 2609 3540 2681 expostula,

1931 2731 2030 2772 cur
2053 2714 2148 2769 tibi
2189 2722 2244 2768 et
2269 2711 2477 2767 absenti
2506 2721 2559 2765 et
2596 2707 2875 2764 innocenti
2905 2706 3098 2762 fecerit
3126 2702 3539 2771 contumeliam,

1931 2819 1991 2865 ut
2013 2807 2271 2879 epistolas
2297 2815 2487 2861 contra
2519 2812 2572 2858 te
2599 2802 2664 2856 ad
2717 2801 2996 2857 Orientem
3028 2799 3292 2864 mitteret,
3325 2806 3380 2853 et
3409 2809 3542 2852 cau-

1931 2905 2130 2959 terinm
2157 2901 2247 2956 tibi
2278 2899 2574 2965 haereseos,
2599 2897 2725 2952 dutn
2771 2897 2973 2961 nescis,
3004 2897 3273 2957 innreret,
3307 2893 3546 2948 diceret-

1930 3014 2036 3069 que
2087 2994 2256 3051 libros
2286 2993 2537 3065 Urigcnis
2586 2994 2704 3069 περὶ
2729 2989 2932 3068 ’Δρχῶν
2975 3003 3002 3041 a
3039 2999 3091 3043 te
3122 2989 3447 3054 translatos,
3483 2991 3542 3040 ut

1933 3091 2060 3146 ﬁdei
2088 3090 2400 3154 veritatem,
2429 3101 2586 3156 quam
2618 3084 2686 3139 ab
2710 3082 2971 3154 Apostolo
3010 3080 3340 3145 didicerant,
3367 3093 3467 3149 per
3490 3087 3543 3133 te

217 3166 307 3221 sed
333 3170 583 3240 exceptis
610 3167 708 3232 iis,
745 3184 840 3239 per
867 3185 999 3240 quos
1049 3169 1333 3224 catholica:
1362 3171 1561 3224 unitati
1590 3172 1832 3226 consuli—
1857 3177 1901 3238 Ο
1938 3183 2262 3253 perderent;
2295 3189 2371 3243 et,
2405 3177 2549 3247 quod
2588 3176 2681 3229 tibi
2727 3174 2988 3244 majorem
3023 3172 3223 3227 faceret
3256 3171 3537 3236 invidiam,

216 3267 297 3314 tur
324 3262 473 3332 (Cod.
512 3281 638 3317 can.
671 3258 881 3316 Eccles.
913 3263 1076 3332 Afric.
1097 3305 1110 3328 ,
1137 3279 1184 3317 c.
1211 3263 1290 3334 6).
1315 3282 1332 3316 ι
1354 3263 1412 3320 Si
1432 3266 1572 3318 enim
1598 3267 1664 3320 de
1695 3266 1828 3337 legis

215 3355 505 3409 severitate
548 3351 690 3408 nihil
724 3357 1004 3409 remittere
1026 3353 1290 3410 voluisset
1322 3357 1643 3411 Anastasius
1683 3359 1826 3412 circa

217 3459 426 3515 pueros,
461 3459 678 3516 quanto
705 3445 885 3500 tninns
911 3445 960 3500 id
994 3443 1060 3502 ab
1091 3462 1156 3501 eo
1188 3449 1516 3518 Sperandntn
1543 3459 1656 3503 erat
1685 3452 1828 3510 circa

217 3541 538 3597 clericorum
575 3541 820 3596 honores
844 3541 1154 3597 servandos
1178 3543 1200 3595 Ὺ

282 3637 335 3688 9.
397 3635 562 3689 Hunc
619 3639 807 3689 autem
874 3649 1142 3689 canonem
1198 3645 1367 3691 totum
1409 3631 1826 3694 exscribendum

218 3729 513 3784 duximus:
550 3731 680 3799 quia
738 3729 793 3783 in
842 3743 942 3791 eo,
976 3737 1162 3800 utpote
1211 3729 1262 3783 in
1314 3747 1420 3802 quo
1466 3746 1654 3799 aperte
1703 3733 1828 3804 quid

219 3821 505 3878 Anastasio
520 3822 878 3878 scribendum
899 3826 1016 3876 erat
1037 3823 1426 3890 praescribitur,
1447 3827 1612 3896 ipsius
1631 3827 1832 3896 episto—

219 3916 283 3970 Ire
314 3920 377 3972 ad
404 3920 552 3984 hunc
597 3929 801 3987 papam
847 3920 1085 3988 scriptm,
1130 3932 1252 3988 quae
1298 3918 1528 3985 interiit,
1561 3935 1828 3976 summam

220 4021 281 4063 ac
311 4009 764 4080 supplementum
799 4022 898 4062 nos
920 4007 1122 4063 habere
1152 4009 1468 4079 gaudemus.
1496 4010 1639 4066 Istud
1669 4028 1832 4082 porro

219 4101 509 4159 concilium
558 4102 724 4173 cujus
748 4101 816 4156 de
850 4101 1248 4157 Donatistarum
1289 4103 1504 4160 clericis
1551 4106 1828 4162 decretum

225 4197 292 4252 ita
333 4209 672 4253 venerantur
706 4194 843 4262 Afri,
881 4204 939 4250 ut
967 4197 1069 4251 sibi
1106 4207 1284 4253 tamen
1316 4199 1447 4253 illud
1481 4199 1698 4254 Uttilalis
1729 4201 1833 4256 Ec-

224 4291 399 4347 clesiae
423 4293 600 4361 gratia
636 4289 1056 4361 temperandum
1082 4291 1420 4355 existiment,
1452 4306 1558 4346 non
1584 4292 1726 4346 aliud
1756 4295 1832 4349 vi-

227 4383 374 4440 detur
403 4388 508 4442 nisi
541 4387 895 4454 Capuanum,
931 4383 1084 4453 cujus
1118 4383 1244 4439 item
1273 4383 1420 4438 aliud
1455 4383 1636 4457 (Ibid,
1657 4399 1706 4440 c.
1735 4384 1830 4456 48)

224 4478 357 4533 circa
392 4499 410 4532 ι
433 4475 921 4544 reordinationes,
953 4477 1415 4546 rebaptizationes
1437 4519 1455 4545 ,
1489 4478 1570 4533 vel
1603 4479 1832 4533 transla-

1931 3289 2095 3330 ansus
2130 3276 2202 3328 sit
2231 3269 2529 3332 criminari,
2575 3269 2672 3324 hos
2704 3269 2850 3337 ipsos
2877 3264 3216 3336 pra-rationis
3253 3274 3359 3317 tua:
3392 3260 3541 3318 testi-

1935 3371 2119 3424 monio
2152 3367 2320 3422 fuisse
2360 3364 2668 3419 roboratos.
2712 3359 2828 3416 Non
2861 3369 2946 3416 est
2979 3360 3097 3415 leve
3123 3356 3268 3428 quod
3303 3355 3396 3410 tibi
3439 3355 3543 3410 int-

1936 3462 2105 3532 pingit
2139 3469 2306 3515 tanta:
2333 3458 2485 3514 urbis
2507 3456 2772 3527 pontifex,
2804 3453 2892 3509 vel
2922 3455 2989 3508 ab
3019 3453 3131 3518 alio
3161 3451 3432 3520 objectum
3461 3457 3538 3503 Ie-

1933 3573 2085 3614 mere
2113 3555 2372 3626 suscepit.
2413 3573 2434 3606 »
2463 3552 2518 3608 Si
2543 3562 2724 3606 tamen
2753 3547 3128 3619 expendamus
3171 3562 3275 3616 qua
3325 3543 3540 3600 ratione

1935 3650 1987 3703 in
2023 3647 2214 3703 eodem
2256 3661 2423 3714 opere
2457 3643 2824 3712 Hieronymus
2860 3656 2920 3696 ea
2963 3653 3086 3710 quae
3119 3637 3440 3694 Anastasius
3467 3636 3538 3690 ad

1933 3743 2196 3799 Joannem
2222 3741 2291 3797 de
2311 3740 2504 3794 Rufino
2520 3737 2822 3806 scripserat
2846 3732 3111 3798 referens,
3132 3741 3369 3786 nontam
3394 3727 3538 3800 quod

1933 3839 2027 3894 ille
2057 3852 2190 3908 papa
2219 3836 2374 3901 dicit,
2399 3848 2559 3904 quam
2603 3831 2752 3901 quod
2797 3845 2864 3884 ex
2909 3827 3070 3882 dict-is
3102 3826 3243 3880 illius
3274 3821 3538 3892 consequi

1934 3932 2251 3992 arbitratur,
2286 3927 2558 3999 proferat;
2587 3924 2752 3981 etiam
2779 3936 2921 3977 nunc
2948 3919 3140 3976 eodem
3173 3917 3335 3973 modo
3363 3933 3422 3972 se
3443 3931 3540 3986 ge-

1935 4040 2056 4080 rere
2079 4038 2186 4078 non
2215 4020 2490 4078 immerito
2515 4018 2876 4074 existimetur.
2902 4011 3171 4081 Quocirca
3205 4009 3363 4064 valde
3391 4008 3535 4062 νει-ε-

1935 4118 2115 4174 simile
2135 4126 2240 4183 est,
2275 4115 2393 4168 htee
2422 4115 2561 4181 ipsa,
2595 4126 2714 4181 quae
2747 4110 3107 4179 Hieronymus
3149 4113 3327 4168 notat,
3358 4104 3541 4160 minus

1934 4212 2070 4267 dure
2096 4210 2166 4270 ab
2192 4207 2482 4262 Anastasio
2500 4204 2669 4260 fuisse
2689 4201 2989 4258 enuntiata.
3013 4198 3184 4254 Forte
3207 4206 3387 4252 autem
3424 4194 3544 4251 hinc

1939 4303 2210 4360 Anastasii
2239 4303 2446 4369 scripta
2473 4309 2600 4352 tunc
2630 4298 2683 4350 in
2705 4294 2984 4350 Orientem
3011 4292 3177 4346 missa
3207 4297 3354 4352 sunt,
3387 4297 3544 4358 post-

1936 4412 2100 4468 quam
2131 4395 2175 4449 is
2199 4393 2475 4464 pontifex,
2499 4400 2556 4444 et
2583 4403 2707 4444 cum
2737 4402 2804 4442 eo
2831 4386 3085 4440 universa
3111 4379 3538 4438 Occidentalium

1937 4487 2175 4561 synodus
2231 4485 2253 4560 (
2284 4483 2445 4540 Labb.
2498 4492 2625 4537 tom.
2657 4479 2700 4533 ν
2737 4478 2936 4534 Concit.
2969 4494 3015 4532 ο.
3049 4474 3157 4532 658
3199 4473 3219 4541 )
3273 4492 3293 4526 ι
3329 4471 3545 4542 accepit

228 4567 393 4627 tiones
423 4573 824 4644 episcoporum
850 4589 870 4621 ι
904 4569 1163 4625 statutum
1209 4567 1452 4628 laudant.
1501 4571 1596 4627 His
1649 4580 1830 4630 autem
1859 4573 1909 4634 Β
1938 4597 2000 4636 ac
2060 4579 2313 4651 probavit
2360 4573 2857 4636 Alexandrinorum
2893 4569 3155 4625 Ecclesiae
3207 4565 3538 4634 sententiam

227 4658 470 4722 Afrorum
498 4666 715 4721 litteris
761 4679 890 4718 num
918 4663 1261 4734 rescripserit
1292 4665 1638 4733 Anastasius,
1673 4664 1828 4722 latet.

229 4749 421 4813 Verum
451 4758 600 4831 quod
637 4755 720 4812 illi
753 4757 871 4811 sine
916 4757 1228 4826 apostolica:
1259 4757 1405 4812 sedis
1433 4773 1706 4815 consensu
1735 4776 1826 4814 su-

233 4859 373 4907 mere
409 4853 510 4908 sibi
537 4868 649 4906 non
684 4849 804 4904 ausi
846 4860 996 4915 sunt,
1027 4849 1190 4922 paulo
1237 4859 1363 4922 post
1403 4852 1455 4906 in
1495 4852 1675 4908 Africa
1733 4870 1831 4910 usu

232 4953 503 5014 receptum
535 4959 664 5000 esse
687 4952 926 4998 constat.
960 4943 1119 5000 Anno
1140 4945 1338 5016 quippe
1361 4943 1482 5012 417,
1502 4946 1832 5019 Augustinus

233 5025 422 5110 (Epist.
457 5035 589 5102 185,
623 5037 694 5092 ad
742 5035 1013 5111 Bonifac.,
1047 5057 1100 5092 η.
1143 5039 1232 5111 Li)
1266 5037 1562 5097 Donatistis
1613 5051 1671 5098 ιιι
1716 5060 1830 5100 rem

232 5133 476 5188 nsitatam
500 5132 929 5201 objicientibns:
963 5151 982 5184 ι
1018 5133 1305 5200 Quomodo
1330 5146 1450 5204 post
1472 5137 1630 5193 istam
1661 5139 1835 5207 paeni-

231 5228 449 5282 tentiam
483 5227 630 5298 apud
659 5241 760 5281 vos
805 5227 989 5282 clerici
1023 5228 1107 5283 vel
1139 5233 1300 5282 etiam
1329 5229 1571 5300 episcopi
1605 5247 1834 5301 perma-

231 5319 455 5377 nemus?
492 5341 512 5374 ο
567 5319 892 5391 respondet,
921 5340 940 5373 ι
979 5321 1094 5378 Hoc
1122 5337 1227 5378 non
1256 5323 1432 5388 fieret,
1459 5325 1712 5395 quoniam
1739 5321 1833 5382 re—

231 5405 374 5482 fera,
405 5415 554 5487 quod
587 5415 871 5470 fatendum
900 5425 1017 5485 est,
1044 5418 1159 5472 ﬁeri
1201 5434 1306 5472 non
1331 5418 1578 5485 deberet,
1605 5421 1705 5475 nisi
1735 5437 1831 5491 pe-

231 5507 308 5562 cis
338 5509 507 5578 ipsius
549 5506 1001 5576 compensatione
1045 5518 1349 5564 sanaretur.
1381 5529 1398 5562 ι
1433 5510 1615 5581 Neque
1639 5513 1833 5568 mirum

232 5609 314 5655 est
341 5597 390 5655 id
421 5601 491 5655 ab
516 5599 820 5668 apostolica
842 5600 970 5662 sede
990 5607 1118 5656 tunc
1137 5600 1302 5657 fuisse
1325 5617 1668 5672 concessum,
1693 5603 1836 5674 quod

231 5687 297 5748 ab
334 5694 490 5748 initio
530 5690 845 5748 schismatis
891 5691 943 5747 in
986 5689 1189 5762 Africa,
1219 5691 1380 5750 etiam
1409 5714 1475 5754 ex
1521 5695 1836 5755 Melcltiadis

232 5788 526 5857 sententia,
557 5786 908 5843 observatum
941 5785 1130 5844 fuerat.
1153 5777 1362 5862 Nempe
1393 5792 1492 5848 iste
1530 5793 1837 5864 prudentis-

1941 4677 1993 4730 in
2025 4674 2250 4743 impium
2287 4667 2623 4743 (Origenem)
2643 4669 2828 4732 latam,
2864 4684 2884 4719 ι
2920 4673 2977 4720 ut
2999 4662 3239 4732 loquitur
3261 4659 3544 4728 Theophi-

1938 4767 2022 4822 lus
2055 4767 2107 4820 in
2140 4765 2405 4821 Sermone
2427 4777 2588 4834 quem
2638 4761 2977 4821 Iustinianus
3003 4756 3306 4826 imperator
3332 4751 3538 4808 laudat.

2705 4852 2774 4908 Χ.

2009 4953 2097 5008 Η.
2130 4949 2399 5005 Iudicium
2425 4947 2724 5019 apostolica:
2746 4945 2855 4999 sedi
2886 4943 3201 5010 subreptum.
3229 4968 3304 4980 —
3332 4936 3415 4994 Ab
3443 4936 3546 4992 ali-

1936 5064 2044 5120 quo
2075 5045 2373 5102 Innocentii
2407 5045 2700 5099 decessore
2730 5039 2990 5094 adversus
3023 5036 3316 5091 Photinum
3340 5033 3542 5104 Illyrici

1937 5141 2252 5212 episcopum
2302 5137 2510 5208 prolata
2555 5143 2640 5190 est
2685 5131 2990 5194 sententia,
3039 5144 3167 5200 qua,
3219 5125 3542 5181 Innocentio

1938 5243 2076 5290 teste
2108 5232 2302 5305 (Epist.
2337 5232 2423 5295 1⁸5,
2458 5248 2504 5284 c.
2557 5227 2670 5300 14),
2707 5245 2726 5280 t
2767 5226 2985 5297 gravius
3030 5222 3236 5292 aliquid
3275 5222 3546 5276 conSIitu-

1940 5339 2049 5387 tum
2089 5349 2106 5382 ι
2129 5328 2247 5382 fuit.
2282 5324 2528 5380 Subinde
2561 5323 2884 5377 Macedones
2909 5319 3180 5388 episcopi,
3211 5316 3434 5385 collegae
3456 5312 3539 5366 sui

1937 5435 2153 5476 causam
2187 5417 2570 5489 suscipientes,
2599 5415 2863 5485 judicium
2893 5411 3025 5467 illud
3063 5431 3081 5462 ‹
3115 5425 3218 5480 per
3240 5409 3429 5462 falsum
3451 5421 3540 5460 ru-

1937 5528 2146 5571 morem
2199 5510 2514 5582 apostolicze
2559 5507 2673 5564 sedi
2707 5507 3024 5574 subreptum
3075 5513 3130 5557 et
3168 5501 3408 5556 elicitum
3438 5510 3536 5563 per

1939 5605 2166 5664 insidias
2205 5627 2226 5662 ι
2259 5603 2719 5659 demonstrarunt.
2749 5594 2902 5665 Quod
2931 5609 3054 5650 cum
3086 5591 3344 5645 andiisset
3370 5584 3530 5638 Inno—

1942 5699 2175 5766 centius,
2201 5697 2440 5768 primnm
2465 5694 2681 5766 quidem
2706 5691 2806 5747 sibi
2832 5689 3052 5744 anxium
3078 5699 3140 5738 ac
3160 5676 3537 5735 difﬁcillimum

1945 5809 2068 5854 esse
2093 5791 2295 5861 fassus,
2330 5811 2350 5845 ι
2385 5789 2647 5862 majorum
2675 5785 2954 5842 revolvere
2999 5796 3019 5832 ›
3055 5784 3215 5848 atque
3243 5777 3537 5830 retractare
