4106 6344
553 294 628 354 63
1816 278 1875 337 s.
1918 276 2284 336 ANASTASII
2322 279 2345 335 ι
2384 279 2593 338 rara:
3798 283 3866 342 δι

554 429 576 465 ι
632 408 957 473 sententias,
999 426 1018 461 ι
1077 404 1239 461 simul
1289 411 1471 459 tamen
1524 398 1713 454 durius
1769 395 1976 466 aliquid
2032 410 2154 451 esse
2182 402 2235 464 Α
2259 397 2337 452 cis
2371 398 2747 455 transmarinis
2775 410 2865 457 aut
2894 402 3207 460 Manicbacis
3230 405 3420 460 Romae
3453 403 3691 461 inventis
3713 402 3869 474 quid—

549 505 887 563 existimavit
935 511 1016 558 tot
1072 508 1294 570 tamque
1349 494 1505 550 bonis
1578 491 1896 563 praesulibus
1951 505 2153 561 negare

550 610 904 653 consensum.
936 592 1325 661 Quamobrem,
1356 588 1539 658 priore
1566 584 1861 647 sententia,
1891 597 1992 653 qua
2013 580 2155 636 Pho-

553 692 703 749 tinus
720 695 1008 747 damnatus
1025 689 1222 752 fuerat,
1241 687 1293 741 in
1314 683 1511 739 melius
1534 688 1886 741 commutata,
1903 679 2152 734 eumdem

552 788 872 860 episcopum
897 766 1236 841 constituere
1266 780 1403 851 ipsis
1427 777 1710 848 permittit.
1738 774 1894 829 Prius
1917 788 2049 829 vero
2067 771 2154 843 ju-

555 882 757 937 dicium
804 893 1148 950 nequaquam
1199 880 1251 930 in
1298 874 1465 928 alium
1496 870 1805 942 pontificem
1857 868 2154 922 convenire

553 974 795 1038 videtur,
817 973 919 1026 nisi
954 972 1006 1025 in
1041 968 1409 1029 Anastasiuin,
1438 974 1490 1018 et
1512 963 1726 1035 quidem
1750 961 1851 1017 sub
1871 960 2157 1031 pontiﬁca-

556 1076 642 1123 tus
660 1066 807 1120 illius
832 1065 1067 1129 exitum;
1099 1064 1171 1117 ita
1199 1072 1255 1115 ut
1283 1074 1431 1115 mors
1454 1056 1822 1112 interveniens
1852 1054 2154 1109 Macedoni-

558 1157 661 1213 bus
688 1158 866 1212 locum
890 1170 955 1211 ac
998 1165 1217 1225 tempus
1248 1151 1542 1223 negaverit,
1572 1165 1679 1217 quo
1706 1146 1809 1216 ipsi
1838 1147 2153 1215 subreptum

556 1267 679 1309 esse
703 1252 1159 1308 demonstrarent.
1190 1248 1342 1317 Quod
1366 1262 1485 1301 cum
1514 1244 1861 1299 Innocentius
1887 1244 2153 1312 correxit,

559 1347 721 1418 plane
750 1346 955 1402 sentire
985 1359 1043 1400 se
1065 1344 1270 1408 docuit,
1297 1340 1571 1396 neminem
1596 1352 1716 1393 esse
1745 1346 1851 1391 tam
1882 1346 2154 1403 sanctum,

560 1439 778 1496 etiamsi
802 1439 971 1509 prima
1008 1438 1061 1492 in
1092 1437 1221 1492 sede
1264 1434 1593 1490 constitutus
1622 1431 1712 1496 sit,
1745 1430 1833 1485 cui
1858 1430 1910 1485 in
1936 1429 2157 1499 judiciis

562 1547 672 1590 non
696 1533 871 1605 possit
896 1530 1125 1601 imponi.

1312 1619 1400 1674 XI.

633 1741 719 1795 12.
752 1737 1068 1809 Fragmenta
1111 1737 1212 1790 tria
1252 1734 1524 1789 Anastasio
1581 1730 1645 1785 ΙΙ
1690 1732 2029 1787 restituenda.
2085 1762 2157 1772 —

562 1833 831 1891 Prazterea
857 1830 1125 1887 Baronius
1151 1829 1217 1884 ad
1241 1844 1369 1882 ann.
1398 1826 1505 1882 402
1528 1827 1629 1880 tria
1654 1825 1957 1896 fragmenta
1976 1824 2157 1879 laudat

558 1926 709 1981 velut
739 1924 983 1995 epistolae
1008 1920 1469 1976 Anastasiinostri
1491 1919 1558 1973 ad
1587 1918 1843 1975 Ursinum
1879 1936 1891 1971 :
1919 1918 2014 1973 sed
2040 1916 2157 1973 haec

557 2017 754 2089 Steph.
803 2015 1080 2079 Baluzius,
1114 2025 1187 2070 to.
1221 2014 1239 2068 l
1267 2012 1409 2068 Coll.
1446 2028 1569 2067 nov.
1610 2012 1809 2067 coucil.
1842 2027 1963 2081 pag.
1996 2012 2155 2078 1457,

558 2109 849 2166 Anastasio
879 2108 925 2162 lI
947 2108 1207 2175 restituit,
1227 2108 1294 2162 ad
1317 2122 1476 2179 quem
1507 2122 1571 2161 ea
1601 2106 1875 2176 pertinere
1904 2120 2002 2160 suo
2036 2104 2158 2160 loco

560 2202 987 2259 demonstraturi
1015 2217 1225 2258 sumus.

1301 2317 1415 2373 XII.

633 2413 718 2468 I5.
751 2410 1002 2481 Epistula:
1046 2411 1168 2465 dua:
1199 2411 1471 2466 Anastasio
1514 2409 1541 2464 Ι
1585 2427 1616 2463 α
1644 2410 1930 2465 Mercatore
1956 2426 2157 2479 suppo-

557 2505 690 2561 sitas.
735 2534 805 2544 —
831 2503 1015 2573 Neque
1047 2519 1201 2572 papm
1227 2503 1385 2573 hujus
1410 2504 1613 2558 nomini
1644 2504 1891 2573 pepercit
1921 2502 2160 2557 Isidorus

558 2598 849 2662 Mercator,
895 2597 989 2653 sed
1042 2597 1181 2652 duas
1233 2599 1281 2652 ei
1333 2597 1596 2665 epistolas
1647 2598 1951 2668 supposuit,
1998 2612 2157 2651 uuam

558 2692 810 2748 omnibus
840 2691 1150 2747 Germaniae
1183 2703 1236 2746 et
1262 2692 1586 2763 Burgundim
1609 2693 1901 2762 episcopis,
1934 2693 2158 2747 alteram

557 2783 799 2839 Neriano
852 2783 1192 2852 inscriptam.
1254 2783 1548 2852 Utriusque
1602 2784 1807 2837 falsitas
1852 2799 1881 2836 a
1930 2784 2160 2838 Barouio

557 2876 771 2933 detecm
800 2882 1074 2945 certisque
1118 2877 1452 2944 argumentis
1479 2875 1827 2944 comprobata
1876 2885 1980 2930 est.
2014 2874 2159 2929 Istud

559 2984 660 3025 suo
692 2969 811 3024 loco
832 2983 1020 3023 sumus
1040 2969 1436 3033 confirmaturi,
1470 2970 1560 3023 ubi
1592 2968 1850 3038 epistolas
1890 2969 2009 3024 illas
2038 2984 2157 3024 cum

559 3064 766 3133 reliqua
799 3060 1113 3132 impostoris
1147 3062 1307 3133 hujus
1345 3063 1665 3118 collectione
1693 3063 1943 3119 edemus.

1298 3180 1438 3235 XIII.

631 3294 722 3351 14.
751 3294 809 3349 1η
842 3295 1059 3365 vulgato
1102 3294 1241 3349 libro
1272 3296 1569 3364 pontificali
1603 3297 1670 3351 de
1715 3298 2001 3353 AuaStasio
2030 3299 2051 3353 I
2084 3300 2157 3355 le-

554 3389 703 3460 gitur
750 3405 763 3438 τ
804 3408 823 3440 ι
873 3388 969 3443 Hic
1009 3390 1320 3452 constituit,
1372 3400 1429 3443 ut
1473 3393 1923 3462 quotiescumque
1974 3404 2157 3448 sancta

558 3479 852 3550 Evangelia
906 3482 1297 3548 recitarentur,
1346 3483 1661 3539 sacerdotes
1724 3500 1829 3539 nou
1882 3486 2157 3553 sederent,

560 3573 657 3628 sed
705 3574 856 3627 curvi
907 3583 1134 3629 starent.
1188 3574 1257 3629 Et
1288 3576 1389 3630 hoc
1433 3578 1734 3641 constituit,
1770 3579 1913 3632 nulla
1949 3586 2159 3635 ratione

558 3665 984 3720 transmarinum
1026 3666 1300 3720 hominem
1344 3667 1398 3721 in
1426 3668 1714 3723 clericatus
1745 3669 2007 3726 honorem
2036 3687 2155 3725 sus-

557 3757 688 3825 cipi,
716 3758 815 3811 nisi
841 3758 1077 3827 quinque
1107 3760 1486 3831 episcoporum
1531 3762 1844 3833 designaret
1878 3765 2156 3837 chirogra-

555 3848 724 3919 phos;
753 3849 877 3919 quia
907 3858 962 3903 et
988 3849 1177 3904 eodem
1212 3862 1458 3921 tempore
1486 3853 1766 3910 Manichaei
1798 3857 2001 3913 inventi
2034 3870 2155 3912 sunt

554 3941 607 3996 in
654 3942 787 3998 urbe
838 3942 1030 3997 Roma.
1093 3962 1113 3996 ι
1160 3944 1238 3998 Ad
1270 3946 1424 4015 cujus
1460 3948 1582 4002 libri
1627 3966 1871 4005 normam
1921 3950 2155 4005 Isidorus

554 4031 824 4089 Mercator
856 4036 1199 4090 Anastasium
1227 4037 1385 4104 epist.
1416 4055 1455 4104 ι,
1484 4054 1534 4095 c.
1562 4042 1612 4102 l,
1638 4041 1672 4094 2
1698 4051 1752 4096 et
1773 4044 1825 4105 5,
1855 4043 1993 4096 istud
2018 4060 2154 4112 prae-

551 4127 842 4197 cipientem
870 4127 1073 4183 inducit
1102 4144 1115 4182 :
1152 4148 1170 4180 ι
1201 4129 1338 4185 Dum
1371 4141 1559 4186 sancta
1588 4134 1873 4203 Evangelia
1898 4135 1953 4188 in
1976 4135 2154 4189 eccle-

554 4218 636 4273 sia
668 4217 988 4285 recitantur,
1022 4220 1336 4277 sacerdotes
1385 4233 1440 4277 et
1469 4224 1653 4279 cmteri
1683 4239 1877 4279 omnes
1918 4239 2155 4293 praesen-

555 4320 656 4377 tes,
692 4327 799 4367 non
846 4312 1121 4380 sedentes,
1169 4315 1262 4369 sed
1312 4317 1700 4371 venerabiliter
1726 4318 1869 4370 curvi
1916 4317 1970 4371 in
2019 4331 2152 4371 con-

551 4417 743 4479 spectu
798 4410 973 4464 sancti
1032 4411 1309 4482 Evangelii
1358 4420 1590 4473 stantes,
1641 4410 1913 4466 dominica
1966 4412 2153 4465 verba

552 4500 761 4557 intente
811 4501 1033 4556 audiant
1084 4512 1138 4558 et
1188 4504 1422 4558 ﬁdeliter
1474 4502 1722 4557 adorent.
1778 4501 2043 4557 Similiter
2099 4511 2154 4557 et

2258 505 2418 559 quam
2452 490 2984 562 babetur.Quocirca
3010 498 3250 567 suspicio
3276 512 3382 551 non
3406 497 3584 562 dcest,
3602 496 3864 551 lsidorum

2259 584 2641 653 Mercatorem,
2671 587 2763 658 qui
2795 590 2992 645 librum
3023 592 3391 661 pontificalem
3426 606 3548 646 cum
3590 590 3868 661 pr:rdictis

2256 678 2639 737 additamentis
2686 697 2782 737 seu
2830 682 3344 753 interpolationibus
3394 685 3714 741 collectioni
3756 699 3867 741 suae

2259 773 2539 840 prmmisit,
2584 774 2777 829 horum
2829 776 3325 832 additameutorum
3376 793 3500 833 esse
3558 786 3864 833 auctorem.

2256 862 2362 918 Sed
2406 865 2487 918 his
2527 867 2833 935 expuuctis,
2866 868 3045 923 minus
3070 868 3181 938 jam
3210 881 3481 940 repugnat
3512 870 3868 925 Anastasium

2259 957 2629 1024 consuluisse,
2656 973 2723 1013 ne
2766 960 3102 1027 sacerdotes,
3134 960 3261 1015 dum
3309 961 3599 1031 Evangelia
3631 962 3872 1016 recitan-

2261 1056 2368 1113 tur,
2400 1049 2674 1105 sederent.
2710 1052 2842 1106 Eum
2874 1053 3017 1107 enim
3052 1056 3401 1123 praecepisse,
3434 1064 3492 1108 ut
3527 1055 3868 1122 sacerdotes,

2258 1156 2485 1212 quorum
2517 1143 2737 1214 plurimi
2769 1145 2924 1201 senio
2970 1155 3125 1201 erant
3169 1146 3427 1213 confecti,
3461 1156 3577 1201 toto
3606 1146 3703 1201 illo
3736 1156 3871 1200 tem-

2258 1250 2411 1305 pore,
2445 1252 2552 1307 quo
2594 1236 2881 1307 Evangelia
2916 1240 3250 1309 legerentur,
3282 1256 3391 1295 non
3424 1230 3602 1295 solum
3632 1249 3868 1305 starent,

2258 1326 2355 1382 sed
2386 1329 2548 1382 etiam
2570 1330 2722 1384 curvi
2756 1340 2983 1399 starent,
3009 1348 3038 1387 a
3073 1333 3357 1403 prudentia
3390 1334 3671 1404 pontiﬁcis
3698 1336 3869 1390 nostri

2259 1424 2559 1480 abhorrere
2575 1425 2698 1495 jure
2720 1426 2993 1482 videatur.
3019 1428 3102 1483 An
3135 1444 3264 1483 vero
3287 1430 3333 1483 ei
3360 1430 3537 1500 reipsa
3582 1438 3870 1500 congruat,

2260 1518 2707 1587 expendendum.

2333 1613 2423 1669 16.
2455 1614 2691 1670 Baronio
2717 1615 2928 1671 decreti
2962 1615 3123 1685 hujus
3147 1616 3365 1671 occasio
3400 1616 3625 1673 fluxisse
3651 1616 3873 1674 videtur

2261 1721 2329 1761 ex
2358 1708 2735 1775 contentione,
2765 1724 2885 1777 quae
2915 1708 3100 1761 Roma:
3136 1708 3280 1763 circa
3316 1707 3408 1761 illa
3442 1719 3685 1779 tempora
3715 1724 3873 1780 pres-

2188 1797 2233 1857 B
2262 1799 2485 1870 byteros
2514 1799 2656 1854 inter
2682 1809 2738 1855 et
2777 1800 3036 1855 diacones
3075 1796 3268 1855 oborta
3314 1810 3417 1867 est,
3447 1817 3570 1856 cum
3618 1801 3873 1857 nonnulli

2258 1891 2524 1947 diaconos
2565 1893 2899 1964 presbyteris
2938 1908 3226 1963 coaequare
3269 1894 3355 1948 vel
3386 1894 3553 1949 etiam
3595 1892 3874 1949 anteferre

2260 1985 2588 2040 niterentur.
2630 1985 3015 2040 Contentionis
3061 1985 3219 2054 hujus
3250 1994 3417 2040 testes
3449 1984 3661 2056 profert
3686 1995 3874 2042 aucto-

2259 2093 2374 2135 rem
2423 2082 2781 2150 quzestionum
2820 2080 2960 2150 apud
2998 2079 3361 2150 Augustinum
3390 2121 3405 2145 ,
3462 2080 3555 2150 qui
3600 2089 3656 2135 et
3687 2082 3876 2151 Augu-

2260 2176 2408 2230 stino
2464 2175 2740 2245 antiquior
2784 2174 3171 2241 existimatur,
3230 2175 3283 2228 in
3325 2173 3625 2243 appendice
3671 2180 3746 2227 to.
3806 2172 3873 2227 ΙΙΙ

2260 2268 2554 2334 editarum,
2609 2283 2817 2323 necnon
2870 2268 3265 2338 Ilieronymum
3304 2268 3467 2337 epist.
3499 2265 3632 2321 olim
3677 2262 3769 2329 85,
3804 2264 3873 2319 ad

2263 2361 2578 2432 Evagrium,
2614 2377 2711 2416 seu
2741 2360 2918 2431 potius
2944 2360 3304 2431 Evangelum.
3332 2359 3506 2423 Tunc,
3550 2358 3731 2427 inquit
3770 2356 3872 2410 do-

2262 2464 2384 2509 ctus
2413 2454 2741 2521 Cardinalis,
2798 2474 2817 2508 ‹
2853 2453 3161 2525 presbyteri
3190 2453 3243 2507 in
3292 2453 3515 2508 eosdem
3556 2449 3871 2522 (diaconos)

2262 2546 2617 2602 insurrexere
2648 2560 2807 2619 atque
2836 2564 2901 2602 ex
2931 2547 3345 2602 Consuetudinis
3374 2544 3643 2601 Romana:
3669 2544 3868 2600 Ectle-

2262 2644 2359 2697 size
2393 2645 2715 2714 praescripto
2763 2644 2896 2713 ipsis
2934 2643 3284 2708 sedentibus,
3324 2657 3421 2697 eos
3470 2653 3623 2697 stare
3662 2641 3873 2698 debere

2263 2736 2691 2790 contendebant.
2716 2735 2820 2791 Sed
2853 2751 2919 2790 eo
2951 2751 3120 2804 usque
3147 2735 3432 2790 contentio
3456 2735 3717 2805 pertinax
3742 2751 3867 2805 pro-

2264 2844 2451 2898 gressa
2484 2838 2589 2894 est,
2623 2838 2677 2883 ut
2706 2831 2869 2884 etiam
2898 2845 3019 2883 cum
3045 2839 3258 2885 stantes
3288 2827 3509 2885 diaconi
3543 2843 3735 2884 coram
3764 2845 3864 2899 po-

2265 2922 2394 2992 pulo
2424 2924 2665 2992 legerent
2690 2924 3064 2993 Evangelium,
3092 2923 3404 2995 presbyteri
3428 2931 3611 2978 tamen
3640 2924 3868 2980 minime

2264 3029 2295 3069 e
2335 3017 2582 3071 sessione
2611 3028 3028 3087 consurgerent.
3067 3017 3255 3085 Quod,
3291 3027 3348 3071 ut
3378 3032 3607 3073 enorme
3638 3018 3865 3087 factum,

2263 3106 2585 3164 Anastasius
2619 3126 2753 3181 papa
2785 3109 3187 3165 emendandum
3222 3111 3433 3164 sancito
3461 3110 3734 3180 ejusmodi
3765 3111 3866 3166 de-

2187 3184 2230 3247 Ο
2266 3213 2419 3256 creto
2474 3205 2703 3271 putavit.
2768 3221 2787 3254 ι
2850 3202 2949 3258 Ubi
3004 3203 3441 3257 controversiam
3494 3203 3643 3257 illam
3702 3202 3755 3257 in
3801 3218 3868 3260 eo

2265 3298 2499 3352 maxime
2529 3314 2732 3367 ponere
2763 3298 3000 3365 videtur,
3033 3298 3182 3368 quod
3222 3299 3559 3368 presbyteris
3599 3300 3655 3355 in
3688 3301 3867 3357 eccle-

2263 3390 2343 3443 sia
2387 3390 2723 3458 sedentibus,
2773 3392 2987 3445 diaconi
3032 3393 3238 3461 pariter
3290 3393 3486 3449 sedere
3534 3396 3763 3449 vellent.
3796 3397 3868 3450 At

2265 3483 2519 3538 Ecclesia:
2553 3484 2813 3539 Romanae
2845 3485 3107 3539 diaconos
3141 3486 3245 3541 hoc
3289 3486 3393 3542 sibi
3428 3503 3731 3557 numquam
3775 3505 3866 3543 ar-

2262 3591 2504 3646 rogasse,
2532 3576 2646 3645 ipse
2676 3584 2865 3631 auctor
2896 3576 3036 3645 apud
3069 3578 3431 3647 Augustinum
3465 3580 3668 3646 editus,
3704 3596 3864 3651 quem

2262 3666 2498 3736 profert,
2551 3666 2757 3720 diserte
2806 3676 3035 3721 testatur
3087 3668 3171 3722 his
3214 3668 3396 3724 verbis
3446 3671 3678 3741 (Quaest.
3733 3670 3862 3738 10],

2263 3776 2383 3830 pag.
2417 3758 2486 3813 92
2519 3758 2562 3830 Γ)
2600 3777 2612 3812 :
2640 3778 2658 3810 ι
2688 3758 3025 3828 Quamquam
3058 3760 3318 3817 Romana:
3345 3762 3611 3819 Ecclesia:
3644 3765 3864 3822 diaConi

2262 3851 2475 3905 modico
2524 3851 3009 3906 inverecundiores
3057 3854 3371 3921 videantur,
3415 3856 3639 3911 sedendi
3678 3869 3863 3914 tamen

2260 3946 2574 4016 dignitatem
2607 3947 2657 3998 in
2689 3947 2921 4001 ecclesia
2955 3964 3062 4003 non
3102 3962 3465 4018 praesumunt.
3503 3968 3522 4002 ι
3560 3951 3860 4007 Multorum

2258 4037 2417 4092 etiam
2449 4038 2926 4106 presbyterorum,
2957 4042 3047 4109 qui
3078 4042 3351 4098 Romanas
3384 4044 3650 4111 regebant
3681 4046 3865 4101 eccle-

2256 4129 2386 4195 sias,
2418 4130 2605 4199 gloria:
2631 4130 2867 4185 detrahit
2899 4134 3167 4187 Baronius
3206 4135 3261 4188 iu
3289 4150 3355 4189 eo
3386 4136 3532 4205 quod
3572 4136 3697 4190 illos
3734 4147 3867 4192 tunc

2256 4222 2599 4277 commisisse
2630 4223 3091 4290 ponit.'Constans
3115 4226 3285 4288 enim,
3323 4226 3526 4297 ubique
3567 4227 3865 4285 obtinebat

2259 4314 2373 4379 lex,
2400 4324 2458 4369 ut
2485 4325 2704 4384 propter
2725 4315 3004 4387 Evangelii
3026 4319 3387 4373 reverentiam
3409 4319 3569 4373 lectio
3590 4320 3713 4387 ejus
3742 4337 3852 4376 non

2259 4407 2363 4463 nisi
2394 4411 2699 4464 astantibus
2729 4412 3030 4466 audiretur.
3064 4411 3530 4467 Constitutionum
3590 4414 3863 4483 apostolis

2260 4501 2583 4555 tributarum
2616 4502 2755 4557 libro
2786 4519 2847 4568 ll,
2880 4519 2931 4558 c.
2964 4506 3055 4571 57,
3089 4507 3336 4560 sancitur
3367 4523 3379 4558 :
3416 4524 3435 4557 ι
3473 4508 3607 4560 Cum
3645 4506 3864 4575 legetur

551 4594 947 4650 transmarinos
998 4596 1271 4663 homines,
1301 4596 1371 4651 de
1397 4595 1595 4665 quibus
1638 4608 1736 4649 nos
1778 4594 2149 4659 consuluistis,
2186 4565 2235 4623 D
2262 4592 2640 4663 Evangelium,
2670 4598 2975 4668 presbyteri
3007 4608 3059 4653 et
3086 4599 3306 4653 diaconi
3332 4599 3735 4668 universusque
3763 4615 3866 4670 po—

552 4691 606 4743 in
637 4688 925 4745 clericatus
960 4689 1167 4746 honore
1217 4690 1386 4744 nolite
1428 4686 1727 4755 suscipere,
1760 4687 1862 4740 nisi
1910 4686 2153 4754 quinque

551 4790 647 4836 aut
677 4797 744 4837 eo
784 4783 1025 4853 amplius
1066 4784 1446 4854 episcoporum
1476 4777 1850 4848 cbirographis
1902 4777 2013 4831 sint
2053 4778 2151 4834 de-

548 4874 844 4946 siguati....
877 4876 1203 4932 Manichaaos
1231 4888 1388 4939 vero,
1413 4884 1549 4941 quos
1581 4869 1635 4923 in
1660 4868 1794 4923 urbe
1812 4868 1980 4922 Roma
2003 4869 2151 4924 inve-

553 4967 752 5037 nimus,
789 4979 897 5025 etc.
931 4988 951 5022 ι

625 5064 714 5119 15.
751 5063 806 5118 lu
839 5078 908 5119 eo
934 5074 1113 5118 tamen
1158 5061 1279 5116 libri
1311 5056 1641 5128 pontificalis
1671 5056 1860 5111 codice
1889 5055 2019 5110 olim
2050 5056 2148 5111 Re-

550 5157 689 5229 gina:
716 5157 1043 5221 Succorum,
1075 5170 1233 5225 quem
1262 5151 1512 5206 Bollaudi
1552 5151 1963 5205 continuatores
1988 5151 2151 5206 Justi-

550 5252 699 5306 niaui
770 5248 1117 5319 imperatoris
1171 5245 1506 5314 temporibus
1552 5254 1837 5298 exaratum
1901 5256 2154 5311 censent,

550 5359 826 5416 quemque
848 5350 922 5396 to.
961 5343 998 5394 1.
1018 5339 1223 5408 Aprilis
1251 5338 1457 5408 Propil.
1482 5354 1601 5406 pag.
1626 5337 1717 5404 40,
1742 5341 1792 5393 in
1818 5339 1995 5394 lucem
2019 5341 2154 5396 emi-

547 5444 759 5501 serunt,
790 5446 1004 5488 necnon
1049 5430 1103 5484 in
1152 5430 1453 5498 exemplari
1501 5431 1559 5487 S.
1604 5431 1751 5486 Petri
1785 5432 2150 5503 Fossatensis,

549 5550 696 5594 nunc
734 5530 1083 5590 bibliothecae
1129 5528 1458 5586 Colbertinae
1492 5531 1659 5592 1868.
1691 5531 1836 5599 quod
1892 5532 1945 5585 in
1998 5531 2153 5585 Pela-

547 5633 640 5704 gio
670 5629 715 5683 II
740 5625 960 5689 desiuit,
994 5624 1097 5680 hoc
1128 5633 1337 5679 tantum
1384 5625 1702 5680 Anastasius
1734 5624 2046 5680 decrevisse
2074 5624 2148 5677 le-

545 5726 732 5797 gitur:
787 5737 808 5772 ι
852 5719 951 5775 Hic
1000 5719 1306 5785 constituit,
1355 5720 1809 5791 quotiescumque
1860 5717 2147 5788 Evangelia

546 5816 865 5883 recitantur,
901 5813 1213 5871 sacerdotes
1264 5828 1368 5869 non
1397 5813 1679 5883 sederent,
1719 5830 1735 5862 ι
1772 5826 1871 5866 nec
1899 5809 1965 5864 dc
1987 5807 2149 5864 clcrio

2257 4689 2418 4759 pulus
2463 4705 2585 4745 cum
2630 4692 2780 4747 omni
2827 4693 3047 4748 silentio
3100 4704 3266 4749 stent.
3316 4714 3334 4745 ι
3384 4693 3452 4748 Et
3508 4694 3862 4763 Nicephorus

2256 4782 2473 4853 quidem
2519 4784 2725 4840 Callisti
2774 4785 2877 4841 hoc
2919 4788 3051 4841 olim
3103 4788 3153 4841 iu
3205 4786 3582 4842 Alexandrina
3619 4788 3859 4844 ecclesia

2253 4877 2559 4933 obtinuisse
2589 4895 2896 4936 memorans
2927 4880 3065 4953 (Lib.
3093 4896 3149 4945 ιι,
3180 4898 3227 4934 c.
3247 4880 3360 4950 54),
3392 4899 3411 4931 ι
3444 4890 3501 4934 ιιι
3530 4881 3858 4952 episcopus,

2251 4984 2377 5025 cum
2407 4985 2562 5026 sacra
2586 4972 2875 5044 Evangelia
2905 4974 3238 5044 legerentur,
3272 4989 3378 5026 nou
3411 4985 3796 5044 consurgeret,
3834 4995 3853 5029 ι

2259 5063 2314 5118 id
2351 5082 2370 5115 ι
2409 5066 2459 5119 in
2488 5066 2743 5120 omnibus
2775 5067 2899 5123 aliis
2927 5067 3063 5122 locis
3089 5081 3285 5119 novum
3319 5077 3373 5120 et
3402 5066 3644 5122 insolens
3672 5082 3799 5123 esse
3833 5089 3852 5121 ι

2259 5156 2418 5212 simul
2479 5159 2758 5213 observat.
2819 5158 3218 5226 Philostorgius
3278 5172 3537 5227 quoque,
3596 5160 3859 5231 antiquus

2258 5251 2511 5320 scriptor,
2546 5252 2676 5306 dum
2703 5251 3067 5322 Theophilum
3101 5250 3291 5303 ludum
3324 5250 3540 5318 laudat,
3573 5253 3723 5323 quod
3765 5270 3859 5324 pe-

2259 5359 2485 5414 ragrans
2527 5344 2579 5398 in
2610 5344 2697 5398 die
2726 5346 3012 5414 regiones,
3051 5362 3068 5394 ι
3109 5342 3275 5396 multa
3320 5360 3440 5413 qua:
3479 5345 3552 5399 ibi
3594 5361 3707 5400 non
3753 5349 3858 5403 rite

2261 5436 2463 5492 ﬁebant
2504 5436 2837 5501 emendavit,
2902 5456 2921 5487 ι
2978 5436 3271 5504 statimque
3320 5437 3495 5504 addit,
3549 5456 3568 5489 ι
3627 5455 3753 5493 nam
3800 5449 3856 5495 ct

2255 5531 2518 5587 lectiones
2551 5529 2826 5598 Evangelii
2859 5529 3149 5584 audiebant
3174 5530 3453 5595 sedentes,
3485 5542 3535 5585 et
3562 5532 3666 5585 alia
3697 5549 3855 5602 qua:-

2254 5625 2378 5679 dam
2429 5623 2778 5693 peragebant,
2812 5623 3011 5692 quibus
3057 5623 3236 5678 divina
3286 5623 3375 5677 lca
3424 5627 3795 5693 repugnabat,
3826 5647 3848 5680 ι

2254 5716 2387 5772 satis
2418 5715 2618 5769 indicat
2648 5713 2849 5785 ubique
2877 5724 3160 5787 receptum
3191 5729 3347 5780 esse,
3384 5724 3444 5769 ut
3488 5715 3851 5787 Evangelium

2256 5808 2557 5865 astantibus
2601 5807 2902 5868 audiretur.
2932 5811 3050 5867 Jam
3089 5808 3220 5866 vero
3251 5806 3373 5877 quis
3404 5797 3614 5877 credat,
3651 5810 3705 5865 in
3740 5806 3846 5867 eo
