4106 6344
537 330 606 397 67
1793 339 1850 396 s.
1896 336 2263 395 ANASTASII
2306 336 2325 390 t
2365 322 2573 393 eam
3768 332 3837 399 es

535 460 1014 539 sollicitationibus
1056 460 1314 527 cederet;
1353 478 1369 510 ι
1400 475 1470 539 ex
1506 459 1919 539 dispensatione
1947 458 2069 539 Dei,
2108 474 2124 510 ι
2160 461 2212 520 Α
2239 455 2959 539 velledeleudereincipias
2987 467 3149 531 quam
3182 472 3465 539 accusare,
3498 477 3514 509 ι
3550 458 3835 539 presbyte-

533 532 708 603 inquit
758 535 875 603 ipse
928 533 1296 604 Hieronymus
1336 532 1494 602 epist.
1529 530 1621 595 7t,
1654 532 1720 585 ad
1767 530 2132 600 Theophilum

531 608 801 669 scribens,
838 623 856 655 ι
895 604 1095 658 factum
1131 616 1283 674 puto,
1315 613 1372 656 ot
1399 620 1464 658 eo
1491 604 1542 657 in
1570 614 1811 672 tempore
1840 614 1892 655 tti
1919 618 2135 671 quoque

534 677 599 731 ad
643 676 995 731 Anastasium
1040 693 1230 745 papam
1281 675 1573 737 scriberes,
1610 683 1665 728 et
1710 684 1954 728 nostram
2002 674 2134 727 dum

536 749 821 818 ignorares
1204 748 1517 802 roborarit-9.
1552 766 1577 798 ν
1604 745 1757 801 idem
1799 744 2133 814 Theophilus

530 817 585 874 in
618 820 881 875 Sermone
910 819 976 873 ad
1019 821 1284 889 quosdam
1331 818 1624 871 monachos
1659 817 1976 886 Origenem,
2011 828 2068 870 ut
2103 831 2132 871 a

529 906 609 954 se,
636 892 703 944 ita
731 901 783 945 et
804 892 874 944 ab
895 892 1184 945 Anastasio
1203 892 1521 945 damnatum
1551 898 1781 943 testatur
1811 890 1894 942 bis
1918 889 2130 943 verbis:

538 980 557 1013 t
594 963 1135 1018 Auatbematizantes
1183 961 1472 1032 Origenem
1522 972 1878 1032 exterasque
1911 959 2131 1014 haereti.

530 1049 647 1099 cos,
693 1034 942 1100 exemplo
983 1046 1173 1089 nostro
1214 1040 1265 1087 ct
1292 1031 1579 1086 Anastasii
1620 1043 1821 1086 sanctae
1874 1031 2133 1084 Romana:

534 1104 793 1159 Ecclesiae
825 1104 1104 1174 episcopi,
1154 1105 1243 1175 qui
1294 1120 1358 1159 ex
1411 1104 1683 1159 veteribus
1738 1102 2133 1158 certaminibus

530 1177 731 1238 clarus,
771 1176 1092 1230 nobilissimi
1126 1176 1309 1246 populi
1341 1176 1446 1228 dux
1482 1186 1701 1231 creatus
1736 1185 1851 1237 est,
1884 1190 2044 1243 quem
2079 1180 2135 1228 et

533 1248 787 1301 universa
815 1246 1135 1302 Occidentis
1165 1250 1545 1317 episcoporum
1577 1248 1821 1317 sequitur
1854 1246 2128 1315 synodus;

531 1334 652 1389 quae
698 1320 905 1387 accepit
950 1333 1013 1371 ac
1057 1321 1303 1387 probavit
1337 1320 1835 1372 Alexandrinorum
1871 1317 2130 1389 Ecclesi-e

530 1388 859 1445 sententiam
902 1390 955 1443 in
1003 1389 1229 1459 impium
1279 1392 1465 1444 latam.
1498 1409 1517 1441 ι
1553 1389 1677 1443 Haec
1726 1398 1905 1443 autem
1955 1388 2133 1442 'l‘beo-

534 1462 668 1531 pliili
698 1464 861 1515 verba
893 1460 1230 1515 Justiuianus
1261 1462 1561 1529 imperator
1591 1463 1642 1514 in
1677 1460 1931 1530 epistola,
1967 1474 2128 1529 quam

530 1533 597 1587 ad
630 1534 838 1587 Menam
867 1532 1130 1587 adversus
1154 1533 1404 1602 Origeuis
1431 1548 1651 1587 errores
1680 1532 1918 1601 scripsit,
1948 1531 2127 1585 laudat

533 1602 757 1674 (Concil.
799 1603 929 1656 Lab.
961 1614 1083 1658 tont.
1122 1602 1186 1669 V,
1220 1620 1341 1675 pag.
1376 1602 1526 1673 658).

612 1675 717 1729 Vll.
762 1676 1065 1731 Anastasius
1110 1676 1359 1745 Ruﬁnum
1409 1676 1513 1728 luta
1559 1675 1810 1730 sententia
1858 1691 1960 1729 non
2006 1688 2130 1726 con-

535 1746 816 1802 demnnvit.
842 1775 913 1785 —
940 1751 1017 1801 An
1057 1744 1203 1802 vero
1228 1748 1427 1814 pariter
1469 1763 1590 1800 cum
1622 1745 1857 1815 Origene
1901 1744 2131 1799 Ruﬁnus

532 1818 601 1875 ab
628 1818 914 1872 Anastasio
946 1817 1055 1872 lata
1080 1820 1347 1873 sententia
1380 1819 1778 1872 condemnatus
1806 1819 1893 1881 sit,
1928 1831 2134 1885 expen-

532 1886 680 1944 disse
708 1889 931 1958 juverit.
967 1889 1023 1944 ld
1053 1888 1271 1956 quidem
1306 1904 1402 1958 pro
1426 1900 1579 1943 certo
1611 1900 1819 1957 ponunt
1842 1888 2129 1956 plerique:

535 1961 710 2030 iisque
758 1960 941 2016 lavere
992 1963 1205 2015 videtur
1255 1961 1652 2031 Hieronymus,
1707 1961 1832 2015 dum
1884 1959 2138 2014 Ruﬁnum

536 2048 643 2086 non
676 2034 838 2087 modo
866 2044 1205 2099 accusatum,
1232 2048 1295 2085 ac
1319 2032 1545 2086 Romam
1568 2034 1817 2095 citatum,
1848 2034 1943 2085 sed
1973 2033 2136 2084 etiam

534 2100 850 2159 damnatum
900 2120 1303 2173 nonnumquam
1356 2104 1631 2171 praedicat.
1668 2104 1724 2157 In
1771 2119 1895 2159 eum
1938 2104 2139 2172 quippe

536 2178 774 2230 tnaxime
818 2178 1085 2247 convenit
1117 2176 1251 2228 illud
1283 2175 1481 2247 (Epist.
1522 2174 1613 2245 16)
1649 2176 1810 2243 hujus
1841 2175 2092 2247 Doctoris
2122 2190 2135 2227 :

542 2266 560 2299 ι
600 2247 767 2301 Acciti
803 2246 1179 2316 frequentibus
1219 2244 1417 2301 litteris
1451 2244 1720 2312 btcretici,
1756 2256 1815 2300 ut
1845 2261 1906 2301 se
1948 2244 2139 2300 delen-

535 2319 750 2382 dereut,
785 2322 970 2373 venire
1000 2334 1105 2372 non
1137 2328 1262 2373 sunt
1288 2320 1408 2371 ausi
1428 2335 1441 2369 :
1461 2328 1720 2387 tantaque
1746 2320 1827 2371 vis
1851 2317 2139 2374 conscien-

538 2390 626 2443 tia:
658 2390 780 2454 fuit,
812 2398 870 2444 ut
902 2393 1078 2460 magis
1113 2391 1375 2444 absentes
1405 2389 1671 2455 damnari,
1703 2406 1861 2459 quam
1891 2405 2136 2460 praisen-

538 2470 621 2515 tes
653 2462 877 2529 coargui
913 2460 1231 2516 maluerint.
1268 2481 1285 2513 ι
1319 2462 1387 2515 At
1429 2460 1764 2530 Theophilus
1805 2462 1927 2515 loco
1967 2461 2138 2515 allato

538 2549 700 2586 tinam
748 2547 1010 2588 memorat
1060 2534 1365 2588 sententiam
1414 2534 1465 2585 in
1510 2534 1725 2601 impium
1770 2533 1909 2602 (hoc
1952 2542 2038 2587 est
2083 2534 2135 2586 in

539 2620 705 2658 unum
730 2605 1042 2675 Origenem)
1063 2608 1240 2658 latam.
1271 2606 1336 2659 Et
1359 2604 1643 2659 commode
1673 2604 1990 2674 intelligitur
2013 2604 2138 2660 Hie-

540 2691 804 2747 ronymus
848 2675 1138 2731 htereticos
1169 2689 1399 2732 eatenus
1428 2675 1632 2731 dixisse
1664 2676 1970 2741 damnatos,
2006 2693 2138 2744 qua-

541 2758 701 2802 tenus
752 2749 1015 2802 damuato
1062 2747 1322 2818 Origene,
1354 2749 1702 2803 condemnati
1742 2758 2036 2804 censentur
2082 2757 2139 2802 et

546 2818 601 2890 ii,
638 2820 729 2888 qui
778 2821 1058 2875 erroribus
1108 2822 1299 2876 iisdem
1351 2820 1719 2890 implicantur.
1773 2820 1957 2889 Neque
2006 2835 2136 2874 vero

542 2888 799 2945 Rulinum
828 2892 895 2945 ab
925 2892 1212 2946 Anastasio
1242 2888 1554 2946 damnatum
1578 2901 1773 2946 sonant
1802 2888 1917 2947 haec
1946 2890 2111 2946 Hiero

545 2965 691 3039 Itytni
736 2962 827 3039 lib.
875 2978 911 3039 ll
959 2964 1101 3033 apol.
1134 2964 1396 3039 Ruﬁnum
1437 2963 1735 3039 ipsumsic
1763 2964 2132 3033 alloquentis:

550 3051 569 3085 ‹
606 3034 712 3088 Cur
746 3034 1105 3089 translaturus
1133 3037 1407 3099 ltatretica,
1440 3038 1490 3088 in
1529 3034 1904 3090 defensionem
1947 3050 2133 3088 eorum

547 3106 829 3179 praemittis
860 3109 1011 3178 quasi
1046 3106 1293 3179 martyris
1322 3110 1541 3170 librum,
1574 3119 1629 3162 et
1656 3108 1705 3160 id
1742 3107 2002 3161 Romanis
2040 3121 2134 3179 au;

545 3178 694 3232 ribus
726 3176 946 3247 ingeris,
977 3177 1121 3247 quod
1161 3176 1483 3233 translatum
1517 3188 1667 3233 t0tus
1702 3179 1849 3233 orbis
1882 3176 2133 3245 eXpavit?

2238 544 2357 601 rum
2390 528 2535 601 illum
2583 530 2815 583 necdum
2860 531 2968 584 lata
3002 528 3271 586 sententia
3314 530 3629 583 damnatum
3668 528 3835 601 signi-

2238 600 2386 670 ﬁcat.
2429 600 2526 657 Ubi
2556 602 2703 655 enim
2732 617 2761 655 a
2794 617 3053 670 supremo
3076 603 3260 670 judice
3294 603 3404 655 lata
3433 603 3701 657 sententia
3727 611 3835 665 est,

2237 668 2416 725 nullus
2440 674 2552 741 jam
2589 685 2841 743 superest
2864 668 3169 728 defensioni
3202 674 3356 728 locus
3380 690 3391 725 :
3417 673 3509 727 sed
3544 689 3711 728 unutn
3742 689 3836 728 reo

2234 750 2428 816 restat,
2454 756 2515 797 ut
2538 754 2637 798 am
2884 746 3152 800 susuneat
3176 756 3412 816 pinnam,
3446 754 3541 798 am
3570 746 3625 799 tit
3651 750 3840 799 σωθῇς

2236 814 2327 868 det
2357 825 2577 885 prOptcr
2599 815 2744 885 quod
2771 815 3047 884 judicatus
3079 814 3186 871 est.
3216 816 3321 870 Sed
3356 816 3483 885 quid
3514 816 3708 870 alienis
3737 817 3838 869 itit-

2239 901 2419 941 morer
2476 889 2848 957 argumentis,
2906 904 3027 942 cum
3090 887 3416 947 Anastasius
3476 887 3527 941 in
3589 886 3838 957 subjecta

2234 958 2469 1026 epistola
2508 974 2537 1012 a
2572 959 2782 1028 judicio
2819 960 2888 1013 de
2924 957 3124 1014 Ruﬁno
3154 958 3376 1013 fet'endo
3406 974 3530 1012 sese
3564 963 3839 1012 sustinere

2236 1026 2849 1084 constanter‘aﬂ'ectet?
2878 1030 3077 1101 quippe
3119 1033 3202 1085 cui
3238 1029 3476 1101 nondum
3519 1033 3657 1101 satis
3690 1045 3840 1084 eom-

2237 1109 2452 1169 perturu
2489 1111 2627 1165 erat,
2660 1117 2765 1171 qua
2805 1100 3109 1157 ille’m’ente
3152 1102 3322 1155 libros
3364 1100 3615 1169 Origeuis
3646 1100 3840 1155 Latine

2238 1172 2629 1227 transtulisset.
2680 1169 2837 1228 Sane
2893 1173 2937 1226 si
2996 1174 3326 1227 sententiam
3386 1172 3651 1227 adversus
3711 1188 3838 1227 eum

2233 1242 2483 1306 dixisset,
2510 1242 2630 1296 lucc
2659 1254 2753 1297 aut
2782 1244 2906 1311 ipsi,
2929 1254 3021 1297 aut
3048 1245 3273 1311 prarsuli
3297 1242 3577 1302 Ecdesim.
3601 1245 3652 1297 iu
3683 1244 3840 1313 cujus

2239 1314 2513 1383 territorio
2543 1314 2795 1383 degebat,
2832 1323 2926 1368 aut
2972 1315 3185 1383 publice
3234 1316 3603 1369 denuntianda
3638 1316 3837 1370 fuerat.

2236 1381 2291 1456 ld
2327 1400 2506 1456 porro
2558 1381 2722 1439 unum
2776 1381 2986 1452 aperte
3016 1386 3285 1456 signiﬁcat
3330 1387 3689 1449 Anastasius,
3744 1402 3843 1441 suo

2235 1453 2407 1520 ipsius
2442 1456 2649 1523 judicio
2686 1456 2940 1510 Ruﬁnum
2971 1453 3321 1512 damnatione
3352 1457 3569 1526 dignum
3603 1460 3838 1521 censeri,

2236 1528 2279 1577 si
2313 1527 2575 1580 librorum
2602 1526 2875 1598 Origenis,
2907 1543 3042 1593 quos
3070 1530 3335 1584 latinitate
3363 1529 3608 1593 donavit,
3634 1529 3846 1584 doctri-

2236 1613 2359 1650 nam
2385 1598 2717 1668 approbarit.
2748 1598 2823 1653 De
2845 1599 3034 1655 eadem
3061 1615 3118 1657 re
3143 1600 3193 1655 in
3219 1604 3362 1655 notis
3391 1602 3651 1655 nonnulla
3677 1609 3845 1657 erunt

2238 1671 2550 1725 necessario
2578 1670 2925 1726 disserenda.

2837 1846 3171 1903 EPISTOLA
3212 1846 3252 1904 1.

2245 1958 2533 2017 ΔΝΑδτΑειι
2588 1960 2608 2015 l
2666 1961 2909 2018 Romus
2960 1978 3114 2018 uasis
3165 1977 3398 2019 EPISCOPI
3462 1980 3533 2019 AD
3596 1963 3846 2022 Joannes

2254 2038 2572 2111 ἰωκονυι
2598 2054 3081 2122 Jnosounoaun,
3109 2065 3133 2092 τι
3166 2070 3333 2111 suras
3361 2070 3561 2112 nomne
3594 2057 3807 2112 Rurmr.

2242 2149 2286 2203 Α
2331 2148 2539 2204 Joanne
2587 2152 2852 2204 consultus
2906 2150 3239 2212 Anastasius,
3288 2160 3463 2203 utrum
3510 2149 3737 2221 Ruﬁnus
3786 2150 3851 2205 ob

2318 2262 2483 2299 versos
2512 2263 2537 2300 e
2584 2243 2766 2301 erco
2798 2249 2849 2299 in
2898 2243 3148 2299 Latinum
3195 2245 3434 2316 Origctu’s
3479 2249 3602 2321 περὶ
3638 2245 3850 2320 ’Δρχῶν

2315 2342 2472 2396 libros
2523 2342 2853 2395 damnandus
2891 2351 3043 2408 esset,
3078 2341 3393 2412 respondet,
3440 2342 3666 2410 seposita
3708 2341 3857 2393 omni

2310 2436 2606 2503 suspicione
2624 2434 3043 2507 perpetu/endam
3064 2450 3168 2488 esse
3188 2450 3287 2504 quo
3310 2435 3366 2486 id
3383 2435 3557 2486 animo
3575 2449 3849 2505 aggressa's

2314 2538 2456 2593 esset,
2486 2538 2534 2583 et
2563 2545 2676 2581 eum
2702 2527 2912 2598 quidem
2941 2525 3319 2591 damnandum,
3353 2528 3395 2581 si
3434 2528 3647 2597 propria
3684 2536 3851 2579 mente

2313 2633 2359 2675 et
2397 2620 2618 2675 laudans
2656 2637 2719 2672 ac
2754 2619 2977 2691 probans
3007 2617 3357 2684 transtulerit,
3393 2636 3560 2673 secus.
3602 2619 3649 2671 si
3678 2618 3853 2687 ipsum

2312 2730 2563 2769 accusans
2589 2724 2849 2768 auctorem
2876 2730 2892 2768 :
2919 2730 2971 2767 se
2996 2728 3113 2767 vero
3139 2730 3242 2767 non
3274 2729 3405 2767 vano
3434 2715 3618 2767 timore
3646 2711 3848 2767 sollici-

2312 2808 2444 2871 tari,
2488 2806 2575 2861 sed
2616 2822 2829 2877 operam
2873 2805 3148 2873 daturum,
3202 2824 3264 2861 ne
3294 2805 3416 2860 hinc
3467 2803 3721 2860 Ecclesia’
3757 2821 3853 2878 per

2312 2901 2485 2959 orbem
2512 2911 2934 2973 carrumpantur.

2314 3058 2363 3112 Ι.
2408 3056 2711 3110 Anastasius
2736 3070 2791 3109 se
2820 3055 3119 3110 laudantem
3145 3055 3349 3121 laudat,
3378 3070 3440 3108 ac
3467 3063 3619 3127 rogat
3644 3064 3700 3107 ut
3728 3053 3851 3107 Iau-

2240 3151 2365 3204 dare
2392 3149 2614 3203 desinat.
2640 3179 2711 3191 -—
2731 3149 2981 3205 Probat-.e
3009 3150 3226 3221 (pridem
3256 3147 3565 3204 aﬁbctiunis
3601 3156 3686 3202 est
3720 3146 3851 3212 hoc,

543 3258 635 3302 aut
662 3236 811 3304 certe
841 3250 885 3304 si
913 3236 1035 3304 ideo
1062 3250 1438 3320 interpretaris
1475 3261 1531 3304 ut
1559 3267 1680 3306 eum
1712 3236 2027 3303 luereticum
2051 3265 2139 3301 aro
2167 3248 2212 3312 ί]
2245 3254 2301 3299 ut
2344 3243 2688 3299 laudabiliter
2725 3242 2792 3298 de
2824 3241 3112 3298 sacerdote
3148 3240 3408 3298 sacerdos
3439 3239 3708 3310 loquaris.
3741 3236 3855 3294 Pro

544 3336 699 3390 guns,
720 3321 854 3376 nihil
872 3321 937 3375 de
950 3320 1141 3377 Gra-co
1161 3333 1358 3387 mutes,
1373 3332 1425 3376 et
1442 3323 1542 3377 hoc
1557 3324 1731 3390 ipsum
1748 3321 1887 3389 quod
1907 3322 2142 3389 pruden-

547 3391 757 3447 tissime
790 3408 925 3462 papa
953 3392 1272 3450 Anastasius
1306 3396 1357 3447 iii
1385 3396 1633 3463 epistola,
1667 3409 1829 3462 quam
1866 3402 2056 3447 contra
2088 3399 2141 3447 te

545 3464 736 3518 scribit
777 3465 842 3518 ad
884 3468 1200 3536 episcopum
1229 3466 1518 3531 Joannem,
1560 3480 1659 3519 suo
1699 3479 1955 3519 sermone
1991 3479 2141 3517 com-

546 3536 737 3604 plexus
765 3547 877 3600 est;
918 3554 1002 3591 me
1047 3538 1289 3592 liberans
1319 3538 1409 3606 qui
1444 3537 1495 3590 id
1535 3536 1661 3603 feci,
1697 3547 1747 3589 te
1782 3550 2017 3604 arguens
2049 3536 2141 3603 qui

545 3606 724 3660 facere
759 3606 997 3662 noluisti.
1033 3626 1052 3661 ι
1088 3607 1183 3665 Ubi
1214 3608 1515 3663 notandum
1550 3607 1691 3676 quod
1721 3607 1795 3660 ait
1822 3616 1869 3658 te
1896 3621 2141 3673 arguens,

547 3693 655 3732 non
700 3689 747 3732 te
794 3678 1177 3747 condemnatis;
1207 3691 1368 3749 atque
1398 3680 1469 3733 ita
1499 3694 1758 3747 arguens,
1793 3688 1851 3731 ut
1878 3677 2056 3731 adhuc
2087 3678 2142 3731 in

546 3762 815 3819 petestate
839 3752 1011 3822 ipsius
1033 3765 1181 3809 esset
1205 3753 1496 3821 praestandi
1514 3750 1655 3820 quod
1680 3750 1859 3804 facere
1882 3750 2142 3822 hactenus

545 3822 839 3893 omisisset,
865 3819 1066 3893 'eoquc
1106 3819 1260 3893 pacto
1301 3819 1813 3893 condemnationem
1862 3819 2139 3875 evaderet.

546 3892 795 3948 Nondum
844 3890 1008 3965 igitur
1056 3890 1162 3951 ulla
1205 3896 1467 3949 adversus
1507 3893 1656 3945 illum
1695 3890 1834 3945 dicta
1875 3901 1990 3965 erat
2019 3907 2146 3965 sen-

549 3968 713 4019 tentia
737 3985 749 4018 :
775 3961 887 4022 sed.
902 3983 985 4022 res
1012 3969 1309 4022 etiamnum
1338 3967 1391 4019 in
1424 3978 1690 4031 suspensio
1712 3970 1853 4016 erat.
1879 3961 2144 4027 Quocirca

548 4036 638 4090 ubi
674 4039 860 4093 verbis
890 4039 1074 4093 allatis
1107 4039 1351 4107 proxime
1380 4035 1565 4089 subdit
1595 4036 1976 4103 Hieronymus.
2014 4052 2032 4084 ι
2071 4038 2147 4089 Ac

548 4124 615 4163 ne
661 4108 887 4164 forsitan
939 4113 1040 4165 hoc
1090 4106 1307 4178 quoque
1354 4121 1543 4174 neges,
1589 4106 1794 4172 subjeci
1836 4108 2144 4173 exemplum

545 4182 664 4248 ejus
695 4200 713 4233 ι
756 4181 900 4252 (scil.
933 4177 1181 4250 cpistola:
1223 4177 1543 4252 Anastasii),
1577 4194 1595 4227 ι
1618 4186 1689 4252 ut
1723 4178 1765 4229 si
1804 4192 1911 4230 non
1942 4179 2024 4252 vis
2054 4192 2148 4231 au-

550 4252 667 4307 dire
697 4248 921 4308 fratrem
957 4248 1291 4313 titoneutem,
1324 4248 1514 4301 audias
1545 4249 1861 4316 episc0pum
1889 4248 2146 4304 condem-

548 4335 790 4392 nantem,
832 4344 850 4378 ι
890 4339 995 4380 non
1027 4320 1326 4375 absolutam
1361 4319 1883 4392 condemnationem
1914 4336 2010 4375 seu
2039 4322 2149 4377 lite-

551 4412 737 4453 rescos
778 4391 1035 4452 Vconvieto
1071 4394 1183 4463 jam
1222 4392 1423 4445 dictam
1462 4391 1791 4463 sententiam
1838 4402 2011 4458 notat,
2050 4393 2147 4449 sed

545 4468 981 4539 ltypotheticam,
1008 4480 1166 4534 quam
1202 4463 1440 4539 nonduin
1486 4462 1707 4539 quidem
1751 4462 2000 4539 subierit,
2048 4467 2147 4520 sed

548 4533 692 4593 haud
716 4540 877 4594 dubie
902 4533 1180 4592 subiturus
1210 4534 1300 4599 sit,
1324 4536 1365 4586 si
1396 4533 1545 4602 quod
1579 4535 1725 4588 illmn
1760 4547 1943 4588 monet
1971 4536 2147 4592 facere

552 4624 793 4682 Spernat.
847 4610 1018 4682 [tumo
1057 4615 1119 4682 _et
1167 4605 1234 4659 de
1282 4603 1683 4682 posterioribus
1723 4604 1961 4682 scriptis.
1992 4624 2147 4682 anno

547 4677 812 4752 sequente
866 4683 918 4735 in
976 4677 1258 4752 Orientem
1293 4677 1497 4752 _mi_ssis
1549 4690 1863 4752 sermonem
1921 4678 2146 4747 habens,

555 4773 573 4807 t
604 4747 656 4808 in
689 4753 910 4825 quibus,
936 4768 955 4802 ι
987 4749 1171 4825 inquit
1192 4747 1259 4802 ad
1291 4747 1572 4812 Ruﬁnum,
1605 4762 1798 4825 «papa
1822 4748 2145 4807 Anastasius

550 4820 721 4881 tantis
758 4834 810 4880 te
846 4833 1003 4878 ornat
1032 4820 1281 4887 ﬁoribus,
1309 4830 1367 4874 ut
1393 4834 1516 4874 cum
1546 4834 1608 4875 ea
1638 4820 1857 4891 legeris,
1887 4825 2058 4894 magis
2092 4834 2144 4881 te

623 5030 647 5055 υ
690 5017 745 5071 In
776 5012 907 5070 edit.
952 5009 1108 5066 Rom.
1152 5019 1208 5067 et
1241 5007 1441 5066 coucil.
1486 5005 1827 5064 desideratur
1863 5020 2018 5079 super
2057 5028 2151 5068 na-

553 5091 687 5145 mt'tte
733 5086 932 5153 Ruﬁni.
988 5082 1347 5157 Hieronymus
1395 5080 1653 5157 Ruﬁnum
1705 5082 2001 5157 alloquens
2040 5100 2148 5139 non

548 5176 701 5232 super
741 5156 945 5211 nomine
975 5164 1083 5221 tuo,
1116 5155 1210 5211 sed
1242 5155 1568 5225 simpliciter
1604 5164 1781 5208 centra
1822 5165 1867 5208 te
1906 5156 2150 5228 scriptam

552 5234 705 5288 dicit.

621 5303 647 5342 ι)
689 5303 947 5365 Gai-nem,
980 5301 1234 5355 immerito
1255 5302 1308 5354 in
1347 5317 1425 5355 me
1453 5316 1470 5355 :
1498 5300 1565 5356 iis
1595 5300 1757 5355 etiam
1789 5312 1919 5353 mss.
1952 5300 2148 5368 quibus

551 5388 683 5430 usus
708 5383 813 5436 est,
844 5371 1259 5443 refragantibus.
1286 5372 1400 5427 Noo
1426 5371 1748 5441 displiceret
1778 5373 1829 5424 in
1857 5387 1937 5426 me
1970 5373 2149 5425 imme—

549 5448 702 5500 ritum
729 5460 749 5501 .'
774 5444 868 5499 sed
893 5459 1023 5499 sana
1054 5446 1215 5501 etiam
1240 5454 1321 5501 est
1346 5454 1399 5501 et
1424 5446 1593 5500 nitida
1620 5443 1795 5509 lectio,
1823 5454 1982 5512 quam
2010 5455 2138 5498 mss.

550 5520 830 5573 cxltiltettt.

626 5602 646 5629 ε
693 5593 745 5645 In
780 5603 910 5645 mss.
938 5589 1182 5647 Cluttiac.
1217 5599 1272 5647 ct
1301 5588 1541 5656 Bellov.,
1575 5596 1621 5642 et
1648 5600 1868 5643 earum:
1900 5593 2065 5649 recte,
2097 5587 2142 5640 si

550 5668 796 5735 proxime
827 5672 1152 5735 scqutiretur
1188 5666 1435 5720 virtutum
1462 5679 1593 5733 quas
1625 5660 1701 5735 ίηΔ
1715 5659 1937 5735 Domino
1968 5659 2140 5735 habes:

624 5732 649 5772 ἀ
689 5736 765 5790 Ita
797 5730 1030 5793 Gai-iter.
1061 5751 1182 5793 cum
1217 5740 1349 5793 mss.
1382 5730 1557 5789 Vatic.
1588 5739 1649 5788 et
1675 5732 1881 5787 Bellov.
1916 5734 1986 5786 At
2014 5730 2145 5785 editi

552 5808 664 5877 alii,
702 5808 833 5863 Tant
876 5810 1170 5864 eminenter.
1204 5807 1387 5865 Codex
1428 5805 1617 5866 Clun.,
1651 5800 1843 5877 Tamen
1872 5804 2141 5877 eminente.

552 5870 781 5954 Ex'quo
832 5884 1142 5953 ceitjectura
1189 5891 1271 5936 est
1316 5876 1633 5949 legendum,
1678 5871 1722 5929 Τ
1727 5889 1812 5929 am
1847 5873 1982 5929 enim
2022 5870 2146 5927 emi-

2245 3345 2395 3391 tanto
2426 3336 2590 3406 igitur
2616 3337 2913 3404 przcconio,
2946 3335 3089 3405 quod
3119 3332 3145 3371 ἱ)
3177 3337 3227 3388 in
3257 3334 3447 3388 merita
3484 3347 3602 3386 mea
3634 3329 3855 3385 diuisis-

2244 3430 2445 3483 simum
2490 3427 2806 3493 euntuliSti,
2860 3434 2915 3479 ut
2962 3426 3135 3480 amori
3184 3435 3280 3479 tuo
3330 3424 3530 3496 gratias
3578 3434 3719 3493 ago,
3774 3422 3850 3475 ita

2245 3520 2597 3593 splendorem
2630 3532 2733 3575 tua:
2763 3520 3087 3587 sanctitatis,
3118 3530 3172 3575 et
3205 3531 3224 3558 ο
3252 3535 3344 3576 eas
3373 3534 3506 3589 quas
3532 3518 3585 3573 in
3621 3515 3852 3571 Domino

2247 3614 2415 3669 babes
2462 3615 2724 3678 virtutes,
2769 3613 3003 3669 subinde
3051 3614 3287 3684 quodam
3341 3611 3505 3668 modo
3558 3610 3857 3680 parvitatis

2248 3718 2449 3763 nostra:
2485 3707 2799 3762 favorabilis
2831 3720 3015 3762 sermo
3056 3708 3425 3777 prosequitur.
3456 3703 3484 3742 ἀ
3510 3704 3645 3761 Tam
3675 3705 3848 3769 enim,

2248 3802 2329 3854 vir
2361 3799 2604 3854 omnium
2650 3800 3121 3869 praestantissime,
3157 3798 3377 3856 laudum
3428 3808 3645 3853 tuarum
3681 3797 3853 3868 fulges

2250 3890 2432 3947 nitore
2472 3895 2822 3963 conspicuus,
2856 3902 2915 3947 ut
2959 3908 3055 3962 par
3095 3907 3221 3948 esse
3260 3892 3467 3947 meritis
3510 3905 3699 3945 sermo
3739 3903 3851 3944 non

2250 3986 2442 4057 possit.
2472 3986 2640 4041 Porro
2681 3997 2859 4041 autem
2904 3997 3053 4041 tanto
3092 3987 3365 4042 titulorum
3406 3995 3623 4040 tuorum
3667 3989 3856 4056 raptor

2249 4078 2623 4147 incitamento,
2657 4089 2715 4134 ut
2752 4083 2918 4135 etiam
2956 4080 3099 4152 quod
3146 4083 3440 4151 impetrare
3485 4094 3722 4151 nequeo,
3756 4094 3853 4136 au-

2251 4172 2382 4230 dere
2409 4190 2515 4229 non
2548 4174 2815 4230 desinam.
2862 4175 2979 4230 Jam
3033 4178 3136 4231 Itoc
3175 4175 3243 4231 de
3293 4173 3542 4230 laudibus
3590 4175 3698 4229 tuis
3744 4184 3851 4240 est,

2250 4268 2395 4339 quod
2430 4283 2517 4322 me
2548 4268 2928 4324 tantummodo
2960 4271 3027 4324 de
3053 4269 3295 4325 cmlcstis
3318 4268 3475 4323 istius
3502 4269 3671 4322 animi
3700 4284 3858 4324 sere—

2254 4362 2421 4417 nitate
2453 4362 2708 4418 laudasti.
2745 4360 2845 4418 Tui
2875 4365 3073 4419 etenim
3101 4364 3445 4435 episc0patus
3473 4362 3609 4418 ordo
3638 4363 3854 4433 perSpi-

2250 4469 2383 4510 cuus
2422 4470 2518 4525 per
2551 4465 2572 4492 ο
2602 4456 2877 4512 diversum
2909 4456 3092 4512 orbem
3127 4455 3278 4512 velut
3310 4454 3549 4521 radians,
3584 4454 3753 4509 etiam
3787 4450 3856 4509 ad

2253 4563 2354 4602 nos
2393 4547 2703 4617 splendoris
2732 4547 2814 4602 sui
2845 4548 3043 4603 detulit
3081 4548 3406 4603 claritatem.
3439 4545 3496 4600 In
3532 4560 3621 4601 me
3649 4547 3858 4618 quippe

2178 4633 2226 4692 D
2258 4650 2427 4694 totum
2466 4639 2485 4677 ί
2522 4642 2638 4711 ipse
2674 4641 2929 4696 amicitiae
2979 4642 3191 4705 tribuis,
3220 4640 3462 4696 examini
3504 4640 3639 4694 nihil
3680 4641 3859 4696 relin-

2254 4734 2394 4805 quis.
2428 4735 2535 4790 Aut
2566 4734 2609 4788 si
2647 4735 2770 4805 jure
2816 4750 2904 4790 me
2944 4734 3154 4802 laudas,
3189 4742 3245 4787 tu
3287 4742 3503 4803 qu0que
3533 4740 3557 4778 ε
3588 4732 3857 4788 similiter

2253 4845 2359 4886 non
2400 4830 2768 4887 relaudandus
2803 4830 2903 4886 es?
2937 4829 3177 4886 Obsecro
3219 4828 3380 4898 igitur
3422 4828 3493 4884 ob
3534 4836 3853 4901 utrumque,

2252 5023 2421 5068 nettte.

2325 5094 2347 5121 ε
2388 5078 2620 5140 Garner.
2640 5126 2653 5147 ,
2686 5098 2775 5151 per
2803 5084 3092 5138 universum
3116 5082 3355 5136 orbem...
3400 5078 3698 5144 splendoris
3728 5081 3805 5134 tui
3833 5122 3846 5136 .

2252 5157 2614 5212 renitentibus
2638 5157 2764 5211 aliis
2788 5156 2947 5211 editis
2975 5164 3029 5209 et
3057 5153 3295 5222 scriptis.
3338 5151 3621 5206 Diversum
3655 5154 3850 5209 orbem

2248 5230 2555 5298 intelligere
2583 5238 2668 5283 est
2692 5229 2771 5282 vel
2794 5228 3069 5281 Orientem
3095 5235 3149 5298 et
3170 5222 3739 5298 Occidenteutsimttl,
3764 5224 3851 5281 vel

2251 5292 2577 5369 simpliciter
2606 5298 2979 5363 Occidentem,
3004 5299 3093 5368 qui
3116 5294 3362 5350 diversus
3384 5302 3468 5349 est
3491 5292 3561 5349 ab
3582 5309 3656 5349 eo
3684 5310 3852 5367 quem

2250 5371 2487 5427 Joannes
2519 5371 2812 5425 incolebat.

2325 5440 2345 5478 ί
2386 5442 2439 5495 lo
2464 5458 2566 5496 ms.
2593 5442 2822 5510 Bellov.,
2845 5450 3001 5495 totum
3026 5449 3130 5493 tum
3152 5440 3277 5511 ipse.
3305 5438 3384 5492 Att
3410 5449 3508 5508 pro
3532 5446 3703 5495 totum
3722 5440 3850 5494 dum

2246 5515 2397 5568 inse?

2268 5533 2354 5585 pse
2373 5533 2397 5567 ,ι

2320 5594 2345 5631 s
2379 5584 2611 5640 Garner.
2642 5597 2763 5639 cum
2788 5596 2890 5638 ms.
2917 5580 3148 5645 Bellov.,
3173 5580 3331 5635 simili
3353 5588 3524 5635 tenore
3547 5580 3850 5637 laudandus

2249 5672 2318 5710 es.
2348 5656 2632 5711 Sincerior
2660 5656 2770 5709 visa
2802 5666 2885 5710 est
2911 5656 3076 5709 lectio
3107 5654 3267 5709 Clun.
3305 5666 3405 5704 ms.
3434 5663 3487 5705 et
3516 5664 3847 5709 creterorum

2248 5724 2631 5797 editorum._ln
2658 5726 2739 5779 his
2770 5738 2946 5797 autem
2981 5726 3143 5782 editis
3174 5737 3295 5797 mox
3327 5723 3671 5797 desideratur
3702 5723 3852 5797 apud

2248 5812 2376 5878 me:
2423 5795 2563 5867 quod
2595 5796 2818 5868 perinde
2846 5807 2929 5854 est
2971 5807 3131 5868 atque
3172 5796 3336 5851 etiam
3384 5792 3438 5848 lit
3486 5797 3712 5869 scriptis
3740 5792 3852 5868 pri.
