4106 6344
615 326 686 390 ’11

1958 322 2322 384 ANASTASII
2361 322 2380 379 l
2420 321 2625 382 PAPE

3853 329 3933 389 72

609 455 700 503 sat
728 452 1029 508 auctorem,
1058 452 1114 501 et
1142 442 1508 502 execrandum
1536 444 1735 500 tactum
1762 442 1979 513 populis
2009 444 2208 513 prodit,
2243 448 2290 509 Α
2321 458 2479 498 aures
2504 444 2974 499 circumstantium
3010 442 3323 512 vulnerent,
3366 443 3569 517 jurgia,
3622 445 3757 513 iras,
3804 446 3921 502 dis-

615 547 678 594 ut
720 538 881 608 justis
918 537 1137 593 tandem
1170 536 1312 593 odiis
1344 546 1616 602 teneatur,
1659 550 1821 606 quem
1859 535 1971 605 jam
2016 534 2219 591 dudum

613 633 756 688 fama
783 632 1215 688 constrinxerat.
1250 631 1307 687 Si
1340 646 1473 687 vero
1504 631 1776 700 interpres
1804 636 2078 684 tantorum
2110 645 2222 684 ma-

613 726 791 782 lorum
829 736 856 763 α
899 740 1232 782 consensum
1283 735 1533 795 praestat,
1570 732 1625 780 et
1672 722 1900 793 legenda
1950 722 2129 792 prodit
2165 723 2218 777 iu

615 819 846 890 p0pulos
870 836 884 885 ;
918 819 1056 875 nihil
1082 819 1232 874 aliud
1264 820 1346 874 sui
1373 833 1539 889 opera
1567 816 1770 873 laboris
1797 816 2087 882 exstruxit,
2112 816 2222 873 nisi

613 922 673 969 ut
715 915 947 985 propriae
984 912 1012 953 ι’
1054 914 1219 969 veluti
1252 913 1450 967 mentis
1491 911 1717 967 arbitrio
1748 911 1886 977 haec,
1930 926 2052 981 quae
2078 911 2217 977 sola,

609 1022 733 1079 qua:
762 1007 938 1078 prima
962 1049 976 1072 ,
1018 1022 1139 1077 qua:
1170 1005 1310 1075 apud
1342 1004 1643 1060 catholicos
1671 1002 2000 1059 christianos
2031 1013 2051 1041 ο
2085 1019 2218 1061 vera

548 1105 557 1112 “
610 1100 719 1157 ﬁde
745 1102 856 1171 jam
899 1099 1098 1156 exinde
1139 1100 1209 1155 ab
1248 1098 1529 1169 Apostolis
1569 1098 1622 1153 in
1657 1098 1763 1153 hoc
1801 1114 1976 1170 usque
2008 1109 2218 1170 tempus

608 1202 883 1259 tenentur,
917 1196 944 1230 ά
977 1193 1271 1261 inapinatae
1302 1192 1461 1246 titulo
1490 1192 1811 1247 assertionis
1840 1200 2139 1249 everteret.

681 1290 735 1345 5.
780 1288 1041 1343 Anastasii
1068 1286 1337 1357 vigilantia
1366 1287 1616 1340 adversus
1646 1304 1860 1356 pravam
1900 1287 2211 1343 doctrinam.

613 1380 855 1455 Origenis
881 1380 1028 1435 lectio
1058 1378 1414 1447 imperialibus
1436 1377 1616 1431 edictis
1639 1378 1919 1447 pro/libita.
1936 1378 2170 1434 —Absit
2190 1390 2213 1418 ο

608 1474 718 1531 hoc
748 1475 815 1531 ab
846 1473 1111 1530 Ecclesia:
1138 1473 1397 1527 Romanae
1421 1472 1690 1527 catholica
1716 1471 2026 1544 disciplina.
2054 1472 2216 1529 Num-

606 1583 770 1639 quam
809 1566 1053 1635 prol‘ecto
1082 1567 1319 1628 eveniet,
1352 1566 1533 1635 aliqua
1566 1576 1623 1619 ut
1659 1564 1779 1620 haec
1817 1565 2096 1619 admittam
2124 1580 2213 1619 ra-

605 1660 781 1727 tione,
814 1674 935 1729 quin
960 1658 1085 1728 jure
1127 1658 1432 1728 meritoque
1480 1658 1822 1713 damnamus.
1871 1659 2214 1729 Quapropter

601 1755 691 1809 illa
726 1763 841 1808 toto
879 1754 1013 1808 orbe
1042 1752 1246 1807 Christi
1281 1753 1373 1808 Dei
1418 1754 1589 1808 nostri
1637 1752 1833 1807 dill‘usa
1878 1754 2211 1823 providentia

2324 539 2718 607 sensionesque
2765 536 3073 607 disponant.
3125 538 3240 607 Qua
3290 554 3351 595 re
3402 540 3421 578 ί
3477 540 3643 608 moti,
3703 541 3919 611 qualem

2324 630 2612 700 epistolam
2640 631 2707 687 ad
2736 631 2960 688 fratrem
2994 642 3049 688 et
3077 634 3467 705 coepiscopum
3498 645 3742 691 nostrum
3768 646 3793 685 Β
3815 636 3923 695 Ve-

2323 725 2536 778 nerium
2566 724 2897 796 diligentiori
2927 740 3056 780 cura
3091 727 3449 797 perscriptum
3472 728 3707 797 parvitas
3736 738 3921 787 nostra

2320 818 2710 885 transmiserit,
2742 832 2806 873 ex
2841 817 3076 873 subditis
3105 819 3312 888 poteris
3342 821 3725 890 comprobare.
3761 820 3921 879 Unde

2320 908 2485 979 igitur
2514 910 2710 965 habeat
2739 925 2923 966 secum
2956 910 3049 966 ille
3075 910 3167 982 qui
3193 912 3483 975 transtulit,
3508 922 3797 984 servetque
3816 914 3920 969 sibi
3946 960 3947 963 η

2320 1001 2459 1058 hanc
2490 1003 2879 1059 conscientiam
2903 1044 2917 1068 ,
2949 1018 3055 1059 non
3090 1004 3360 1072 superﬂua
3391 1006 3577 1061 laboro
3605 1006 3918 1074 formidine.

2318 1113 2497 1167 neque
2528 1098 2674 1153 inani
2708 1098 2903 1153 timore
2934 1098 3227 1154 sollicitor.
3260 1099 3387 1153 Mihi
3417 1097 3446 1135 ιι
3472 1109 3621 1156 certe
3649 1116 3779 1157 cura
3810 1117 3920 1159 nou

2317 1189 2494 1245 deerit
2521 1189 2796 1259 Evangelii
2827 1188 2988 1245 iidem
3011 1191 3157 1244 circa
3180 1204 3328 1245 meos
3356 1191 3635 1247 custodire
3664 1194 3913 1265 populos,

2318 1294 2607 1356 partesque
2645 1284 2661 1323 ί
2694 1284 2944 1355 corporis
2972 1284 3102 1350 mei,
3137 1299 3233 1353 per
3262 1286 3433 1354 spatia
3480 1286 3694 1341 diversa
3738 1299 3915 1343 terra-

2316 1398 2434 1436 rum
2471 1384 2518 1449 i,
2548 1390 2811 1451 quantum
2845 1394 3089 1450 possum,
3120 1380 3316 1433 litteris
3342 1381 3667 1447 convenire,
3711 1397 3781 1438 ne
3811 1398 3914 1453 qua

2316 1476 2556 1546 profanas
2587 1474 3055 1543 interpretationis
3086 1473 3239 1542 origo
3270 1473 3557 1544 subrepat,
3590 1490 3711 1545 quae
3740 1475 3915 1531 devo-

2316 1581 2397 1625 tas
2425 1584 2638 1625 mentes
2676 1568 2919 1623 immissa
2964 1568 3047 1623 sui
3087 1568 3318 1639 caligine
3342 1567 3366 1606 ιι
3393 1568 3717 1626 labefactare
3742 1586 3911 1628 cone-

2314 1670 2423 1716 tur.
2451 1661 2582 1716 illud
2615 1675 2854 1731 quaque,
2878 1660 3021 1729 quod
3055 1662 3305 1715 evenisse
3332 1661 3559 1731 gaudeo,
3591 1675 3774 1720 tacere
3800 1681 3909 1720 non

2316 1757 2483 1826 potui.
2517 1757 2953 1811 beatissimormn
2991 1756 3289 1825 principum
3318 1766 3626 1813 no.~trorum
3660 1775 3909 1816 manasse

606 1846 845 1916 probare
869 1844 1206 1915 dignabitur,
1235 1846 1485 1914 accipere
1517 1860 1615 1899 nos
1641 1845 1861 1899 omnino
1896 1863 2004 1901 non
2053 1860 2211 1915 posse
2240 1855 2289 1915 Β
2318 1864 2597 1920 responsa,
2631 1849 2828 1919 quibus
2864 1851 3233 1919 unusquisque
3262 1851 3371 1904 Deo
3401 1851 3647 1907 serviens
3686 1855 3754 1908 ab
3786 1854 3907 1910 Ori-

600 1957 721 2014 qute
753 1941 1055 1997 Ecelesiam
1090 1941 1386 2007 maculent,
1418 1942 1671 2012 probatos
1702 1957 1886 1999 mores
1918 1951 2203 2009 evertant,

668 2094 697 2123 ι
739 2083 915 2145 Editi,
958 2084 1213 2136 malorum
1253 2083 1512 2137 erroribus
1553 2097 1856 2137 consensum
1894 2091 2121 2148 praestat,
2152 2090 2200 2135 et

594 2157 814 2227 legenda
855 2157 1013 2226 impia
1058 2154 1300 2225 dogmata
1342 2155 1556 2225 prodit:
1582 2155 1919 2222 castigantur
1961 2154 2200 2209 auctori-

597 2238 710 2338 mlbe
912 2297 1141 2353 Garner.
1165 2338 1177 2357 ,
1204 2298 1431 2370 propria:
1450 2295 1725 2350 voluntatis
1746 2296 1981 2351 arbitrio.
2002 2294 2197 2351 Nostra

593 2372 757 2428 lectio
786 2369 869 2425 est
894 2382 1218 2424 cieterorum
1244 2369 1530 2423 librorum.

668 2454 690 2482 ο
734 2443 791 2497 In
836 2455 967 2496 mss.
1023 2442 1260 2503 Bellov.,
1306 2456 1445 2492 mera
1493 2438 1615 2507 ﬁde.
1665 2437 1720 2491 lu
1769 2438 1899 2493 edit.
1948 2438 2107 2492 Rom.
2142 2448 2197 2494 et

592 2516 817 2575 concil.,
856 2513 1005 2566 Hanc
1030 2528 1143 2579 quae
1164 2512 1276 2565 sola
1298 2522 1345 2565 et
1375 2526 1489 2578 qua:
1531 2510 1700 2579 prima
1742 2513 1883 2579 apud
1913 2510 2194 2565 catholicos

593 2584 914 2642 Christianos
940 2600 1058 2637 vera
1086 2582 1283 2650 ﬁdes...
1319 2592 1537 2635 tenetur.

663 2655 691 2695 (ί
731 2658 888 2724 Apud
921 2654 1152 2710 Garner.
1188 2655 1527 2708 desideratur
1567 2653 1870 2720 inopinatae,
1915 2653 2058 2722 quod
2104 2654 2191 2710 hic

593 2729 819 2798 perinde
844 2737 927 2782 est
955 2738 1119 2795 atque
1148 2741 1291 2779 nova:
1319 2737 1374 2779 et
1400 2726 1554 2798 cujus
1581 2738 1682 2798 nec
1700 2726 1884 2798 opinio
1908 2726 2189 2780 hominum

592 2795 807 2856 animos
841 2802 1099 2853 hactenus
1132 2807 1461 2863 pervaserat.
1494 2795 1650 2851 Vocis
1673 2796 1828 2865 hujus
1858 2796 1978 2851 loco
2002 2798 2053 2850 in
2082 2813 2183 2851 ins.

594 2871 811 2927 Bellov.
841 2880 1019 2927 exstat
1048 2870 1242 2937 impite.

668 2953 691 2981 ε’
736 2943 807 2998 Ita
842 2958 973 2996 mss.
1005 2957 1126 2995 cum
1159 2940 1387 2996 Garner.
1436 2940 1540 2993 Alii
1572 2954 1699 2993 vero
1724 2938 1877 3001 editi,
1909 2939 2051 2993 Absit
2077 2938 2186 2993 lucc

589 3015 653 3068 ab
684 3013 918 3068 Ecclesia
956 3012 1191 3067 Romana
1233 3027 1552 3081 nequaquam
1592 3010 1845 3064 catholica
1887 3012 2179 3079 disciplina.

590 3086 707 3141 Jain
740 3088 860 3141 sine
887 3085 1201 3152 ambagibus
1244 3083 1495 3153 Origenis
1538 3082 1841 3137 doctrinam
1872 3098 1901 3136 a
1937 3100 1995 3136 se
2026 3084 2182 3136 dam-

593 3161 710 3212 nari
741 3158 1058 3212 Anastasius
1082 3156 1341 3209 declarat.

667 3228 685 3267 ί
733 3230 786 3282 In
817 3246 917 3283 ms.
948 3228 1179 3290 Bellov.,
1204 3236 1359 3280 moto.
1390 3225 1505 3279 Non
1534 3226 1845 3292 displiceret
1872 3234 2031 3288 ntota,
2056 3224 2175 3279 si-il.

589 3303 816 3369 paruitas
844 3310 1040 3353 nostra.
1064 3297 1120 3353 In
1143 3298 1298 3353 Clun.
1328 3308 1385 3352 ut
1415 3298 1554 3366 apud
1581 3296 1810 3369 Gartier.
1832 3304 2011 3350 exstat
2031 3296 2175 3361 moti,

590 3367 786 3444 sunple
813 3388 930 3425 cum
959 3387 1200 3425 essemus.
1233 3369 1327 3423 Vel
1361 3369 1465 3423 hoc
1506 3367 1829 3444 verhumita
1857 3380 2177 3420 eonSIruen-

588 3440 740 3511 dum,
774 3444 924 3514 quasi
955 3452 1409 3514 postsequeretur
1438 3440 1891 3514 transmiserimus,
1919 3454 2033 3514 non
2056 3454 2178 3514 par-

584 3508 919 3569 vitas'nostra
949 3508 1306 3568 transmiserit.
1335 3512 1391 3566 lu
1424 3512 1555 3565 edit.
1593 3512 1747 3563 Rom.
1776 3518 1831 3563 et
1858 3508 2057 3563 Concil.
2084 3511 2177 3564 de-

587 3598 805 3655 pravate
864 3586 1189 3641 ellerebatur
1242 3586 1343 3638 iste
1405 3584 1567 3655 locus
1612 3581 1663 3635 in
1719 3581 1859 3634 hunc
1909 3581 2171 3655 modum:

588 3652 759 3727 Quare
791 3674 942 3712 nosce
970 3658 1171 3724 qualem
1202 3655 1473 3725 epistolam
1500 3653 1585 3727 ad
1596 3655 1810 3721 fratrem
1837 3659 1890 3727 et_
1914 3652 2171 3727 coepisco-

583 3721 705 3799 p'um
727 3740 958 3784 nostrum
983 3721 1255 3782 Venerium
1276 3726 1587 3799 diligentiori
1608 3740 1728 3799 cura
1746 3722 1968 3799 paruitas
1989 3721 2169 3792 (Rom.

578 3792 736 3867 edit.,
770 3802 1017 3871 pravitas)
1043 3808 1219 3853 nostra
1250 3792 1620 3871 transmiserit,
1655 3794 1849 3871 sibique
1890 3792 2022 3871 hanc
2051 3811 2173 3871 con-

576 3865 840 3927 scientiam
871 3865 1099 3941 fecerim,
1131 3887 1234 3940 qua
1262 3884 1365 3923 non
1401 3867 1664 3941 superﬂua
1696 3865 1937 3941 laborem
1985 3867 2170 3935 formi-

577 3944 717 4011 dine,
749 3933 907 4016 neqiie
952 3933 1095 3997 inani
1131 3933 1327 4016 ‘iimore
1375 3933 1640 3991 solliciter.
1689 3933 1992 4016 Qarnerius‘
2038 3951 2170 4016 vero

574 4007 714 4087 pOst'
729 4007 951 4071 verbum
980 4016 1104 4068 moti
1131 4013 1375 4087 lacunam
1415 4023 1536 4087 esse
1582 4007 1906 4087 suspicatus,
1931 4007 2169 4087 hancde

570 4078 673 4145 suo
695 4087 1023 4156 explendam
1050 4086 1281 4156 censuit.
1304 4082 1669 4156 Quamobrem
1693 4078 1964 4131 AnaStasii
1990 4081 2169 4156 verbis

568 4176 666 4215 sex
700 4150 866 4229 prope
898 4172 1091 4213 versus
1116 4154 1359 4229 adjicere
1389 4166 1496 4203 non
1526 4150 1753 4212 veritus,
1780 4159 1985 4204 mutato
2013 4151 2170 4204 dum-

568 4240 718 4286 taxat
748 4228 1089 4290 charactere,
1115 4228 1257 4279 hunc
1286 4236 1475 4291 papam
1500 4236 1562 4274 ex
1590 4233 1961 4290 prteconcepta
1986 4231 2166 4278 mente

569 4305 653 4358 sic
684 4303 893 4357 inducit
937 4290 1375 4369 pronuntiantem
1404 4310 1416 4344 :
1447 4290 1686 4363 Origenis
1725 4292 1930 4361 quidem
1974 4294 2166 4365 scripta

566 4385 613 4429 et
659 4390 856 4429 errores
903 4366 1299 4424 damnavimus:
1326 4366 1653 4431 interpretem
1703 4379 1851 4428 vero,
1900 4379 2014 4417 cum
2063 4384 2164 4421 non

563 4447 692 4500 satis
739 4460 898 4514 neque
939 4458 1033 4493 sua
1076 4437 1378 4514 prwfatione
1420 4434 1487 4486 ad
1527 4436 1683 4514 libros
1728 4435 2165 4514 Orig‘enis‘neque

562 4508 903 4585 apologia'ad
935 4528 1026 4564 nos
1055 4508 1210 4561 missa
1236 4523 1288 4585 se
1314 4512 1622 4585 purgaverit,
1646 4508 1800 4585 immo
1830 4511 1960 4585 [orte
1982 4508 2162 4585 iisdem

561 4578 823 4639 erroribus
850 4586 1023 4649 reipsa
1049 4580 1353 4641 consentiat,
1409 4578 1627 4631 Ruinam
1653 4579 1719 4630 ad
1738 4578 2000 4649 judicium
2026 4580 2161 4635 sedis

562 4656 867 4724 apostolica:
898 4654 1207 4724 vocavimus,
1234 4659 1282 4703 et
1309 4662 1601 4724 renuentem
1626 4651 1795 4702 venire
1832 4649 2006 4724 eadem
2046 4669 2161 4705 sen-

561 4721 722 4781 tentia
750 4724 1078 4779 involvimus.
1127 4721 1484 4776 Damnationis
1512 4730 1681 4773 autem
1706 4722 2006 4775 sententiam
2018 4727 2160 4849 Ἰρα-

561 4797 723 4849 tribus
754 4796 944 4849 nostris
984 4791 1196 4847 Venerio
1235 4802 1283 4846 et
1325 4792 1619 4846 Chromatio
1658 4793 1977 4849 scripsimus.
2069 4813 2153 4849 mn

559 4797 723 4852 tribus
754 4796 944 4850 nostris
984 4791 1196 4847 Venerio
1235 4802 1283 4846 et
1325 4792 1619 4846 Chromatio
1658 4793 1977 4861 scripsimus.

560 4868 614 4923 in
653 4870 904 4923 subnexo
942 4865 1333 4919 commentario
1372 4863 1680 4931 huiusmodi
1725 4864 2153 4922 additamentum

557 4938 760 5009 triplici
789 4938 999 5009 ratione
1030 4936 1339 5009 approbare
1364 4945 1612 4998 conatur,
1643 4951 1871 5006 quarum
1913 4938 2057 4993 nulla
2098 4940 2150 4994 id

556 5006 705 5081 quod
737 5008 868 5071 vult,
900 5006 1212 5061 necessario
1261 5009 1627 5081 co_uticit,rac
1675 5015 1973 5081 priesertim
2030 5011 2150 5065 dua:

555 5078 849 5152 postrema:
880 5081 1062 5152 verbis
1093 5078 1358 5133 Anastasii
1393 5080 1477 5152 vel
1519 5080 1846 5148 depravatis,
1892 5083 1972 5135 vel
2020 5097 2146 5151 per-

556 5149 743 5222 peram
772 5149 1060 5205 intellectis
1097 5153 1359 5205 nituntur.
1405 5150 1655 5206 Nonnulli
1693 5160 1874 5207 autem
1920 5149 2147 5209 charac-

554 5232 727 5278 terem
757 5222 881 5276 ideo
915 5229 1175 5275 mutatum
1198 5223 1546 5291 arbitrantes,
1569 5232 1625 5277 ut
1645 5225 1917 5279 sententia
1949 5226 2145 5280 adver-

550 5309 648 5349 sus
675 5293 970 5365 Origeuem
999 5308 1061 5365 ac
1093 5294 1339 5347 Rutilium
1380 5296 1589 5365 prolata
1636 5296 1847 5350 facilius
1891 5311 2145 5350 secerne-

550 5375 727 5429 retur,
759 5364 1002 5437 addititja
1028 5364 1274 5419 Garnerii
1298 5364 1461 5420 verba
1488 5383 1583 5435 pro
1603 5368 1853 5437 genuinis
1873 5368 2140 5421 Anastasii

548 5444 899 5503 acceperunt.
936 5436 999 5490 Et
1030 5439 1081 5489 in
1114 5437 1255 5492 hunc
1284 5439 1501 5507 quidem
1548 5436 1791 5494 errorem
1834 5439 2015 5504 lapsus
2059 5446 2143 5493 est

549 5510 872 5563 nominatim
904 5512 1028 5578 Aut.
1056 5508 1250 5578 Pagius
1280 5511 1330 5563 in
1360 5509 1561 5564 Oritico
1590 5525 1754 5578 opere
1783 5524 1881 5562 suo
1910 5509 1977 5561 ad
2008 5526 2135 5562 ann.

544 5580 673 5650 401,
705 5596 757 5634 n.
789 5581 846 5650 79.
880 5577 1076 5634 Verum
1110 5582 1252 5634 nulla
1279 5581 1390 5650 jam
1424 5577 1815 5642 subest’ratio.
1856 5594 1954 5633 cur
1996 5580 2139 5634 hunc

541 5649 817 5706 Anastasii
846 5651 1045 5713 locum,
1070 5649 1290 5721 qualem
1306 5653 1650 5713 exhibemus,
1684 5665 1787 5704 non
1814 5665 2006 5705 sanum
2047 5660 2139 5705 aut

540 5722 811 5786 integrum
844 5724 966 5794 quis
995 5727 1326 5793 SllSplCCllll‘.

613 5806 638 5843 8
677 5794 726 5851 ls
779 5792 874 5850 est
915 5792 1176 5850 Venerius
1226 5792 1647 5848 Mediolanensis
1695 5792 2017 5864 cpiscopus,
2066 5792 2134 5847 ad

538 5882 704 5945 quem
744 5868 911 5925 simul
953 5876 1009 5923 et
1049 5866 1118 5923 ad
1156 5864 1501 5922 Anastasium
1543 5874 1788 5921 nostrum
1842 5878 1986 5919 anno
2027 5864 2127 5921 401

2314 1942 2467 2012 genis
2499 1942 2729 1996 lectione
2762 1952 3085 1997 revocetur:
3132 1940 3145 1978 ι
3178 1943 3601 2015 damnatumque
3638 1948 3907 2003 sententia

2305 2078 2739 2148 Carthaginiense
2801 2074 3094 2133 concilium
3161 2080 3369 2149 legatos
3422 2080 3639 2137 mittere
3703 2088 3907 2139 consti-

2306 2154 2449 2223 tuit,
2510 2166 2779 2219 quemque
2846 2149 3211 2222 Hieronymus
3288 2160 3409 2220 post
3470 2153 3613 2205 med.
3676 2155 3769 2209 lih.
3831 2172 3901 2223 tt,

2305 2240 2358 2275 u.
2428 2221 2502 2284 2,
2566 2224 2713 2290 apol.
2775 2237 2899 2277 cum
2972 2221 3260 2276 Anastasio
3326 2224 3453 2276 item
3519 2235 3709 2279 nostro
3776 2221 3904 2282 nec;

2302 2309 2408 2368 nou
2475 2293 2785 2368 Theophilo
2838 2293 3267 2368 _Alexandriti_o,
3307 2294 3666 2368 _Cltr0utalio
3736 2300 3902 2368 Aqui-

2302 2364 2532 2430 leiensi,
2585 2375 2639 2419 et
2702 2363 2853 2418 omni
2918 2382 3041 2419 cuin
3111 2364 3349 2419 Orientis
3412 2377 3522 2420 tum
3590 2363 3900 2425 Occidentis

2299 2436 2700 2490 Cathottcorum
2732 2436 2945 2509 synodo
2975 2446 3245 2509 recenset,
3276 2447 3330 2489 ut
3356 2439 3444 2506 qui
3485 2440 3599 2505 pari
3626 2443 3897 2509 sententia,

2296 2510 2416 2573 quia
2444 2511 2556 2572 pari
2588 2518 2634 2560 et
2658 2508 2865 2579 spiritu,
2899 2508 3048 2561 illum
3078 2508 3440 2579 (Origcnem)
3472 2511 3771 2565 hwreticum
3802 2508 3893 2568 de?

2296 2581 2532 2633 nuntiant
2559 2577 2785 2648 papulis.

2370 2648 2397 2687 ιι
2439 2655 2586 2716 Mss,
2620 2650 2743 2703 milii
2770 2666 2909 2704 cura:
2929 2668 3031 2703 non
3059 2652 3242 2704 deerit.

2372 2720 2386 2758 ί
2433 2724 2622 2785 Uaru.,
2652 2730 2919 2796 partesque
2942 2725 3195 2788 corporis,
3225 2722 3429 2778 omisso
3456 2726 3592 2790 mei;
3621 2728 3749 2781 editi
3774 2730 3891 2796 alii,

2292 2804 2463 2860 partes
2504 2794 2685 2863 p0pitli
2732 2794 2883 2847 mei:
2926 2799 3275 2864 corriguntur
3321 2811 3383 2847 ex
3438 2812 3568 2851 mss.
3617 2794 3891 2857 l‘jcclesizis

2290 2866 2521 2932 corporis
2567 2865 2647 2916 sui
2694 2875 2862 2933 partes
2909 2881 2971 2919 ca
3022 2866 3270 2936 loquendi
3318 2868 3525 2923 ratione
3572 2874 3889 2928 Anastasius

2290 2946 2468 2997 Vocat,
2499 2952 2600 3004 qua
2635 2937 2854 2991 easdem
2882 2948 2937 2991 et
2972 2939 3296 2993 Cteestinus
3336 2939 3497 3007 epist.
3531 2940 3622 3005 24,
3662 2944 3889 2999 membra

2287 3022 2350 3081 ac
2376 3008 2571 3081 viscera
2616 3024 2712 3081 sua
2751 3023 3051 3075 nuncupat,
3083 3019 3137 3063 et
3164 3026 3267 3079 qua
3300 3009 3527 3065 Siricius
3563 3018 3722 3081 «ιμίκιπ.
3759 3032 3796 3081 t,
3830 3034 3882 3071 n.

2285 3078 2375 3152 21ἲ
2408 3078 2475 3152 ad
2498 3079 2683 3152 omnia
2708 3094 2767 3133 se
2791 3082 3142 3148 respondisse
3168 3078 3455 3145 memorat,
3483 3085 3545 3136 de
3566 3078 3885 3152 quibus.'in-

2286 3150 2403 3217 quit
2434 3149 3051 3228 lltitterittitt_alloquens
3075 3196 3089 3219 ,
3132 3154 3200 3228 ad
3242 3152 3529 3208 Romanam
3563 3149 3881 3228 Ecclesium,

2287 3231 2461 3293 utpote
2487 3232 2639 3292 caput
2670 3223 2744 3275 tui
2774 3225 3007 3293 corporis
3038 3226 3283 3278 retulisti.

2318 3364 2326 3372 _
2359 3294 2372 3340 1‘
2425 3292 3095 3373 lnvutgatishicadditur
3124 3294 3345 3361 diffusas
3371 3314 3389 3351 :
3414 3298 3557 3367 quod
3581 3315 3691 3355 non
3724 3317 3882 3373 repe-

2285 3366 2453 3416 rimus
2484 3366 2535 3418 in
2568 3366 2804 3433 scriptis.

2355 3433 2380 3473 ιί
2534 3436 2650 3489 [nec
2678 3437 2972 3511 respiciens
3006 3438 3369 3511 Hieronymus
3399 3442 3559 3509 epist.
3592 3444 3649 3505 8,
3680 3445 3745 3499 ad
3780 3447 3880 3503 De-

2282 3508 2620 3583 metriadem,
2656 3508 3033 3583 abgAnastasio
3064 3508 3379 3573 percoSsum
3410 3508 3483 3566 ait
3511 3526 3674 3583 caput
3704 3517 3879 3573 haere-

2280 3592 2422 3639 seos,
2447 3594 2559 3647 quae
2574 3580 2957 3648 simplicitatem
2980 3583 3127 3649 fidei,
3147 3598 3260 3651 qua:
3276 3585 3500 3649 apostoli
3519 3580 3638 3642 voce
3662 3589 3877 3645 laudata

2278 3662 2373 3712 est,
2402 3652 2657 3717 polluere,
2681 3662 2728 3704 et
2758 3668 3138 3710 LABEFACTARB
3166 3671 3373 3710 conus
3397 3670 3512 3711 EST.

2356 3721 2371 3759 Ι
2417 3722 2491 3776 Ita
2524 3738 2655 3777 mss.
2705 3741 2827 3778 cum
2856 3726 3088 3781 Garner.
3120 3731 3225 3783 Alii
3254 3744 3383 3782 vero
3410 3730 3581 3797 editi,
3619 3731 3874 3787 damnan-

2277 3792 2432 3857 dum,
2465 3804 2517 3847 et
2546 3810 2665 3848 mox
2685 3836 2700 3859 ,
2732 3797 2882 3850 lectio
2906 3814 3081 3852 rerum
3102 3843 3115 3865 ,
3154 3816 3257 3851 non
3287 3815 3454 3853 reum.
3484 3792 3613 3866 Qua-
3643 3802 3731 3858 hic
3760 3821 3875 3858 mc-

2275 3874 2560 3943 morantur
2592 3867 3496 3943 principum_respousa.uusquam
3527 3886 3867 3943 comparent.

2276 3935 2638 4019 Hieronymus
2660 3940 2875 4006 quidem
2908 3935 3067 4019 lih.:t
3093 3940 3319 4019 Apolog.
3354 3935 3607 4019 pragdicat
3637 3935 3667 4008 ,’
3689 3944 3869 4019 Impe-

2271 4020 2507 4097 ratorum
2531 4009 2749 4097 scripta,
2778 4028 2890 4082 quia
2911 4013 2974 4097 de
2995 4009 3389 4097 Alexandriam
3413 4013 3651 4097 (Egi/pta
3681 4009 3869 4097 Orige-

2272 4082 2433 4158 nistas
2461 4082 2582 4158 pelli
2606 4084 2792 4153 jubent
2816 4124 2846 4158 ,_
2866 4087 2960 4137 sed
2994 4084 3256 4158 librorum
3290 4082 3541 4153 Origenis
3572 4082 3862 4144 lectionem

2364 4148 2619 4230 interdici
2642 4161 2801 4207 tacet.
2822 4148 3001 4230 νΙιηιηο
3030 4157 3176 4209 circa
3203 4156 3253 4208 id
3278 4148 3488 4222 tempus
3514 4175 3540 4230 a
3574 4157 3867 4230 Tranquil-

2270 4221 2384 4299 li‘uo
2416 4224 2481 4299 de
2510 4224 2744 4299 Origene
2773 4227 3057 4281 consultus
3077 4268 3091 4291 ,
3135 4237 3307 4280 utrunt
3337 4221 3619 4299 secundum
3647 4221 3864 4299 fralrcnt

2271 4292 2593 4373 Ij‘austinum
2608 4298 2810 4366 penitus
2835 4298 3264 4373 respuendussit,
3294 4315 3363 4373 an
3387 4292 3677 4373 secundum
3703 4320 3866 4373 quos-

2268 4364 2388 4419 dam
2411 4364 2657 4443 legendits
2681 4384 2744 4443 ex
2774 4364 2957 4443 parte;
2990 4370 3241 4424 rescribit
3262 4371 3421 4432 epist.
3449 4372 3514 4425 76
3541 4390 3552 4424 :
3590 4364 3861 4443 Origenem

2265 4440 2845 4512 propter_eru_ditionem
2889 4441 2964 4493 sic
2993 4442 3252 4512 interdum
3292 4443 3567 4511 legendum
3608 4440 3856 4512 arbitror,

2265 4509 2521 4576 quontodo
2576 4509 2982 4577 Tertullianum,
3037 4509 3695 4580 Novatumpdruobium,
3748 4509 3854 4573 etc;

2264 4580 2525 4646 Quaerunt
2556 4582 2783 4655 eruditi,
2821 4584 3129 4655 llonorione
3153 4624 3165 4643 .
3200 4599 3265 4637 an
3292 4584 3563 4650 Arcadio,
3601 4586 3705 4641 hoc
3731 4598 3817 4643 est
3839 4631 3854 4655 ,

2266 4669 2389 4704 num
2416 4652 2748 4716 Occidentis,
2777 4671 2843 4709 an
2868 4654 3107 4709 Orientis
3132 4655 3447 4724 imperatori
3472 4672 3735 4725 responsa
3767 4652 3854 4715 illa

2266 4725 2552 4779 tribuenda
2574 4725 2701 4779 sint.
2733 4725 2845 4781 Non
2877 4727 3073 4780 desunt
3102 4728 3190 4795 qui
3224 4740 3282 4779 ea
3316 4726 3385 4781 ab
3417 4727 3680 4793 Honorio,
3714 4733 3855 4786 Mar—

2069 4813 2153 4850 mn
2184 4792 2237 4851 D
2262 4796 2401 4872 eello
2431 4812 2494 4849 ac
2524 4796 2769 4872 caeteris,
2801 4812 2831 4851 a
2861 4798 3055 4868 quibus
3082 4792 3330 4866 O'rigenis
3354 4799 3631 4856 damnatio
3658 4792 3850 4872 exspe-

2257 4870 2531 4930 mabatur,
2576 4870 2939 4932 instantibus,
2987 4871 3251 4935 prodiisse
3291 4880 3499 4938 putent.
3546 4873 3622 4925 Ex
3669 4870 3851 4931 verbis

2256 4948 2437 4994 tamen
2465 4939 2840 4994 POSthumiani
2865 4943 3001 5008 apud
3025 4940 3321 5008 Sulpicium
3348 4942 3475 4995 dial.
3505 4958 3545 5009 ι,
3571 4960 3623 4996 c.
3648 4946 3707 5009 5,
3737 4948 3851 5001 col-

2254 5014 2420 5081 ligere
2470 5012 2634 5077 licet,
2683 5026 2744 5064 ea
2790 5013 2857 5064 ab
2904 5012 3143 5065 Orientis
3188 5010 3519 5077 imperatore
3566 5030 3844 5074 manasse.

2252 5084 2435 5159 Primo
2466 5083 2609 5136 enim
2644 5082 2919 5159 praenottit
2948 5122 2961 5143 ,
2981 5082 3146 5159 finds
3180 5081 3527 5159 Alexandrim
3553 5092 3847 5159 episcopos

2252 5157 2392 5209 inter
2434 5162 2487 5207 et
2530 5153 2825 5206 monachos
2854 5151 3129 5207 exstitisse
3160 5157 3459 5209 certamina
3495 5173 3560 5209 ea:
3590 5151 3654 5211 ea
3690 5151 3846 5215 occao

2250 5226 2574 5301 sinum-quia.
2609 5226 2901 5301 congregati
2929 5225 3167 5301 in‘unun‘t
3197 5224 3385 5301 swpius
3415 5229 3710 5285 sacerdotes
3740 5235 3846 5301 [re-

2247 5296 2517 5375 queri-libus
2539 5292 2820 5375 decrevisse
2839 5294 3047 5375 synodis
3072 5292 3399 5375 videbantur,
3426 5315 3488 5352 ne
3514 5303 3630 5369 quis
3657 5292 3843 5375 Orige-

2245 5368 2324 5439 nis
2353 5367 2509 5439 libros
2543 5365 2729 5433 legeret
2754 5377 2841 5417 aut
2868 5364 3114 5439 haberet;
3151 5381 3213 5439 ac
3250 5371 3413 5433 paulo
3451 5364 3575 5439 poSt
3612 5364 3839 5430 subdit:

2248 5437 2352 5490 Per
2372 5437 2598 5488 diversas
2628 5453 2745 5487 oras
2773 5434 3010 5506 monac/ti
3032 5447 3151 5488 sunt
3181 5438 3370 5506 fugati,
3400 5434 3472 5494 ita
3498 5454 3554 5495 ut
3580 5444 3841 5501 PROPOSI.

2242 5524 2327 5563 TIS
2365 5521 2573 5560 EDICTtS
2601 5508 2653 5557 in
2687 5507 2829 5558 nulla
2864 5505 3140 5560 consistere
3176 5505 3295 5561 sede
3323 5514 3637 5572 sinerentur.
3669 5518 3840 5574 Valde

2241 5579 2384 5659 enim
2406 5578 2697 5660 probabile
2725 5588 2804 5660 est
2825 5618 2839 5640 ,
2868 5576 3175 5660 Origcneua.
3196 5580 3506 5660 Theophilo
3538 5599 3591 5640 et
3624 5594 3836 5660 synodo

2242 5653 2365 5726 ejus
2386 5648 2659 5726 damnato,
2685 5659 2845 5726 atque
2862 5665 3088 5718 operum
3106 5650 3244 5726 illius
3264 5648 3556 5711 interdicta
3575 5648 3833 5726 lectione,

2239 5722 2524 5789 episcopos
2551 5716 2791 5787 Egypti,
2819 5716 2940 5773 cum
2969 5724 3325 5790 synodalibus
3350 5733 3667 5785 coiistitutts
3691 5716 3829 5786 nihil

2240 5791 2501 5871 prolicere
2531 5803 2587 5842 se
2618 5794 2823 5871 experti
2856 5803 3075 5871 essent,
3111 5793 3283 5871 edicta
3320 5799 3542 5862 petiisse
3570 5800 3833 5871 imperia-

2232 5861 2325 5931 lia,
2359 5869 2414 5917 et
2445 5860 2759 5931 monachos,
2788 5878 2914 5920 cum
2945 5863 3137 5919 horum
3162 5860 3471 5922 edictorum
3500 5860 3831 5931 auctdritate
