4106 6344
154 310 231 366 π
1405 311 1769 374 EPISTOLE
1810 313 1903 373 ET
1941 316 2297 377 DECRETA.
3448 335 3517 391 π

151 424 530 496 principum,
594 438 766 499 quem
816 426 976 485 lectio
1018 441 1173 487 reum
1218 430 1446 501 profana
1482 432 1805 502 prodiderit.
1837 435 1883 494 A

152 518 457 577 Hactenus
486 523 799 579 sententiae
824 539 958 580 mea:
989 524 1163 580 forma
1196 534 1221 562 ε
1250 528 1605 595 processerit.

222 614 279 669 6.
314 614 491 681 Quod
520 623 582 672 te
609 596 747 673 vero
778 617 922 688 vulgi
943 616 1012 674 de
1034 616 1232 674 Ruﬁno
1254 619 1481 689 querela
1510 618 1808 684 sollicitat,

157 716 217 764 ut
246 708 542 778 quosdam
574 708 606 748 δ
634 709 792 783 vagis
813 711 1213 781 suspicionibus
1236 713 1591 784 persequaris
1621 729 1633 766 :
1665 712 1809 767 hanc

158 811 311 860 tuam
334 804 697 875 opinionem
728 806 1100 878 constringam
1124 806 1325 861 divina:
1342 806 1595 862 lectionis
1620 820 1811 861 exem-

164 899 286 970 plo,
316 899 474 955 sicut
528 900 814 973 scriptum
848 908 928 957 est
964 918 977 954 :
1011 912 1033 941 ο
1072 899 1192 955 Νοη
1222 901 1296 955 sic
1321 900 1476 956 homo
1522 910 1578 956 ut
1628 900 1809 968 Deus;

168 1008 289 1047 nam
346 990 504 1048 Deus
566 993 719 1049 videt
786 995 841 1048 in
909 995 1102 1061 corde,
1172 994 1325 1049 homo
1378 995 1511 1049 uidet
1562 995 1617 1050 in
1675 995 1812 1067 facie

171 1084 214 1156 (I
242 1083 378 1156 Reg.
423 1100 575 1152 xvr,
615 1082 700 1156 7).
752 1084 970 1157 Itaque,
1024 1085 1195 1142 frater
1242 1085 1607 1154 charissima,
1659 1085 1813 1141 omni

172 1179 505 1249 suspicione
539 1180 795 1250 seposita
818 1221 832 1247 ,
866 1177 894 1216 ἀ
926 1178 1180 1235 Ruﬁnum
1212 1181 1439 1251 propria
1470 1191 1656 1236 mente
1682 1196 1813 1251 per-

174 1274 351 1344 pende
374 1275 423 1329 si
450 1272 731 1345 Origenis
758 1272 902 1328 dicta
932 1272 989 1328 in
1023 1274 1252 1329 latinum
1283 1274 1564 1329 transtulit
1591 1289 1655 1330 ac
1680 1289 1814 1344 pro-

172 1367 321 1423 bavit
352 1386 366 1421 :
402 1383 518 1423 nec
570 1367 869 1423 dissimilis
892 1376 915 1405 ι’
939 1382 969 1421 a
1016 1382 1113 1422 reo
1160 1378 1272 1434 est,
1306 1368 1400 1439 qui
1439 1368 1634 1423 alienis
1663 1369 1814 1423 vitiis

172 1472 405 1533 praestat
456 1475 794 1517 assensum.
830 1460 967 1517 Illud
1010 1469 1194 1517 tamen
1234 1460 1251 1500 ί
1287 1470 1477 1519 tenere
1520 1474 1574 1519 te
1614 1464 1811 1533 cupio,

174 1554 247 1610 ita
269 1554 478 1610 haberi
515 1571 545 1609 a
576 1555 792 1611 nostris
825 1554 1068 1625 partibus
1092 1555 1329 1610 alienum
1355 1598 1369 1622 ,
1405 1565 1466 1612 ut
1491 1557 1617 1626 quid
1651 1566 1812 1628 agat,

174 1658 228 1703 et
265 1648 362 1703 ubi
398 1648 516 1715 sit,
566 1649 798 1703 nescire
841 1648 1152 1719 cupiamus.
1182 1648 1305 1720 Ipse
1344 1649 1587 1721 denique
1616 1650 1818 1707 viderit

174 1740 269 1797 ubi
297 1741 489 1812 possit
524 1739 749 1799 absolvi
784 1751 830 1795 ε.

799 1832 1139 1890 EPISTOLA
1180 1833 1244 1889 ll.

744 1924 772 1965 ιι
806 1944 875 1983 an
912 1942 1309 1983 srarucusnu.

179 2026 441 2082 Studium
482 2023 782 2095 TheOpIrili
807 2040 870 2078 ac
898 2024 1223 2095 vigilantiam
1248 2023 1453 2089 laudat,
1487 2024 1637 2094 cujus
1673 2022 1812 2077 litte-

1985 437 2057 489 ris
2079 444 2359 491 conventus
2385 476 2399 502 ,
2462 435 2809 510 Simpliciano
2859 438 3243 501 Mediolanensi
3282 448 3521 523 episcOpo

1987 527 2282 595 denuntiat;
2308 545 2341 582 a
2369 544 2425 583 se
2448 544 2652 601 quoque
2680 529 3014 603 Origenianae
3054 536 3240 593 hwresi
3264 539 3523 609 inﬂictum

1986 638 2096 677 esse
2123 624 2421 678 anathema.

2107 761 2338 819 Domino
2368 762 2551 819 Fratri
2580 763 2932 826 Surum/tuo
2958 766 3318 829 Aussusws.

1988 896 2030 953 I.
2082 896 2359 953 Grandem
2408 900 2836 959 sollicitudinem
2878 913 3040 974 atque
3067 907 3328 965 excubias
3358 924 3524 981 super
3574 928 3583 935 ’

1916 1004 2135 1061 gregem
2169 1006 2327 1047 suum
2364 1002 2554 1063 pastor
2598 994 2801 1052 habere
2848 1000 3206 1069 approbatur.
3256 1004 3527 1062 Similiter

1918 1093 1972 1140 et
2000 1083 2016 1121 ί
2052 1100 2121 1141 ex
2144 1086 2248 1140 alta
2280 1096 2429 1143 turre
2458 1103 2624 1144 causa
2653 1090 2890 1147 civitatis
2916 1092 3007 1148 diu
3036 1105 3310 1166 noctuque
3338 1108 3528 1155 cautus

1916 1178 2230 1248 speculator
2258 1180 2537 1241 observat.
2571 1181 2828 1253 Magister
2856 1189 2869 1235 Ι
2915 1188 3179 1256 providus
3207 1191 3359 1246 navis
3394 1192 3527 1249 hora

1919 1274 2261 1343 tempestatis
2291 1283 2346 1329 et
2376 1275 2609 1345 periculi
2650 1292 2899 1347 magnam
2935 1282 3138 1347 patitur
3162 1284 3333 1338 animi
3356 1286 3529 1353 jacta-

1920 1365 2149 1431 tionem,
2191 1381 2259 1421 ne
2288 1367 2550 1437 procellis
2596 1377 2759 1438 atque
2789 1373 3113 1440 asperrimis
3143 1374 3394 1433 (luctibus
3428 1395 3528 1435 na-

1920 1456 2004 1511 vis
2032 1456 2265 1513 elidatur
2299 1460 2349 1512 iu
2383 1474 2536 1514 saxa.
2588 1459 2711 1515 Pari
2745 1462 2928 1518 animo
2960 1463 3044 1519 vir
3075 1478 3297 1523 sanctus
3344 1482 3401 1526 et
3430 1472 3531 1529 bo-

1922 1553 2188 1608 norabilis
2220 1553 2558 1623 Theophilus
2587 1596 2601 1620 ,
2636 1555 2804 1611 frater
2830 1567 2886 1612 et
2914 1560 3270 1631 coepiscopus
3300 1575 3487 1622 noster
3514 1608 3529 1631 .

1919 1645 2067 1701 circa
2092 1647 2283 1701 salutis
2312 1648 2601 1702 commoda
2636 1663 2741 1702 non
2778 1648 2981 1705 desinit
3005 1652 3233 1722 vigilare
3265 1697 3280 1722 ,
3332 1673 3401 1712 ne
3434 1659 3532 1715 Dei

1920 1740 2161 1811 populus
2210 1756 2303 1809 per
2354 1740 2599 1796 diversas
2632 1742 2910 1799 Ecclesias
2939 1745 3230 1816 Origenem
3260 1749 3493 1821 legendo
3516 1796 3534 1823 ,

1848 1833 1896 1894 B
1926 1835 1979 1890 in
2012 1850 2236 1904 magnas
2264 1835 2507 1891 incurrat
2536 1836 2930 1907 blaspliemias.

1995 1928 2062 1986 II.
2105 1926 2421 1985 Conventus
2448 1929 2649 1985 litteris
2679 1933 2989 1999 memorati,
3027 1938 3300 1993 convenio
3328 1946 3535 2000 sancti-

1926 2032 2090 2078 tatem
2124 2031 2269 2078 tuam
2296 2064 2313 2091 ,
2361 2032 2420 2078 ut
2462 2020 2485 2059 ιι
2520 2024 2684 2079 sicuti
2733 2039 2831 2079 nos
2879 2026 2930 2080 in
2962 2028 3096 2085 urbe
3124 2029 3297 2087 Roma
3330 2037 3534 2107 positi,

179 2162 247 2218 ab
272 2158 555 2231 Origeuis
593 2157 839 2213 lectione
868 2157 1166 2231 absterreri
1202 2173 1313 2212 non
1347 2169 1572 2231 possent
1598 2167 1737 2231 ,raut
1770 2158 1823 2213 id

180 2244 327 2291 certe
353 2229 805 2304 p'rmtexeretur,
836 2229 1318 2304 undiquefugatos
1333 2244 1476 2304 esse.
1510 2229 1633 2304 _Veri_
1655 2232 1819 2285 etiam

181 2316 265 2361 est
291 2301 516 2371 simile,
547 2302 830 2368 rescripta
860 2302 975 2360 illa.
1005 2303 1207 2371 quibus
1229 2301 1483 2367 Origeuis
1512 2301 1676 2355 lectio
1701 2318 1823 2367 pro-

184 2376 508 2440 bibebatur,
560 2374 632 2427 ad
666 2388 919 2428 normam
964 2388 1025 2426 ac
1072 2372 1297 2426 formam
1330 2388 1451 2427 esse
1494 2372 1821 2429 concinnata

2004 2168 2027 2194 ο
2062 2159 2120 2213 In
2150 2159 2280 2240 edit.
2314 2157 2475 2213 Rom.
2506 2168 2561 2214 et
2582 2162 2784 2215 concil.
2816 2204 2844 2243 ,_
2864 2165 2929 2218 ab
2960 2182 3019 2243 eo
3044 2177 3142 2221 est.
3166 2168 3363 2224 Verius
3392 2156 3535 2243 apud

1928 2229 2095 2285 Garn.
2134 2243 2190 2284 ut
2222 2230 2274 2309 in
2325 2245 2455 2309 mss.
2477 2249 2564 2309 ,_a
2586 2249 2674 2286 reo
2707 2245 2802 2287 est.
2830 2235 2974 2290 Istud
3004 2254 3383 2309 argumentum
3412 2229 3538 2301 I'lie-

1928 2301 2463 2377 ronymusLApolog.
2509 2302 2605 2356 lib.
2645 2319 2694 2377 _u
2743 2301 3102 2377 prosequens",
3151 2310 3404 2367 Ruﬁnum
3457 2320 3537 2372 sic

1927 2384 2084 2448 urget
2117 2391 2129 2425 :
2165 2372 2263 2426 Dic
2286 2390 2408 2445 ergo
2436 2390 2597 2444 quare
2630 2374 2875 2448 Origenis
2908 2372 3048 2433 mala
3086 2383 3139 2435 in
3178 2385 3394 2439 latinum
3418 2402 3538 2441 ver-

187 2450 504 2504 edictorum
533 2445 785 2510 illorum,
810 2459 931 2514 quae
953 2442 1139 2499 Codex
1162 2443 1373 2499 Theod.
1399 2444 1492 2498 lib.
1518 2460 1631 2507 xvi,
1658 2446 1741 2499 tit.
1766 2448 1820 2510 5,

191 2521 293 2587 leg.
326 2521 423 2585 ‘54,
471 2518 729 2583 exhibet,
780 2532 925 2571 anno
953 2514 1078 2579 598,
1123 2516 1299 2570 Martii
1346 2514 1380 2569 4
1415 2514 1505 2570 die
1544 2515 1815 2583 datorum,

192 2586 385 2664 quibus
420 2589 702 2646 Arcadius
728 2598 786 2664 et
822 2588 1090 2664 Honorius
1118 2586 1572 2664 Montanistarum
1594 2597 1687 2664 aut
1714 2589 1813 2643 Eu-

191 2658 587 2719 nomianorum
640 2658 866 2715 codices
909 2658 1013 2729 legi
1042 2666 1264 2724 vetant,
1312 2674 1518 2729 eosque
1560 2659 1668 2730 igni
1699 2675 1820 2717 cre-

194 2737 324 2791 mari
363 2736 593 2805 jubeut.

263 2817 289 2844 ι
322 2801 521 2862 Edidit
574 2802 883 2859 Garnerius
941 2802 1261 2872 pra’cesserit
1292 2820 1311 2855 :
1344 2816 1519 2871 eaque
1580 2801 1819 2860 lectione

196 2876 522 2937 conﬁrmari
552 2884 711 2945 putat
745 2872 892 2945 quod
921 2874 1178 2944 superius
1210 2884 1459 2929 senserat
1484 2874 1551 2928 de
1583 2873 1775 2930 lacuna
1796 2918 1811 2943 ,

196 2950 254 3006 in
296 2966 403 3020 qua
446 2946 1096 3020 sententiam‘adversus
1126 2945 1416 3020 Origenem
1462 2960 1526 2999 ac
1559 2945 1813 3002 Ruﬁnum

199 3017 477 3093 prolatam
502 3018 823 3093 desiderari
856 3017 1213 3093 existimavit.
1254 3018 1452 3071 Verum
1479 3033 1584 3071 non
1612 3020 1675 3093 iu
1693 3020 1817 3074 aliis

203 3088 419 3148 iantum
448 3090 641 3154 editis,
684 3090 781 3144 sed
816 3099 870 3144 et
918 3088 971 3143 in
1005 3102 1135 3142 mss.
1184 3095 1360 3143 exstat
1391 3092 1730 3154 processerit,
1760 3102 1816 3146 et

199 3166 408 3222 rectius
439 3164 684 3232 quidem.
737 3160 855 3215 Hoc
898 3160 1041 3215 enim
1089 3158 1189 3213 sibi
1238 3160 1492 3214 vultzEx
1526 3165 1816 3218 occasione

201 3253 359 3310 pavus
400 3237 670 3310 librorum
694 3237 819 3310 περὶ
848 3233 1034 3310 ᾇρχῶν
1082 3232 1596 3310 interpretationis,
1652 3248 1816 3303 quam

197 3308 431 3364 Ruﬁnus
458 3308 515 3362 in
549 3306 730 3361 lucem
763 3303 983 3367 emisit,
1014 3303 1142 3372 quid
1172 3303 1441 3374 agendum
1467 3304 1666 3371 quidve
1696 3320 1820 3361 sen-

202 3380 449 3437 tiendqu
476 3381 584 3445 sit,
612 3379 879 3432 hactenus
904 3374 1113 3444 aperui.
1139 3374 1281 3430 Sane
1312 3374 1399 3430 hic
1425 3376 1689 3430 sententia
1714 3393 1820 3433 vox

203 3468 309 3508 non
339 3454 511 3507 latam
539 3465 567 3502 a
596 3448 785 3520 judice
807 3448 1139 3503 sententiam
1171 3489 1184 3511 ,
1215 3446 1311 3502 sed
1358 3446 1423 3501 ad
1455 3462 1518 3503 ea
1548 3464 1667 3515 quae
1694 3446 1817 3504 fue-

204 3535 325 3580 rant
354 3523 597 3596 quaesita
628 3522 813 3596 datam
848 3521 1263 3596 responsionem
1284 3526 1450 3596 sonat
1480 3535 1494 3573 :
1529 3521 1686 3596 quasi
1712 3536 1820 3575 uno

204 3591 625 3652 verbo‘diceret
644 3634 659 3657 ,
696 3592 973 3647 Hactenus
1001 3591 1130 3661 quid
1155 3591 1418 3645 sentirem
1451 3591 1709 3657 explicui.

274 3668 301 3705 δ
327 3667 477 3724 εάίι,
512 3664 677 3720 Rom.
712 3674 766 3719 et
794 3662 1023 3727 concil.,
1059 3663 1210 3715 malis
1236 3662 1621 3729 suspicionibus
1646 3679 1821 3730 perse-

210 3741 402 3810 quaris,
424 3737 567 3791 hanc
600 3734 1484 3810 etiamAOpinionem:corriguntur
1510 3751 1573 3788 ex
1598 3750 1738 3810 mss.
1766 3744 1822 3810 et

212 3804 478 3868 Camerio
499 3827 513 3863 :
533 3812 625 3863 cui
652 3807 871 3877 quidem
898 3804 1332 3877 Auastasiushic
1360 3806 1559 3859 videtur
1590 3808 1731 3877 loqui
1758 3808 1821 3861 de

215 3882 565 3954 Hieronymo,
596 3874 1008 3954 Hieronymique
1026 3878 1206 3954 amicis
1224 3874 1592 3954 Pammachio,
1614 3874 1822 3932 Oceano

215 3965 259 4010 et
288 3949 571 4013 Marcella.
596 3952 687 4023 qui
717 3953 939 4003 multum
958 3964 1012 4001 re
1035 3949 1151 4023 ipsa
1177 3951 1592 4023 contuleruntad
1615 3966 1822 4019 promo-

216 4027 430 4081 rendam
483 4021 916 4094 Origenistarum
960 4021 1469 4094 condemnationem.
1511 4021 1578 4075 Et
1630 4025 1680 4076 in
1727 4037 1823 4077 eos

216 4097 450 4169 quidem.
482 4092 626 4165 quos
650 4094 883 4169 Ruﬁnus
906 4092 957 4146 in
981 4095 1265 4169 superiore
1286 4093 1511 4169 epistola
1538 4108 1593 4147 n.
1615 4094 1639 4146 l
1662 4108 1824 4169 tentu-

216 4162 290 4225 [os
326 4186 457 4224 suos
485 4162 661 4223 vocat
681 4208 697 4231 ,
729 4167 929 4219 cadere
958 4164 1211 4218 videntur
1236 4180 1384 4234 vaga:
1414 4162 1522 4218 illa:
1548 4166 1820 4232 suspicio-

216 4256 329 4299 nes.
359 4242 497 4296 Cum
531 4247 720 4294 autem
756 4238 808 4291 in
839 4251 906 4291 eo
940 4245 1126 4291 essent
1158 4236 1379 4302 positae,
1408 4236 1551 4305 quod
1582 4236 1823 4292 Joannes

218 4311 391 4367 Ruﬁni
422 4320 791 4367 accusatores
841 4307 1026 4361 livoris
1054 4318 1109 4362 et
1154 4308 1373 4362 invidia:
1416 4318 1700 4376 suspectos
1729 4307 1822 4361 ha-

217 4383 326 4440 beri
359 4386 552 4447 vellet,
583 4396 827 4451 cumque
853 4378 991 4433 livor
1023 4380 1296 4433 internqu
1323 4379 1394 4432 sit
1423 4381 1622 4451 malum
1650 4378 1823 4451 solius

218 4456 307 4511 Dei
352 4458 532 4512 oculis
582 4449 774 4509 notum
814 4461 1004 4506 :recte
1048 4460 1236 4505 monet
1287 4449 1603 4505 Anastasius
1649 4450 1820 4505 Deum

218 4544 374 4584 unum
406 4530 462 4584 in
496 4525 674 4582 corde
696 4566 710 4590 ,
748 4522 1026 4578 hominem
1048 4532 1229 4577 autem
1277 4532 1481 4577 tantum
1518 4522 1571 4577 in
1605 4524 1739 4578 l‘acie
1770 4531 1824 4576 et

1926 2446 2091 2510 teris;
2120 2456 2176 2499 ut
2206 2457 2473 2499 auctorem
2500 2448 2623 2500 mali
2668 2446 2935 2515 proderes,
2966 2469 3033 2504 an
3065 2464 3121 2506 ut
3149 2456 3436 2511 laudares?
3473 2459 3537 2513 Si

1929 2517 2129 2587 prodis,
2161 2519 2229 2591 in
2261 2519 2567 2591 pne/aliane
2594 2534 2688 2571 cur
2723 2520 2911 2575 laudas
2936 2523 2961 2575 ?
2992 2524 3051 2578 Si
3080 2526 3291 2591 laudas,
3323 2530 3539 2583 lucreti-

1929 2604 2019 2669 cus
2040 2589 2443 2669 approbaris..._.
2475 2588 2537 2644 Si
2564 2593 2673 2644 haec
2698 2593 2878 2669 omnia,
2897 2596 3183 2669 probantur
3200 2588 3362 2665 mala,
3379 2603 3538 2669 igitur

1928 2661 2083 2713 unius
2096 2674 2142 2714 et
2159 2672 2341 2713 auctor
2354 2672 2401 2715 et
2418 2663 2675 2740 interpres
2693 2678 2782 2717 REI
2804 2666 3037 2719 criminis
3050 2678 3190 2740 sunt.
3217 2661 3540 2740 Ilujusinodi

1927 2743 2109 2787 autem
2133 2743 2462 2808 argumento
2493 2733 2719 2808 minime
2751 2752 2890 2804 opus
2913 2747 3052 2801 erat,
3084 2740 3129 2794 si
3153 2739 3267 2808 jam
3297 2733 3365 2795 ab
3394 2760 3541 2799 anno

1927 2805 2206 2927 praerterito
2236 2802 2465 2859 Ruﬁnus
2490 2802 2872 2864 convictusiac
2894 2802 3183 2865 damnatus
3213 2814 3283 2869 ab
3304 2814 3541 2873 Anasta-

1927 2889 2011 2927 sro
2057 2885 2245 2927 uisset.

1927 2889 2011 2929 SIO
2038 2885 2245 2930 IUlSSCi.

2004 2944 2127 3019 fIta
2174 2946 2344 3003 Garn.
2376 2963 2499 3003 cum
2547 2963 2681 3003 mss.
2717 2952 2785 3003 At
2835 2952 2967 3007 editi
3020 2952 3141 3019 alii,
3190 2964 3361 3012 tamen
3407 2961 3542 3015 scire

1924 3018 2098 3101 cupio.
2132 3019 2291 3101 Mox,
2343 3036 2374 3073 a
2425 3021 2618 3101 nostris
2669 3022 2947 3101 partibus,
3004 3018 3173 3101 idem__
3202 3038 3287 3083 est
3333 3032 3477 3100 quod
3509 3048 3539 3085 a

1924 3098 2111 3163 nostra
2144 3094 2387 3160 regione.
2416 3094 2847 3163 nominatimque
2878 3095 2947 3148 ab
2980 3097 3113 3152 urbe
3140 3096 3333 3154 Ronia.

1845 3205 1891 3269 C
1959 3231 1971 3242 .
1998 3170 2021 3203 κ
2049 3160 2170 3215 Νοη
2198 3178 2329 3217 sane
2358 3178 2387 3216 a
2424 3163 2529 3217 lata
2558 3160 2853 3227 sententia,
2888 3165 2982 3220 sed
3016 3168 3085 3221 ab
3116 3169 3330 3237 injectis
3360 3174 3544 3239 suspi-

1923 3234 2175 3269 nlnnilnnc
2231 3234 2331 3269 ΠΜ
2376 3235 2525 3269 Διιίηὶ
2575 3235 2695 3269 ninia:
2735 3237 2879 3269 dinrn
2929 3243 3202 3269 εηηοιηιιζη
3250 3242 3541 3269 Annum“...

1923 3245 1970 3285 Cl

1978 3234 2195 3287 onibus.
2231 3234 2331 3290 Ubi
2376 3235 2525 3288 enim
2574 3235 2698 3301 quis
2735 3237 2879 3289 dicta
2928 3234 3204 3293 sententia
3247 3234 3543 3298 damnatus

1926 3301 2024 3357 fuit
2046 3344 2060 3367 ,
2094 3305 2139 3357 si
2164 3318 2451 3375 supremus
2480 3318 2563 3359 est
2584 3304 2753 3374 judex
2779 3309 2868 3375 qui
2900 3307 3048 3361 illam
3072 3311 3245 3373 dixit,
3278 3330 3386 3369 non
3420 3315 3540 3370 ubi-

1923 3376 2007 3451 vis
2030 3414 2056 3451 ._
2080 3374 2175 3429 sed
2204 3375 2499 3451 apudeum
2533 3393 2721 3443 unum,
2760 3374 2924 3447 aquo
2956 3378 3251 3437 damnatus
3281 3398 3405 3451 est,
3439 3386 3538 3439 ab-

1924 3446 2060 3526 solvi
2108 3456 2307 3526 potest.
2344 3447 2479 3526 Iliuc
2503 3446 2909 3526 argumentum
2946 3454 3062 3526 ruit
3110 3451 3363 3509 Garuerii
3393 3446 3406 3519 ζ
3442 3459 3536 3526 qui

1923 3517 2039 3590 haec
2067 3520 2233 3573 verba
2266 3520 2336 3575 de
2364 3519 2982 3589 absolutionejudiciali
3010 3517 3438 3590 interpretatus,
3460 3517 3539 3583 iis

1920 3589 2141 3715 probari
2196 3600 2348 3660 putat
2380 3591 2631 3645 Ruﬁnum
2676 3592 2781 3646 lata
2824 3596 3096 3649 sententia
3147 3589 3217 3651 ab
3247 3601 3538 3654 AnaStasio

1947 3660 2095 3715 uisse
2116 3662 2517 3715 datnnatum.A
2543 3675 2917 3715 nrmcoucenta
2945 3665 3033 3715 illa
3061 3667 3324 3715 oninimm
3372 3686 3534 3715 nlmnl

1947 3660 2095 3717 uisse
2116 3662 2517 3739 dant_natum.A
2542 3665 3033 3739 praecognceptagilla
3061 3667 3341 3734 Opinione.
3372 3686 3534 3739 quam

1924 3741 1979 3787 et
2003 3744 2128 3787 ante
2159 3736 2309 3808 aliie
2340 3739 2613 3808 corruptis
2644 3736 2891 3808 epistola:
2924 3736 3086 3807 hujus
3128 3736 3539 3808 exemplaribus

1923 3814 2206 3873 ceperant,
2232 3807 2275 3859 si
2309 3806 2375 3860 ad
2408 3822 2528 3860 eam
2554 3807 2926 3876 castigandam
2961 3806 3042 3862 vir
3066 3806 3320 3865 eruditus
3350 3828 3539 3868 acces—

1924 3877 2086 3931 SiSsel
2128 3877 2376 3943 liberior,
2410 3887 2503 3931 aut
2533 3878 2600 3933 ad
2631 3894 2724 3933 eas
2749 3896 2871 3948 quae
2900 3882 3334 3949 prazscribuntur
3362 3887 3541 3939 edito-

1923 3949 2075 4003 ribus
2100 3950 2425 4023 attendisset
2445 3951 2678 4023 legessa
2704 3950 3101 4006 mutationibus
3132 3968 3268 4022 quas
3300 3954 3536 4023 induxit,

1924 4035 2122 4075 manus
2150 4021 2528 4076 abstinuisset.
2566 4022 2679 4077 Illis
2719 4031 2874 4077 certe
2906 4021 3285 4079 liberumnon
3331 4038 3413 4081 est
3445 4021 3542 4083 vo-

1924 4106 2043 4147 cem
2077 4093 2243 4146 ullam
2273 4093 2341 4147 de
2368 4108 2468 4147 suo
2496 4093 2733 4159 addere,
2760 4094 2847 4150 vel
2878 4093 3125 4161 demere,
3150 4107 3245 4151 aut
3278 4098 3398 4151 loco
3423 4114 3543 4154 mo-

1924 4178 2071 4218 vere.
2108 4164 2277 4219 Multo
2308 4165 2490 4219 minus
2534 4166 2665 4235 ipsis
2698 4164 2829 4218 licet
2855 4178 3143 4220 auctorum
3175 4183 3404 4222 suorum
3437 4171 3545 4225 lec-

1925 4235 2103 4290 tiones
2122 4236 2189 4289 ad
2216 4249 2622 4305 praecOuceptas
2649 4237 2939 4306 Opiniones
2960 4239 3381 4293 accommodare
3408 4257 3420 4293 :
3444 4240 3541 4296 sed

1925 4318 2321 4380 praecoueeptte
2370 4308 2666 4375 Opiniones
2713 4307 2979 4380 beneﬁcio
3027 4308 3324 4363 lectionum
3352 4349 3366 4373 ,
3422 4326 3545 4380 qua:

1925 4376 2036 4447 illis
2066 4378 2454 4444 adversantur,
2484 4379 2850 4447 corrigendae.

1998 4444 2027 4485 ιι
2050 4449 2128 4504 De
2167 4458 2417 4519 tempore
2446 4466 2552 4521 quo
2578 4444 2920 4520 scriptaluit
2952 4448 3069 4503 haec
3111 4451 3347 4519 epistola
3377 4492 3390 4512 ,
3418 4452 3546 4508 vide

1928 4519 2164 4577 Vallars.
2224 4523 2292 4579 ad
2342 4519 2480 4579 tom:
2533 4524 2556 4579 1
2606 4524 2831 4580 Hieron.
2884 4523 2935 4575 in
2983 4535 3195 4577 recens.
3228 4523 3415 4593 epistt.
3446 4525 3540 4592 95,

216 4615 328 4672 qua:
357 4602 493 4655 toris
520 4594 953 4672 parent_videre.
975 4594 1156 4664 Neque
1181 4608 1311 4648 vero
1336 4594 1423 4672 hic
1444 4597 1617 4672 notari
1644 4600 1826 4672 putem
1853 4595 1908 4657 D
1932 4594 2029 4672 94,
2053 4595 2142 4672 ἓξ.

215 4666 561 4743 ἐυερίεἰοιιεέε
603 4669 673 4723 de
703 4666 1036 4743 Hieronymo
1066 4681 1316 4735 sparsas,
1351 4667 1418 4743 de
1445 4666 1655 4743 quibus
1674 4666 1830 4743 Pam:

216 4737 467 4800 maeliius
498 4753 559 4797 et
587 4746 844 4795 Oceanus
869 4739 934 4791 ad
972 4739 1338 4808 llieronynum
1370 4737 1545 4808 ipsum
1570 4740 1731 4810 epist.
1761 4737 1831 4793 64

218 4814 289 4871 ita
337 4817 642 4872 scribunt:
678 4811 861 4880 Purga
905 4826 1025 4882 ergo
1069 4811 1385 4878 suspicrones
1431 4810 1741 4875 hominum,
1783 4819 1832 4865 et

219 4890 458 4942 conrince
485 4885 911 4939 criminationem
939 4898 957 4936 :
986 4899 1048 4938 ne
1078 4883 1119 4935 si
1142 4882 1547 4938 dissimulaveris
1567 4924 1583 4951 ,
1613 4898 1831 4939 consen-

221 4960 312 5015 tire
338 4958 589 5013 videaris.

294 5042 317 5070 ο
350 5032 425 5086 Ita
459 5031 635 5086 Garn.
668 5042 795 5082 cum
828 5040 958 5081 mss.
995 5023 1099 5080 Alii
1130 5039 1259 5080 vero
1284 5023 1438 5091 editi,
1468 5043 1569 5080 non
1595 5028 1727 5082 sicut
1761 5028 1835 5081 vi-

226 5104 307 5156 det
336 5102 491 5157 homo
520 5144 536 5167 ,
570 5102 644 5154 ita
675 5110 723 5153 et
759 5098 918 5152 Deus.
952 5097 1073 5152 Mox
1101 5113 1221 5151 cum
1252 5096 1445 5152 iisdem
1475 5099 1638 5154 editis
1667 5099 1829 5154 etiam

230 5170 425 5239 Garn.,
458 5173 617 5227 homo
644 5172 701 5226 in
731 5172 897 5241 facie,
923 5170 1127 5225 omisso
1165 5170 1332 5224 verbo
1368 5172 1535 5236 videt,
1560 5170 1709 5243 quod
1746 5186 1834 5227 re-

232 5256 451 5301 νοσθιιιι-
475 5261 545 5300 ex
574 5258 709 5297 mss.

300 5315 325 5354 ά
351 5318 493 5373 Editi
521 5359 535 5383 ,
572 5315 826 5385 Ruﬁnum
868 5314 995 5367 scito
1025 5312 1163 5381 quod
1192 5314 1407 5383 propria
1436 5325 1604 5370 mente
1632 5314 1833 5386 dirige-

236 5388 310 5443 nis
349 5391 518 5453 dicta,
551 5400 662 5443 etc.
710 5386 1043 5456 castigantur
1080 5401 1145 5440 ex
1192 5400 1321 5439 mss.
1357 5386 1828 5454 Quemadmodum

236 5464 480 5529 superius
522 5459 852 5515 Anastasius
895 5457 1140 5511 Rulinum
1180 5459 1529 5513 conscientize
1560 5475 1678 5515 suae
1708 5474 1832 5527 per-

238 5532 497 5597 mittit,sc
527 5530 681 5603 prius
708 5544 871 5600 quam
901 5531 967 5583 de
996 5529 1087 5603 illo
1116 5530 1406 5599 quidquam
1438 5529 1659 5603 deﬁniat
1680 5571 1696 5597 ,
1727 5533 1837 5586 dis-

238 5617 357 5661 cere
381 5601 567 5675 cupit,
603 5611 956 5675 auctoremne
982 5601 1133 5675 cujus
1164 5603 1430 5675 interpres
1457 5602 1561 5657 fuit
1588 5616 1833 5670 accuset,

240 5690 303 5729 an
340 5672 621 5731 erroribus
669 5673 790 5743 ejus
832 5674 1191 5726 asseutiatur:
1222 5672 1291 5727 ita
1339 5684 1390 5727 et
1440 5690 1582 5730 utine
1615 5676 1730 5729 vult
1780 5684 1840 5730 ut

240 5745 468 5804 Joannes
512 5748 583 5804 ab
628 5747 778 5800 omni
826 5746 1134 5816 suSpicione
1179 5745 1314 5799 liber
1346 5744 1412 5799 ad
1441 5746 1836 5816 explorandam

241 5817 413 5875 Ruﬁni
442 5827 686 5874 mentem
710 5858 725 5884 ,
754 5832 874 5887 qua:
900 5815 1136 5871 nondum
1170 5818 1340 5887 probe
1363 5815 1651 5890 perspecta
1687 5830 1837 5887 erat,

242 5893 638 5964 progrediatur.

517 5987 796 6051 Ρηιιοι.
843 5982 989 6046 ΧΧ.

2018 4666 2033 4705 ί
2070 4664 2193 4723 Uno
2222 4667 2393 4724 verbo
2418 4708 2434 4733 ,
2465 4667 2616 4723 nullo
2642 4676 2823 4722 autem
2852 4680 3017 4722 sensu
3045 4707 3059 4729 ,
3090 4675 3211 4720 erat
3258 4666 3311 4720 in
3350 4668 3546 4725 arche-

1940 4746 2069 4810 typo
2102 4742 2358 4803 exultare,
2391 4741 2536 4810 quod
2567 4756 2635 4796 ex
2667 4739 2886 4809 ingenio
2916 4737 3211 4793 emendare
3240 4753 3347 4793 non
3387 4740 3544 4795 dubi-

1940 4814 2183 4866 tavimus
2207 4812 2383 4867 tribus
2421 4814 2572 4866 hisee
2603 4812 2782 4865 Verbis
2812 4827 2874 4864 ea:
2903 4812 3009 4863 alla
3039 4819 3200 4870 turre,
3227 4827 3385 4875 quam
3410 4814 3547 4867 seri-

1942 4892 2157 4953 pturam
2192 4896 2246 4939 et
2276 4886 2393 4951 ipsa
2423 4884 2692 4937 orationis
2732 4883 2925 4944 series,
2964 4891 3017 4935 et
3046 4883 3317 4949 [lerslliﬂll
3352 4898 3545 4938 sensus

1940 4956 2242 5026 necessitas
2266 4956 2638 5026 posuilabant.
2660 4954 2906 5009 Proelive
2927 4962 3109 5008 autem
3131 4954 3297 5007 veteri
3318 4955 3548 5009 librario

1940 5025 2105 5082 fuerit
2133 5069 2147 5091 ,
2178 5025 2278 5094 qui
2298 5030 2733 5095 compendiarias
2764 5026 3095 5093 exemplaris
3125 5027 3206 5078 sui
3238 5044 3284 5079 n-
3313 5039 3391 5079 tas
3436 5044 3545 5081 non

1941 5099 2309 5155 intellexerit.
2343 5116 2504 5154 uuam
2536 5116 2633 5169 pro
2664 5099 2835 5152 tribus
2879 5097 3213 5151 exscribere.
3268 5096 3541 5155 VALLARS.

2017 5171 2031 5222 i
2074 5170 2267 5225 Mirum
2297 5170 2444 5225 dictu
2476 5184 2558 5225 est
2589 5172 2691 5223 hoc
2722 5170 2863 5231 loco,
2901 5180 3007 5222 tam
3038 5171 3225 5231 paucis
3257 5172 3307 5221 in
3340 5174 3545 5239 Vt'lbls,

1939 5256 2101 5314 quam
2130 5243 2295 5295 multa
2327 5251 2545 5314 peccata
2574 5242 2677 5295 sint
2708 5257 2734 5292 a
2771 5242 2939 5295 veteri
2970 5256 3289 5294 alltnllllPllSI
3329 5259 3341 5293 :
3379 5247 3547 5312 siqui-

1939 5315 2063 5371 dem
2097 5325 2214 5369 erat
2247 5315 2298 5367 in
2326 5330 2428 5367 ms.
2461 5313 2713 5385 Magister
2745 5315 2993 5367 hartenus
3019 5317 3161 5367 navis
3191 5315 3321 5367 liora
3351 5322 3545 5382 tempe—

1939 5396 2089 5440 statts
2114 5385 2279 5440 ecoris
2306 5396 2353 5439 el
2376 5385 2631 5455 periculo,
2663 5402 2926 5457 magnam,
2957 5397 3086 5447 etc.,
3113 5402 3232 5453 quae
3264 5387 3546 5450 (‘ttltjt't‘lll-

1942 5475 2003 5514 ra
2040 5470 2248 5513 tantum
2278 5458 2498 5513 adducti
2526 5467 2736 5511 nmtare
2768 5459 2883 5511 ausi
2916 5471 3103 5510 SUllllIs
3128 5498 3144 5523 ,
3182 5473 3302 5509 cum
3339 5460 3543 5511 laltllt~m

1940 5542 2087 5585 esset
2112 5545 2306 5585 sensus
2333 5529 2677 5599 dispendium
2702 5572 2715 5588 ,
2745 5546 2811 5583 ne
2846 5530 3151 5594 bujusmodi
3187 5529 3439 5599 inomtris
3467 5529 3543 5577 in-
3574 5582 3577 5585 _

1942 5613 2062 5657 ctor
2092 5598 2476 5657 offenderetur.
2509 5602 2686 5655 Ecoris
2714 5602 3026 5670 vero,quod
3057 5614 3251 5654 nouien
3281 5598 3410 5649 nihil
3437 5607 3546 5655 est.

1944 5674 2162 5749 penitus
2182 5678 2562 5749 expuuximus.
2596 5673 2674 5728 In.
2934 5746 2942 5749 _
3264 5739 3275 5749 .

2020 5746 2047 5783 ¹ί
2076 5745 2211 5802 Illud
2239 5739 2393 5799 sicuti
2422 5747 2740 5800 adverbium
2775 5760 2874 5813 pro
2900 5745 3139 5797 similiter
3164 5782 3178 5813 ,
3233 5739 3345 5791 sive
3371 5739 3549 5813 eodem

1946 5828 2100 5889 pacto
2127 5818 2385 5880 sumitur.
2420 5817 2722 5888 cuiusmodi
2756 5811 3004 5889 exempla
3044 5811 3181 5880 apud
3212 5820 3423 5864 veteres
3451 5812 3556 5889 με-

1950 5884 2097 5947 tinos
2120 5889 2425 5961 scriptores
2463 5884 2792 5945 invenimus.
2845 5887 3001 5942 Tunc
3028 5898 3155 5939 vero
3186 5895 3283 5950 pro
3304 5889 3396 5947 ut,
3427 5884 3475 5938 si
3506 5895 3557 5942 et

2954 5980 2993 6040 3
