4106 6344
550 299 620 356 18
1814 297 1874 353 8.
1915 292 2284 356 ΑΝΑετΑειι
2321 294 2342 352 l
2380 293 2590 354 ΡΑΡΛΒ
3785 295 3853 354 ’18

548 431 708 489 quam
744 416 1005 489 Princeps
1032 416 1427 489 Apostolorum
1453 410 1642 473 statui't
1669 423 1724 471 et
1753 414 1860 472 lide
1885 431 1980 471 sua
2020 430 2151 471 con-
2178 424 2228 485 Α
2254 415 2531 486 quondam
2565 415 2827 485 scriptum
2852 457 2866 482 ,
2900 414 3264 473 indicavimus
3283 457 3297 486 ,
3325 428 3356 473 a
3384 416 3544 474 nobis
3573 428 3695 474 esse
3724 417 3860 475 alie-

554 508 783 565 tirmavit
814 509 1083 581 gloriosus
1109 510 1324 577 Petrus,
1358 524 1427 565 ne
1450 510 1572 581 quis
1597 516 1791 564 contra
1822 518 2152 578 praeceptum

556 603 699 673 legat
730 603 844 659 haec
870 620 990 673 quae
1013 605 1270 669 diximus,
1294 604 1692 670 damnavimus,
1708 612 1759 658 et
1790 618 1914 659 cum
1946 604 2156 674 magnis

560 698 812 767 precibus
841 697 1237 768 postulavimus
1264 740 1280 765 ,
1315 706 1373 752 ut
1400 696 1823 765 Evangeliorum
1869 697 2112 751 instituta
2137 738 2153 763 ,

556 808 677 862 quae
718 808 785 847 ex
815 806 913 847 ore
940 805 1040 847 suo
1072 791 1166 847 Dei
1198 801 1252 847 et
1281 790 1483 846 Christi
1528 788 1712 846 docuit
1742 803 2001 854 censura,
2032 801 2056 826 ἰ
2089 792 2157 847 ab

554 882 654 939 hac
689 884 870 940 recedi
901 885 1125 940 omnino
1155 900 1263 939 non
1293 884 1495 940 debere
1522 924 1535 948 ,
1566 883 1664 938 sed
1706 883 1838 939 illud
1869 885 1922 938 in
1952 896 2159 939 inemo-

555 977 689 1034 riam
719 977 915 1034 deduci
940 977 1083 1050 quod
1111 976 1311 1033 Paulus
1336 976 1671 1032 venerabilis
1702 976 1995 1046 Apostolus
2025 992 2164 1048 prm-

555 1068 693 1127 dixit
720 1081 881 1144 atque
920 1071 1263 1127 commonuit
1304 1088 1316 1124 :
1350 1070 1410 1124 Si
1436 1069 1552 1140 quis
1576 1069 1715 1125 vobis
1739 1069 2163 1139 evangelisaverit

558 1176 745 1236 praeter
795 1166 935 1237 quod
984 1166 1397 1237 ettangetizatum
1428 1174 1503 1219 est
1552 1163 1715 1245 uobis,
1771 1166 2046 1219 anathema
2095 1166 2161 1219 sit

555 1256 720 1330 (Gal.
747 1276 785 1324 ι,
819 1257 917 1330 8).
972 1258 1137 1330 igitur
1184 1259 1287 1313 hoc
1335 1267 1669 1327 praeceptum
1707 1266 1953 1314 tenentes
1979 1297 1993 1322 ,
2026 1257 2158 1313 illud

555 1350 819 1423 quidquid
860 1359 944 1407 est
984 1351 1108 1407 tidei
1158 1361 1357 1407 nostra:
1405 1350 1739 1407 contrarium
1770 1392 1786 1416 ,
1821 1349 1889 1405 ab
1918 1349 2158 1420 Origene

552 1510 773 1581 legeris,
810 1509 1098 1581 perSpicue
1138 1507 1303 1563 etiam
1342 1520 1533 1561 sensus
1557 1503 1837 1581 constabit
1867 1524 1878 1557 :
1924 1522 2049 1560 nam
2084 1506 2160 1581 la-

550 1574 1010 1639 ciniosus'i'erme
1060 1588 1206 1634 totus
1250 1588 1334 1636 est
1373 1588 1554 1633 textus
1583 1619 1597 1645 ,
1649 1574 1998 1632 librariorum
2039 1576 2161 1632 cul-

560 1669 651 1761 pa;
681 1653 889 1778 l[fesunt
935 1724 1019 1779 hic
1083 1724 1184 1779 loci
1243 1718 1486 1792 quaedam
1515 1764 1530 1787 ,
1580 1737 1699 1790 «tua:
1750 1722 2163 1777 amauuensium

552 1804 796 1852 veterum
848 1795 1132 1849 oscitantia
1174 1792 1534 1859 exciderunt,
1584 1806 1711 1861 puta
1755 1803 2065 1859 serventur;
2113 1803 2160 1847 et

554 1841 940 1932 constituimus:
966 1841 1209 1936 aut‘quid
1240 1864 1417 1920 simile
1445 1880 1458 1919 :
1489 1841 1597 1918 necl
1617 1872 1821 1936 tamen,
1859 1841 1950 1919 toti
1982 1841 2159 1920 ad'huc
2194 1841 2237 1903 Β

556 1937 770 1995 mendis
798 1938 1056 2005 impedita
1092 1934 1363 2001 oratione,
1408 1938 1583 1991 sancti
1612 1934 1900 1990 Pontiﬁcis
1926 1936 2158 1991 obscura

555 2024 711 2066 mens
734 2019 837 2064 est.
874 2009 948 2066 in.

631 2076 659 2118 δ
682 2078 947 2135 Nimirum
968 2078 1358 2136 Cremonensis
1386 2078 1675 2144 Eusebius,
1700 2076 1793 2149 qui
1822 2094 1946 2133 cum
1974 2078 2161 2134 Romae

981 2224 1049 2237 σο-
1070 2222 1173 2237 “ι

2259 528 2385 566 uuln
2418 520 2580 581 atque
2611 511 2877 581 punitum.
3335 562 3353 580 ,

2329 604 2416 659 lli.
2451 603 2579 658 Haac
2616 603 2890 658 sanctitati
2920 609 3024 658 tum
3065 603 3387 674 scripsimus
3429 618 3529 675 per
3563 602 3859 659 Eusebium

2258 696 2659 767 presbyterum,
2689 696 2780 766 qui
2818 698 3059 751 calorem
3089 694 3214 750 tidei
3243 705 3487 767 gestans,
3522 701 3577 751 et
3618 710 3861 751 amorem

2256 791 2405 847 circa
2435 791 2722 846 Dominum
2752 789 2960 845 habens
2981 788 3030 856 ι’,
3054 790 3303 861 quaedam
3333 789 3567 859 capitula
3609 788 3865 861 blasphe-

2259 888 2382 945 mia:
2410 887 2628 953 obtulit,
2657 900 2781 959 quas
2809 898 2909 942 nos
2936 901 3043 941 non
3069 886 3247 941 solum
3291 884 3621 949 borruimus,
3648 895 3704 941 et
3726 883 3869 957 judi-

2264 982 2531 1049 eavimus,
2555 994 2747 1039 verum
2774 981 2898 1037 etsi
2929 995 3031 1052 qua
3052 982 3157 1035 alia
3186 989 3312 1036 sunt
3340 978 3407 1036 ab
3434 978 3670 1052 Origene
3701 996 3869 1052 expo-

2264 1075 2406 1141 sita,
2462 1088 2585 1130 cum
2632 1088 2733 1129 suo
2781 1081 3005 1129 auclore
3054 1074 3256 1146 pariter
3306 1087 3335 1129 a
3369 1075 3525 1130 nobis
3573 1074 3714 1129 scias
3749 1088 3872 1131 esse

2260 1165 2541 1221 damnata.
2572 1167 2839 1222 Dominus
2866 1177 2920 1222 te
2952 1167 3279 1223 incolumem
3313 1163 3615 1235 custodiat,
3647 1164 3869 1224 domine

2261 1257 2433 1316 frater
2460 1260 2655 1314 merito
2686 1259 3045 1315 honorabilis.

2271 1508 2513 1587 essetab
2530 1524 2671 1587 anno
2701 1507 2805 1587 598
2834 1507 3086 1587 Origenis
3116 1509 3287 1564 libros
3313 1514 3435 1586 περὶ
3464 1510 3674 1587 ’ᾼρχῷν
3700 1526 3728 1563 a
3764 1510 3872 1564 itus

2272 1580 2383 1633 tino
2414 1578 2681 1633 latinitate
2717 1578 2969 1645 donatos,
3008 1582 3214 1650 primus
3239 1578 3747 1650 accuSavit'palam.
3796 1594 3874 1635 at-

2270 1665 2386 1724 que
2416 1651 2543 1705 inde
2580 1651 3039 1721 blasphemiarum
3071 1651 3303 1722 capitula
3352 1652 3645 1724 excerpsit.
3681 1653 3783 1722 Qui
3822 1661 3875 1707 et

2275 1723 2561 1794 Mediolani
2591 1738 2712 1776 cum
2742 1732 2930 1794 esset,
2983 1738 3078 1788 per
3106 1725 3155 1776 id
3190 1737 3381 1791 nempe
3435 1723 3714 1793 temporis,
3770 1736 3875 1794 quo

2272 1793 2465 1877 detulit
2495 1793 2801 1877 lianc‘cehad
2826 1792 3531 1877 Simpliciununt.Anastasi
3552 1792 3872 1877 epistolam,

2267 1866 2552 1934 quamdun
2603 1864 2813 1937 Rufino,
2848 1878 3117 1934 praesente
3159 1868 3409 1922 recitavit
3454 1884 3519 1921 ex
3558 1864 3677 1937 ejus
3713 1872 3878 1921 inter-

2273 1940 2574 2011 pret.ui_onc
2594 1935 2849 2011 Origeuis
2868 1939 3219 2003 sententiam,
3250 1954 3424 2011 quain
3447 1953 3506 1993 se
3533 1935 3877 2011 iuipUguassc

2273 2008 2416 2063 idem
2447 2008 2678 2063 Ruﬁnus
2710 2006 2748 2061 Ι.
2779 2021 2797 2061 1
2830 2006 3154 2065 luvectivar.
3186 2006 3368 2064 tradit.
3404 2008 3479 2065 lu.

1791 2392 2641 2501 APPENDIX.

620 2608 1209 2697 EPISTOL/E
1253 2608 1529 2697 DU/E
1572 2608 1653 2692 S.
1704 2605 2339 2693 ANASTASIO
2388 2608 3036 2693 PERPERAM
3080 2610 3817 2695 ATTRIBUT/E.
3859 2696 3876 2710 ,

1862 2768 1956 2833 (Es
1982 2766 2138 2822 Labb.
2174 2768 2320 2823 Coac.
2358 2780 2472 2823 tom.
2512 2770 2603 2833 ii.)

1046 3115 1071 3143 ⁸
1100 3104 1439 3163 EPISTOLA
1472 3103 1705 3160 PRIMA.

680 3237 747 3279 AD
786 3235 959 3279 OINES
998 3237 1285 3279 GERMANIE
1326 3238 1391 3278 AC
1431 3237 1743 3279 BURGUNDIE
1784 3234 2083 3277 EPISCOI‘OB.

582 3338 625 3394 l.
660 3338 729 3395 Ut
756 3347 990 3393 sanctum
1016 3336 1359 3411 Evangelium
1388 3337 1615 3391 unirersi
1636 3380 1648 3403 ,
1682 3352 1786 3391 non
1812 3336 2065 3399 sedentes,
2100 3335 2190 3391 sed

653 3440 847 3487 stantes
869 3431 1109 3487 audiant.
1135 3464 1203 3472 —
1227 3431 1290 3489 ll.
1318 3428 1682 3487 Transmarini
1705 3432 1966 3500 quomodo
1990 3430 2057 3482 ad
2087 3431 2190 3485 cle-

653 3542 769 3579 rum
808 3526 967 3595 recipi
1011 3526 1251 3582 debeant.
1278 3526 1459 3582 —lll.
1507 3526 1581 3579 De
1624 3525 1933 3579 Hanichwis
1974 3524 2029 3578 in
2067 3523 2190 3577 urbe

662 3620 898 3675 Romana
922 3622 1162 3692 repertis.

591 3738 921 3792 Amsnsws
944 3736 1236 3807 episcopus
1257 3736 1477 3793 cunctis
1497 3735 1804 3791 Germania:
1827 3745 1885 3789 et
1902 3733 1929 3772 ι)
1948 3734 2192 3805 Burgun-

734 3831 838 3885 dii!)
870 3830 1113 3902 regionis
1144 3830 1420 3899 episcopis
1450 3829 1503 3883 iu
1531 3829 1761 3883 Domino
1790 3826 2046 3883 salutem.

664 3944 845 4018 Exigit
885 3945 1106 4003 dilectio
1137 3954 1349 4010 vestra,
1384 3944 1729 4011 charissimi,
1770 3953 1830 3998 ut
1863 3960 1926 3998 ex
1962 3946 2200 4000 auctori-

593 4048 704 4095 tate
734 4038 882 4095 sedis
910 4039 1229 4108 apostoiie'e
1262 4038 1458 4091 vestris
1490 4036 1819 4091 deberemus
1862 4037 2199 4107 respondere

593 4130 884 4187 consultis.
912 4130 979 4184 Et
1000 4127 1249 4200 quamvis
1277 4141 1383 4181 non
1410 4126 1648 4198 prolixe,
1678 4128 1773 4182 sed
1798 4127 2073 4185 succincte
2095 4128 2202 4187 hoc

596 4240 788 4299 agere,
823 4233 1047 4295 propter
1080 4220 1344 4291 quasdam
1375 4219 1514 4275 alios
1543 4224 1937 4291 occupationes
1979 4222 2201 4279 festina-

596 4334 819 4386 remus,
848 4317 1032 4374 denuo
1066 4324 1285 4378 tamen,
1315 4314 1362 4368 si
1395 4328 1623 4369 necesse
1663 4315 1857 4379 fuerit,
1891 4314 1961 4369 ob
1991 4316 2085 4370 bas
2121 4316 2202 4371 vel

596 4413 733 4469 alias
766 4409 1159 4468 necessitates,
1194 4406 1353 4474 quasi
1386 4404 1451 4458 ad
1483 4416 1643 4476 caput
1668 4448 1683 4475 ,
1721 4408 1938 4462 mittere
1966 4407 2205 4464 cbarita-

2207 3108 2251 3169 (ζ
2283 3100 2431 3175 quod
2461 3109 2518 3157 ut
2548 3102 2856 3161 nullatenus
2889 3103 3149 3175 deinceps
3186 3103 3302 3161 ticri
3335 3102 3556 3172 sinatis,
3588 3106 3895 3177 apostolica

2290 3199 2616 3255 auctoritate
2646 3200 2997 3255 mandamus.
3030 3199 3142 3255 Sed
3181 3199 3314 3254 (litin
3355 3198 3455 3254 SS.
3502 3200 3796 3270 Evangelia
3842 3202 3894 3255 in

2292 3290 2525 3345 ecclesia
2557 3290 2859 3346 recitantur
2878 3332 2891 3355 ,
2916 3289 3235 3345 sacerdotes
3257 3299 3313 3345 et
3334 3290 3519 3344 czcteri
3542 3303 3734 3346 omnes
3763 3306 3899 3361 pra:-

2294 3392 2507 3446 scnlcs,
2555 3398 2659 3437 non
2705 3382 2992 3447 sedentes,
3041 3380 3138 3438 sed
3183 3381 3575 3438 venerabiliter
3614 3383 3800 3451 curvi,
3847 3382 3900 3439 in

2295 3485 2592 3543 Conspectu
2622 3476 2799 3531 sancti
2830 3474 3112 3545 Evangelii
3139 3484 3385 3539 stantes,
3413 3473 3702 3530 Dominica
3731 3476 3900 3532 verba

2298 3569 2503 3623 intente
2533 3568 2787 3633 audiant,
2822 3577 2878 3623 et
2909 3567 3147 3623 fideliter
3178 3567 3426 3621 adorent.

2370 3659 2433 3714 ii.
2467 3660 2732 3715 Similiter
2765 3669 2819 3715 et
2850 3660 3251 3716 transmarinos
3281 3660 3534 3718 homines
3555 3702 3569 3727 ,
3603 3659 3678 3718 de
3706 3662 3905 3730 quibus

2302 3768 2401 3809 nos
2438 3752 2825 3819 consuluistis,
2867 3752 2921 3809 iu
2962 3751 3255 3809 clericatus
3286 3751 3497 3810 honore
3527 3754 3699 3810 nolite
3727 3754 3906 3811 susci‘

2302 3864 2463 3919 pere,
2492 3847 2597 3903 nisi
2622 3850 2864 3919 quinque
2889 3857 2985 3903 aut
3009 3864 3077 3903 eo
3100 3849 3341 3920 amplius
3368 3848 3762 3918 episcoporum
3791 3848 3909 3903 rbi-

2303 3940 2590 4011 rographis
2618 3941 2731 3996 sint
2758 3939 3072 4013 designati;
3104 3943 3227 4013 quia
3257 3940 3427 3997 multa
3459 3954 3557 4012 per
3588 3940 3905 4012 subreptio-

2304 4047 2428 4089 nem
2473 4034 2650 4090 solent
2690 4034 2938 4090 evenire.
2985 4032 3111 4092 ideo
3144 4045 3203 4091 et
3233 4034 3347 4091 inec
3390 4047 3742 4105 summopere
3783 4043 3912 4091 sunt

2305 4126 2570 4185 cavenda.

2375 4219 2466 4276 lii.
2508 4220 2838 4277 Maiiichaeos
2874 4234 3039 4287 vero,
3072 4235 3211 4289 quos
3243 4221 3295 4276 in
3328 4219 3463 4273 urbe
3493 4216 3665 4274 Roma
3697 4219 3913 4276 inveni—

2308 4328 2449 4380 mus,
2482 4323 2534 4366 et
2566 4328 2831 4386 sequaces
2862 4328 3059 4369 eorum
3094 4313 3267 4369 nolite
3300 4310 3583 4384 recipere,
3618 4330 3803 4384 neque
3834 4310 3913 4370 eis

2309 4410 2754 4476 communicare,
2796 4420 2891 4463 aut
2936 4408 3104 4464 ullam
3146 4424 3270 4465 cum
3312 4409 3394 4469 eis
3435 4408 3913 4478 participationem

598 4508 711 4564 tlve
752 4519 864 4560 non
905 4500 1175 4558 dubitetis
1195 4542 1208 4565 ,
1238 4497 1366 4570 quia
1396 4509 1612 4555 vestras
1642 4517 1833 4571 preces
1872 4510 1929 4558 et
1969 4517 2109 4558 nunc
2147 4511 2201 4559 et
2228 4508 2280 4569 Ι)
2306 4502 2535 4567 habere,
2559 4504 2872 4573 priusquam
2896 4502 2962 4556 ad
2987 4512 3189 4556 rectam
3213 4511 3604 4558 convertantur
3627 4502 3824 4566 ﬁdem;
3849 4515 3915 4557 nc

604 4612 733 4658 tunc
764 4606 1017 4664 acceptas
1046 4594 1330 4649 habemus.

675 4692 719 4747 1.
749 4685 1113 4758 Signiﬁcastis
1139 4684 1281 4739 enim
1312 4686 1580 4755 quosdam
1607 4686 1922 4743 sacerdotes
1947 4688 1996 4743 in
2026 4690 2201 4746 eccle-

603 4787 719 4849 sia,
750 4780 971 4852 quando
1005 4780 1259 4851 ieguntur
1290 4779 1614 4851 Evangelia,
1648 4780 1871 4847 sedere,
1904 4792 1957 4837 et
1990 4782 2202 4840 Domini

603 4876 905 4938 Salvatoris
938 4874 1103 4929 verba
1133 4889 1237 4929 non
1270 4883 1514 4939 stantes,
1547 4877 1640 4931 sed
1683 4875 1937 4931 sedentes
1976 4878 2204 4945 audire,

607 4982 665 5030 et
693 4971 800 5027 hoc
824 4982 890 5024 ex
919 4967 1185 5038 majorum
1218 4967 1511 5024 traditione
1542 4983 1601 5024 se
1633 4968 1908 5041 accepisse
1939 4981 2161 5027 narrant
2189 4990 2200 5026 :

686 5139 712 5167 ο
743 5126 1013 5200 Epistola.
1044 5126 1369 5200 Anastasius
1392 5126 1575 5195 plures
1607 5127 1826 5199 scripsit
1857 5130 2117 5197 epistolas
2152 5133 2201 5185 in

611 5214 772 5260 causa
795 5196 1229 5268 'Urigenistarum
1261 5211 1313 5252 et
1344 5196 1781 5266 Donatistarum,
1815 5211 1869 5258 et
1902 5202 2044 5258 inter
2070 5204 2205 5259 alias

612 5272 681 5329 ad
709 5270 964 5344 Ursinum
992 5269 1058 5324 de
1086 5270 1457 5344 incarnatione
1488 5270 1609 5327 Filii
1642 5270 1770 5339 Dei,
1797 5271 1950 5344 cujus
1980 5276 2079 5328 tria
2110 5292 2204 5329 ex-

612 5350 761 5401 stant
788 5342 1081 5411 fragmeuta
1103 5342 1155 5397 in
1178 5342 1479 5413 appendice
1508 5345 1575 5398 ad
1609 5342 1934 5399 breviarium
1962 5345 2202 5400 Liberati

612 5414 851 5471 diaconi.
883 5414 1038 5486 _lia~c
1090 5418 1168 5481 si,
1224 5416 1367 5486 quod
1426 5418 1695 5485 reperitur
1747 5418 1799 5471 in
1857 5417 1960 5470 [inc
2012 5415 2198 5483 illius,

614 5486 819 5559 scripta
875 5484 1000 5559 fuit
1035 5484 1265 5543 Arcadio
1318 5484 1501 5559 atque,
1538 5488 1785 5542 Bautone
1842 5487 2153 5542 consulibus
2182 5530 2197 5551 ,

614 5556 1002 5631 annoADomini
1045 5559 1148 5613 585
1192 5570 1349 5631 atque
1394 5556 1529 5614 adeo
1577 5560 1984 5631 quatuordecim
2036 5560 2194 5612 annis

616 5640 741 5685 ante
775 5629 1075 5694 ingressum
1117 5628 1388 5686 Anastasii
1431 5636 1705 5686 exaratam
1751 5628 1918 5685 fuisse
1959 5639 2189 5697 Oportet.

615 5701 766 5759 Unde
795 5700 835 5754 si
866 5716 983 5756 eam
1018 5702 1311 5771 legitimam
1345 5714 1396 5756 et
1429 5718 1535 5755 non
1581 5703 1756 5767 potius
1800 5700 2196 5771 supposititiam

609 5787 736 5829 esse
777 5773 1041 5839 velimus,
1085 5769 1345 5843 apparet,
1390 5789 1508 5825 eam
1559 5772 1639 5825 vel
1686 5771 1809 5825 aliis
1856 5769 2203 5843 pontiﬁcibus

605 5858 769 5919 quam
821 5842 1114 5900 Anastasio
1158 5840 1534 5901 ascribendam
1581 5853 1744 5911 esse,
1789 5840 1871 5897 vel
1916 5840 1969 5897 in
2022 5852 2205 5896 notam

2310 4607 2498 4649 eorum
2530 4595 2672 4648 male
2697 4593 3018 4663 pullulantia
3045 4594 3255 4647 semina
3280 4636 3290 4655 ,
3317 4606 3435 4663 qua:
3457 4607 3486 4647 a
3514 4593 3749 4650 nobisin
3777 4592 3919 4651 Urbe

2311 4683 2751 4757 exstinguuntur,
2802 4683 3054 4756 pessimis
3101 4684 3383 4740 vobisutm
3430 4684 3711 4741 radicibus
3754 4688 3920 4741 semi-

2313 4790 2509 4837 uenlur
2542 4781 2627 4835 vei
2655 4778 2985 4850 germinent.
3020 4777 3293 4832 Plurimos
3316 4790 3444 4831 vero
3472 4792 3691 4841 eorum,
3724 4788 3781 4831 et
3806 4790 3920 4831 suas

2314 4888 2579 4946 sequaces
2602 4873 2902 4943 impietatis
2922 4914 2935 4939 ,
2966 4882 3130 4941 atque
3162 4872 3376 4926 illorum
3408 4870 3663 4927 doctores
3695 4872 3921 4927 investi-

2313 4972 2463 5041 gatio
2488 4977 2673 5024 nostra
2701 4969 2934 5039 reperit,
2962 4968 3238 5039 vigilantia
3261 4966 3553 5038 divulgavit
3572 5008 3587 5033 ,
3616 4970 3920 5023 auctoritas

2310 5127 2652 5185 consularem
2701 5123 2972 5199 mendum
3006 5125 3312 5194 irrepsisse.
3368 5124 3688 5194 lnnposturte
3740 5129 3925 5199 suspi.

2308 5203 2519 5256 cionem
2577 5195 2973 5271 auget,qund
3025 5201 3258 5271 maxima
3318 5199 3759 5271 parsepistoiie,
3812 5195 3919 5271 qua

2307 5274 2484 5339 agitur
2512 5271 2577 5324 de
2608 5269 2953 5339 Maiiigbzcis,
2990 5268 3293 5328 reperiatur
3323 5268 3463 5337 apud
3496 5278 3746 5324 sanctum
3782 5268 3921 5328 Leo-

2308 5334 2431 5397 ncm
2466 5358 2718 5409 tuaguum
2752 5334 3057 5393 Romanum
3093 5334 3440 5406 poutiiicetu,
3473 5340 3525 5394 in
3570 5342 3805 5407 epistola
3850 5346 3919 5399 il-

2303 5415 2405 5485 lius
2439 5408 2673 5467 secunda
2717 5412 2783 5485 ad
2824 5411 3112 5485 universos
3154 5408 3325 5464 Italia:
3352 5414 3656 5485 episcopos
3687 5418 3917 5485 scripta.

2305 5484 2428 5539 Haec
2462 5492 2586 5555 post
2613 5481 2834 5538 Surium
2865 5480 3134 5536 Baronius
3161 5498 3307 5555 anno
3336 5481 3475 5548 402,
3508 5480 3660 5537 nunt.
3690 5487 3783 5541 ιδ.

3265 5554 3530 5610 Severus.
3563 5555 3769 5612 BINIUS.

2379 5629 2403 5663 ι·
2448 5624 2541 5678 Vel
2586 5624 2688 5679 hoc
2728 5624 2953 5678 verbum
2998 5626 3351 5694 imposturatn
3393 5642 3420 5678 a

2308 5695 2676 5753 Valentiniani
2708 5711 2777 5767 tu
2820 5697 3045 5767 imperio
3078 5698 3309 5767 primum
3349 5697 3414 5749 ad

2314 5784 2433 5824 nam
2469 5766 2719 5824 conversi
2752 5776 2881 5824 sunt
2911 5766 3347 5839 Burgundiones.
3380 5767 3549 5825 Lassi.

3494 5628 3573 5680 uit
3592 5667 3608 5692 ,
3644 5643 3770 5684 nam
3815 5631 3918 5685 sub

3560 5712 3612 5753 tn
3664 5702 3919 5757 cbristim
