4106 6344
193 289 262 352 Ἠ
1548 284 1917 351 εΡιετοωΕ
1955 286 2209 350 υυΒιῶ.

3488 295 3561 356 ’18

193 417 248 463 et
270 422 512 465 censura
539 410 827 467 coercuit.
856 411 1006 480 Quos
1033 411 1311 481 potuimus
1335 410 1665 477 emendare,
1695 424 1818 466 cor-
1847 410 1901 470 A
1924 423 2021 465 nes
2061 424 2184 480 quae
2234 406 2519 465 vobiscum
2573 406 2716 463 bene
2760 408 3014 465 sentiunt
3034 447 3052 476 ,
3100 410 3395 469 ecclesias.
3442 413 3555 471 Nos

194 497 434 556 reximus
465 517 479 551 :
513 508 576 556 et
605 509 670 557 ut
699 503 1024 559 damnarent
1058 502 1420 559 Manicheum
1450 517 1578 558 cum
1622 502 1820 571 praedi-

194 590 407 647 catione
430 601 486 647 et
512 591 840 665 disciplinis
861 597 1007 662 suis,
1034 594 1243 665 publica
1266 595 1322 649 in
1352 594 1584 650 ecclesia
1614 591 1824 663 profes-

195 683 344 741 sione
364 694 422 739 et
444 699 653 740 manus
679 702 800 742 sua:
826 687 1224 757 subscriptione
1242 685 1606 755 compulimus
1630 702 1641 737 :
1670 694 1720 738 et
1748 684 1821 739 ita

1927 516 2147 573 quoque
2166 543 2181 567 ,
2212 510 2270 558 ut
2294 501 2457 558 modo
2486 499 2666 557 facitis
2686 540 2701 566 ,
2729 510 2785 558 et
2815 501 3171 573 alloquamini
3198 544 3215 571 ,
3250 514 3398 574 peto,
3432 521 3554 562 cre-

1928 593 2080 648 brius
2110 593 2345 659 litteris,
2378 602 2432 650 et
2462 592 2806 664 frequentius
2842 592 2912 651 de
2948 593 3057 649 ﬁde
3100 606 3159 650 et
3198 595 3342 651 bona
3367 597 3549 654 inten-

1928 686 2075 741 tione
2100 696 2282 742 vestra
2324 694 2488 759 atque
2530 688 2831 758 sospitate,
2878 686 3193 756 la-tilicate,
3231 702 3284 746 ut
3316 700 3372 747 et
3411 707 3551 763 gau-

201 773 265 832 de
293 775 566 848 voragine
600 776 912 850 impietatis
941 794 1053 836 sua:
1083 777 1371 836 confessos
1395 820 1411 846 ,
1444 776 1821 849 ptenitentiam
1852 746 2076 836 ’dium
2110 746 2416 835 commune.
2436 778 2737 835 habeamus
2759 822 2773 844 .
2809 788 2867 837 et
2894 779 3127 837 Domino
3163 782 3286 853 pari
3318 746 3446 840 voto
3478 785 3544 841 ﬁ-

196 866 585 935 concedendo,
630 867 965 927 levavimus.
1006 868 1285 944 Aliquanti
1315 885 1480 937 vero,
1522 870 1615 941 qui
1650 870 1723 924 ita
1764 884 1823 925 se

195 959 624 1032 demerserunt,
672 972 735 1019 ut
781 965 991 1021 nullum
1035 965 1119 1021 his
1168 964 1482 1037 auxiliantis
1523 964 1821 1021 remedium

195 1062 372 1125 posset
399 1054 725 1112 subvenire
746 1100 760 1123 ,
794 1057 997 1115 subditi
1025 1057 1267 1130 legibus,
1300 1058 1600 1114 secundum
1630 1057 1821 1114 Chris-

196 1144 462 1201 tianorum
497 1148 829 1220 principum
862 1152 1190 1218 constituta,
1223 1166 1293 1208 ne
1321 1160 1569 1207 sanctum
1600 1168 1820 1223 gregem

195 1251 284 1294 sua
338 1240 695 1311 contagione
752 1242 1095 1312 polluerent,
1160 1259 1259 1315 per
1315 1245 1561 1315 publicos
1607 1246 1824 1317 judiccs

194 1337 452 1401 perpetuo
479 1340 621 1389 sunt
653 1331 860 1391 exsilio
887 1333 1147 1405 relegati,
1176 1342 1231 1391 et
1258 1335 1441 1393 omnia
1468 1350 1590 1407 qua:
1619 1344 1731 1393 tam
1767 1335 1822 1393 in

194 1420 443 1490 scriptis,
477 1436 654 1490 quam
695 1421 750 1478 in
781 1424 1018 1479 occultis
1048 1425 1432 1481 traditionibus
1463 1427 1578 1482 suis
1622 1426 1825 1483 habent

197 1512 419 1584 profana
445 1514 538 1569 vel
582 1517 773 1586 turpia
798 1559 813 1584 ,
857 1526 917 1573 ut
954 1527 1142 1575 nosset
1179 1519 1411 1591 populus
1448 1520 1577 1592 quid
1616 1520 1826 1592 fugeret

197 1615 281 1662 aut
307 1609 543 1675 vitaret,
573 1609 1106 1668 oculisChristiana:
1135 1614 1309 1682 plebis
1336 1622 1482 1669 certa
1512 1616 1825 1672 manifesta-

199 1700 338 1758 tione
362 1700 744 1773 probavimus
774 1706 933 1779 (fort.
959 1707 1398 1780 propalavimus)
1417 1753 1430 1774 ,
1457 1708 1593 1765 adeo
1621 1722 1677 1766 ut
1709 1711 1825 1782 ipse

1925 872 2126 929 deliter
2156 873 2478 928 serviamus.
2528 873 2658 927 Data
2684 872 2855 928 Nonis
2884 872 3145 930 Octobris
3172 917 3187 949 ,
3224 874 3464 933 Arcadio
3494 887 3550 933 et

1925 958 2170 1020 Bautone
2201 961 2332 1022 viris
2361 960 2691 1021 clarissimis
2721 962 3064 1021 consulibus.

2472 1087 2497 1115 ει
2539 1077 2876 1135 EPISTULA
2923 1076 2989 1134 II.

2530 1188 2598 1227 AD
2637 1187 2935 1228 NERIANUI.

1930 1286 2226 1344 Nerianuut
2254 1288 2560 1362 religiosum
2598 1290 2765 1344 virum
2797 1290 2861 1343 ob
2893 1300 3173 1362 parentum
3213 1294 3545 1349 amissionem

2651 1384 2869 1438 solatur.

2147 1500 2519 1557 Dilectissimo
2540 1499 2694 1557 fratri
2718 1498 2960 1557 Neriano
2976 1499 3321 1557 Anastasius.

2005 1621 2170 1675 Multa
2213 1620 2347 1675 mihi
2389 1620 2442 1674 in
2486 1619 2740 1675 omnibus
2774 1620 2895 1676 Iidei
2929 1629 2985 1677 et
3013 1621 3275 1677 bonitatis
3307 1632 3415 1678 tua:
3448 1623 3539 1677 Iit-

1930 1713 2062 1775 teris
2090 1727 2251 1769 causa
2286 1709 2467 1785 gaudii
2499 1723 2620 1779 εει,
2670 1712 2817 1784 quod
2861 1723 3066 1768 tantum
3110 1714 3347 1769 studium
3392 1717 3539 1771 circa

197 1794 280 1864 qui
306 1809 497 1851 eorum
530 1796 834 1853 dicebatur
858 1801 1179 1871 episcopus,
1209 1816 1237 1855 a
1269 1802 1429 1857 nobis
1460 1811 1669 1868 tentus,
1701 1820 1825 1873 pro;
1854 1806 1901 1866 Β
1930 1807 2211 1878 religionis
2236 1808 2438 1863 cultum
2466 1807 2718 1874 exhibes,
2751 1817 2806 1862 et
2838 1807 3057 1862 Domini
3089 1809 3407 1864 sacerdotes
3435 1810 3542 1863 tuis

200 1887 336 1945 deret
367 1889 655 1962 ﬂagitiosa
686 1893 740 1947 in
772 1892 885 1949 suis
914 1896 1188 1968 mysteriis
1220 1895 1674 1971 (fort.mysticis),
1703 1914 1825 1969 qua:

200 1993 433 2053 teneret,
468 1985 624 2043 sicut
659 1998 948 2059 gestorum
982 2005 1076 2046 vos
1107 1989 1285 2047 series
1316 1994 1524 2064 poterit
1563 1992 1823 2049 edocere.

199 2079 270 2134 Ad
303 2080 740 2137 instructionem
772 2082 921 2137 enim
956 2092 1199 2139 vestram
1244 2084 1409 2140 etiam
1455 2086 1569 2154 ipsa
1616 2086 1820 2141 direxi-

202 2187 349 2227 mus:
380 2173 594 2244 quibus
629 2174 832 2240 lectis,
862 2176 1042 2231 omnia
1072 2192 1194 2246 qua:
1222 2192 1251 2231 a
1283 2175 1441 2233 nobis
1479 2177 1824 2248 deprehensa

203 2274 339 2334 sunt,
358 2283 526 2325 nosse
553 2268 842 2339 poteritis.
863 2268 933 2329 Et
957 2271 1084 2341 quia
1104 2272 1415 2342 aliQuantos
1437 2272 1507 2331 de
1532 2274 1637 2339 his,
1662 2287 1820 2343 quos,

208 2375 267 2415 ne
285 2360 752 2431 absolverentur,
767 2361 976 2420 arctior
993 2362 1140 2440 (fort.
1160 2363 1425 2437 atrocior)
1446 2375 1635 2422 reatus
1652 2366 1831 2424 invol-

205 2462 382 2521 verat;
428 2453 811 2525 cognovimus
851 2456 1159 2527 aufugisse,
1196 2459 1337 2514 hanc
1363 2458 1429 2513 ad
1461 2457 1820 2515 dilectionem

205 2554 431 2601 vestram
458 2548 769 2618 epistolam
802 2548 1081 2616 misimus,
1111 2560 1170 2604 ut
1196 2550 1389 2605 effecta
1431 2554 1634 2609 certior
1665 2567 1825 2611 sanc-

210 2638 322 2695 titas
358 2649 567 2707 vestra,
595 2639 901 2695 sollicitius
925 2658 1087 2713 agerc
1104 2644 1359 2713 dignetur
1381 2654 1436 2699 ct
1459 2645 1697 2711 cautius,
1723 2659 1824 2701 nec

209 2732 293 2786 ubi
316 2733 638 2789 Manichaee:
678 2735 1054 2803 perversitatis
1096 2734 1347 2791 homines
1380 2736 1568 2807 plebes
1608 2743 1823 2791 vestras

210 2825 507 2885 facultatem
535 2828 787 2885 lmdendi
811 2871 825 2896 ,
852 2840 906 2885 et
938 2829 1099 2901 hujus
1127 2831 1398 2902 Sacrilegii
1430 2831 1643 2903 possint
1670 2831 1823 2886 inve-

212 2920 326 2975 nire
353 2920 635 2978 doctores.
675 2921 854 2977 Aliter
885 2922 1030 2978 enim
1073 2923 1227 2979 nobis
1266 2923 1590 2980 commissos
1628 2939 1825 2995 regere

218 3027 321 3067 non
349 3028 635 3084 possumus
659 3057 678 3083 ,
711 3014 815 3070 nisi
849 3029 945 3071 eos
964 3057 979 3082 ,
1009 3015 1103 3085 qui
1133 3025 1259 3071 sunt
1290 3018 1531 3087 perversi
1564 3018 1823 3074 doctores

216 3104 375 3178 (fort.
423 3106 794 3179 proditores)
832 3115 889 3162 et
926 3107 1160 3179 perditi,
1203 3108 1322 3165 zelo
1362 3109 1487 3165 ﬁdei
1526 3110 1821 3165 dominica:

1929 1900 1981 1955 in
2013 1901 2254 1970 partibus
2270 1900 2528 1974 adjuvare
2544 1901 2749 1957 studes.
2786 1901 2938 1957 Unde
2961 1911 3016 1957 et
3047 1901 3158 1956 Deo
3182 1903 3388 1977 gratias
3415 1917 3541 1975 ago.

1927 1993 2021 2063 qui
2062 2004 2113 2049 tc
2155 1993 2221 2049 ad
2254 1992 2357 2049 hoc
2391 1994 2645 2065 inStigat,
2679 2004 2732 2049 et
2765 2004 2821 2049 ut
2853 1994 3317 2064 perscverahilem
3355 1996 3407 2049 in
3440 1994 3541 2050 bo-

1927 2089 2013 2143 nis
2049 2087 2313 2159 operibus
2358 2097 2409 2143 te
2440 2088 2603 2145 faciat
2624 2130 2637 2153 ,
2667 2104 2855 2144 exoro.
2888 2088 2998 2144 Vos
3029 2098 3211 2144 tamen
3245 2098 3300 2144 et
3329 2090 3381 2144 in
3412 2106 3544 2162 pro-

1926 2181 2103 2249 speris
2132 2188 2187 2235 et
2217 2179 2271 2235 in
2297 2179 2544 2235 adversis
2586 2182 2754 2235 Deum
2800 2182 3022 2235 laudare
3051 2181 3342 2252 magniﬁce
3371 2196 3541 2253 oporo

1927 2280 2038 2337 tet,
2071 2271 2192 2341 ejus
2225 2271 2327 2325 sub
2358 2272 2565 2339 potenti
2597 2270 2879 2325 humiliari
2907 2288 3068 2327 manu
3098 2289 3111 2327 :
3140 2283 3196 2326 ut
3224 2274 3276 2325 in
3310 2282 3545 2342 tempore

1924 2378 2014 2419 eos
2044 2364 2398 2419 tribulationis
2429 2363 2614 2434 (juxta
2649 2363 2871 2422 Petrum
2905 2366 3211 2439 apostolum
3237 2365 3253 2437 )
3285 2369 3545 2436 confortet

1926 2466 1974 2511 et
2021 2457 2211 2511 exultet
2253 2455 2313 2529 (Ι
2345 2455 2460 2512 Pet.
2490 2470 2548 2523 ν,
2579 2454 2679 2529 6).
2729 2456 3120 2514 Fraternitatis
3164 2474 3295 2529 ergo
3342 2467 3541 2514 vestrm

1928 2550 2196 2617 afﬂictio,
2240 2565 2402 2621 quam
2449 2550 2518 2607 de
2567 2550 2866 2606 amissione
2911 2563 3198 2622 parentum
3231 2562 3541 2609 vestrorum

1929 2657 2026 2697 vos
2057 2641 2318 2698 habuisse
2346 2641 2695 2710 audivimus,-
2730 2654 2934 2698 tantam
2968 2644 3127 2699 nobis
3153 2660 3374 2702 causam
3409 2662 3549 2703 mte-

1924 2733 2068 2790 roris
2114 2732 2340 2804 injecit,
2374 2743 2433 2789 ut
2462 2735 2590 2803 quia
2622 2750 2723 2790 nos
2752 2736 2821 2791 de
2851 2734 3070 2792 duobus
3098 2736 3341 2793 charitas
3374 2755 3542 2795 unum

1927 2827 2052 2886 fecit
2075 2869 2091 2895 ,
2121 2842 2217 2883 cor
2248 2837 2496 2885 nostrum
2533 2829 2585 2883 in
2619 2830 2817 2883 vestris
2847 2830 3164 2899 specialiter
3195 2832 3276 2886 uri
3314 2832 3546 2888 tribulao

1927 2921 2171 2981 tionibus
2202 2922 2554 2976 sentiremus.
2589 2919 2697 2977 Sed
2732 2921 2782 2975 in
2814 2920 2918 2976 hoc
2950 2920 3145 2977 dolore
3180 2924 3409 2979 multum
3452 2941 3541 2980 me

1925 3014 2207 3071 consolata
2257 3024 2343 3068 est
2388 3014 2703 3072 sanetitatis
2755 3025 2862 3069 tua:
2911 3016 2974 3070 ad
3017 3016 3257 3072 animum
3304 3035 3394 3073 res
3440 3019 3536 3075 de-

1925 3110 2089 3166 ducta
2110 3152 2124 3177 ,
2158 3112 2284 3182 quia
2317 3112 2473 3182 (fort.
2503 3110 2641 3183 qua)
2674 3121 2726 3167 et
2759 3111 3032 3180 patienter
3067 3111 3213 3168 ferre
3257 3113 3536 3168 tristitiam

211 3212 621 3271 persequamur,
668 3209 729 3255 et
764 3214 797 3255 a
833 3200 982 3257 sanis
1021 3202 1297 3258 mentibus
1336 3201 1451 3274 (ne
1492 3204 1663 3273 pestis
1705 3204 1822 3260 haec
1850 3192 1897 3257 C
1926 3202 2114 3269 decet,
2148 3210 2205 3258 et
2231 3202 2301 3258 de
2331 3213 2509 3257 morte
2549 3202 2728 3273 plebis
2770 3212 2873 3259 tua
2915 3204 3143 3259 ulterius
3186 3204 3402 3274 longam
3430 3222 3539 3259 non

212 3289 362 3347 latius
390 3288 763 3365 divulgetur)
793 3292 908 3362 (at.
941 3292 1279 3364 perditores,
1313 3294 1387 3348 ita
1419 3311 1523 3349 ms.
1557 3294 1772 3351 Justell.
1800 3296 1820 3363 )

212 3390 489 3444 severitate
510 3430 527 3455 ,
556 3403 672 3459 qua
703 3400 1002 3458 possumus
1021 3428 1038 3454 ,
1067 3387 1475 3444 abscindamus.
1508 3388 1662 3444 Unde
1691 3388 1819 3443 hor-

213 3488 292 3536 tor
312 3481 680 3539 dilectionem
710 3489 953 3537 vestram
975 3524 989 3547 ,
1020 3482 1267 3538 obtestor
1290 3491 1350 3538 et
1374 3497 1572 3538 moneo
1592 3524 1607 3550 ,
1634 3492 1694 3537 ut
1714 3497 1819 3553 qua

211 3572 409 3631 debetis
436 3583 502 3632 et
532 3574 803 3647 potestis,
822 3573 1199 3631 sollicitudine
1231 3574 1471 3646 vigiletis
1499 3576 1567 3630 ad
1598 3574 1822 3630 investi-

210 3668 403 3738 gaudes
432 3684 541 3725 eos
563 3709 581 3735 ,
614 3666 817 3725 necubi
849 3666 1163 3723 occultandi
1195 3682 1256 3723 se
1299 3668 1574 3739 reperiant
1596 3667 1824 3723 faculta-

215 3769 332 3817 tem.
362 3763 456 3831 lli,
492 3762 728 3831 fratres,
758 3761 918 3819 valde
944 3762 1175 3819 cavendi
1207 3772 1354 3831 sunt,
1389 3778 1460 3819 ne
1488 3762 1821 3819 dominicum

210 3869 419 3928 gregem
460 3855 971 3929 perversitatihus,
1013 3855 1212 3926 quibus
1252 3864 1518 3927 possunt,
1549 3856 1819 3911 contami-

208 3963 329 4006 nare
368 3950 629 4006 valeant.
672 3946 819 4005 Sunt
858 3961 992 4018 ergo
1034 3948 1252 4017 quidam
1300 3962 1490 4004 eorum
1530 3959 1681 4004 veste
1724 3962 1823 4003 sua

207 4057 329 4099 oves
355 4042 757 4113 signiﬁcantes
779 4082 794 4107 ,
828 4040 1060 4096 interius
1089 4054 1226 4096 vero
1268 4040 1381 4112 lupi
1425 4055 1651 4111 rapaces
1682 4041 1825 4096 exis-

211 4142 353 4192 tunt:
399 4135 550 4202 Quos
577 4133 602 4207 (
621 4133 782 4205 juxta
807 4134 1055 4188 veritatis
1088 4132 1321 4204 vocem)
1364 4149 1427 4189 ea:
1457 4133 1712 4204 fructibus
1738 4150 1823 4188 eo-

209 4245 315 4283 ηιιι
365 4228 627 4285 dabamus
673 4243 956 4300 agnoscere
999 4225 1236 4299 (Matth.
1272 4226 1546 4298 vu,16).
1593 4226 1825 4295 Quando

212 4334 390 4380 autem
436 4321 715 4393 coeperint
759 4335 1043 4377 assumere
1086 4320 1459 4391 impietatem,
1502 4320 1632 4375 illud
1676 4320 1824 4391 quod

210 4415 595 4473 comitabatur
636 4414 691 4470 in
737 4412 883 4480 illis,
935 4412 1198 4484 aperitur,
1242 4423 1298 4471 et
1345 4411 1506 4469 dolus
1543 4413 1724 4468 omnis
1768 4412 1827 4466 lit

212 4513 469 4569 omnibus
516 4507 873 4565 manifestus.
924 4507 1286 4565 Inveniuntur
1330 4523 1547 4579 quoque
1592 4508 1827 4565 infirmae

1924 3294 2132 3350 habere
2162 3294 2500 3349 maestitiam.
2529 3294 2606 3349 Ne
2635 3304 2816 3350 tamen
2844 3295 3024 3364 aliqua
3051 3293 3233 3350 adhuc
3261 3295 3539 3350 tribulatio

1924 3387 1980 3444 in
2025 3396 2206 3443 vestra
2248 3395 2434 3442 mente
2480 3386 2757 3451 resideat,
2803 3386 2993 3441 hortor
3032 3386 3323 3456 quiescere
3367 3386 3536 3457 (fort.

1923 3479 2234 3551 quiesce)a
2258 3479 2492 3535 dolore:
2523 3479 2647 3550 quia
2690 3478 2949 3536 indecens
2978 3489 3099 3547 est,
3137 3491 3189 3533 lc
3232 3479 3339 3535 illis
3378 3478 3542 3533 ta-dio

1925 3573 2235 3630 alfectionis
2282 3574 2499 3640 addici,
2547 3589 2688 3645 quos
2732 3573 3070 3631 credendum
3111 3584 3196 3630 est
3237 3576 3302 3629 ad
3349 3590 3534 3630 veram

1927 3668 2410 3743 moriendovitam
2444 3667 2754 3738 pervenire.
2806 3667 3023 3724 Habent
3056 3666 3284 3724 forsitan
3316 3666 3390 3722 illi
3418 3668 3539 3738 jus-

1924 3770 2033 3818 tam
2064 3762 2206 3833 longi
2238 3761 2447 3817 doloris
2475 3760 2923 3827 excusationem,
2966 3761 3057 3831 qui
3100 3761 3266 3816 vitam
3306 3761 3534 3816 alteram

1928 3856 2217 3921 nesciunt,
2251 3856 2343 3927 qui
2384 3855 2456 3911 de
2486 3855 2591 3911 hoc
2619 3856 2827 3913 saeculo
2856 3855 2923 3913 ad
2957 3854 3154 3913 melius
3184 3870 3306 3912 esse
3342 3856 3539 3911 transi-

1929 3962 2042 4007 tum
2094 3966 2202 4007 non
2249 3950 2557 4007 conﬁdunt.
2610 3950 2724 4007 Nos
2770 3960 2953 4007 autem
2982 3952 3073 4021 qui
3120 3953 3401 4017 novimus,
3446 3952 3538 4022 qui

1926 4044 2201 4102 credimus
2230 4052 2286 4099 et
2310 4044 2573 4100 docemus
2596 4086 2611 4109 ,
2638 4045 2961 4101 contristari
2986 4045 3214 4101 nimium
3239 4044 3310 4102 de
3336 4045 3543 4100 obeun-

1928 4138 2073 4197 tibus
2102 4154 2211 4195 non
2240 4138 2507 4194 debemus
2531 4178 2546 4202 ,
2578 4152 2647 4193 ne
2685 4139 2834 4208 quod
2866 4137 3008 4207 apud
3042 4137 3180 4192 alios
3211 4138 3430 4206 pietatis
3461 4146 3540 4194 te-

1928 4242 2023 4287 net
2068 4231 2349 4300 speciem,
2402 4230 2507 4285 hoc
2546 4230 2706 4285 nobis
2748 4228 2923 4298 magis
2966 4229 3017 4281 iu
3060 4229 3220 4297 culpa
3264 4229 3356 4283 sit.
3405 4228 3539 4283 Nam

1928 4323 2254 4378 difﬁdentia:
2290 4320 2696 4392 quodammodo
2735 4334 2909 4390 genus
2949 4328 3071 4385 est;
3114 4328 3305 4375 contra
3333 4319 3361 4357 ιι
3393 4322 3541 4391 quod

1927 4417 2163 4490 quisque
2202 4415 2533 4486 praedicator
2563 4415 2833 4484 queritur,
2871 4411 3144 4482 justitiam
3185 4426 3412 4475 amans,
3457 4413 3542 4467 di-

1932 4522 2094 4569 cente
2118 4510 2426 4582 Apostolo:
2457 4507 2719 4564 Nolumus
2749 4515 2920 4562 autem
2950 4521 3037 4561 vos
3063 4506 3305 4579 ignorare
3332 4504 3398 4560 de
3414 4504 3538 4559 dor-

213 4604 334 4663 lidei
370 4604 669 4669 homines,
702 4611 760 4659 et
789 4601 878 4671 qui
915 4600 1128 4657 divinas
1168 4601 1431 4659 lectiones
1472 4602 1707 4670 sitiunt,
1738 4617 1825 4659 se-
1850 4598 1905 4660 D
1932 4603 2242 4665 mientibus,
2289 4612 2345 4658 ut
2386 4617 2491 4657 non
2529 4598 2911 4656 contristemini
2934 4637 2949 4664 ,
2990 4598 3128 4653 sicut
3167 4608 3214 4653 et
3242 4598 3415 4653 caeteri
3456 4599 3545 4669 qui

213 4714 330 4757 cum
362 4713 466 4756 eos
491 4698 546 4754 in
578 4695 945 4769 perditionem
976 4696 1339 4767 praecipitant.
1369 4697 1649 4767 Dissipant
1676 4698 1824 4753 enim

214 4804 266 4850 et
288 4794 614 4863 vituperant
640 4797 855 4862 patrum
881 4788 1214 4859 disciplinas,
1244 4797 1300 4846 et
1326 4790 1639 4862 relinquunt
1669 4805 1827 4846 sanc-

214 4893 293 4942 tas
328 4883 653 4957 Scripturas
680 4882 748 4939 ad
781 4897 934 4939 suam
967 4882 1351 4953 perditionem.
1386 4883 1554 4952 Quos,
1592 4893 1650 4939 ut
1682 4900 1824 4950 pra:-

214 4981 423 5039 dictum
452 4992 577 5048 est,
606 4980 875 5037 debemus
908 4980 1238 5051 praevidere,
1272 4992 1328 5037 et
1360 4982 1430 5037 ab
1470 4983 1555 5039 his
1594 4983 1822 5039 multum

215 5091 446 5145 cavere,
478 5092 550 5135 ne
578 5076 637 5132 in
667 5075 875 5130 malitia
902 5089 997 5131 sua
1026 5076 1189 5147 aliqui
1215 5078 1464 5147 occupati
1489 5118 1504 5145 ,
1534 5078 1827 5134 concidant

219 5170 289 5228 de
320 5185 415 5227 sua
445 5169 729 5226 ﬁrmitate.
759 5168 947 5224 Saluto
974 5169 1155 5239 itaque
1187 5183 1283 5223 vos
1304 5211 1320 5236 ,
1354 5168 1584 5237 fratres,
1618 5180 1675 5226 et
1704 5186 1823 5226 om-

299 5346 325 5375 ι
354 5335 596 5405 Epistola
629 5330 719 5389 ΙΙ.
762 5332 1119 5405 Eadem‘fcre
1162 5331 1834 5405 suspiciatieimposturre

225 5410 369 5473 haec,
402 5400 545 5465 sicut
576 5408 746 5461 etiam
779 5400 1093 5473 praecedens
1135 5400 1403 5471 epistola,
1438 5403 1758 5473 laboraret,
1788 5401 1835 5455 si

225 5471 425 5537 nonin
469 5471 862 5545 manuscrip'tis
901 5474 1185 5532 codicibus
1228 5484 1359 5531 nota
1400 5473 1708 5531 consularis
1745 5471 1836 5527 ltic

228 5554 365 5610 circa
397 5554 558 5608 linem
596 5544 781 5603 addita
815 5548 1052 5603 abesset.
1098 5546 1375 5617 Septimus
1407 5548 1550 5601 enim
1586 5545 1840 5601 consula—

231 5634 312 5679 tus
337 5620 666 5683 Thendosii,
698 5620 904 5674 habens
932 5618 1197 5689 collegam
1224 5618 1547 5679 Palladium,
1566 5617 1757 5672 incidit
1784 5617 1838 5669 in

230 5712 420 5751 annum
457 5694 682 5749 Domini
732 5690 871 5763 Alﬁ,
915 5692 1007 5763 qui
1048 5700 1127 5747 est
1175 5690 1243 5745 l5
1284 5700 1405 5761 post
1447 5690 1652 5763 obitum
1695 5691 1837 5763 Ana.

230 5770 391 5825 stasii.
412 5768 530 5834 Qua
565 5766 788 5819 ratione
810 5754 915 5818 isto
933 5754 1185 5834 tempore
1210 5754 1531 5834 Anastasius
1552 5754 1838 5834 epistolam

230 5829 512 5913 scripsisse
541 5835 805 5901 dicatur,
856 5847 966 5889 non
998 5830 1179 5889 video.
1224 5829 1300 5888 Ne
1335 5832 1497 5903 igitur
1531 5830 1698 5887 totius
1728 5829 1843 5900 epi-

1937 4718 2082 4773 spem
2113 4716 2215 4755 non
2246 4699 2457 4754 habent.
2492 4695 2607 4751 Hac
2635 4695 2821 4764 itaque
2843 4735 2857 4757 ,
2889 4692 3056 4749 frater
3084 4691 3427 4761 charissime,
3459 4707 3545 4748 ra-

1936 4796 2088 4848 tione
2116 4797 2403 4862 perspecta
2426 4831 2439 4855 ,
2470 4786 2805 4844 studendum
2837 4786 2994 4843 nobis
3023 4796 3105 4842 est
3127 4827 3142 4855 ,
3174 4803 3240 4842 ne
3270 4786 3435 4859 (sicut
3463 4787 3514 4841 di

1934 4884 2140 4954 ximus)
2170 4884 2239 4938 de
2269 4881 2499 4938 mortuis
2529 4879 2864 4951 affligamur,
2892 4878 2989 4934 sed
3016 4878 3273 4937 affectum
3302 4880 3538 4936 viventi-

1933 4975 2037 5031 bus
2069 4974 2475 5045 impendamus,
2509 4972 2710 5043 quibus
2738 4982 2794 5028 ct
2823 4971 2998 5041 pietas
3031 4970 3096 5025 ad
3130 4971 3423 5029 utilitatem
3445 5014 3459 5039 ,
3490 4982 3545 5027 ct

1934 5072 2007 5127 sit
2054 5070 2123 5125 ad
2172 5070 2410 5124 fructum
2452 5068 2697 5123 dilectio.
2724 5067 2951 5137 Depone
2979 5081 3141 5137 ergo,
3184 5066 3537 5133 charissime,

1938 5183 2230 5224 mmrorem
2259 5208 2272 5231 ,
2317 5173 2372 5221 et
2412 5179 2631 5221 assume
2674 5163 3011 5235 spiritualem
3055 5164 3291 5219 fructum
3338 5164 3542 5219 laetitiae

1944 5327 2098 5383 stolm
2120 5324 2253 5380 ﬁdes
2271 5332 2324 5379 et
2343 5324 2637 5379 auctoritas
2672 5323 3029 5392 periclitetur,
3054 5326 3124 5380 oh
3147 5327 3543 5396 manuscriptos

1943 5400 2197 5461 codices,
2250 5397 2395 5452 unde
2446 5400 2561 5451 hac
2610 5396 2879 5450 Anastasii
2936 5398 2989 5450 in
3049 5407 3251 5451 tantum
3308 5399 3543 5467 primum

1945 5470 2305 5538 epistularum
2341 5468 2747 5537 pontificiarutn
2778 5467 2944 5521 relata
2978 5478 3098 5532 est;
3134 5479 3315 5522 notaui
3347 5484 3516 5523 consu

1944 5543 2113 5596 larem
2160 5540 2210 5593 in
2254 5538 2362 5593 line
2403 5539 2807 5607 superadditam
2840 5580 2854 5602 ,
2900 5538 3000 5593 hac
3040 5541 3248 5607 virgula
3295 5542 3545 5594 censoria

1946 5611 2413 5684 perstringendatn
2445 5625 2565 5666 esse
2593 5609 2970 5684 judicavimus.
3004 5610 3208 5684 Seven.
3268 5612 3469 5664 Bittius.

2020 5684 2048 5722 ι)
2083 5682 2237 5751 Quod
2261 5683 2513 5753 quisque.
2544 5720 2557 5735 .
2590 5720 2600 5735 .
2634 5723 2645 5735 .
2673 5681 2785 5735 Hoc
2819 5690 2933 5747 est,
2968 5681 3111 5753 quod
3146 5684 3373 5747 quisque
3394 5700 3555 5753 prac-

1952 5756 2098 5813 dicat
2126 5752 2373 5825 torqueri
2407 5753 2661 5809 maestitia
2696 5753 2927 5816 tuentis,
2959 5752 3173 5805 diccntc
3198 5792 3211 5816 ,
3244 5761 3351 5807 etc.
3387 5752 3555 5809 ιω.
