4106 6344
195 360 253 418 8f
1094 353 1183 411 DE
1222 351 1421 411 SULP.
1461 349 1745 408 SEVERO
1784 347 2126 406 VETERUM
2165 346 2607 404 TESTIMONIA.
3452 352 3522 408 82

195 487 353 530 ccccu
382 471 615 542 scripta,
641 486 752 543 qua
778 471 855 527 illi
884 469 1175 542 respondet
1194 483 1254 524 se
1279 466 1346 523 de
1369 482 1433 523 ea
1460 481 1520 522 re
1540 464 1797 520 Rufinum
1828 476 1869 533 Α
1905 462 1958 517 in
1986 462 2264 532 aliquibus
2290 464 2445 520 libris
2494 463 2888 536 manuscriptis
2918 465 3157 537 epistola
3202 466 3273 522 ad
3320 468 3530 525 Bassu-

195 566 549 633 consuluisse,
584 576 647 622 et
701 569 744 622 si
793 565 917 635 quid
949 566 993 619 is
1043 564 1164 634 opis
1204 560 1473 627 attulerit,
1531 559 1796 613 facturum

195 659 495 716 certiorem.
558 659 680 715 Sed
709 669 764 715 et
814 674 953 714 anno
982 672 1170 715 ccccnt
1208 663 1431 726 accepta
1489 667 1520 706 a
1571 652 1801 707 Paulino

198 754 410 810 historia
437 752 797 831 inventionis
836 764 1037 809 sancta!
1063 752 1283 815 Crucis,
1334 764 1495 821 quam
1525 748 1644 817 ejus
1687 747 1802 817 epi-

199 849 325 905 stola
357 850 420 905 51
454 849 525 905 ad
551 852 820 906 eumdem
848 852 1049 921 scripta
1078 849 1196 906 fuse
1230 860 1436 913 narrat,
1468 863 1591 903 eam
1612 847 1801 903 libello

196 958 287 1002 suo
313 943 534 1015 adjecit,
566 944 779 1000 iisdem
808 944 921 1000 fere
962 944 1146 1000 verbis
1178 957 1519 1014 expressam.
1555 961 1573 994 ι

260 1037 346 1092 IV.
392 1056 413 1089 ι
450 1042 622 1093 Anno
646 1037 873 1094 demum
922 1052 1087 1093 ccccv
1130 1037 1364 1093 Severus
1394 1034 1645 1105 Dialogos
1673 1046 1803 1087 suos

197 1132 441 1202 vulgavit,
472 1132 544 1188 de
572 1134 787 1204 quibus
814 1134 867 1188 in
900 1132 1109 1189 duabus
1151 1132 1350 1186 nostris
1395 1126 1801 1185 dissertationi-

197 1224 287 1280 bus
336 1225 552 1297 agimus
604 1234 660 1279 ει.
720 1226 993 1282 Praeterea
1039 1235 1153 1280 toto
1208 1240 1273 1281 eo
1325 1222 1589 1295 temporis
1622 1221 1803 1291 spatio

195 1332 341 1388 quam
383 1317 665 1388 plurimas
714 1317 987 1392 Epistolas
1040 1319 1281 1390 scripsit,
1315 1333 1449 1388 quas
1488 1315 1805 1372 Gennadius

196 1409 358 1480 primo
384 1410 508 1467 loco
540 1410 634 1467 bis
668 1411 861 1467 verbis
899 1409 1378 1467 commemoravit:
1434 1406 1654 1479 Scripsit
1703 1422 1804 1460 non

195 1504 554 1558 contemnenda
598 1503 887 1575 opuscula:
927 1519 1048 1557 nam
1075 1500 1318 1574 epistolas
1360 1500 1428 1555 ad
1455 1515 1682 1554 amorem
1711 1497 1807 1553 Dei

196 1602 238 1647 et
255 1604 605 1666 contemptum
646 1596 833 1649 mundi
856 1595 1235 1651 exhortatorias
1266 1595 1472 1665 scripsit
1508 1593 1675 1648 sorori
1700 1608 1806 1647 sua:

198 1688 393 1757 multas,
441 1704 568 1761 quae
616 1699 667 1744 et
714 1700 851 1745 noue
874 1688 1130 1762 sunt(ex
1160 1690 1248 1746 his
1294 1705 1400 1744 una
1447 1698 1653 1744 tantum
1712 1696 1806 1743 aut

198 1783 349 1838 altera
379 1792 610 1839 aetatem
650 1784 783 1840 tulit
812 1784 870 1856 )2
918 1784 1120 1857 scripsit
1161 1794 1209 1839 et
1255 1784 1322 1837 ad
1354 1783 1641 1837 Paulinum
1670 1798 1807 1853 prte-

1905 555 2011 611 lam
2061 558 2384 615 obtruncata
2444 559 2771 629 exhibetur)
2826 569 3025 616 essent
3073 574 3397 634 occupatae:
3450 565 3533 621 sic

1904 649 2051 704 enim
2084 648 2420 721 interpretor
2474 650 2743 707 Gennadii
2770 652 2970 708 verba:
3030 653 3139 711 Sed
3182 657 3309 727 quia
3338 658 3393 711 in
3424 658 3525 713 ali-

1902 743 2087 813 quibus
2104 742 2383 815 familiaris
2401 748 2676 801 necessitas
2697 746 2889 800 inserta
2923 756 2997 802 est
3007 789 3021 814 ,
3043 763 3146 802 non
3175 749 3488 821 digeruntur
3503 770 3522 809 :

1906 853 2033 893 nam
2068 854 2171 894 una
2203 840 2363 911 hujus
2400 842 2639 912 generis,
2685 852 2741 899 et
2768 844 2991 915 quidem
3044 846 3352 916 perbrevis.
3399 865 3522 919 qua:

1903 931 1970 986 ad
2003 931 2288 987 Paulinum
2314 936 2511 1005 scripta
2556 936 2734 991 adhuc
2775 946 3052 1009 superest,
3095 940 3233 996 satis
3275 941 3523 999 declarat

1903 1038 2065 1094 quam
2100 1033 2153 1078 et
2183 1037 2399 1082 cratera:
2428 1029 2605 1098 dignae
2633 1041 2817 1085 essent
2847 1046 2971 1101 quae
3001 1031 3168 1087 cedro
3192 1031 3515 1091 liberentur.

1908 1117 2035 1173 Haec
2066 1119 2249 1175 omnia
2301 1137 2464 1190 porro
2504 1138 2625 1193 qua:
2673 1122 2930 1189 diximus,
2980 1125 3049 1180 ad
3102 1142 3305 1182 annum
3346 1143 3520 1200 usque

1906 1202 2433 1284 ccccv'pertingunt.
2476 1214 2612 1282 Quid
2664 1226 2852 1287 postca
2894 1216 3137 1275 Severus
3187 1221 3385 1292 egerit,
3423 1223 3521 1279 ubi

1905 1302 2092 1371 fuerit,
2128 1306 2384 1376 quamdiu
2411 1306 2630 1373 vixerit,
2656 1308 2856 1379 quidve
2887 1310 3115 1366 omnino
3146 1312 3244 1367 illo
3289 1313 3360 1368 sit
3401 1314 3516 1369 fac-

1909 1406 2044 1464 tum,
2067 1396 2336 1454 incertum
2366 1409 2480 1454 e51:
2506 1415 2629 1453 nam
2652 1401 2704 1454 in
2736 1401 2948 1456 Paulini
2970 1403 3243 1472 epistolis,
3274 1413 3396 1474 post
3420 1420 3516 1463 eas

1906 1503 2041 1560 quas
2073 1504 2214 1543 anno
2241 1492 2491 1560 sequenti
2515 1490 2582 1546 ad
2606 1506 2728 1547 eum
2762 1507 2859 1563 per
2892 1492 3167 1550 Victorem
3200 1511 3261 1553 se
3297 1498 3518 1554 misisse

1907 1582 2105 1638 scribit
2146 1583 2382 1654 epistola
2412 1584 2505 1651 45,
2534 1601 2685 1641 ηυηι.
2716 1586 2773 1654 2,
2805 1602 2875 1642 ne
2922 1588 3148 1644 verbum
3196 1592 3415 1662 quidem
3448 1594 3518 1647 de

1908 1674 2029 1747 ipso
2062 1676 2298 1746 amplius
2329 1677 2589 1733 occurrit.
2630 1697 2648 1731 ι
2681 1678 2954 1735 Hactenus
2991 1681 3075 1736 vir
3100 1685 3368 1741 eruditus.

1981 1766 2048 1823 ν.
2075 1765 2524 1839 Quandoquidem
2549 1785 2686 1825 vero
2709 1770 2763 1826 in
2788 1786 2926 1826 nova
2950 1772 3192 1831 editione
3216 1776 3519 1835 Veronensi

198 1874 374 1929 dictum
402 1878 566 1944 duas,
594 1887 648 1932 et
690 1880 764 1932 ad
788 1879 919 1932 alios
965 1878 1098 1932 alias
1116 1894 1135 1933 :
1165 1874 1255 1933 sed
1297 1878 1418 1947 quia
1468 1878 1521 1931 in
1548 1876 1805 1947 aliquibus

1913 1875 2073 1931 quam
2101 1861 2275 1916 secuti
2308 1875 2520 1930 smnus,
2546 1863 3002 1920 desiderabantur
3033 1866 3293 1938 Epislalte
3323 1880 3516 1941 septem

198 1972 461 2042 familiaris
536 1972 830 2028 necessitas
886 1972 1079 2027 inserta
1145 1980 1240 2039 est,
1298 1988 1403 2026 non
1472 1970 1800 2039 digeruntur.

196 2062 491 2121 Dolendum
521 2080 664 2121 sane
695 2074 804 2130 est,
855 2064 1002 2136 quod
1048 2064 1159 2135 jam
1208 2074 1319 2119 tum
1360 2062 1632 2120 Gennadii
1686 2078 1804 2118 aevo

195 2158 374 2213 minori
422 2158 479 2215 in
532 2159 727 2230 pretio
766 2167 987 2224 essent,
1019 2171 1122 2213 nec
1173 2157 1555 2228 digererentur,
1597 2170 1693 2210 seu
1725 2154 1806 2209 di-

196 2264 384 2320 spersa:
428 2267 545 2307 non
573 2252 633 2307 in
678 2266 850 2307 unum
876 2266 1076 2322 corpus
1103 2250 1570 2321 conjungerentur
1598 2249 1679 2304 hie
1708 2247 1806 2305 Se-

194 2346 296 2402 veri
316 2347 592 2417 epistolae,
613 2347 882 2403 nimirum
909 2346 1052 2418 quod
1085 2346 1231 2402 circa
1254 2348 1348 2408 τὰς
1368 2346 1560 2419 φιλικὰς
1580 2346 1805 2423 φιλοφρο-

195 2443 347 2501 νήσεις
375 2455 476 2495 seu
508 2439 824 2496 dulcedines
847 2440 1096 2495 amicitia:
1129 2437 1149 2511 (
1177 2453 1282 2510 qua
1305 2440 1468 2495 etiam
1518 2438 1587 2494 de
1638 2452 1802 2494 causa

259 2636 281 2661 ιι
318 2626 465 2684 Idem
498 2627 634 2684 ibid.
676 2637 736 2684 et
766 2626 989 2684 dissert.
1024 2628 1058 2684 5
1080 2635 1134 2684 et
1155 2627 1188 2683 6
1218 2642 1376 2699 pagg.
1417 2625 1677 2684 259-517.

1909 1957 2096 2012 Severi
2128 1957 2348 2012 nomine
2389 1958 2665 2029 inscriptae
2694 1974 2757 2015 ac
2782 1962 3071 2031 superiore
3092 1964 3297 2021 saeculo
3349 1968 3520 2022 evul-

1907 2057 2070 2117 gatze,
2096 2063 2328 2118 quarum
2379 2050 2496 2104 duce
2541 2050 2783 2118 Balnzio,
2816 2052 2939 2107 alize
2988 2055 3216 2126 quinque
3248 2056 3517 2114 Dacherio

1907 2150 2146 2210 accepta:
2168 2140 2499 2209 referuntur;
2526 2157 2621 2198 eas
2649 2153 2941 2214 propterea
2965 2145 3142 2202 eidem
3166 2146 3396 2204 editioni
3434 2158 3516 2204 at-

1906 2235 2167 2291 texendas
2185 2238 2517 2292 curavimus.
2538 2237 2614 2292 Ev
2637 2239 2834 2309 quibus
2858 2250 2965 2296 tres
2993 2241 3207 2310 priores
3228 2254 3514 2299 auctorem

1911 2328 2175 2385 Severum
2209 2340 2455 2387 nostrum
2499 2347 2800 2402 agnoscere
2832 2334 3226 2404 perhibentur:
3275 2347 3512 2406 quatuor

1909 2433 2091 2479 autem
2127 2425 2354 2495 reliquae
2403 2424 2541 2480 falso
2586 2425 2690 2495 ipsi
2725 2427 3025 2497 supposita:
3068 2430 3506 2499 comperiantur.

1910 2516 2049 2586 Quid
2075 2534 2236 2589 porro
2263 2518 2426 2574 studii
2448 2527 2504 2575 et
2532 2534 2713 2590 operas
2735 2520 2791 2575 in
2822 2520 3012 2577 iisdem
3039 2522 3297 2593 Epistolis
3319 2539 3510 2582 rursus

1910 2611 2243 2666 excudendis
2265 2620 2389 2683 post
2429 2612 2700 2669 Clericum
2747 2614 3186 2683 praestiterimus,
3235 2632 3303 2673 ex
3362 2618 3507 2674 notis

1911 2705 2171 2777 subjectis
2200 2706 2430 2778 quisque
2458 2705 2620 2763 facile
2648 2708 2960 2779 perspiciet.

3312 2818 3345 2829 ..ν
3369 2820 3500 2835 οφ,

428 2910 1035 2997 VETERUM
1093 2907 1830 2992 TESTIMONIA
1905 2908 2066 2991 DE
2139 2907 2681 2993 SULPICIO
2750 2909 3250 2997 SEVERO.

1089 3048 1860 3102 ————-—===;O

1871 3061 2569 3100 9—“

198 3158 234 3214 l.
280 3165 303 3194 α
340 3157 396 3213 S.
430 3156 710 3213 PAULINUS
740 3151 1024 3219 Nonnus,
1059 3152 1211 3223 epist.
1246 3151 1307 3218 5,
1349 3150 1479 3204 alias
1510 3151 1532 3204 l
1560 3190 1575 3215 ,
1605 3150 1798 3220 scripta
1825 3148 1868 3210 C
1902 3150 2177 3220 accipiens
2200 3195 2215 3219 ,
2262 3163 2315 3207 et
2366 3153 2545 3210 inanis
2593 3157 2780 3226 gloriae
2827 3158 3132 3215 sublimiter
3184 3161 3463 3233 negligens
3490 3205 3507 3230 ,

352 3269 492 3307 anno
523 3251 657 3317 395,
693 3266 841 3303 num.
875 3248 972 3303 ὕει
1001 3250 1053 3315 6,
1082 3247 1157 3300 ita
1187 3246 1254 3300 ad
1274 3262 1389 3300 eum
1418 3245 1591 3299 scribit
1615 3261 1633 3299 :

260 3344 379 3411 Tu,
432 3344 608 3399 frater
650 3341 1048 3406 dilectissime,
1098 3339 1163 3393 ad
1209 3337 1494 3393 Dominum
1540 3336 1805 3392 miraculo

198 3440 397 3512 majore
424 3452 737 3495 conversus
764 3450 847 3503 es,
880 3437 1002 3507 quia
1034 3443 1192 3490 tetate
1223 3433 1524 3500 ﬂorentior,
1556 3433 1805 3489 laudibus

197 3536 590 3603 abundantior,
625 3532 888 3588 oneribus
919 3530 1231 3601 patrimonii
1274 3530 1471 3595 levior,
1502 3526 1803 3583 subStantia

196 3629 513 3687 facultatum
568 3642 681 3682 non
732 3624 1003 3695 egentior,
1053 3632 1107 3678 et
1147 3622 1199 3677 in
1249 3623 1365 3692 ipso
1411 3620 1586 3676 adhuc
1618 3619 1803 3674 mundi

196 3722 423 3785 theatro,
458 3721 515 3777 id
543 3728 652 3788 est,
691 3717 792 3773 fori
817 3717 1159 3780 celebritate,
1188 3714 1469 3771 diversans
1498 3722 1554 3769 et
1578 3728 1804 3769 FACUNDI

196 3830 403 3871 manus
445 3828 675 3869 mutu
709 3825 916 3865 TENENS
942 3851 955 3875 ,
989 3809 1273 3879 repentino
1303 3808 1505 3877 impetu
1546 3806 1807 3862 discussi-

197 3909 263 3965 sti
292 3909 498 3965 servile
534 3905 746 3976 peccati
778 3903 967 3973 jugnm
995 3943 1010 3969 ,
1042 3908 1097 3957 et
1124 3900 1341 3956 lethalia
1385 3902 1564 3954 carnis
1592 3907 1649 3954 et
1683 3914 1807 3953 san-

196 4001 370 4071 guinis
389 3999 573 4056 vincla
602 3996 823 4068 rupisti,
847 4010 1024 4061 neque
1057 4002 1109 4049 te
1131 3994 1333 4047 divitia:
1362 3992 1430 4047 de
1460 3991 1809 4046 matrimonio

196 4090 407 4147 familia:
438 4088 757 4147 consularis
790 4094 1023 4156 aggesta:
1048 4126 1062 4149 ,
1113 4099 1291 4154 neque
1330 4092 1453 4153 post
1496 4082 1806 4151 conjugium

197 4185 453 4256 peccandi
488 4182 741 4245 licentia,
776 4188 831 4235 et
856 4179 1054 4234 caelebs
1081 4179 1334 4249 juventus
1361 4179 1428 4232 ab
1455 4186 1685 4247 angusto
1712 4191 1803 4231 sa-

198 4280 323 4335 lutis
344 4278 573 4335 introitu
595 4285 651 4333 et
678 4274 853 4331 arduo
881 4274 1075 4329 itinere
1098 4273 1313 4328 virtutis
1340 4273 1392 4326 in
1419 4271 1636 4325 mollem
1663 4272 1807 4324 illam

201 4380 256 4428 et
281 4372 582 4442 spaliosam
613 4368 910 4423 multorum
937 4367 1076 4420 viam
1104 4379 1366 4420 revocare
1394 4369 1805 4432 petuernnt.....

199 4463 278 4518 Tu
316 4478 448 4535 ergo
490 4477 657 4518 verus
688 4458 864 4515 factor
896 4457 1051 4530 legis,
1082 4470 1135 4514 et
1167 4456 1443 4527 Evangelii
1473 4470 1579 4511 non
1610 4454 1810 4510 surdus

1908 3245 2234 3314 piscatorum
2265 3248 2678 3316 praedicationes
2714 3250 2983 3306 Tullianis
3024 3252 3277 3307 erunibus
3306 3263 3360 3308 et
3398 3256 3505 3309 tuis

1907 3338 2104 3393 litteris
2143 3340 2451 3409 praetulisti,
2494 3341 2785 3411 confugisti
2828 3343 2896 3399 ad
2942 3346 3162 3414 pietatis
3196 3346 3502 3414 silentium,

1907 3440 1965 3485 ut
1990 3432 2251 3487 evaderes
2271 3432 2574 3504 iniquitatis
2598 3436 2888 3491 tumultum
2917 3454 2929 3491 :
2957 3447 3262 3494 mntescere
3287 3439 3504 3495 voluisti

1909 3523 2253 3589 mortalibus,
2286 3534 2344 3578 ut
2375 3540 2471 3581 ore
2502 3542 2639 3597 puro
2666 3527 2852 3584 divina
2886 3529 3212 3600 loquereris,
3249 3540 3303 3585 et
3334 3531 3511 3600 pollu-

1909 3623 2016 3669 tam
2058 3616 2253 3671 canina
2296 3617 2549 3673 facundia
2588 3619 2850 3691 linguam,
2895 3622 3101 3678 Christi
3146 3622 3399 3680 laudibus
3453 3633 3509 3679 et

1908 3711 2429 3767 commemoratione
2455 3712 2566 3782 ipsa
2597 3713 2666 3783 pii
2702 3715 2938 3770 nominis
2962 3717 3233 3787 expiares.

1911 3802 2039 3859 IDEM
2066 3805 2212 3876 epist.
2249 3804 2338 3873 Η,
2370 3806 2501 3861 alios
2530 3808 2585 3874 5,
2618 3809 2812 3879 scripta
2839 3825 2978 3863 anno
3002 3808 3128 3876 397,
3158 3810 3227 3865 ad
3247 3811 3504 3879 eumdem,

2599 3918 2742 3955 num.
2771 3901 2827 3956 ι.

1981 3991 2167 4061 Neque
2214 4001 2298 4047 sat
2342 3992 2512 4048 habes
2561 3994 2940 4051 occasionibus
2986 3996 3196 4051 cunctis
3241 3996 3505 4066 revisere,

1912 4088 2015 4143 nisi
2041 4097 2096 4142 et
2124 4103 2321 4157 pueros
2348 4097 2468 4145 tuos
2495 4090 2699 4158 mittas,
2723 4106 2824 4146 nec
2846 4091 3026 4145 solum
3050 4090 3117 4146 de
3145 4091 3381 4159 famulis,
3411 4093 3509 4148 sed

1912 4189 1968 4236 et
1992 4181 2061 4236 de
2081 4180 2204 4236 filiis
2225 4181 2448 4249 sanctis,
2471 4197 2696 4253 quorum
2714 4184 3003 4240 benedicta
3026 4184 3079 4239 in
3105 4184 3333 4241 Domino
3355 4186 3509 4254 prole

1912 4273 2137 4338 ltetaris,
2167 4273 2324 4344 eligis
2354 4275 2685 4343 tabellarios,
2716 4291 2944 4347 quorum
2971 4277 3146 4331 oculis
3172 4291 3272 4332 nos
3301 4277 3507 4345 videas,

1914 4375 1970 4420 et
1995 4380 2092 4421 ore
2116 4368 2417 4437 contingas.
2457 4366 2699 4438 Speciosi
2732 4369 2889 4424 nobis
2926 4368 3093 4439 pedes
3128 4368 3342 4424 illorum
3374 4380 3513 4425 tam-

1916 4476 2081 4532 quam
2124 4461 2607 4532 evangelizantium
2655 4463 2794 4518 bona
2832 4480 2845 4516 :
2882 4464 3133 4518 nuntiant
3163 4462 3306 4518 enim
3352 4462 3512 4519 nobis

200 4556 434 4620 auditor,
466 4556 557 4627 qui
585 4568 791 4624 corpus
814 4561 869 4607 et
895 4550 1153 4605 mundum
1183 4551 1459 4620 conligens
1480 4550 1650 4613 cruci,
1676 4548 1811 4603 deli-
1837 4538 1893 4599 1)
1918 4563 1973 4609 ει
2011 4553 2243 4611 alterum
2273 4569 2336 4610 ea
2369 4572 2488 4624 qua;
2515 4556 2581 4611 ad
2615 4570 2803 4626 pacem
2834 4565 2961 4613 sum
2999 4556 3068 4613 de
3098 4566 3149 4613 ιε
3169 4599 3185 4623 ,
3219 4571 3340 4611 cum
3379 4570 3513 4627 ρι-ο.

201 4649 316 4704 cias
340 4649 642 4719 juventntis
667 4691 682 4716 ,
723 4653 782 4701 et
822 4643 945 4699 vitae
983 4643 1272 4714 praesentis
1304 4642 1442 4696 mala
1484 4640 1676 4712 gaudia
1710 4657 1808 4712 pro

203 4743 429 4799 venenis
460 4750 517 4797 ct
540 4740 784 4797 luctibus
812 4748 1097 4793 aversatus
1126 4751 1185 4792 es
1204 4778 1219 4801 ,
1250 4751 1517 4806 reSpuens
1546 4738 1809 4806 patrimo-

202 4836 417 4892 niorum
440 4851 609 4893 onera
635 4848 741 4889 ceu
763 4840 1087 4898 stercorum,
1112 4831 1306 4886 merito
1326 4841 1809 4897 socrumsanctam

205 4927 235 4967 ιι
291 4932 431 4985 omni
481 4926 863 4984 liberaliorem
918 4932 1148 4994 parente
1194 4923 1246 4977 in
1302 4934 1531 4978 matrem
1587 4924 1812 4978 sortitus

205 5031 485 5085 aeternam,
510 5025 640 5091 quia
664 5017 947 5074 caelestem
972 5015 1186 5070 Patrem
1208 5026 1577 5071 anteverteras
1597 5025 1815 5072 terreno

210 5118 454 5185 parenti;
483 5114 747 5182 exemplo
776 5111 1146 5181 apostolorum
1178 5121 1199 5149 ο
1224 5110 1419 5166 relicto
1450 5120 1605 5181 patre
1637 5114 1689 5165 in
1718 5126 1813 5166 na-

215 5207 388 5263 vicula
416 5208 757 5271 fluctuante,
788 5204 999 5259 scilicet
1024 5203 1075 5256 in
1106 5202 1264 5271 hujus
1294 5203 1420 5257 vitae
1453 5203 1659 5258 incerto
1690 5217 1814 5257 eum

213 5300 415 5355 retibus
442 5314 628 5355 rerum
660 5311 887 5351 suarum
913 5304 967 5349 et
993 5293 1362 5364 implicatione
1390 5294 1698 5364 patrimonii
1724 5294 1819 5352 de-

218 5391 403 5448 relicto
426 5434 441 5459 ,
472 5391 758 5446 CbriStum
800 5394 1018 5441 secutus
1046 5402 1062 5440 :
1114 5401 1214 5440 nec
1246 5385 1473 5440 minoris
1501 5386 1820 5442 domesticis

221 5492 412 5561 opibus
440 5503 644 5547 INGENII
675 5498 1010 5541 FACUL‘I‘A’I’IS
1039 5498 1254 5540 unus!
1276 5483 1345 5539 ab
1372 5483 1683 5539 hominibus
1712 5499 1819 5540 non

303 5638 327 5667 ⁸
367 5631 425 5685 S.
474 5627 739 5683 Paulinus
794 5620 1064 5683 Nolanus,
1109 5622 1318 5675 intimus
1369 5620 1592 5688 Sulpicii
1646 5620 1823 5676 Severi

224 5702 440 5767 amicus,
472 5696 778 5773 plures__ad
803 5710 920 5747 eum
976 5693 1250 5773 scripserat
1294 5693 1557 5773 epistolas.
1603 5709 1823 5765 quarum

226 5774 377 5829 hodie
403 5764 605 5829 eastant
636 5768 707 5823 15
740 5775 961 5830 tantum,
1008 5780 1071 5818 ea:
1105 5764 1286 5833 quibus
1314 5767 1421 5819 Im
1451 5780 1614 5832 pauca
1645 5780 1821 5819 cxcer-

229 5846 458 5917 psimus;
488 5844 605 5917 licet
635 5854 813 5917 omnes
836 5846 882 5891 et
903 5836 1121 5917 singuli:
1149 5837 1356 5893 totidem
1394 5838 1496 5893 sint
1517 5836 1695 5893 Seueri
1720 5836 1822 5889 vir-

236 5908 393 5973 tutum
410 5908 812 5989 prtrclan'ssima
834 5908 1142 5963 testimonia.

1919 4648 2100 4704 ferunt
2128 4663 2292 4718 opera
2324 4649 2560 4716 Domini,
2587 4665 2708 4720 qum
2730 4659 2822 4704 aut
2849 4649 3090 4720 operaris
3117 4650 3172 4705 in
3197 4649 3365 4706 verbo
3392 4647 3515 4717 Dei,

1919 4751 2011 4796 aut
2036 4741 2230 4796 scribis
2259 4742 2313 4796 in
2345 4742 2539 4812 spiritu
2570 4741 2756 4798 Verbi.

2490 4834 2656 4902 Ibid.,
2688 4852 2829 4890 num.
2866 4837 2951 4890 Η.

1992 4926 2070 4982 Te
2100 4942 2232 4982 vero
2273 4928 2413 4982 victa
2456 4927 2576 4998 lege
2607 4928 2973 4985 membrorum
3004 4936 3061 4986 et
3090 4929 3361 4986 exteriore
3391 4943 3518 4986 cor-

1923 5028 2083 5088 rupto
2130 5033 2319 5087 puram
2359 5020 2802 5089 conspersionem
2840 5034 3030 5087 parare
3065 5018 3117 5086 ἀ,
3150 5030 3203 5075 et
3242 5020 3362 5076 sine
3406 5018 3516 5075 fer-

1925 5122 2111 5167 mento
2138 5126 2386 5183 azymum
2417 5110 2635 5167 Christo
2664 5112 2857 5167 eonfici
2879 5154 2893 5179 ,
2933 5112 3147 5182 eloquia
3174 5121 3261 5167 tua
3294 5120 3404 5167 tam
3434 5111 3515 5168 fa-

1925 5206 2100 5261 cunda
2130 5221 2287 5274 quam
2310 5214 2495 5259 sancta
2525 5212 2818 5269 testantur;
2844 5220 3022 5275 neque
3044 5205 3187 5260 enim
3220 5205 3315 5260 tibi
3346 5204 3517 5259 dona-

1928 5309 2042 5355 tum
2075 5298 2267 5355 fuisset
2288 5314 2545 5354 enarrare
2567 5299 2877 5365 Martinum,
2903 5299 3005 5353 nisi
3027 5298 3246 5369 dignum
3274 5312 3335 5350 os
3363 5306 3515 5352 tuum

1930 5393 2098 5449 sacris
2146 5392 2394 5447 laudibus
2443 5392 2645 5447 mundo
2689 5390 2856 5447 corde
2900 5390 3144 5446 fecisses.
3194 5388 3518 5446 Benedictus

1932 5488 2096 5560 igitur
2125 5498 2179 5542 tu
2208 5487 2372 5543 homo
2402 5485 2664 5553 Domino,
2698 5485 2791 5556 qui
2820 5484 2957 5540 tanti
2984 5483 3294 5542 Sacerdotis
3326 5492 3381 5537 et
3408 5495 3525 5535 ma-

1988 5622 2015 5661 b
2055 5623 2283 5697 Scilicet
2305 5623 2581 5697 Bassulam
2603 5662 2630 5697 ,_
2653 5621 2719 5676 ad
2745 5636 2905 5697 quam
2937 5618 3172 5697 data__est
3198 5616 3426 5697 epistola
3458 5618 3513 5671 5.

2003 5706 2024 5734 ο
2069 5697 2247 5752 Monet
2264 5695 2339 5751 Le
2357 5695 2590 5749 Brunius
2609 5685 2721 5747 hoc
2746 5685 2969 5748 verbum
2992 5690 3168 5744 relicto
3199 5685 3252 5741 in
3281 5685 3521 5746 editione
3542 5746 3557 5753 _

1928 5763 2139 5822 Schotti
2167 5769 2357 5824 deesse
2388 5784 2401 5821 :
2433 5775 2487 5821 et
2518 5780 2648 5821 sane
2675 5763 2982 5819 redundare
3012 5760 3246 5815 videtur;

2001 5836 2027 5877 ά
2066 5839 2153 5896 ΑΙ.
2186 5840 2359 5910 parari
2392 5855 2410 5892 :
2438 5836 2583 5908 quod
2614 5836 2783 5905 magis
2812 5832 3005 5904 placet.
