4106 6344
553 359 623 416 85
1846 344 2206 411 SULPiClUS
2244 342 2582 412 SEVERUS.
3789 355 3859 412 ει

553 466 1255 529 nifestissimiCoulesSOris
1270 469 1553 527 historiam
1576 476 1685 525 tam
1709 467 1874 540 digno
1894 476 2151 525 sermone
2175 467 2230 531 Α
2256 466 2381 525 licet
2420 469 2572 541 quasi
2620 469 2844 541 peritior
2876 456 3188 526 edocerem.
3224 470 3329 528 Sed
3367 471 3469 528 sibi
3514 470 3749 542 imputet
3777 463 3859 525 lita

554 584 713 641 quam
740 567 889 639 justo
916 564 1108 621 affectu
1158 563 1518 635 percensuisti
1554 583 1565 617 :
1608 563 1801 619 beatus
1842 568 1896 618 et
1936 563 2027 618 ille
2058 572 2155 633 pro

545 664 799 725 meritis,
832 661 923 733 qui
956 658 1180 730 dignum
1214 656 1320 714 fide
1351 666 1406 714 et
1436 658 1543 712 vita
1575 670 1673 712 sua
1702 656 1905 712 meruit
1932 650 2155 711 histori-

554 770 675 811 cum
694 799 708 821 ,
748 745 839 825 qui
870 760 925 809 et
969 749 1037 807 ad
1064 750 1305 808 divinam
1332 744 1561 823 gloriam
1590 751 1701 807 suis
1729 748 1940 806 meritis
1961 793 1974 817 ,
2006 758 2059 805 et
2087 740 2153 804 ad

555 850 847 905 hutnanam
877 846 1198 902 memoriam
1232 847 1340 902 tuis
1367 844 1569 901 litteris
1597 850 1969 900 consecratur.

986 932 1154 1005 Ibid.,
1183 948 1327 993 num.
1375 934 1459 1004 15,
1489 939 1543 992 in
1576 936 1677 1007 ﬁne
1709 952 1725 991 :
2123 1003 2135 1020 χ

628 1033 737 1091 Sed
757 1036 807 1089 in
835 1044 923 1090 me
944 1041 1285 1105 peccatorem
1314 1030 1649 1103 fugere,non
1674 1038 1994 1102 pauperem,
2018 1030 2155 1085 Mar.

548 1129 655 1187 tini
705 1128 1000 1186 beatissimi
1053 1127 1431 1199 h‘equcntator
1470 1125 1753 1195 argueris;
1805 1136 1963 1194 quem
2007 1132 2154 1179 certe

552 1228 850 1292 numquam
880 1218 1255 1275 desiderasses
1280 1261 1294 1285 ,
1324 1218 1369 1274 si
1397 1217 1535 1274 cibis
1562 1215 1812 1288 corporis
1845 1215 2052 1271 esurire
2080 1215 2151 1269 ti-

554 1318 810 1371 muisses.
1696 1338 1699 1339 ν

555 1411 687 1465 lusu
718 1410 868 1479 epist.
899 1402 995 1476 23,
1025 1406 1159 1461 alias
1182 1400 1217 1462 '5
1242 1414 1292 1458 et
1320 1404 1377 1469 4',
1408 1406 1602 1475 scripta
1630 1416 1768 1460 arma
1792 1398 1892 1459 401
1920 1402 1985 1457 ad
2012 1414 2155 1456 eunt-

843 1502 978 1568 dem,
1011 1514 1155 1555 num.
1185 1501 1242 1566 5,
1274 1499 1339 1553 de
1375 1490 1581 1553 Victore
1612 1498 1821 1570 loquens
1851 1514 1867 1551 :

622 1598 767 1653 Vere
815 1588 1241 1665 recognovimus
1289 1592 1342 1646 in
1395 1606 1460 1647 eo
1506 1598 1818 1648 sanctorum
1865 1589 2153 1646 formulam

552 1694 839 1747 beatorum
870 1680 1091 1744 Martini
1121 1694 1175 1741 et
1198 1684 1367 1755 Ciari,
1396 1698 1554 1756 quem
1584 1685 1836 1756 proximo
1867 1683 2156 1740 intervallo

550 1782 784 1838 illustris
810 1779 1060 1852 magistri
1088 1790 1382 1849 sequacem
1406 1784 1431 1814 ἰ
1454 1787 1507 1833 te
1529 1784 1749 1832 auctore
1776 1776 2149 1847 cognovimus.

2257 570 2423 629 mem,
2474 562 2564 631 qui
2613 554 2866 633 pauperis
2912 563 3073 617 amici
3111 563 3287 619 forem
3328 565 3530 634 pulsat,
3576 571 3638 619 et
3680 570 3861 632 prom-

2260 655 2531 726 ptuarium
2574 658 2737 714 inane
2784 662 3080 714 scrutatur.
3112 658 3416 730 Numquam
3448 661 3594 716 enim
3640 658 3695 715 in
3741 650 3859 716 haec

2258 750 2633 820 investiganda
2665 756 2720 807 et
2752 750 3061 822 colligenda
3094 752 3226 807 mihi
3267 761 3586 809 contentum
3620 753 3859 809 studium

2255 842 2355 899 fuit
2386 856 2400 899 ξ
2433 856 2556 900 nam
2586 846 2751 901 etiam
2782 847 2834 901 in
2870 854 3118 918 tempore
3147 844 3356 914 veteri,
3390 856 3498 919 quo
3524 848 3751 903 videbar
3783 849 3863 905 le-

2255 952 2385 1007 gere
2417 948 2514 993 nec
2545 938 2792 1008 legenda,
2825 938 2894 994 ab
2924 938 3204 995 historicis
3231 938 3597 1010 scriptoribus
3623 938 3862 1011 peregri--

2257 1038 2417 1085 natus
2448 1046 2588 1086 sum.
2622 1031 2878 1088 Attamen
2909 1045 3055 1088 nunc
3084 1031 3267 1104 operis
3293 1032 3372 1088 tui
3404 1038 3597 1089 curam
3628 1040 3858 1104 gerens,

2256 1134 2363 1195 quo
2394 1130 2447 1180 te
2476 1136 2575 1195 pro
2606 1125 2840 1181 utilitate
2867 1124 2992 1181 iidei
3026 1134 3229 1181 nostra:
3255 1120 3619 1198 inapiciendis
3643 1124 3705 1181 et
3732 1139 3861 1181 con-a

2255 1217 2498 1273 ferendis
2530 1218 2931 1289 praeteritorum
2959 1228 3266 1291 temperu'm
3298 1221 3604 1277 rationibus
3629 1225 3862 1290 occupa-

2258 1322 2368 1368 mm
2422 1312 2695 1382 indicasti,
2745 1314 2888 1385 quod
2934 1312 3004 1370 de
3045 1329 3134 1371 me
3172 1320 3282 1371 nou
3330 1303 3518 1381 habui,
3559 1311 3629 1369 de
3678 1312 3863 1370 fratris

2260 1407 2527 1463 unanimis
2548 1408 2874 1479 opulentiori
2903 1406 3166 1465 thesauro
3190 1400 3354 1478 petivi
3377 1418 3391 1474 ;
3418 1409 3471 1464 et
3492 1400 3667 1478 ipsam
3691 1414 3865 1463 anno-

2258 1500 2515 1556 tationem
2543 1543 2555 1567 ,
2588 1515 2750 1571 quam
2780 1500 3185 1556 commonitorii
3214 1501 3336 1556 vice
3366 1500 3599 1557 miseras
3622 1541 3637 1567 ,
3663 1496 3863 1555 litteris

2257 1595 2394 1650 meis
2414 1590 2640 1650 inditam
2666 1593 2839 1651 direxi
2864 1590 2928 1650 ad
2951 1594 3203 1651 Rufinum
3231 1594 3632 1668 presbyterum,
3657 1594 3862 1651 Sanctae

2256 1688 2454 1744 Melani
2498 1686 2524 1729 ι’
2556 1688 2792 1762 Spiritaii
2833 1691 2888 1745 in
2918 1692 3003 1745 via
3030 1691 3285 1747 comitem
3310 1733 3322 1756 ,
3369 1698 3496 1747 vere
3525 1694 3780 1744 Sanctum
3806 1690 3863 1745 et

2258 1784 2345 1854 pic
2375 1783 2616 1851 doctum,
2651 1794 2707 1839 et
2734 1782 2806 1840 ob
2834 1785 2936 1840 hoc
2973 1794 2993 1823 ο
3027 1783 3216 1840 intima
3246 1782 3379 1840 mihi
3412 1782 3703 1841 affectione
3731 1789 3862 1839 con-

558 1874 762 1931 Horum
783 1882 841 1929 se
856 1876 1021 1928 unius
1041 1874 1095 1927 in
1123 1870 1539 1941 regeneratione
1563 1870 1903 1941 progeniem,
1929 1866 2152 1925 alterius
2184 1862 2233 1931 B
2255 1875 2521 1947 junctum.
2553 1874 2609 1933 Si
2650 1872 2740 1933 ille
2768 1877 2867 1932 has
2892 1918 2908 1945 ,
2938 1891 3056 1948 quae
3088 1878 3285 1933 merito
3321 1886 3374 1932 tc
3399 1878 3722 1946 permovent
3748 1918 3762 1942 ,
3791 1874 3860 1932 de

552 1970 606 2023 in
641 1966 725 2022 via
763 1967 1017 2024 comitem
1053 1960 1217 2020 inisse
1245 1960 1389 2017 {ilius
1424 1964 1571 2034 pacis
1602 1962 1790 2019 Victor
1819 1962 2073 2018 asseruit.

1133 2056 1296 2124 Ibid.,
1329 2070 1471 2112 num.
1506 2050 1573 2112 ιε

632 2151 729 2207 Vix
752 2160 809 2207 ut
830 2158 918 2207 me
940 2156 1132 2223 aquam
1156 2148 1469 2205 ministrare
1494 2146 1745 2203 manibus
1766 2148 1881 2203 suis
1904 2146 2107 2203 sineret
2134 2165 2146 2199 :

553 2258 617 2301 ex
652 2244 792 2300 libro
820 2244 966 2301 enim
998 2253 1088 2299 tuo
1120 2244 1279 2299 istius
1307 2243 1534 2313 gratiam
1568 2242 1845 2298 servitutis
1875 2242 2147 2312 adamavi,

554 2347 612 2393 ut
643 2338 920 2393 minimam
953 2336 1144 2392 saltem
1173 2336 1436 2408 guttulam
1467 2334 1535 2391 de
1566 2335 1737 2391 sacris
1768 2328 1985 2391 .‘iiartini
2016 2335 2151 2391 acti-

549 2432 653 2486 bus
684 2429 1004 2487 deliberem.

552 2522 687 2579 Iueu
718 2523 870 2592 epist.
893 2519 986 2589 ΞΑ,
1020 2522 1151 2577 alias
1174 2521 1231 2589 2,
1255 2523 1446 2595 scripta
1470 2529 1516 2576 et
1537 2520 1694 2576 missa
1715 2528 1829 2575 cum
1859 2521 2143 2591 superiore,

1223 2628 1368 2669 1mm.
1406 2612 1429 2669 i
1463 2631 1475 2668 :

622 2709 731 2765 Cur
762 2709 961 2764 audeas
995 2710 1151 2764 nobis
1170 2752 1185 2773 ,
1221 2716 1278 2763 ut
1306 2707 1585 2764 decertato
1614 2716 1787 2781 agone
1810 2707 2110 2765 victoribus
2132 2753 2147 2777 ,

548 2804 785 2873 palmam
807 2804 1154 2873 perfectionis
1182 2804 1478 2867 ascribere,
1505 2803 1648 2875 quod
1674 2819 1891 2860 omnem
1918 2814 2150 2859 terrente

552 2898 925 2969 possessionis
951 2896 1219 2955 sarcinam
1250 2900 1568 2969 exposuisse
1597 2900 1880 2957 videamur
1906 2918 1917 2953 :
1943 2908 1997 2956 te
2022 2907 2153 2955 con-

548 2998 631 3044 tra
663 2991 840 3045 adhuc
871 2991 1142 3045 infelicem
1190 3002 1245 3046 et
1290 2993 1340 3045 in
1387 2992 1499 3046 luto
1529 2990 1677 3047 faecis
1709 2992 1938 3047 infernae
1965 2992 2149 3047 adita:-

550 3095 761 3139 rentcm
802 3086 1151 3155 ingemiScas.
1203 3085 1345 3156 quod
1385 3085 1471 3140 vel
1515 3101 1705 3152 unum,
1754 3095 1811 3139 ut
1852 3085 2149 3156 scripsisti,

550 3176 871 3247 przediolum
898 3192 1001 3231 noo
1031 3176 1343 3235 vendidisse
1372 3178 1641 3241 videaris;
1666 3192 1787 3230 cum
1820 3179 1993 3247 ipsum
2018 3194 2153 3249 quo-

546 3286 652 3339 que
684 3285 835 3339 :cque
865 3278 921 3323 ut
952 3269 1164 3324 vendita
1190 3286 1218 3324 a
1255 3279 1345 3324 tuo
1372 3269 1495 3339 jure
1523 3270 1773 3336 prrcsenti
1798 3268 2146 3337 alienavcris,
2178 3254 2222 3316 C

548 3374 602 3416 nt
651 3361 946 3432 majoribus
998 3362 1121 3417 fidei
1171 3361 1440 3416 fructibus
1483 3352 1568 3415 bis
1613 3360 1844 3415 devotus
1888 3360 2153 3415 existeres

547 3457 689 3520 Deo,
725 3450 941 3511 diverso
972 3456 1310 3511 mercimonii
1339 3470 1536 3524 Opere,
1572 3450 1665 3507 sed
1700 3470 1807 3506 uno
1841 3455 1971 3508 vin
2000 3454 2152 3509 lucro

550 3549 690 3600 intra
722 3547 967 3615 ejusdem
1005 3549 1261 3618 praecepti
1306 3546 1572 3600 terminos
1606 3542 1858 3597 venditor
1888 3543 2148 3615 largitor-

548 3654 655 3708 que
683 3640 996 3703 fututorum,
1032 3652 1086 3694 et
1112 3642 1233 3694 ideo
1259 3634 1376 3693 sine
1405 3637 1570 3691 animi
1596 3637 1909 3704 captivitate
1938 3650 2153 3707 posses-

549 3750 682 3799 sor;
725 3736 845 3802 quia
894 3743 948 3789 et
987 3750 1110 3806 quae
1143 3730 1478 3798 reservasti,
1519 3727 1764 3784 Ecclesia
1798 3739 1849 3784 te
1879 3729 2153 3784 serviente

550 3824 846 3895 possideat.
880 3820 1025 3879 Adde
1048 3835 1095 3879 et
1114 3840 1226 3897 qua:
1253 3838 1393 3878 num.
1420 3820 1454 3877 '5
1483 3828 1529 3875 et
1552 3822 1605 3876 4.

548 3922 678 3976 lusu
711 3922 855 3990 epist.
889 3921 981 3983 27,
1019 3920 1149 3973 alias
1191 3917 1279 3982 14,
1311 3918 1507 3984 scripta
1538 3915 1717 3971 itidem
1754 3927 1894 3969 anno
1923 3914 2050 3980 401,
2085 3916 2153 3968 ad

1084 4011 1341 4073 eumdem,
1384 4024 1506 4061 num
1569 4008 1647 4062 ὅτ

620 4101 895 4159 ineffabile
926 4088 1058 4157 mihi
1092 4111 1209 4162 est,
1238 4106 1442 4171 quanta
1476 4106 1561 4154 me
1593 4094 1869 4168 voluptate
1899 4098 2153 4169 perfude-

550 4196 680 4261 rint,
733 4202 855 4249 cum
901 4193 1175 4249 referrent
1222 4192 1276 4246 et
1321 4200 1476 4246 actus
1515 4197 1569 4245 et
1607 4202 1887 4245 sermones
1929 4192 2052 4247 tuos
2099 4196 2153 4248 et

550 4286 851 4359 perfectum
884 4303 982 4343 cor
1013 4296 1164 4341 tuum
1196 4283 1483 4341 charitatis
1510 4280 1708 4338 divinae
1739 4284 1963 4339 scientia
1991 4329 2006 4353 ,
2044 4302 2149 4359 qua

547 4383 770 4436 humilis
792 4390 846 4435 et
874 4380 1148 4443 excelsus,
1177 4392 1381 4449 pauper
1405 4380 1460 4433 et
1482 4372 1657 4441 dives,
1687 4386 1883 4433 servus
1907 4386 1962 4435 et
1987 4376 2148 4449 liber,

546 4473 766 4526 famulis
798 4480 1135 4531 conservus.
1168 4468 1430 4523 fratribus
1460 4478 1652 4523 servus
1672 4511 1685 4533 ,
1718 4462 2041 4538 pauperibus
2069 4470 2153 4529 di-

551 4572 647 4619 ves
678 4565 730 4618 in
777 4564 1083 4618 visceribus
1111 4560 1501 4616 misericordiae
1527 4601 1541 4623 ,
1572 4560 1831 4618 divitibus
1862 4579 2068 4635 pauper
2097 4568 2149 4624 in

550 4656 749 4727 spiritu
783 4650 1220 4710 mansuetudinis
1244 4695 1257 4719 ,
1293 4655 1517 4709 humilis
1544 4655 1745 4711 virtute
1774 4658 1989 4731 pietatis
2014 4704 2027 4727 ,
2062 4677 2148 4716 ar-
2179 4650 2231 4711 D

548 4748 690 4803 duus
718 4747 1052 4801 sublimitate
1081 4746 1317 4811 virtutis,
1350 4754 1404 4800 et
1432 4759 1625 4803 servus
1648 4740 1784 4809 Deo.
1819 4749 1961 4806 liber
1986 4768 2156 4810 mam-

551 4855 757 4905 monrr,
782 4847 951 4892 totum
977 4838 1105 4893 inte
1126 4838 1340 4907 spirare
1359 4836 1668 4908 Mariinum,
1692 4841 1889 4899 ﬂorere
1909 4842 2150 4913 Clarum,

554 4930 816 4988 maturari
846 4924 1200 4999 Evangelium
1234 4927 1624 5000 praedicabant.

549 5026 683 5082 lusu
714 5025 865 5094 epist.
902 5016 994 5089 28,
1025 5020 1160 5080 alias
1184 5026 1238 5094 9,
1271 5027 1473 5098 scripta
1502 5043 1638 5084 anno
1667 5028 1792 5099 402,
1827 5046 1971 5087 num.
2006 5033 2039 5088 5
2066 5052 2077 5085 :

622 5117 897 5172 Praeterea
926 5117 1358 5185 autcmjussisti,
1384 5120 1612 5176 nimium
1643 5112 1934 5192 opulenter
1958 5125 2053 5183 tibi
2082 5124 2149 5182 de

551 5216 796 5283 paupere
831 5218 921 5265 tuo
949 5204 1253 5279 blandiens,
1291 5225 1346 5269 ut
1374 5230 1495 5286 quae
1537 5214 1607 5273 de
1637 5225 1688 5272 te
1719 5216 2008 5273 annalibus
2042 5235 2148 5273 non

548 5305 711 5360 unius
738 5296 937 5374 gentis,
962 5300 1056 5361 sed
1082 5308 1303 5377 generis
1332 5298 1551 5364 humani
1578 5308 1848 5382 fugerent,
1874 5326 1974 5382 ego
1996 5311 2149 5367 vide-

617 5474 644 5504 ι
689 5464 893 5519 Alludit
918 5466 984 5521 ad
1010 5480 1074 5522 ea
1102 5480 1224 5538 quas
1245 5468 1485 5525 Severus
1516 5464 1568 5523 in
1594 5467 1757 5538 epist.
1789 5467 1848 5535 2,
1870 5468 1938 5523 ad
1967 5468 2144 5525 Aureé

541 5540 676 5607 lium
699 5540 1013 5607 scripserat.

594 5600 627 5648 ἲ»
670 5607 745 5663 ita
776 5600 943 5681 editio
974 5609 1285 5681 itastveydi,
1319 5620 1375 5666 et
1397 5610 1473 5665 Le
1502 5608 1690 5663 Drunii
1719 5612 1787 5664 ex
1821 5612 1977 5677 mss.;
2007 5609 2137 5665 alibi

539 5686 723 5736 tamen
758 5680 955 5750 legitur
984 5679 1220 5734 Melanii.

614 5765 635 5791 ε
679 5752 757 5807 Ex
796 5754 895 5806 hoc
941 5752 1170 5822 aliisque
1213 5751 1348 5805 locis
1394 5750 1602 5822 Paulini
1638 5758 1829 5822 aperte
1878 5749 2128 5818 colligas,

525 5819 637 5891 ipsi
673 5822 963 5877 admodum
994 5819 1220 5876 charum
1251 5822 1416 5875 fuisse
1446 5819 1697 5874 Ruﬁnum
1725 5837 1746 5891 τί
1766 5820 1970 5875 Severo
2001 5828 2130 5875 vero

523 5890 654 5950 cum
716 5894 908 5947 eodem
966 5892 1170 5947 nullam
1223 5891 1599 5947 intercessisse
1646 5890 1937 5945 amicitiam
1999 5891 2125 5947 hinc

2255 1978 2521 2024 annorum
2571 1970 2687 2025 sive
2740 1978 3034 2041 regnorum
3090 1976 3200 2025 non
3258 1979 3596 2041 congruente
3649 1962 3863 2023 calculo

2252 2061 2455 2131 hiantis
2487 2052 2731 2118 historiae
2760 2075 2957 2119 causas
2989 2076 3096 2117 non
3127 2060 3359 2119 ediderit
3386 2103 3398 2127 ,
3432 2056 3522 2133 qui
3552 2062 3609 2117 et
3638 2050 3861 2117 schola:-

2252 2156 2403 2211 sticis
2431 2164 2487 2213 et
2514 2156 2842 2213 salutaribus
2867 2156 3071 2213 litteris
3091 2157 3281 2214 Graece
3299 2157 3450 2227 juxta
3479 2158 3533 2211 et
3566 2152 3761 2212 Latine
3781 2152 3861 2211 di-

2252 2256 2348 2305 ves
2388 2259 2509 2313 est;
2551 2262 2746 2305 vereor
2787 2256 2857 2305 ne
2906 2246 3047 2321 apud
3084 2249 3252 2304 alium
3298 2248 3350 2303 in
3404 2248 3485 2303 his
3538 2242 3860 2319 regionibus

2250 2342 2453 2398 frustra
2476 2344 2841 2415 requiramus.
2863 2343 3021 2410 Quod
3045 2344 3088 2398 si
3116 2338 3526 2413 praesumptioni
3553 2341 3621 2396 de
3644 2350 3705 2397 se
3725 2348 3860 2395 mere

2252 2434 2596 2503 satisfecerit,
2649 2435 2823 2505 prima
2871 2435 3184 2502 occasione,
3232 2434 3275 2489 si
3319 2433 3587 2489 Dominus
3636 2432 3854 2500 faverit,

2253 2528 2614 2581 transmittam
2646 2528 2987 2582 unanimitati
3022 2537 3125 2582 tuae
3147 2568 3162 2592 ,
3197 2536 3494 2598 utcumque
3524 2524 3661 2581 mihi
3688 2539 3856 2595 super

2254 2618 2354 2673 hac
2384 2612 2594 2674 ratione
2616 2619 2982 2690 rescripserit.
3813 2606 3847 2617 Μ

2254 2712 2386 2767 IDEM
2413 2712 2564 2782 epist.
2598 2711 2689 2778 29,
2731 2713 2865 2767 alias
2893 2712 2992 2777 i0,
3028 2714 3226 2781 scripta
3263 2711 3444 2766 eodem
3472 2702 3587 2784 iquo
3618 2712 3858 2781 superior

2616 2813 2843 2874 tempore
2863 2804 2931 2858 ad
2954 2804 3215 2866 eumdem,
3244 2820 3364 2857 num
3423 2801 3489 2857 ϐε

2252 2900 2271 2949 ι.
2326 2896 2444 2963 Quo
2490 2896 2652 2957 etiam
2693 2904 2938 2959 ιιωδτιιι
2980 2912 3084 2952 ILLI
3130 2906 3365 2959 unum
3410 2911 3475 2951 ar
3516 2898 3855 2959 ELDQUENTIA

2254 3008 2411 3049 LIBBO
2434 3008 2540 3048 'ruo
2564 2993 2734 3053 vicem
2761 2993 2994 3062 aliquam
3022 2990 3212 3045 videar
3236 2989 3499 3055 reddere;
3531 2990 3574 3043 si
3601 2988 3856 3043 feminam

2259 3084 2594 3154 (Melanium)
2622 3084 2934 3138 inferiorem
2960 3098 3113 3146 sexu,
3142 3081 3432 3139 virtutibus
3457 3082 3675 3148 Martini
3704 3080 3859 3136 Cirri-

2255 3190 2342 3232 sto
2374 3178 2703 3233 militantem
2739 3190 3057 3249 prosequar,
3089 3190 3231 3247 quae,
3263 3184 3370 3230 etc.

2404 3268 2572 3335 Ibid.,
2605 3286 2747 3324 num.
2784 3266 2871 3336 M,
2904 3268 2967 3322 de
2988 3267 3166 3321 eadem
3208 3262 3435 3322 Melania
3458 3264 3673 3336 loquens
3697 3284 3715 3320 :

2328 3354 2445 3416 Non
2477 3362 2605 3427 tuli,
2636 3361 2820 3424 frater,
2858 3371 2913 3414 ut
2946 3370 2998 3415 te
3030 3360 3131 3414 ista
3163 3348 3420 3413 nesciret.
3451 3357 3521 3413 Ut
3548 3359 3778 3428 gratiam
3807 3358 3860 3413 in

2257 3460 2309 3506 te
2335 3452 2430 3507 Dei
2464 3453 2676 3525 plenius
2707 3460 2999 3519 nosceret,
3034 3460 3123 3507 tuo
3157 3458 3208 3506 te
3240 3440 3319 3505 iiii
3351 3449 3520 3520 magis
3543 3466 3703 3519 quam
3736 3466 3860 3506 meo

2256 3562 2512 3603 sermone
2540 3546 2769 3620 patefeci
2804 3565 2815 3600 :
2848 3546 3136 3602 Martinum
3170 3546 3312 3600 enim
3359 3554 3609 3599 nostrum
3644 3544 3719 3598 illi
3748 3554 3863 3600 stu-

2257 3644 2584 3699 diosissimm
2613 3646 2797 3698 taliqu
2818 3640 3170 3698 historiarum
3200 3642 3314 3712 ipse
3341 3636 3591 3696 recitavi.
3618 3640 3741 3708 Quo
3769 3656 3862 3710 ge-

2258 3754 2389 3793 nere
2420 3746 2472 3793 te
2512 3746 2567 3794 et
2596 3734 2896 3793 venerabili
2936 3737 3193 3806 episcOpo
3221 3745 3383 3806 atque
3417 3730 3744 3789 doctissimo
3772 3732 3862 3788 Ni-

2256 3837 2431 3896 cetze,
2483 3831 2573 3899 qui
2616 3846 2682 3885 ex
2733 3830 2893 3883 Dacia
2943 3822 3206 3883 Romanis
3256 3824 3453 3882 merito
3499 3818 3863 3883 admirandus

2256 3920 2597 3988 advenerat,
2628 3931 2675 3975 et
2709 3916 2962 3990 plurimis
2990 3910 3089 3974 Dei
3116 3918 3353 3985 sanctis,
3388 3918 3442 3972 in
3476 3916 3720 3974 veritate
3755 3934 3862 3973 non

2256 4015 2426 4086 magis
2456 4017 2532 4070 tui
2576 4015 2905 4087 praedicator
2938 4030 3099 4083 quam
3150 4013 3254 4068 mei
3282 4011 3524 4083 jactans,
3570 4000 3816 4068 revelavi
3847 4029 3861 4067 :

2257 4110 2431 4181 gloria
2453 4109 2595 4165 enim
2621 4109 2752 4164 mihi
2776 4118 2883 4174 est,
2909 4106 3058 4177 diligi
3084 4103 3111 4143 ά
3139 4116 3191 4161 te
3209 4115 3259 4160 et
3285 4094 3476 4169 amari,
3504 4120 3668 4175 quem
3694 4104 3868 4160 famu-

2257 4202 2367 4255 lum
2395 4200 2642 4255 veritatis
2670 4214 2907 4255 consona
2941 4196 3139 4268 lingum
3168 4195 3275 4249 vita
3311 4204 3569 4250 testatur.

2258 4312 2387 4368 lusu
2418 4313 2570 4383 epist.
2597 4312 2689 4379 52,
2718 4312 2851 4369 alias
2880 4309 2966 4376 12,
2997 4310 3191 4378 scripta
3216 4324 3352 4362 anno
3369 4306 3476 4365 405
3504 4309 3574 4363 ad
3603 4312 3861 4367 eumdem.

2329 4405 2772 4462 lnterversiculos
2798 4448 2812 4473 ,
2850 4421 2978 4472 quos
3010 4403 3165 4463 mittit
3207 4402 3304 4473 ipsi
3351 4403 3612 4473 aliquibus
3650 4405 3704 4458 in
3740 4394 3869 4463 locis

2328 4500 2553 4555 basilica:
2574 4498 2636 4553 ab
2664 4515 2725 4553 eo
2752 4497 3026 4568 rediﬁcata:
3050 4508 3094 4551 et
3122 4496 3337 4566 depicta:
3357 4498 3647 4568 parietibus
3675 4500 3862 4567 inscri-

2328 4591 2545 4659 bendas,
2569 4590 2621 4645 Ιιὶ
2647 4589 2921 4656 habentur,
2951 4604 3097 4643 num.
3126 4590 3195 4645 ὅτ

2264 4707 2423 4762 Dives
2448 4720 2613 4776 opum
2643 4704 2881 4773 Christo,
2909 4720 3114 4775 pauper
3140 4705 3268 4773 sibi,
3296 4705 3528 4775 pulchra
3558 4707 3786 4763 Severus

2332 4798 2583 4856 Culmina
2614 4799 2844 4855 scentis
2875 4798 3118 4854 fontibus
3143 4798 3402 4855 instituit.

2827 4912 2989 4979 Ibid.,
3033 4922 3175 4969 num.
3217 4911 3290 4968 5:

2255 5026 2519 5099 Corpore,
2557 5036 2761 5095 mente,
2796 5026 2901 5082 fide
2931 5027 3268 5083 castissimus
3300 5026 3483 5084 incola
3509 5026 3719 5087 Christi

2331 5122 2585 5180 Condidit
2610 5114 2713 5178 ista
2744 5122 2857 5177 Deo
2884 5129 3021 5178 tecta
3052 5120 3273 5177 Severus
3305 5138 3496 5178 ovans.

2258 5206 2429 5275 Totus
2460 5226 2515 5273 et
2545 5218 2659 5289 ipse
2690 5208 2786 5269 Dei
2818 5215 3077 5283 templum
3102 5214 3244 5283 viget
3274 5214 3491 5285 hospite
3522 5216 3752 5275 Christo
3778 5262 3792 5287 ,

2326 5296 2775 5379 Gaudentemque
2802 5305 2991 5359 humili
3022 5305 3190 5361 corde
3222 5310 3360 5378 gerit
3393 5308 3716 5369 Dominum.

2288 5469 2412 5522 lane
2455 5466 2643 5533 liquet.
2692 5452 2879 5536 itaque
2916 5462 3276 5536 corrigendos
3304 5465 3552 5522 Nomius
3583 5472 3681 5536 qui
3716 5472 3857 5527 Hist.

2294 5541 2434 5611 e|_ag.
2479 5536 2571 5591 lib.
2604 5548 2817 5611 1,_cap_.
2854 5534 2909 5600 2,
2941 5537 3200 5611 scripsit:
3233 5535 3519 5611 fautorum
3558 5534 3856 5611 Nolanum,

2246 5619 2293 5663 et
2317 5600 2564 5688 Seberum
2597 5600 3015 5688 sulpiciumjnan
3040 5600 3188 5661 modo
3430 5600 3856 5688 amicospsedﬂei

2242 5678 2580 5763 encomiastas
2626 5676 2802 5747 fuisse,
2856 5680 2918 5733 ea:
2969 5679 3199 5748 ipsorum
3250 5676 3434 5735 litteris
3474 5684 3607 5738 satis
3642 5676 3858 5741 intelli-

2240 5760 2410 5823 WE”;-

2313 5819 2337 5859 δ
2368 5820 2533 5876 Forte
2554 5837 2588 5875 α
2620 5830 2687 5875 te.
