4106 6344
195 324 259 381 85
1101 320 1191 379 DE
1231 319 1429 380 SULP.
1471 320 1751 383 SEVERO
1792 321 2132 382 VETEBUH
2171 320 2619 382 TESTIMONIA.
3462 331 3533 388 86

192 408 320 497 Ecce
365 437 527 497 velut
577 438 739 499 trino
787 439 915 501 colit
958 453 1115 497 unam
1168 439 1391 495 nomine
1439 448 1721 505 mentem,

257 535 343 591 Sic
368 533 592 591 trinum
624 545 826 597 sancta
855 542 1036 591 mente
1064 536 1299 593 sacravit
1320 546 1482 606 opus.

194 630 251 685 ll.
299 629 583 684 PAULINUS
619 629 691 686 S.
727 629 984 684 Ambrosii
1019 628 1418 687 Mediolanensis
1445 632 1673 704 episcopi
1718 650 1812 688 nos

260 724 439 788 larius,
484 723 654 776 initio
700 725 813 786 eius
866 721 989 778 Vita:
1029 740 1179 794 quam
1232 724 1497 795 scripsisse
1540 736 1809 781 autumant

262 832 389 870 anno
406 816 521 871 “2
543 826 648 870 aut
673 818 783 887 415
806 825 891 870 aut
917 817 1095 871 saltem
1112 817 1217 873 422
1245 828 1267 854 ⁸
1286 818 1353 872 ad
1377 818 1579 879 beatum
1605 818 1812 893 Augus-

260 909 413 963 tinum
447 909 775 981 cpiswpum
803 910 875 964 ita
903 909 1092 964 scribit.
1123 925 1139 963 :

260 1001 546 1069 Hortaris,
596 1002 937 1057 venerabilis
980 1012 1134 1072 pater
1159 1001 1186 1041 ι)
1216 1003 1532 1076 Augustine,
1574 1014 1634 1060 ut
1673 1005 1812 1062 sicut

197 1095 329 1150 beati
352 1096 455 1150 viri
497 1095 851 1153 Athanasius
881 1098 1162 1169 episcopus
1184 1107 1235 1152 et
1266 1098 1624 1171 Hieronymus
1656 1115 1810 1169 pres—

196 1188 337 1259 byter
361 1189 515 1261 stylo
537 1192 837 1267 prosecuti
870 1198 993 1244 sunt
1022 1190 1160 1245 vitas
1188 1189 1286 1245 SS.
1329 1190 1480 1246 Pauli
1510 1202 1562 1247 et
1590 1190 1811 1248 Antonii

198 1282 244 1337 in
284 1296 471 1337 eremo
518 1282 861 1354 positorum,
890 1284 1026 1338 sicut
1055 1285 1217 1339 etiam
1248 1278 1459 1341 Martini
1487 1286 1813 1343 venerabilis

198 1375 423 1446 episcopi
458 1368 825 1433 Turonensis
850 1376 1090 1433 ecclesia:
1123 1377 1344 1433 Severus
1374 1395 1549 1434 servus
1580 1378 1678 1434 Dei
1719 1396 1812 1436 LU-

198 1475 431 1523 cuuasro
454 1482 722 1525 sentiens;
746 1473 1057 1537 contexuit;
1090 1470 1171 1525 sic
1199 1470 1359 1525 etiam
1387 1485 1488 1542 ego
1513 1471 1813 1529 beatissimi

199 1560 461 1616 Ambrosii
507 1562 771 1635 episcopi
812 1562 1228 1619 Mediolanensis
1256 1564 1505 1620 ecclesiae
1530 1580 1654 1620 meo
1686 1581 1807 1636 pro-

200 1671 380 1727 sequar
407 1658 589 1730 stylo.
640 1656 753 1714 Sed
790 1674 888 1729 ego
916 1668 973 1713 ut
1008 1659 1215 1713 meritis
1244 1666 1518 1714 tantorum
1547 1659 1810 1728 virorum,

201 1751 279 1820 qui
308 1752 450 1805 muri
483 1752 857 1807 ecclesiarum
896 1759 1023 1806 sunt
1054 1760 1109 1807 et
1148 1751 1473 1823 eloquentia:
1511 1748 1711 1818 fontes,
1742 1754 1811 1808 ita

201 1847 344 1902 etiam
369 1860 649 1901 sermone
678 1859 770 1900 me
800 1847 1059 1916 imparem
1092 1846 1236 1902 novi.

262 1938 342 1993 ill.
377 1938 442 1994 S.
480 1938 849 1995 Hienounws
870 1938 1115 2006 scribens,
1139 1941 1276 1994 circa
1302 1956 1497 1995 annum
1525 1939 1654 2010 415,
1688 1941 1741 1993 in

681 2011 969 2066 Ezechielis
1000 2027 1111 2082 cap.
1147 2026 1313 2067 xxxvt
1344 2030 1359 2067 :

264 2102 456 2174 Neque
499 2105 656 2160 enim
681 2105 845 2175 juxta
875 2105 1129 2165 Judaicas
1150 2105 1383 2174 tabulas,
1417 2121 1551 2177 quas
1580 2106 1658 2162 illi
1698 2105 1817 2162 8w-

203 2204 439 2277 τερὼσεις
486 2200 798 2272 appellant,
840 2210 1163 2270 gemmatam
1210 2212 1263 2256 et
1310 2218 1533 2257 auream
1569 2203 1639 2257 de
1676 2203 1821 2259 calo

204 2303 594 2365 exspectamus
607 2292 951 2355 Jerusalem:
978 2310 1077 2351 nec
1099 2311 1315 2352 rursum
1344 2296 1555 2368 passuri
1586 2296 1822 2350 circum-

205 2388 422 2446 cisionis
454 2390 744 2461 iniuriam,
788 2406 886 2447 nec
913 2391 1146 2447 oblaturi
1179 2399 1461 2449 taurorum
1488 2400 1547 2446 et
1584 2391 1817 2446 arietum

206 2484 475 2551 victimas,
506 2500 615 2542 nec
645 2484 860 2545 sabbati
887 2486 998 2540 otio
1018 2484 1379 2542 dormiamus.
1400 2484 1557 2551 Quod
1583 2490 1639 2540 et
1665 2484 1820 2539 multi

208 2588 541 2645 nostrorum,
572 2588 633 2635 et
675 2580 946 2650 pracipue
971 2578 1294 2635 Tertulliani
1322 2580 1462 2634 liber
1491 2581 1585 2649 qui
1620 2581 1817 2635 inseris

209 2671 344 2726 bitur
378 2669 462 2726 De
488 2687 584 2741 spe
613 2669 879 2741 ﬁdelium,
909 2682 964 2727 et
989 2672 1256 2729 Lactantii
1285 2673 1704 2728 institutionum
1730 2688 1822 2729 vo-

209 2764 382 2820 lumen
427 2765 730 2835 septimum
790 2766 1100 2835 pollicetur,
1148 2774 1203 2821 et
1255 2767 1521 2822 Victorini
1572 2768 1822 2823 Petabio~

212 2858 389 2913 uensis
424 2860 676 2929 episcopi
692 2860 902 2914 (‘l'Bbl‘il’
921 2860 1321 2928 expositiones,
1339 2870 1582 2931 etnuper
1599 2861 1822 2917 Severus

214 2962 395 3007 noster
422 2952 477 3007 in
507 2952 763 3022 Dielogo,
801 2954 889 3008 cui
920 2953 1079 3010 Gallo
1107 2969 1309 3011 nomen
1339 2956 1596 3025 imposuit
1622 2973 1634 3008 :
1680 2963 1737 3011 et
1764 2965 1827 3010 tit

221 3043 433 3098 Graecos
461 3045 767 3111 noaiinem,
796 3055 851 3100 et
882 3048 1111 3117 primum
1136 3057 1553 3119 extremumque
1581 3048 1820 3118 coiijun-

217 3151 355 3206 gam,
384 3137 629 3196 lrenaus
661 3149 719 3197 et
752 3142 1146 3210 Apollinarius.

1834 444 1884 502 Α
1918 438 2002 493 Vl.
2035 439 2259 497 ΡΑῠιοιιιι
2300 440 2813 511 Pernoc‘omcettsis,
2860 444 2948 514 qui
2987 434 3160 499 Vitam
3196 443 3340 501 beati
3382 438 3533 502 Har-

1986 533 2081 587 tini
2123 549 2275 590 uersu
2312 537 2567 604 expressit
2611 536 2752 590 circa
2782 548 2975 591 annum
3017 534 3148 606 460,
3181 534 3275 593 ιη.
3307 552 3362 608 v,
3396 550 3529 597 vers.

1988 627 2165 682 193m
2190 642 2373 698 seqq:

1914 718 2093 774 Testis
2118 719 2271 773 adest
2298 717 2462 774 docto
2489 719 2754 774 mirabilis
2785 733 2881 776 ore
2911 722 3155 791 Severus,
3242 748 3250 755 -

1915 811 1982 866 Et
2010 820 2121 866 tota
2151 810 2427 868 Christum
2456 814 2638 868 cordis
2666 815 2866 869 virtute
2894 825 3146 885 secutus,

1913 904 2147 976 Insignis
2164 906 2351 962 mundi
2380 909 2573 975 titulis,
2606 907 2703 963 sed
2726 906 2930 964 clarior
2958 910 3077 977 illa,

1914 998 2028 1067 Qua
2054 999 2312 1055 mundum
2337 1003 2578 1071 tempsit,
2608 1012 2812 1058 sancite
2832 1003 3036 1059 virtute
3059 1004 3219 1067 fidei;

1915 1091 2212 1147 Nobilitate
2241 1101 2457 1163 potens,
2481 1094 2579 1149 sed
2608 1095 2779 1151 multo
2796 1098 3070 1151 extentius
3093 1098 3238 1152 idem

1916 1185 2162 1240 Nobilior
2185 1184 2385 1241 Christi
2407 1185 2558 1241 cultu
2580 1200 2742 1257 quam
2774 1188 3056 1259 sanguinis
3088 1194 3233 1245 ortu.

1916 1279 2016 1335 Hic
2038 1278 2267 1335 Sacrum
2293 1280 2593 1347 Canonem,
2633 1282 2888 1337 distentae
2919 1292 2973 1338 et
3008 1284 3211 1354 scripta
3237 1295 3525 1342 coarctans

1919 1374 2192 1441 Historia},
2224 1375 2454 1444 geminis
2480 1376 2749 1430 conclusit
2777 1386 2970 1431 cuncta
3002 1378 3224 1447 libellis,

1918 1467 2286 1535 Qurccumque
2310 1481 2339 1521 a
2372 1468 2563 1537 primis
2588 1478 2940 1538 percurreret
2968 1464 3111 1527 edita
3143 1472 3342 1529 saeclis.

1917 1561 2063 1616 Idem
2094 1561 2311 1616 Martini
2342 1562 2529 1619 titulos
2557 1564 2640 1618 vel
2667 1566 2820 1633 gesta
2851 1574 3129 1634 retexens,

1919 1648 2205 1713 Sci'utator
2225 1664 2417 1712 cautus
2444 1659 2579 1724 veri,
2615 1654 2862 1729 lidusque
2890 1658 3116 1727 relator,

1918 1748 2226 1804 Protulitin
2252 1749 2493 1803 medium
2530 1758 2636 1803 tam
2675 1750 2839 1805 clarze
2866 1751 3095 1821 insignia
3122 1750 3285 1819 vitat;

1845 1855 1894 1915 Β
1922 1842 2014 1898 Sic
2040 1842 2240 1912 justam
2267 1842 2509 1897 retinens
2536 1853 2750 1913 aequato
2775 1832 3265 1910 examine'lib'ram,

1922 1937 2002 1992 Ne
2031 1936 2193 1992 dubie
2220 1945 2489 1993 astrueret
2509 1934 2719 2004 dicens,
2754 1951 2856 1992 nec
2883 1945 3030 1993 certa
3054 1945 3284 1994 taceret.

1923 2030 2023 2085 Hic
2044 2031 2249 2087 Sancto
2276 2044 2519 2099 persaepe
2549 2032 2636 2100 pie
2660 2032 2898 2087 sociatus
2929 2031 3181 2098 adhcrsit,

1925 2124 2156 2180 Utsolet
2177 2124 2231 2178 in
2255 2124 2478 2194 speculo
2501 2122 2687 2179 cordis
2715 2124 3025 2193 perspectio
3050 2124 3251 2179 mentis

1923 2213 2226 2286 Cognataet1
2258 2214 2456 2269 similis
2484 2230 2695 2269 morum
2724 2216 2938 2271 sociare
2968 2215 3171 2287 ﬁguras
3197 2234 3210 2270 :

1922 2308 2043 2374 Quo
2071 2322 2229 2380 mage
2249 2306 2583 2369 credendum
2613 2317 2699 2363 est
2734 2315 2927 2364 testem
2958 2310 3134 2379 magis
3171 2323 3300 2366 esse
3334 2310 3531 2381 proba-

3144 2401 3307 2476 (tum,

1923 2492 2027 2563 Qui
2061 2508 2243 2548 coram
2272 2501 2549 2563 comperta
2580 2492 2762 2559 docet,
2792 2506 2914 2555 cum
2942 2495 3053 2551 visa
3079 2495 3352 2566 loquatur.

1924 2584 2037 2642 VII.
2084 2585 2391 2640 GENNADIUS
2434 2585 2490 2640 in
2546 2596 2568 2621 θ
2617 2584 2865 2657 Catalogo
2922 2588 2987 2647 de
3017 2587 3159 2643 Viris
3212 2588 3527 2656 illustribus,

1961 2696 2109 2750 quem
2140 2678 2389 2733 scribebat
2413 2680 2552 2733 circa
2573 2695 2765 2736 annum
2790 2679 2897 2737 494
2932 2678 2978 2745 ί,
3011 2681 3105 2736 sub
3136 2694 3349 2736 numero
3379 2678 3445 2734 19
3475 2698 3490 2737 :

1998 2773 2220 2829 Severus
2243 2773 2549 2844 presbyter,
2586 2781 2948 2843 cognomento
2971 2772 3271 2843 Sulpicius,
3298 2772 3529 2847 Aquita-

1922 2865 2061 2919 nica:
2094 2864 2410 2933 provinciar,
2452 2863 2536 2918 vir
2566 2880 2767 2934 genere
2809 2876 2866 2920 et
2896 2866 3201 2921 litteratura
3239 2875 3263 2913 8
3296 2865 3528 2934 nobilis,

1923 2960 1980 3013 et
2020 2957 2352 3029 paupertatis
2400 2968 2559 3029 atque
2590 2958 2911 3014 humilitatis
2940 2975 3129 3015 amore
3175 2960 3526 3033 conspicuus,

1924 3050 2123 3107 Charus
2152 3047 2180 3086 τι
2214 3051 2377 3106 etiam
2406 3061 2719 3106 sanctorum
2750 3053 2987 3107 virorum
3020 3052 3533 3108 MartiniTuronen-

1924 3144 2002 3199 sis
2041 3138 2305 3215 episcopi,
2355 3154 2408 3197 et
2450 3142 2658 3197 Paulini
2706 3140 2977 3207 Nolensis,
3008 3141 3227 3212 scripsit
3256 3157 3365 3197 non
3399 3133 3541 3199 con-‘

218 3231 301 3290 IV.
324 3232 559 3293 Ulmus
582 3235 857 3305 presbyter
883 3235 935 3289 in
959 3236 1179 3305 epistola
1200 3236 1269 3289 ad
1289 3234 1545 3291 Paccium
1568 3234 1645 3291 De
1664 3237 1821 3292 Obittt
1846 3240 1891 3303 (ζ
1928 3236 2217 3292 temnenda
2265 3235 2557 3306 opuscula:
2600 3251 2725 3289 nam
2759 3235 3023 3304 epistolas
3058 3235 3123 3288 ad
3157 3249 3396 3290 amorem
3430 3234 3529 3292 Dei

346 3327 409 3384 S.
444 3328 696 3395 Paulini,
726 3331 917 3401 scripta
943 3347 1080 3384 anno
1108 3330 1209 3385 Ml
1242 3341 1333 3386 aut
1359 3333 1513 3401 paulo
1539 3342 1652 3403 post
1680 3347 1698 3385 :
1766 3348 1771 3353 δ

289 3420 551 3477 Martinus
578 3432 769 3477 autem
813 3423 895 3477 vir
923 3438 1021 3493 per
1048 3423 1232 3479 omnia
1279 3425 1634 3495 apostolicus,
1668 3425 1825 3495 cujus

226 3524 247 3553 ε
302 3514 422 3572 Vita
471 3517 545 3573 ab
589 3516 859 3573 omnibus
908 3518 1125 3590 legitur,
1183 3518 1481 3575 Galliarum
1532 3521 1827 3590 episcopus

224 3606 339 3663 iuit.

225 3701 287 3757 ν.
329 3703 594 3762 Pnoseeet
640 3705 905 3768 Acerram
947 3704 1259 3759 Chronica»:
1304 3705 1656 3774 Pithoaanum,
1690 3709 1826 3777 quod

292 3798 479 3861 desinit
518 3800 575 3854 iis
604 3814 799 3857 annum
829 3797 957 3865 404,
987 3801 1055 3852 ad
1082 3812 1279 3854 annum
1332 3800 1540 3854 Arcadii
1567 3810 1615 3854 et
1649 3792 1829 3855 Hono-

325 3895 356 3907 ..
462 3911 479 3925 θ

293 3910 478 3951 ηιιι.

296 3988 540 4055 Severus,
573 4003 642 4044 ex
684 3988 967 4057 disciplina
1012 3989 1185 4044 sancti
1225 3989 1466 4056 Martini,
1507 3989 1625 4059 ejus
1661 3990 1823 4044 vitam

233 4081 393 4136 tribus
420 4080 668 4152 explicat
691 4081 862 4137 libris.

303 4267 325 4330 ξι
365 4257 503 4314 Vide
532 4256 756 4317 Tillem.
783 4258 844 4330 in
876 4256 993 4313 Vita
1019 4258 1078 4315 s.
1114 4258 1385 4314 Ambrosii
1415 4256 1518 4330 gs.

306 4328 327 4366 δ
354 4331 428 4383 Ex
463 4332 548 4385 his
576 4329 895 4397 verbisjure
915 4344 1202 4397 possumus
1230 4328 1461 4399 arguere
1486 4338 1540 4384 et
1561 4330 1831 4399 cognitam

241 4410 287 4455 et
311 4401 360 4454 in
406 4399 582 4471 pretio
612 4400 850 4453 habitam
885 4400 1047 4456 fuisse
1094 4401 1151 4454 S.
1186 4403 1488 4471 Augustino
1529 4402 1587 4455 S.
1621 4401 1831 4456 Martini

244 4471 406 4527 Vitam
439 4488 466 4525 a
498 4474 707 4528 Seu-ru
728 4471 985 4541 scriptam
1013 4493 1025 4527 :
1059 4488 1234 4540 neque
1267 4486 1448 4526 tamen
1493 4488 1677 4528 verum
1713 4488 1834 4528 esse

241 4546 505 4613 comperio
533 4559 659 4609 cum
695 4544 746 4597 in
794 4546 1036 4613 epistolis
1076 4547 1189 4598 suis
1230 4546 1420 4600 Severi
1472 4549 1830 4610 mentionem,

241 4615 519 4683 aliquando
548 4616 747 4671 iecisse
778 4633 789 4668 :
821 4630 944 4670 nam
976 4617 1187 4685 quodin
1216 4619 1472 4672 omnibus
1500 4616 1613 4674 fere
1644 4619 1832 4673 Severi

242 4686 559 4761 edition‘ibus
603 4687 726 4757 ejus
776 4686 1144 4761 testiinonium
1195 4690 1517 4761 producitur
1561 4708 1624 4746 ex
1667 4692 1829 4756 epist.

241 4757 358 4831 205,
393 4759 527 4813 nihil
558 4764 782 4813 moror:
809 4756 863 4812 in
894 4768 1174 4827 Comperto
1195 4756 1345 4831 enim
1376 4767 1459 4814 cst
1489 4775 1606 4815 eam
1632 4761 1835 4831 episto—

243 4828 339 4883 lam
368 4830 677 4899 Augustino
707 4831 841 4884 falso
867 4833 1180 4898 ascriptum,
1202 4830 1345 4900 quod
1380 4846 1508 4885 vero
1538 4828 1833 4901 alii,'iique

246 4915 342 4955 non
370 4903 634 4971 ignobiles
664 4902 978 4972 scriptores,
1015 4899 1282 4963 Labbebs,
1313 4902 1593 4969 Bailletus,
1627 4899 1833 4960 Natalis

244 4974 307 5027 ab
334 4974 664 5037 Alexandro,
691 4973 976 5042 epistolam
1002 4973 1240 5043 ejusdem
1263 4975 1336 5029 25'
1374 4976 1574 5038 citant,
1610 4976 1835 5033 eodem—

246 5058 340 5113 que
382 5055 632 5117 tempore
682 5055 941 5099 annutant
980 5060 1245 5118 cumquae
1280 5062 1429 5101 num.
1475 5048 1582 5102 205
1615 5060 1831 5118 pramo-

248 5126 380 5171 tatur
395 5116 810 5187 Stip'pnsititiam
838 5131 981 5179 esse,
1005 5116 1243 5183 proiecto
1264 5121 1507 5187 graviter
1532 5116 1835 5173 aliut-inau-

246 5195 368 5243 tur:
418 5191 618 5246 nullihi
670 5191 839 5253 enim,
887 5189 1029 5257 quod
1073 5190 1424 5258 comperiam,
1484 5189 1537 5243 in
1584 5190 1836 5255 epistolis

245 5260 571 5327 Augustinus
602 5261 793 5315 Severi
836 5262 1007 5313 nostri
1050 5266 1322 5325 meminit,
1353 5272 1407 5315 et
1436 5270 1569 5315 sane
1600 5263 1653 5315 in
1697 5261 1836 5315 anti-

243 5334 353 5402 quis
382 5332 744 5396 editionibus,
779 5332 843 5383 ad
872 5345 1013 5403 quasi
1036 5341 1293 5400 provocat
1338 5333 1620 5397 Baillcttis,
1668 5334 1834 5403 epist.

246 5420 348 5459 xxv
378 5422 445 5460 ne
475 5405 704 5476 quidem
735 5402 1018 5476 Augustini
1053 5412 1157 5466 est,
1188 5405 1281 5476 sed
1317 5404 1653 5476 Hieronymi.

243 5474 508 5604 edfdilzne
530 5484 745 5540 autem,
784 5490 890 5529 non
922 5474 1024 5527 alia
1055 5485 1205 5530 certe
1234 5475 1303 5530 ab
1334 5492 1395 5532 ea
1417 5474 1579 5546 quam
1607 5476 1846 5531 SeVerus

313 5567 323 5603 I
367 5560 423 5602 ll.

313 5548 423 5605 idit.

314 5618 335 5657 ἀ
362 5620 466 5675 Pro
491 5617 714 5675 similes.
1625 5680 1629 5683 ν

319 5703 339 5731 ε
377 5691 693 5748 Collatione
751 5688 889 5743 facta
935 5703 1058 5742 eum
1118 5690 1288 5744 tribus
1344 5704 1477 5743 mss.
1540 5684 1843 5756 codicibus,

313 5765 418 5821 imo
448 5761 834 5832 antiquissimo
863 5760 1102 5832 Capituli
1138 5760 1495 5827 Veronensis,
1528 5765 1579 5815 iu
1619 5778 1725 5831 quo
1753 5760 1849 5813 lia-

286 5846 404 5891 etnr
422 5831 635 5904 integer
658 5833 795 5886 liber
816 5832 1057 5901 ejusdem
1073 5831 1366 5898 Gennadii;
1381 5836 1556 5889 altero
1569 5833 1843 5897 Brixiano,

251 5917 305 5965 et
336 5909 494 5966 tertio
532 5907 766 5971 Veneto,
794 5904 847 5958 in
876 5918 1110 5974 quorum
1144 5906 1320 5975 primo
1345 5904 1694 5976 praemittitur
1720 5904 1847 5959 Dia-

1927 3340 1979 3384 ct
2006 3339 2380 3399 contemptum
2414 3327 2600 3382 mundi
2626 3326 2956 3381 hortatorias
2982 3325 3391 3399 scripsitsorori
3414 3342 3531 3381 stite

1930 3424 2143 3491 multas,
2176 3440 2295 3496 qua:
2325 3422 2339 3459 ί
2386 3433 2441 3478 et
2477 3432 2617 3477 nota:
2653 3430 2800 3481 sunt.
2830 3420 3060 3491 Scripsit
3086 3420 3153 3475 ad
3185 3420 3470 3477 Paulinum
3501 3424 3513 3469 i'

1930 3520 2245 3592 pnedictum
2277 3518 2434 3585 duas,
2469 3526 2525 3572 ct
2553 3517 2619 3572 ad
2650 3516 2787 3571 alios
2827 3515 2962 3571 alias
3001 3533 3013 3568 :
3044 3515 3139 3571 sed
3179 3515 3304 3586 quia
3344 3515 3399 3569 in
3426 3514 3528 3568 ali-

1929 3614 2125 3684 quibus
2154 3618 2316 3667 etiam
2364 3608 2647 3665 familiaris
2686 3609 2983 3664 necessitas
3029 3610 3231 3663 inserta
3271 3616 3378 3674 est,
3422 3622 3529 3662 non

1931 3710 2274 3780 digeruntur.
2308 3707 2626 3777 Composuit
2669 3716 2723 3760 et
2768 3704 3071 3769 Chronica;
3104 3702 3326 3774 scripsit
3371 3711 3426 3757 et
3463 3701 3532 3765 ad

1932 3805 2225 3859 multorum
2260 3802 2563 3875 profectum
2591 3800 2766 3856 Vitam
2789 3800 2931 3855 beati
2965 3800 3177 3855 Martini
3208 3799 3455 3855 monachi
3480 3810 3535 3856 ct

1931 3896 2193 3966 episcopi,
2226 3895 2394 3965 signis
2426 3888 2449 3930 ιί
2492 3904 2545 3949 et
2580 3892 2842 3964 prodigiis
2878 3908 2940 3946 ac
2971 3891 3265 3946 virtutibus
3305 3890 3538 3947 illustris

1930 3990 2030 4044 viri
2058 4008 2069 4041 :
2096 3998 2151 4043 et
2176 3988 2525 4043 collationem
2557 3985 2895 4040 Postumiani
2928 3993 2983 4039 et
3010 3983 3148 4040 Galli
3174 3999 3233 4037 se
3260 3982 3535 4037 mediante

1932 4092 1986 4137 et
2005 4081 2189 4153 judice
2220 4081 2289 4137 de
2311 4079 2730 4136 conversatione
2754 4078 3147 4134 monachorum
3174 4076 3534 4137 Orientalium

1940 4260 2099 4329 legis,
2129 4259 2180 4312 in
2212 4261 2385 4313 altero
2428 4260 2771 4329 postponitur
2813 4256 2917 4329 hoc
2954 4254 3022 4313 de
3053 4258 3299 4329 Sulpicio
3330 4259 3537 4315 Severe

1940 4328 2313 4386 teetimonium
2347 4345 2361 4382 :
2397 4331 2525 4383 item
2554 4328 2680 4381 cum
2715 4329 2835 4383 aliis
2866 4328 3023 4383 libris
3052 4328 3352 4397 impressis.

2017 4402 2034 4439 ί
2071 4401 2208 4457 Vitio
2231 4401 2505 4457 Norisiunt
2537 4400 2675 4454 Hist.
2708 4401 2890 4470 Pelag.
2927 4398 3020 4470 lib.
3051 4412 3111 4464 tt,
3136 4414 3257 4464 cap.
3286 4400 3372 4454 18.

2017 4484 2041 4522 s
2089 4472 2440 4526 Litteratura:
2467 4474 2536 4525 ita
2557 4471 2819 4539 Venetus,
2841 4469 2896 4525 et
2924 4469 2994 4524 ita
3028 4470 3155 4539 legit
3179 4470 3536 4539 Pastrengns:

1944 4547 2128 4602 favent
2173 4544 2494 4613 (lapitularis
2526 4554 2574 4597 et
2612 4536 2916 4608 Brixianus,
2950 4543 3039 4611 qui
3069 4536 3267 4613 habent
3314 4536 3485 4595 littera
3517 4560 3534 4595 :

1942 4633 1998 4675 ct
2025 4618 2095 4673 ita
2128 4617 2324 4684 legitur
2350 4617 2399 4670 in
2425 4615 2669 4670 editione
2687 4614 2966 4669 Parmensi
2990 4615 3119 4667 anni
3139 4612 3277 4671 1480
3294 4614 3534 4683 Operum

1945 4692 2006 4747 D.
2062 4690 2394 4758 Hieronymi.
2448 4688 2521 4741 Ea
2554 4702 2686 4741 voce
2718 4701 2844 4747 usus
2870 4685 3269 4758 Gennadiusget
3298 4687 3351 4740 in
3405 4686 3541 4741 Prn-

1936 4764 2146 4824 dcntio,
2193 4756 2283 4813 Vir
2321 4758 2558 4813 swculari
2588 4757 2880 4813 litteratura
2904 4757 3156 4813 eruditus.
3189 4756 3403 4829 Vulgat.
3440 4758 3541 4813 ha~

1939 4835 2069 4889 bent
2102 4831 2305 4885 litteris.

2015 4903 2041 4942 ιλ
2084 4904 2266 4958 Editio
2305 4901 2570 4958 Genuadii
2599 4900 2889 4970 Hamhnrgi
2917 4910 3106 4953 curata
3132 4914 3164 4970 ᾳ
3202 4898 3415 4955 Joanne
3447 4900 3540 4954 Al-

1940 4956 2402 5040 herto—lt‘aliricio,
2446 4988 2605 5044 quam
2635 4956 2883 5042 sequitur
2909 4971 3075 5025 editio
3120 4956 3539 5044 Hieronymiana

1940 5047 2297 5104 Veronensis.
2348 5046 2509 5101 habet
2554 5042 2796 5107 clarus...
2830 5044 3036 5110 notitia,
3089 5053 3275 5110 contra
3309 5042 3442 5097 mss.
3490 5050 3547 5098 et

1940 5100 2330 5191 impressorum
2366 5100 2545 5191 iidem.
2574 5102 2669 5191 _Sic
2711 5100 3069 5191 Hieronymus
3101 5100 3194 5167 ub.
3227 5112 3294 5191 ite
3327 5112 3448 5191 vn;
3470 5114 3539 5168 u—

1940 5178 2098 5245 lus-tr.
2134 5194 2182 5242 iu
2210 5188 2536 5253 Serapione,
2560 5186 2760 5241 Charus
2803 5178 3011 5253 Antonii
3043 5182 3389 5255 mongclti;et
3408 5178 3534 5240 Tur-

1942 5261 2202 5315 tullianus
2225 5259 2292 5314 de
2322 5258 2642 5315 Ptcnitentia
2674 5273 2790 5327 cap.
2822 5257 2853 5313 9
2885 5276 2895 5311 :
2932 5256 3113 5311 Charis
3144 5253 3244 5310 Dei
3264 5256 3543 5329 adgenicu-

1942 5332 2065 5389 lari.

2020 5412 2037 5450 i
2076 5403 2399 5472 (fonjunctio
2427 5413 2495 5469 et,
2531 5417 2650 5472 qua:
2682 5400 2836 5472 abest
2865 5390 2933 5454 ab
2964 5392 3203 5472 editione
3235 5392 3529 5472 Hambprg.

1946 5482 2003 5532 et
2029 5454 2702 5557 Vereriens‘inialiet'tirin
2733 5454 2883 5543 Cap.
2915 5454 2985 5527 etv
3016 5472 3070 5525 in
3122 5464 3363 5525 editione
3411 5454 3540 5521 Par-

1948 5563 2146 5601 meusu.

2029 5617 2042 5668 i
2083 5617 2164 5671 Ad
2198 5618 2556 5689 supradictunt
2596 5615 2877 5669 Paulinum
2909 5610 3173 5689 Nolanum
3209 5611 3358 5689 duas:
3406 5607 3542 5679 Cap.

1954 5690 2100 5745 Brix.
2135 5678 2466 5744 cuni'Parm.
2494 5688 2760 5750 editione;
2792 5702 2911 5755 quae
2929 5700 3048 5739 cum
3080 5682 3285 5755 Veneto
3307 5678 3466 5747 libro,
3492 5678 3549 5734 ct

1956 5762 2076 5843 aliis
2097 5758 2686 5843 impressispriem'ittit
2715 5768 2762 5809 et
2791 5750 2877 5809 z'et
2906 5756 2973 5829 ad
2999 5750 3373 5843 supradictum.

2025 5833 2047 5869 ¹ί
2098 5834 2156 5887 Et
2180 5830 2444 5902 prodigiis
2473 5833 2524 5887 in
2558 5830 2705 5885 Brix.
2740 5844 2844 5882 non
2873 5831 3118 5894 apparet.
