4106 6344
510 322 579 382 87
1762 321 2125 380 SULPICIUS
2162 321 2507 381 SEVERUS.
3734 322 3806 381 88

504 450 559 496 et
589 440 763 511 ipsius
793 442 1008 498 Martini
1038 441 1277 497 habitam
1306 440 1360 498 in
1392 440 1599 510 Dialogi
1622 440 1864 510 speciem
1895 440 1922 469 ⁸
1966 438 2104 494 dua-
2133 442 2183 502 Λ
2216 439 2440 497 Deferor
2468 454 2596 496 ecce
2623 439 3021 510 freto,'fogiunt
3046 444 3099 496 et
3128 440 3311 496 littora
3339 441 3514 496 visum
3540 458 3553 495 :

510 536 611 591 bus
630 536 681 590 in
701 536 1108 593 concisionibus
1126 533 1544 604 comprehendit
1568 551 1580 587 :
1609 533 1661 587 in
1675 548 1901 604 quarum
1926 534 2109 603 priore

512 629 684 685 refert
712 644 811 685 suo
857 639 1103 699 tempore
1126 629 1265 700 apud
1299 626 1677 686 Alexandriam
1706 624 1733 664 δ
1767 626 1975 697 synodo
1996 626 2112 696 epi-

510 721 1133 791 scoporumdecretum,
1166 721 1456 791 Origenem
1480 731 1501 758 ο
1521 727 1575 774 et
1595 718 1807 773 caulius
1833 735 1862 772 a
1890 719 2112 787 sapien-

513 817 659 872 tibus
699 832 799 886 pro
838 817 992 873 bonis
1033 816 1339 887 legendum,
1380 822 1434 870 et
1474 810 1501 850 ἀ
1542 828 1574 869 a
1603 814 1783 869 minus
1822 813 2115 885 capacibus

517 924 615 979 pro
646 911 807 965 malis
845 920 868 946 ε
913 910 1333 980 repudiandum.
1369 907 1466 962 Hic
1512 908 1565 961 in
1614 917 1900 964 senectute
1945 922 2042 964 sua
2084 924 2114 963 a

526 1002 837 1074 Pelagianis
876 1002 1156 1072 deceptus.
1188 1011 1243 1057 et
1288 1015 1584 1072 agnoscens
1616 1001 1964 1072 loquacitatis
2000 1002 2117 1056 cul-

522 1110 670 1164 pam,
691 1096 971 1151 silentium
1000 1110 1168 1166 usque
1189 1094 1255 1149 ad
1276 1102 1509 1149 mortem
1536 1098 1726 1161 tenuit,
1754 1103 1812 1149 ut
1833 1104 2114 1164 peccatum

521 1188 667 1259 quod
696 1188 966 1259 loquendo
989 1195 1362 1255 contraxerat,
1388 1185 1620 1242 tacendo
1654 1184 1671 1222 ί
1704 1186 1918 1257 penitus
1934 1201 2120 1242 emen-

518 1282 695 1337 daret.

524 1374 660 1430 Vlll.
697 1375 961 1431 GELASIUS
987 1375 1041 1429 in
1068 1372 1285 1429 concilio
1334 1389 1438 1429 ιιι
1472 1374 1853 1444 episcoporum,
1904 1370 2120 1427 Decreto

695 1468 758 1522 de
788 1468 1109 1539 Apocryphis
1138 1467 1427 1536 Scripturis
1455 1466 1591 1521 edito
1620 1480 1759 1519 anno
1799 1463 1905 1520 496
1933 1481 1945 1515 :

594 1562 863 1631 Opuscula
898 1560 1229 1615 l’ostumiani
1253 1569 1308 1615 et
1336 1559 1478 1616 Galli
1506 1558 1834 1629 apocrypha.

527 1654 617 1709 IX.
662 1652 901 1710 VtetLlus
929 1653 1239 1715 TAPSENSIS,
1270 1653 1361 1723 qui
1381 1652 1558 1720 ﬂoruit
1594 1652 1687 1706 sub
1710 1651 1864 1721 ﬁnem
1890 1650 2066 1704 steculi
2095 1664 2124 1700 ν

598 1764 701 1802 ηοη
726 1747 977 1818 interpres
1002 1746 1091 1800 sed
1119 1755 1301 1799 auctor
1322 1745 1684 1815 disputationis
1711 1744 1982 1799 Athanasii
2002 1760 2125 1799 con-

600 1850 681 1893 tra
708 1839 909 1901 Arium,
933 1840 986 1892 in
1015 1836 1272 1893 Prowmio
1300 1855 1318 1893 :

602 1934 709 1991 Sed
740 1935 786 1989 si
816 1934 948 1989 illud
980 1935 1205 2001 recolat,
1259 1932 1404 2005 quod
1434 1934 1487 1988 in
1524 1930 1796 1989 Chronica
1828 1947 1924 1987 sua
1955 1932 2128 1988 beatae

529 2027 811 2083 memoria:
855 2038 879 2075 ε
927 2027 1195 2099 Sulpicius
1240 2044 1443 2083 severus
1491 2028 1694 2097 posuit,
1741 2026 1979 2083 dicens:
2016 2024 2131 2079 Duo

531 2124 642 2176 Arii
666 2132 928 2190 tamquam
947 2122 1050 2175 duo
1072 2131 1328 2192 serpentes
1345 2138 1413 2176 ex
1439 2137 1542 2175 uno
1558 2136 1646 2175 ore
1673 2118 1944 2175 sibilabant
1961 2135 1979 2185 ;
1994 2118 2132 2175 duos

528 2218 687 2272 Arios
713 2216 878 2272 fuisse
902 2217 1187 2273 evidenter
1216 2218 1479 2288 reperiet.

530 2333 599 2389 X.
636 2334 919 2389 EUGIPPIUS
946 2332 1239 2405 presbyter,
1270 2333 1557 2405 discipulus
1602 2332 1663 2387 8.
1698 2330 1936 2387 Severini
1976 2331 2136 2386 Nori-

599 2442 776 2480 corum
807 2428 1056 2496 apostoli,
1099 2427 1152 2480 in
1187 2428 1299 2498 ejus
1338 2426 1479 2494 Vita,
1504 2443 1659 2497 lluam
1686 2427 1895 2497 scripsit
1934 2436 1989 2479 ut
2028 2428 2139 2499 ipse

607 2529 821 2574 testatur
856 2521 909 2573 in
941 2520 1161 2591 epistola
1186 2519 1255 2573 ad
1288 2518 1635 2574 Paschasium
1663 2519 1956 2586 diaconum,
1998 2520 2140 2575 bien-

609 2615 698 2667 nio
725 2623 837 2684 post
864 2612 1189 2667 consulatum
1211 2613 1531 2685 lmportuni,
1553 2613 1607 2666 id
1620 2612 1860 2669 estCoss.
1877 2613 2059 2669 Felice
2086 2622 2142 2669 et

620 2706 959 2773 Secundino,
983 2723 1119 2759 anno
1142 2704 1335 2760 Christi
1363 2707 1463 2761 5H
1498 2722 1510 2757 :

614 2820 834 2877 Severus
861 2835 1077 2892 quoque
1109 2820 1373 2892 Sulpicius
1412 2820 1581 2877 refert
1616 2836 1681 2877 ex
1718 2822 1983 2877 relatione
2011 2822 2143 2877 Pos-

542 2912 792 2978 tumiaoi,
815 2915 987 2969 virum
1008 2914 1295 2984 quemdam
1330 2914 1537 2985 magnis
1551 2915 1843 2969 virtutibus
1866 2916 2143 2985 signisque

544 3008 874 3073 mirabilem,
910 3007 975 3062 ad
1016 3007 1393 3078 expellendam
1423 3007 1492 3062 de
1530 3007 1697 3063 corde
1735 3023 1836 3063 suo
1868 3008 2143 3077 jactantite

540 3103 838 3156 vanitatem
870 3116 1029 3171 quam
1060 3102 1388 3166 incurrerat,
1420 3115 1675 3157 exorasse
1699 3110 1779 3165 ut,
1810 3101 2072 3171 permissa
2094 3102 2143 3155 in

2214 535 2463 606 Remiget
2492 532 2581 589 hic
2608 532 2812 601 Gallus,
2838 534 3100 589 Martinus
3131 533 3248 587 vela
3273 533 3567 604 gubernet.

2214 649 2332 707 XII.
2384 648 2687 707 Gnscomus
2741 649 3081 775 'l'unonsxsrsz
3128 648 3267 705 Hist.

2897 740 3016 775 σου.
3114 738 3127 775 ἶ

2897 740 3016 792 cap.
3050 738 3078 775 Ἰ
3114 738 3127 775 :

3339 646 3539 706 Frauc.
3593 648 3684 702 lib.
3749 664 3812 715 ι,

2291 837 2402 894 Hoc
2438 851 2570 894 vero
2599 836 2625 874 ¹ί
2652 837 3029 893 holocaustum
3062 836 3116 891 iu
3160 844 3345 890 monte
3384 834 3676 901 Calvarite,
3709 849 3818 906 quo

2223 932 2480 989 Dominus
2519 932 2814 986 crucilixus
2858 938 2941 987 est
2970 972 2984 996 ,
3042 930 3285 985 oblatum
3340 930 3549 998 fuisse,
3594 929 3820 986 Severus

2222 1035 2407 1080 narrat
2437 1026 2489 1079 in
2520 1023 2810 1078 Chronica.

2436 1118 2567 1174 Inest
2595 1118 2684 1173 lib.
2710 1134 2746 1173 ιι
2777 1117 2918 1172 Hist.
2954 1117 3171 1185 Franc.,
3202 1118 3257 1172 in
3282 1116 3544 1173 Procemio
3580 1135 3597 1170 :

2294 1212 2384 1269 Sic
2414 1220 2471 1269 et
2492 1212 2780 1279 Eusebius,
2811 1212 3033 1267 Severus
3056 1212 3532 1283 Hieronymusque
3562 1209 3617 1266 in
3641 1209 3815 1265 Chro-

2222 1304 2384 1371 nicis,
2407 1314 2570 1374 atque
2591 1303 2838 1371 Orosius,
2862 1315 2914 1358 et
2940 1304 3083 1358 bella
3119 1318 3310 1374 regum
3341 1312 3395 1358 et
3417 1302 3649 1358 virtutes
3679 1316 3823 1357 mar-

2227 1407 2404 1468 tyrum
2437 1396 2644 1466 pariter
2673 1404 3065 1451 texuerunt....
3086 1394 3383 1451 Venientes
3406 1409 3538 1465 ergo
3569 1408 3668 1465 per
3695 1405 3825 1450 ante

2226 1497 2494 1553 dictorum
2542 1504 2827 1551 auctorum
2872 1494 3155 1560 historias,
3189 1509 3251 1549 ea
3286 1509 3411 1565 quze
3440 1493 3491 1548 in
3536 1500 3824 1563 posterum

2229 1598 2347 1644 acta
2374 1597 2525 1655 sunt,
2560 1587 2793 1643 Domino
2819 1587 3067 1658 jubente,
3099 1586 3459 1643 disseremus.

2490 1707 2619 1761 lusit
2664 1705 2802 1761 Hist.
2834 1705 3028 1761 Franc.
3059 1706 3148 1760 lib.
3185 1722 3237 1771 Χ,
3266 1722 3385 1776 cap.
3418 1705 3482 1760 5i
3515 1722 3528 1759 :

2156 1848 2206 1907 Β
2303 1824 2377 1878 De
2406 1823 2561 1893 cujus
2592 1821 2680 1895 (S.
2718 1821 2959 1892 Martini)
2991 1822 3101 1876 vita
3152 1830 3265 1877 tres
3291 1836 3319 1875 a
3359 1820 3551 1877 Severo
3586 1818 3827 1891 Sulpicio

2234 1917 2403 1973 libros
2428 1918 2769 1985 conscriptos
2800 1916 3055 1987 legimus.

2579 2008 2708 2064 Ιιιειι
2734 2010 2824 2064 lib.
2848 2025 2864 2063 ι
2889 2008 3077 2063 Mirac.
3111 2008 3173 2064 S.
3212 2007 3427 2063 Martini
3450 2026 3470 2063 :

2308 2102 2457 2157 Multi
2488 2102 2732 2173 suntqui
2761 2101 2992 2157 virtutes
3010 2100 3072 2155 S.
3094 2100 3310 2155 Martini
3342 2098 3426 2155 vel
3458 2107 3637 2154 stante
3669 2113 3833 2154 versu

2238 2195 2324 2252 vel
2355 2195 2499 2268 stylo
2531 2196 2783 2265 prosaico
2810 2194 3282 2263 conscripserunt,
3304 2192 3372 2247 de
3402 2192 3599 2261 quibus
3627 2192 3837 2262 primus

2238 2289 2329 2345 ille
2356 2289 2575 2345 Severus
2606 2288 2907 2359 Sulpicius,
2947 2288 3036 2343 cui
3069 2296 3254 2343 tantus
3283 2286 3469 2343 fervor
3498 2287 3703 2341 amoris
3738 2286 3840 2342 fuit

2241 2382 2295 2437 in
2349 2382 2608 2438 Sanctum
2658 2382 2793 2447 Dei,
2846 2389 2903 2435 ut
2947 2394 3012 2435 eo
3038 2379 3217 2435 adhuc
3266 2380 3501 2451 degente
3535 2380 3588 2434 in
3634 2380 3839 2434 stecolo

2244 2493 2405 2533 unum
2439 2476 2641 2532 librum
2670 2474 2740 2531 de
2783 2473 3123 2530 mirabilibus
3153 2473 3279 2529 vita:
3328 2473 3450 2544 ejus
3499 2473 3772 2528 scriberet
3822 2489 3835 2525 :

2243 2572 2441 2628 exinde
2512 2580 2635 2642 post
2702 2570 2995 2625 transitum
3068 2568 3213 2623 beati
3292 2567 3395 2621 viri
3468 2566 3608 2622 duos
3669 2566 3841 2620 libros

2244 2666 2479 2737 scripsit.
2523 2679 2661 2735 quos
2709 2662 2964 2733 Dialogos
2995 2660 3167 2717 voluit
3216 2659 3489 2724 vocitari;
3541 2659 3596 2713 in
3645 2656 3843 2729 quibus

2246 2756 2507 2813 nonnulla
2538 2756 2606 2811 de
2635 2755 2931 2809 virtutibus
2972 2754 3326 2809 eremitarum
3357 2751 3845 2806 anachoretarum-

2246 2865 2381 2920 que,
2432 2847 2707 2904 referente
2736 2847 3122 2914 Postumiano,
3157 2844 3389 2901 inseruit
3420 2862 3434 2898 :
3474 2842 3571 2899 sed
3602 2844 3652 2898 in
3696 2843 3845 2899 nullo

2248 2943 2564 2999 inferiorem
2586 2950 2835 2997 nostrum
2860 2940 3039 3010 potuit
3068 2939 3317 3010 reperire
3346 2938 3660 3004 Martinum,
3685 2951 3847 3005 quem

2249 3035 2517 3108 apostolis
2580 3036 2894 3105 sanctisque
2949 3032 3227 3103 prioribus
3272 3029 3619 3102 exmquavit,
3674 3029 3744 3083 ita
3790 3039 3850 3082 ut

2216 3116 2217 3121 γ
2250 3134 2414 3189 etiam
2447 3130 2680 3193 diceret,
2720 3128 2951 3183 Felicem
2981 3126 3190 3194 quidem
3213 3123 3488 3190 Graeciam,
3515 3139 3631 3193 qua:
3662 3122 3847 3177 meruit

544 3214 605 3253 se
649 3197 930 3251 mensibus
965 3198 1203 3266 quinque
1251 3194 1452 3249 diaboli
1488 3204 1777 3265 potestate,
1819 3193 2017 3249 similis
2060 3195 2134 3249 his

2250 3226 2432 3280 audire
2476 3223 2784 3293 Apostolum
2835 3220 3238 3290 prtedicantem;
3287 3217 3377 3273 sed
3428 3232 3519 3270 nec
3562 3214 3766 3270 Gallias
3819 3230 3851 3267 a

546 3290 703 3344 licret
731 3304 868 3358 quos
899 3289 1017 3359 ipse
1046 3296 1356 3345 curaverat.

547 3378 639 3435 XI.
684 3381 995 3435 VENANTIUS
1040 3380 1418 3447 Fonwunus,
1463 3382 1550 3448 qui
1591 3391 1770 3453 postea
1807 3380 1908 3451 fuit
1965 3379 2149 3435 Picta-

625 3474 787 3527 vensis
829 3474 1117 3545 episcopus,
1172 3474 1224 3525 in
1278 3472 1389 3527 Vita
1421 3472 1638 3526 Martini
1669 3473 1862 3542 scripta
1890 3484 2010 3527 ante
2047 3490 2147 3527 an-

818 3585 941 3621 num
962 3568 1089 3634 570,
1120 3569 1209 3623 lib.
1234 3584 1294 3633 ιι,
1322 3584 1453 3623 vers.
1480 3568 1585 3622 46⁸7
1614 3578 1659 3621 et
1686 3586 1824 3639 seqq.
1857 3586 1870 3621 :

550 3656 719 3729 Cujus
750 3658 777 3696 ιι
803 3662 1083 3731 prosaicus
1104 3664 1307 3719 cecinit
1338 3664 1486 3733 prius
1512 3672 1630 3717 acta
1661 3662 1882 3718 Severus

552 3754 820 3810 Versibus
852 3757 1087 3812 intonuit
1113 3756 1375 3812 Paulinus
1402 3756 1598 3812 deinde
1628 3756 1818 3811 beatus
1848 3774 1862 3809 :

550 3848 913 3922 IEquiparare
946 3851 960 3889 ί
1001 3854 1193 3909 valens
1225 3855 1452 3909 illustris
1484 3862 1717 3923 uterque
1748 3852 1972 3915 relatar,

552 3944 771 4001 Materia
803 3946 931 4002 victi
960 3948 1056 4003 sed
1085 3958 1139 4003 et
1170 3950 1270 4018 ipsi
1301 3948 1545 4004 carmine
1574 3948 1797 4002 cedunt.

950 4039 1018 4094 Et
1050 4041 1139 4095 lib.
1172 4057 1253 4106 ιιι,
1284 4058 1416 4095 vers.
1449 4039 1517 4094 10
1541 4050 1591 4094 et
1613 4056 1789 4110 seqq.:

553 4130 698 4187 Ante
732 4145 829 4200 per
860 4131 1125 4187 Adriacos
1155 4132 1351 4187 fluctus
1374 4132 1509 4187 dare
1533 4132 1650 4187 vela
1675 4132 1895 4186 videbar

552 4224 685 4281 Cutn
717 4225 857 4281 duce
887 4226 1148 4299 Sulpicio,
1175 4227 1315 4282 bene
1345 4227 1500 4295 cujus
1530 4226 1599 4279 ab
1622 4241 1717 4281 ore
1741 4233 1970 4281 venusto

558 4317 772 4372 Martini
800 4333 985 4374 sacros
1017 4317 1382 4385 dulcisstytus
1415 4317 1588 4373 edidit
1609 4327 1784 4382 actus,

553 4410 701 4477 Quos
732 4426 834 4482 ego
872 4412 975 4466 sub
1004 4410 1238 4481 geminis
1264 4410 1463 4465 claudo
1491 4410 1627 4480 pede
1655 4426 1819 4467 curro
1851 4411 2075 4468 libellis.

1132 4523 1199 4577 Et
1225 4522 1385 4595 paulo
1402 4526 1543 4595 infra
1568 4541 1587 4579 :

2252 3316 2459 3372 Christo
2499 3316 2768 3370 derelictas
2796 3355 2811 3381 ,
2855 3312 3040 3383 quibus
3091 3312 3298 3367 donavit
3352 3308 3611 3364 Dominus
3663 3309 3851 3363 habere

2254 3410 2562 3464 Martinam.

2252 3502 2383 3557 [psit
2404 3502 2469 3571 in,
2486 3501 2709 3573 epistola
2749 3500 3017 3572 prtemissa
3049 3508 3275 3571 quatuor
3315 3496 3460 3552 libris
3495 3496 3558 3550 de
3582 3494 3857 3551 Miraculis

2740 3594 2801 3649 S.
2839 3592 3056 3647 Martini
3084 3591 3313 3665 episwpi
3344 3605 3362 3643 :
3454 3623 3471 3637 ο

2325 3687 2582 3743 Miracula
2616 3686 2712 3742 illa
2741 3702 2861 3757 qua:
2893 3686 3155 3741 Dominus
3185 3685 3331 3741 Deus
3360 3694 3549 3739 noster
3581 3699 3680 3754 per
3720 3683 3852 3739 bea-

2260 3794 2371 3836 tum
2400 3780 2691 3836 Martinum
2720 3778 3024 3836 antistitem
3060 3794 3221 3834 suum
3268 3780 3321 3834 in
3352 3790 3586 3847 corpore
3613 3776 3856 3848 positum

2257 3878 2477 3947 operari
2528 3876 2779 3949 dignatus
2828 3886 2936 3945 est,
2992 3874 3236 3946 quotidie
3267 3873 3333 3929 ad
3381 3870 3856 3927 corroborandam

2259 3970 2420 4027 fidem
2477 3972 2819 4027 credentium
2867 3972 3199 4027 conlirmare
3249 3969 3523 4039 dignatur.
3569 3965 3671 4022 llle
3714 3980 3860 4022 nunc

2260 4078 2532 4119 exornans
2581 4062 2879 4119 virtutibus
2915 4064 3035 4135 ejus
3075 4064 3367 4129 tumulum,
3411 4062 3505 4130 qui
3544 4061 3596 4115 in
3626 4076 3696 4117 eo
3726 4075 3858 4131 cpe-

2263 4167 2412 4210 ratus
2449 4163 2536 4210 est
2578 4170 2704 4210 cum
2748 4165 2897 4211 esset
2937 4156 2989 4210 in
3037 4154 3285 4221 mundo;
3318 4162 3373 4209 et
3402 4151 3495 4208 ille
3526 4152 3741 4222 praebet
3768 4166 3863 4221 per

2260 4262 2385 4302 eum
2424 4246 2691 4303 beneficia
2713 4246 3070 4314 Christianis,
3104 4249 3195 4318 qui
3226 4246 3377 4301 misit
3412 4253 3547 4301 tunc
3572 4245 3862 4315 prazsulcm

2261 4340 2520 4411 gentibus
2567 4340 2853 4411 perituris.
2884 4340 3057 4395 Nemo
3104 4356 3235 4410 ergo
3266 4338 3335 4395 de
3364 4347 3493 4394 ante
3521 4338 3663 4393 actis
3694 4340 3867 4391 virtu-

2265 4434 2407 4489 tibus
2435 4432 2665 4500 dubitet,
2691 4450 2811 4490 cum
2839 4434 3195 4505 praesentium
3228 4432 3514 4502 signorum
3543 4430 3725 4486 cernit
3756 4446 3869 4484 niu-

2264 4542 2395 4583 nera
2416 4528 2746 4599 dispensari,
2779 4544 2903 4585 cum
2937 4528 3095 4583 videt
3122 4526 3348 4585 claudos
3377 4526 3533 4597 erigi,
3575 4539 3858 4581 caseos...

556 4620 691 4675 Dum
727 4630 908 4675 tamen
937 4618 1045 4672 alta
1075 4627 1223 4687 peto,
1254 4626 1475 4673 resonet
1506 4617 1637 4673 mihi
1663 4614 1847 4674 Gallus
1875 4619 1928 4673 in
1953 4630 2085 4676 aure
2185 4640 2240 4701 D
2269 4620 2379 4691 Ego
2419 4635 2551 4676 vero
2596 4620 2757 4676 ﬁdem
2809 4622 3068 4691 ingerens
3114 4618 3239 4674 libri
3272 4617 3422 4672 illius
3472 4614 3489 4654 ι
3532 4617 3623 4689 qui
3648 4617 3719 4672 de
3749 4616 3869 4687 ejus

557 4711 723 4769 Gesta
755 4712 913 4767 beata
944 4710 1066 4776 viri,
1106 4708 1119 4758 ἑ
1159 4723 1263 4779 qua
1290 4710 1494 4781 mitiget
1524 4710 1664 4765 unda
1692 4722 1981 4778 tumorem,

560 4808 625 4863 Et
657 4820 915 4863 sermone
947 4803 1088 4857 viam
1121 4802 1329 4858 relevet
1358 4804 1475 4859 sale
1503 4804 1679 4860 fabula
1705 4805 1901 4861 dulcis.

635 4955 662 4983 ι
703 4944 938 5009 Μίνωας,
968 4942 1251 4999 Fabricius
1282 4955 1330 4998 et
1365 4944 1490 5007 alii;
1515 4947 1568 4999 in
1598 4946 1756 5000 tribus
1787 4946 2161 5002 incisionibus:

561 5019 707 5074 male
733 5036 744 5067 :
786 5014 986 5069 duabus
1035 5017 1087 5068 in
1129 5017 1506 5087 concisionibus
1533 5028 1617 5071 est
1646 5018 1699 5072 in
1732 5019 1863 5087 Cap.
1893 5026 1947 5072 et
1977 5018 2157 5075 Parnt.

563 5087 827 5149 editione,
860 5087 1055 5153 quibus
1084 5084 1445 5155 suffragantur
1476 5088 1622 5143 Brix.
1658 5098 1713 5144 et
1743 5084 1903 5153 Ven,
1939 5091 1990 5143 in
2029 5090 2161 5145 daa-

562 5164 655 5215 bus
681 5157 1057 5210 concisionibus
1074 5173 1092 5221 ;
1112 5157 1183 5210 al.
1208 5158 1366 5224 etlit.,
1401 5160 1602 5213 duabus
1625 5162 1984 5216 incisionibus.

636 5228 663 5304 ξ)
692 5227 837 5304 Edit.
872 5228 1297 5304 llamburgensis
1324 5242 1376 5286 et
1410 5231 1639 5296 Verou.,
1675 5234 1727 5288 in
1770 5238 1990 5304 synodo.
2025 5233 2165 5292 Male

562 5300 655 5379 alii
685 5296 902 5379 quidam
936 5300 1057 5353 libri
1102 5296 1376 5379 iiupressi,
1410 5304 1551 5375 apud
1574 5296 1984 5361 Alexandrinam
2006 5323 2157 5377 syno-

565 5372 690 5423 dum
712 5371 1071 5438 episcoporum
1096 5371 1375 5430 decretum.

564 5451 687 5568 ar;
707 5437 775 5491 Et
796 5444 1019 5496 cautius.
1049 5441 1117 5497 Et
1137 5453 1219 5499 est
1245 5460 1312 5501 ex
1335 5447 1465 5519 Cap.
1493 5455 1550 5503 et
1570 5450 1718 5505 Brix.
1742 5449 1924 5505 Parm.
1947 5448 2082 5507 edit.
2108 5459 2162 5505 et

623 5530 634 5566 l
695 5552 705 5563 .

623 5530 705 5566 IIS.

610 5582 760 5709 .edmlil'll’
785 5582 920 5708 (gap.
968 5585 1117 5641 Brix.
1152 5602 1283 5644 mss.
1312 5598 1367 5646 et
1395 5590 1524 5647 edit.
1559 5592 1770 5658 Parm.,
1807 5610 1839 5647 a
1870 5595 2041 5648 minus
2075 5610 2162 5647 ca-

566 5674 619 5727 pi
736 5726 743 5727 ί
767 5674 794 5706 u
830 5696 844 5709 .

568 5807 623 5855 et
642 5736 691 5851 0v
711 5726 1001 5854 Ηιιιὶιῑέιινε.
1028 5739 1083 5786 et
1109 5730 1306 5789 Veron.
1330 5732 1487 5801 edit.,
1515 5733 1882 5803 refutandum:
1906 5737 1985 5791 sic
2001 5734 2166 5790 habet

698 5816 784 5853 en.
837 5818 846 5851 ι
892 5817 970 5855 cr.

698 5816 784 5853 Cll.
814 5816 970 5856 llDCl'.

646 5871 660 5907 ί
706 5870 782 5926 lla
812 5872 929 5928 libri
958 5888 1147 5934 omnes
1184 5884 1379 5947 prmter
1414 5876 1709 5945 Hnmburg.
1738 5884 1790 5929 et
1822 5873 2025 5931 Veron.
2068 5878 2158 5948 qui

2270 4714 2379 4768 vita
2396 4714 2465 4769 ab
2494 4714 2859 4769 anterioribus
2886 4722 2970 4769 est
2997 4713 3256 4783 scriptus,
3284 4720 3588 4782 praesentes
3609 4712 3869 4775 virtutes.

2269 4818 2530 4879 quantum
2562 4808 2629 4864 ad
2658 4809 2976 4864 memoriam
3016 4807 3224 4873 recolo,
3259 4805 3543 4861 memoriae
3584 4804 3639 4859 in
3678 4812 3870 4875 poste—

2266 4948 2468 5005 liabent
2497 4950 2765 5019 pomitens,
2793 4966 2857 5005 ex
2888 4949 3011 5005 cod.
3036 4948 3391 5012 Corbeiensi;
3421 4947 3578 5017 cujus
3595 4947 3874 5019 variantes

2266 5016 2525 5076 lectiones
2557 5021 2725 5076 babes
2754 5021 2810 5076 in
2854 5022 3009 5076 'l‘om.
3043 5019 3088 5075 ll
3132 5020 3390 5076 editionis
3434 5019 3765 5075 Parisiensis
3808 5016 3869 5075 S.

2268 5093 2605 5164 Hieronymi.

2339 5174 2364 5211 ε
2406 5161 2511 5219 Sed
2543 5164 2705 5219 verba
2735 5163 2903 5219 citata
2946 5179 3053 5217 non
3080 5172 3207 5217 sunt
3236 5164 3454 5233 propria
3491 5161 3706 5220 Severi.
3742 5162 3867 5220 Vid.

2269 5234 2471 5291 Histor.
2500 5236 2678 5291 Sacra:
2706 5235 2804 5290 lib.
2837 5250 2894 5302 ιι,
2921 5250 3043 5305 cap.
3078 5234 3165 5289 35.

2338 5306 2366 5343 h
2408 5307 2644 5361 Martini.
2872 5318 2883 5323 ‘

2348 5378 2362 5414 ί
2408 5378 2550 5448 Lege
2582 5378 2775 5431 volens.

2346 5449 2359 5499 i
2409 5449 2571 5504 Forte
2596 5465 2717 5519 quo.

2341 5519 2368 5556 ¹ί
2406 5517 2670 5588 Loquitur
2709 5519 2775 5573 de
2819 5517 3054 5577 Abrahae
3090 5519 3382 5578 sacrificio.
3426 5520 3534 5577 Sed
3587 5525 3675 5580 hic
3720 5525 3875 5582 locus

2270 5606 2375 5646 non
2406 5591 2637 5645 habetur
2669 5589 2724 5644 in
2757 5591 2981 5645 Severo.

2349 5660 2364 5699 ¹
2410 5662 2505 5718 Vel
2550 5661 2737 5734 Severi
2781 5664 3409 5734 onuscularsingillatim
3442 5664 3526 5719 liis
3557 5668 3749 5725 verbis
3782 5671 3871 5726 in-

2271 5735 2455 5797 dicat,
2515 5732 2602 5808 vel
2651 5730 2875 5800 Severi,
2927 5733 3133 5789 Paulini
3176 5730 3227 5791 ἐι
3266 5735 3549 5792 Fortunati
3595 5754 3765 5808 opera
3818 5744 3871 5797 in

2276 5820 2439 5859 unum
2476 5804 2723 5859 volumen
2752 5815 3057 5878 Compacta.
