4106 6344
205 324 268 382 89
1092 327 1179 385 DE
1216 326 1415 386 SULP.
1444 323 1731 385 SEVERO
1766 323 2113 385 VETERUM
2155 324 2599 387 TESTIMONIA.
3440 326 3511 387 90

202 457 336 511 rum,
365 442 609 499 Domino
632 444 883 515 jubente,
912 443 1275 502 mandabo....
1299 444 1521 502 Utinam
1547 444 1794 511 Severus,
1822 444 2093 524 APatres
2129 445 2330 502 Nicaeni
2374 447 2593 503 concilii
2645 447 3039 508 bonorabilem
3091 449 3259 506 fuisse
3283 491 3297 518 ,
3348 458 3513 522 atque

203 545 289 592 aut
307 536 573 591 Paulinus
601 538 876 605 viverent,
910 548 1000 593 aut
1023 548 1171 594 certe
1194 537 1532 594 Fortunatus
1554 536 1794 606 adesset,

205 629 290 702 qui
318 631 415 685 ista
440 630 744 702 (Miracuta
774 632 835 687 S.
870 630 1108 703 Martini)
1136 631 1546 687 describerent!

270 722 394 779 int-zu
424 722 515 777 lib.
549 739 567 777 ι
597 723 668 779 de
691 724 877 779 Mirac.
905 725 967 782 S.
1003 724 1219 779 Martini
1246 740 1364 794 cap.
1408 725 1463 791 4,
1494 723 1547 776 in
1575 722 1681 792 [ine
1709 738 1728 777 :

271 813 371 870 Sed
399 824 455 870 et
499 814 548 870 si
592 816 665 871 ad
713 815 889 872 Severi
926 830 1275 873 recurramus
1306 816 1595 872 historiam
1621 855 1636 881 ,
1683 815 1799 886 ipsa

208 906 329 963 liora
357 924 480 964 cum
506 909 622 966 sibi
655 912 879 981 scripsit
902 919 928 949 ⁸
960 911 1011 967 in
1041 912 1180 969 libro
1209 911 1346 969 Vita:
1379 926 1491 967 sua:
1520 911 1688 967 fuisse
1716 926 1804 968 re-

206 1002 453 1058 velatum.

390 1096 523 1153 lor-nt
551 1098 651 1153 lib.
686 1114 723 1154 ιι
753 1099 817 1153 de
841 1099 1027 1154 Mirac.
1060 1099 1124 1157 S.
1153 1100 1311 1155 Mart.
1337 1117 1461 1171 cap.
1495 1099 1567 1155 52
1603 1117 1616 1155 :

266 1189 397 1245 Cum
450 1191 592 1246 talia
640 1192 927 1261 miracula,
976 1208 1097 1264 qua:
1150 1195 1507 1265 scripsimus,
1558 1192 1806 1266 quotidie

203 1297 512 1350 cernamus,
532 1284 673 1355 quid
706 1284 789 1340 illi
817 1286 999 1341 miseri
1030 1296 1157 1341 sunt
1182 1287 1403 1355 dicturi,
1429 1288 1521 1359 qui
1553 1287 1806 1343 Severum

205 1376 252 1430 in
281 1375 393 1429 Vita
426 1376 617 1431 sancti
648 1377 915 1433 antistitis
946 1380 1229 1435 mentitum
1253 1394 1380 1435 esse
1404 1381 1805 1451 pronuntiant?

202 1466 324 1522 Nam
372 1469 563 1524 audivi
604 1470 903 1541 quemdam
951 1487 1222 1543 nequam,
1275 1483 1335 1527 ut
1365 1473 1554 1537 credo,
1597 1473 1801 1545 spiritu

206 1560 487 1629 repletum,
512 1562 940 1633 proloquentem
965 1579 1070 1619 non
1102 1566 1348 1635 potuisse
1375 1564 1514 1634 ﬁeri,
1534 1578 1595 1621 ut
1621 1567 1803 1623 oleum

202 1652 291 1707 sub
334 1654 565 1709 Martini
615 1653 1004 1713 benedictione
1029 1658 1341 1714 crevisset:
1381 1659 1482 1716 sed
1518 1675 1618 1716 nec
1671 1661 1797 1727 ltoc,

205 1746 333 1818 quod
360 1749 556 1820 elapsa
590 1750 863 1821 ampulla,
895 1766 1062 1823 super
1093 1761 1323 1809 stratum
1353 1757 1640 1813 marmoris
1681 1772 1803 1814 cor-

204 1855 376 1909 ruens,
415 1843 767 1913 perstitisset
798 1845 965 1901 illaesa
994 1845 1043 1899 ι).

670 1938 805 1993 Iunt
834 1938 1044 2008 ibidem,
1073 1958 1187 2013 cap.
1223 1943 1292 1999 49
1319 1961 1331 1997 :

267 2028 507 2085 Venerat
536 2031 660 2087 dies
702 2032 875 2088 festus
900 2033 1261 2091 solemnitatis
1283 2036 1456 2105 beati,
1493 2037 1545 2093 in
1576 2053 1679 2109 qua
1708 2053 1801 2094 ca-

206 2130 342 2178 terva
397 2125 745 2195 populorum
805 2127 974 2182 multa
1039 2140 1500 2185 concurrerat....
1562 2130 1804 2204 Denique

204 2212 602 2274 Sacerdotibus
648 2218 743 2289 qui
773 2218 1141 2286 advenerant,
1170 2222 1235 2277 ad
1277 2222 1487 2295 agenda
1532 2224 1804 2281 solemnia

207 2308 794 2378 procedentibus,cum
817 2312 1014 2382 lector,
1040 2318 1128 2371 cui
1159 2316 1377 2388 legendi
1398 2326 1517 2373 erat
1538 2317 1802 2388 ofﬁcium,

208 2400 535 2469 advenisset,
591 2412 648 2459 et
693 2417 916 2476 arrepto
958 2407 1098 2463 libro
1132 2408 1305 2463 Vitam
1334 2412 1507 2466 sancti
1546 2412 1807 2482 coepisset

209 2492 377 2567 legere
407 2497 795 2569 Confessoris,
829 2510 937 2557 etc.
974 2514 1021 2555 ε.

211 2584 335 2642 Xlll.
350 2588 521 2646 lorus
542 2593 834 2647 monachus
847 2593 1135 2661 Bobiensis,
1156 2599 1264 2668 fere
1276 2599 1491 2670 a’qualis
1519 2600 1579 2656 S.
1596 2600 1809 2657 Colum-

276 2680 401 2735 bano
451 2682 657 2752 abbati,
704 2688 795 2756 qui
826 2688 947 2741 obiit
984 2706 1118 2744 anno
1154 2689 1283 2758 615,
1345 2693 1596 2764 cuiusque
1652 2696 1809 2749 vitam

275 2779 496 2849 scripsit,
541 2796 663 2849 qua:
695 2780 914 2837 habetur
960 2786 1148 2840 steculo
1194 2803 1229 2841 ll
1262 2786 1528 2843 Benedict.
1566 2793 1709 2861 apud
1738 2792 1807 2850 Ρ.

282 2867 555 2926 Mabillon.
605 2883 657 2928 et
700 2876 941 2930 nonnihil
976 2878 1286 2948 interpolata
1314 2881 1455 2952 apud
1480 2882 1729 2950 Surium;
1759 2885 1810 2938 iu

288 2960 599 3034 Prafatione
620 2966 769 3021 illius
807 2968 938 3024 Vitae
968 2970 1078 3025 haec
1103 2971 1258 3027 habet
1289 2992 1305 3028 :

291 3054 481 3112 Beatus
516 3060 865 3117 Athanasius
896 3065 1138 3134 Antonii,
1184 3068 1552 3141 Hieronymus
1585 3072 1736 3127 Pauli
1760 3084 1817 3130 et

220 3147 527 3221 Hilarionis,
571 3157 663 3212 vel
718 3166 1044 3214 caaterorum
1094 3177 1231 3233 quos
1269 3166 1448 3220 cultus
1499 3166 1655 3222 bonte
1687 3168 1812 3224 vita:

1906 539 1975 593 ab
2001 540 2305 611 apostolica
2334 541 2466 598 sede
2487 557 2613 598 cum
2637 542 2861 600 Victore
2885 545 3259 601 etVincentio
3288 544 3519 618 presby-

1908 632 2038 687 teris
2065 632 2419 702 destinatum,
2449 644 2472 672 ε
2497 635 2590 705 qui
2622 641 2680 691 et
2707 635 2983 707 Hispanus
3012 651 3181 707 usque
3206 636 3271 691 ad
3299 644 3517 708 tempus

1905 722 2211 781 Constantii
2238 727 2500 800 principis
2529 728 2584 785 itt
2622 743 2859 800 corpore
2890 730 3094 803 legitur
3121 730 3515 802 permansisse.

1905 815 2005 872 Hic
2030 827 2211 873 tamen
2240 818 2292 874 in
2323 822 2592 877 extremis
2618 822 2731 877 suis
2767 823 2901 879 satis
2928 823 3230 895 pueriliter
3258 824 3517 896 desipuit,

1906 921 1962 966 ut
1984 912 2202 967 Severus
2227 912 2494 984 Sulpicius
2524 915 2576 970 in
2604 914 2888 972 Chronicis
2922 917 3042 973 suis
3076 924 3331 987 testatur,
3364 932 3517 975 asse-e

1905 1019 2032 1060 rens
2068 1006 2212 1075 quod
2261 1005 2621 1063 Constantius
2665 1009 2966 1080 imperator
3000 1009 3514 1065 numerosissintum

1906 1097 2248 1155 Ariminense
2270 1100 2561 1156 concilium
2586 1100 2653 1155 ab
2678 1116 2744 1156 eo
2766 1108 2961 1156 contra
2986 1100 3315 1157 catholicam
3348 1100 3512 1156 [idem

1905 1203 2291 1264 congregatum
2344 1192 2567 1248 Arianae
2619 1192 2814 1250 haeresi
2869 1193 3230 1251 subscribere
3285 1207 3516 1264 compu—

1905 1285 2079 1341 lisset.
2108 1285 2264 1342 Unde
2286 1286 2475 1352 etiam,
2503 1297 2614 1342 etc.

1907 1376 2047 1433 XVI.
2104 1377 2185 1433 Ea:
2236 1376 2549 1433 Collectione
2614 1378 2860 1432 historica
2931 1377 3385 1451 chronographica
3449 1392 3513 1431 ea:

1979 1466 2155 1523 Idatio
2184 1511 2199 1535 ,
2254 1470 2526 1525 collectore
2570 1469 2796 1539 quodam
2843 1467 3042 1538 Gallo,
3092 1467 3282 1525 Carolo
3322 1485 3511 1540 magno

1977 1564 2208 1634 compari
2242 1579 2261 1616 :

1978 1658 2137 1713 Anno
2156 1655 2175 1694 ί
2206 1658 2501 1715 undecimo
2525 1657 2678 1729 regni
2696 1657 2913 1713 Arcadii
2937 1656 3199 1713 Martinus
3221 1656 3514 1729 episcopus

1906 1748 2114 1820 Spiritu
2162 1760 2355 1807 sancto
2402 1752 2594 1821 plenus
2625 1760 2681 1807 et
2710 1751 2793 1807 vir
2821 1752 3166 1823 apostolicus
3197 1750 3416 1806 transiit
3445 1752 3514 1808 ad

1834 1851 1881 1909 B
1910 1842 2196 1899 Dominum
2226 1859 2395 1900 carne
2421 1844 2671 1915 deposita
2706 1862 2718 1898 :
2744 1845 2901 1915 cujus
2926 1844 3095 1901 vitam
3137 1854 3193 1899 et
3239 1844 3512 1901 mirabilia

1907 1952 2027 2008 quae
2072 1938 2232 2003 fecit,
2275 1938 2523 1994 SEVEBUS
2566 1953 2655 1992 vm
2690 1952 2938 2006 saluus,
2980 1936 3286 2009 discipulus
3317 1936 3513 2009 ipsius,

1903 2033 1994 2103 qui
2027 2041 2081 2088 et
2110 2032 2404 2101 Chronica,
2448 2033 2557 2088 alia
2586 2048 2752 2104 quam
2782 2034 2898 2089 haec
2928 2042 3083 2103 sunt,
3123 2032 3193 2088 ab
3222 2032 3380 2088 initio
3402 2030 3513 2089 Ge—

1906 2126 2054 2181 nesis
2083 2127 2430 2201 apertissime
2459 2126 2682 2198 scripsit
2717 2134 2765 2178 κ.

1911 2217 2072 2275 XVII.
2110 2218 2547 2291 Martyrologium
2602 2219 2869 2282 Rasum.
2918 2233 2985 2273 ea:
3037 2228 3163 2274 tom.
3211 2218 3256 2274 ll
3298 2228 3434 2290 part.
3474 2234 3512 2275 ιι

1980 2313 2135 2369 Thes.
2193 2313 2432 2371 Monum.
2493 2312 2641 2369 Eccl.
2700 2312 2922 2368 Henrici
2980 2310 3176 2368 Canisii
3206 2357 3221 2382 ,
3290 2314 3359 2367 ad
3414 2329 3511 2368 an-

1982 2425 2105 2463 num
2150 2406 2257 2464 804
2304 2426 2319 2463 :

1981 2502 2306 2558 Novembris
2336 2518 2393 2557 ιιι
2423 2501 2567 2558 idus.
2612 2500 2894 2572 Depositio
2932 2499 3081 2556 beati
3129 2498 3347 2556 Martini
3400 2498 3516 2554 Tu-

1912 2598 2167 2654 ronensis
2191 2596 2612 2666 Arcltiepiscopi
2646 2604 2702 2650 et
2738 2592 3108 2663 Coniessoris,
3140 2593 3296 2663 cujus
3322 2593 3430 2648 vita
3462 2601 3519 2648 et

1912 2689 2164 2746 doctrina
2189 2704 2284 2759 per
2314 2688 2576 2743 miracula
2622 2702 2742 2757 quae
2775 2686 3042 2741 Dominus
3072 2700 3170 2755 per
3204 2698 3329 2740 eum
3358 2681 3511 2751 fecit,

1917 2797 2055 2854 pene
2082 2780 2337 2837 omnibus
2365 2780 2625 2835 fidelibus
2652 2779 2846 2845 claret,
2896 2792 2999 2834 nec
3050 2791 3279 2834 necesse
3309 2786 3393 2833 est
3413 2776 3519 2832 ali-

1913 2878 2041 2949 quid
2093 2877 2182 2933 hic
2230 2876 2361 2931 ittde
2407 2892 2436 2929 a
2475 2875 2636 2931 nobis
2675 2872 3125 2939 commemorari,
3166 2873 3295 2943 quia
3344 2871 3518 2943 ipsius

1917 2976 2104 3040 vitam,
2140 2975 2371 3029 virtutes
2405 2980 2460 3027 et
2487 2973 2643 3042 signa
2678 2970 2953 3038 Sulpicius
2985 2968 3207 3023 Severus
3240 2968 3525 3022 luculento

1918 3082 2177 3124 sermone
2199 3066 2490 3123 manifeste
2520 3063 2844 3133 descripsit;
2876 3076 2975 3116 nec
2998 3076 3107 3116 non
3137 3071 3192 3115 et
3219 3059 3524 3131 Gregorius

1919 3161 2166 3233 ejusdem
2211 3161 2366 3216 urbis
2393 3158 2681 3228 episcopus
2713 3157 2768 3210 in
2792 3156 3177 3211 Miraculorum
3212 3152 3524 3222 libris-ple-

218 3243 508 3303 laudabiles
538 3248 861 3317 reddebat;
896 3252 1280 3311 Postumianus
1308 3272 1440 3312 vero
1465 3301 1479 3326 ,
1510 3258 1729 3315 Severus
1761 3272 1814 3316 et
1843 3249 1888 3311 C
1921 3254 2150 3308 ﬂiSSime
2180 3251 2458 3307 disserun-

217 3332 390 3393 Gallus
430 3339 648 3396 Martini
690 3345 895 3414 egregii
944 3348 1207 3415 pastoris,
1239 3352 1443 3405 nostris
1479 3366 1669 3406 eorum
1695 3368 1812 3408 nte-

219 3427 432 3483 moriam
467 3429 739 3487 dimisere
764 3435 980 3490 sacculis
1008 3454 1019 3490 ε
1063 3436 1311 3509 plerique
1342 3440 1598 3508 aliorutn,
1630 3452 1739 3498 etc.

217 3514 348 3573 XIV.
371 3519 437 3575 1n
456 3521 702 3597 Prologo
730 3524 865 3580 Vitta
889 3526 949 3580 S.
978 3526 1211 3599 Projecti
1232 3532 1456 3602 episc0pi
1472 3544 1519 3588 et
1540 3538 1807 3607 martyris,

285 3618 427 3686 cujus
457 3626 683 3675 mortem
712 3617 1014 3690 Sigebertus
1055 3638 1189 3677 anno
1218 3626 1322 3681 670
1352 3628 1621 3700 consignat
1641 3670 1656 3696 ,
1690 3646 1813 3685 auc-

285 3716 388 3762 tore
413 3718 683 3765 cowtaneo
705 3728 985 3783 anonymo.

284 3796 385 3855 Sed
415 3812 473 3859 ut
499 3803 569 3858 ad
600 3818 798 3859 sacros
824 3807 1046 3862 veniam
1080 3810 1464 3878 anachoretas,
1498 3824 1661 3886 atque
1686 3830 1818 3873 con-

222 3892 475 3966 lessores,
508 3900 712 3956 beatus
737 3900 1073 3958 Athanasius
1099 3904 1509 3963 Alexandrinus
1531 3911 1820 3982 episcopus

221 3992 457 4061 Antonii,
497 4003 730 4052 sanctus
779 4012 912 4053 vero
956 4007 1013 4054 et
1061 4001 1467 4059 eruditissimus
1498 4005 1580 4060 vir
1620 4006 1819 4064 Hiero.

225 4099 407 4156 nymus
460 4088 619 4143 Pauli
676 4100 733 4145 et
784 4090 1108 4161 Hilarionis,
1171 4096 1257 4151 vel
1317 4109 1645 4156 caeterorum
1685 4118 1822 4173 quos

224 4179 394 4235 cultus
424 4181 586 4238 bonae
618 4185 748 4238 vitae
787 4183 1094 4243 laudabiles
1132 4189 1416 4259 reddebat,
1451 4193 1623 4249 edidit
1654 4204 1776 4251 acta
1807 4214 1819 4249 :

223 4272 604 4333 Postumianus
634 4294 790 4347 vero,
824 4280 1043 4337 Severus
1064 4294 1117 4339 et
1147 4284 1340 4341 Gallus
1366 4286 1579 4344 Martini
1607 4291 1817 4360 egregii

226 4368 380 4426 vitam
409 4374 528 4428 suis
573 4373 805 4431 edidere
831 4375 1177 4433 schedulis...
1210 4379 1380 4436 Jonas
1420 4381 1587 4438 etiam
1618 4393 1823 4440 nostrae

226 4467 500 4521 memoria:
530 4475 785 4538 tempore
812 4470 895 4524 vir
929 4472 1195 4542 eloquens
1224 4473 1390 4529 vitam
1422 4475 1567 4530 beati
1591 4474 1823 4533 Colum-

229 4554 345 4611 bani
373 4567 430 4613 et
455 4559 859 4630 discipulorum
902 4562 1024 4629 ejus
1056 4563 1288 4632 Athalaa,
1317 4566 1559 4623 Eustasii
1596 4577 1651 4625 et
1690 4568 1824 4626 Ber-

231 4649 339 4703 tulli
370 4652 814 4709 luculentissime
846 4655 1036 4711 edidit.

229 4737 340 4795 XV.
376 4742 460 4799 Ea:
502 4742 755 4819 Epitome
797 4747 1086 4815 Canonum,
1114 4768 1270 4821 quant
1300 4754 1561 4808 Adrianus
1590 4772 1823 4810 summus

300 4835 545 4909 Pontifex
583 4838 783 4896 Carolo
835 4860 1021 4915 magno
1077 4844 1257 4901 Roma:
1303 4848 1488 4903 obtulit
1538 4865 1674 4904 anno
1722 4851 1826 4905 cir-

301 4934 420 4987 citer
462 4935 568 4991 774
609 4931 661 4988 ά.

299 5023 607 5085 Sciendum
630 5040 716 5087 est
754 5039 974 5099 autem,
1022 5032 1167 5089 hunc
1204 5033 1394 5091 Osium
1425 5038 1571 5094 inter
1591 5051 1828 5093 cccxvut

307 5288 329 5353 ξ’
367 5281 478 5350 AL,
509 5297 631 5335 cum
654 5279 807 5353 ilibro
833 5294 856 5353 ._’
886 5288 942 5353 et
971 5279 1190 5353 melius.
1218 5279 1276 5338 Si
1306 5281 1551 5353 legamus
1585 5280 1641 5335 in
1666 5280 1824 5348 libro,

239 5348 432 5422 indicat
460 5348 760 5422 epistolam
788 5351 852 5408 ad
885 5352 1191 5407 Aurelium.

305 5421 331 5460 δ
370 5421 652 5479 Habentur
685 5423 800 5477 haec
832 5423 940 5477 duo
979 5424 1240 5478 miracula
1296 5424 1435 5481 Dial.
1467 5440 1560 5490 ιιι,
1612 5437 1734 5492 cap.
1769 5424 1824 5479 5.

243 5491 341 5548 Hos
374 5496 634 5567 Dialogos
660 5496 765 5551 sub
793 5495 910 5550 Vita
944 5495 1002 5550 S.
1046 5495 1259 5551 Martini
1291 5491 1736 5567 comprehendit,
1772 5504 1833 5549 ut

243 5566 466 5624 vidimus
494 5566 553 5622 et
590 5567 859 5639 epistolas
888 5568 1360 5637 compreltcndere
1393 5571 1445 5624 in
1491 5566 1834 5623 Testimonio

245 5641 522 5707 superiori.

314 5720 333 5747 ο
372 5710 506 5768 Huic
533 5710 679 5766 adde
705 5724 827 5779 cap.
856 5710 928 5767 29
954 5710 1201 5780 ejusdem
1227 5711 1351 5767 libri
1406 5728 1464 5779 ιι,
1498 5718 1553 5765 et
1584 5724 1703 5778 cap.
1752 5708 1829 5765 42

246 5779 332 5855 lib.
359 5798 433 5844 tu,
465 5784 668 5855 quibus
697 5782 832 5855 locis
858 5783 926 5838 de
957 5779 1095 5837 libro
1124 5783 1313 5839 Severi
1348 5786 1437 5853 agi,
1476 5782 1712 5855 videtur.

309 5850 333 5889 δ
373 5855 445 5911 Ita
473 5850 527 5911 in
554 5853 883 5910 collectione
932 5855 1292 5910 Concilinrum
1323 5896 1337 5919 ,
1386 5850 1443 5909 ct
1486 5854 1539 5908 in
1571 5852 1825 5923 Antiquis

246 5916 587 5985 Lectionibus
634 5924 836 5982 Canisii
882 5936 1009 5981 tom.
1058 5927 1121 5981 ll.
1156 5926 1285 5982 Vide
1324 5916 1518 5982 tamen
1548 5939 1669 5994 qua:
1716 5916 1827 5978 illic

1857 4652 1911 4712 D

1922 3344 2111 3403 XVIII.
2144 3346 2260 3401 Atto
2286 3342 2587 3398 Viennensis
2616 3342 2667 3394 in
2696 3339 2974 3407 Chronico,
3005 3338 3141 3408 quod
3170 3336 3411 3410 perduxit
3452 3338 3522 3391 ad

2556 3451 2750 3490 annum
2771 3432 2898 3490 874.

1997 3536 2218 3592 Severus
2280 3531 2573 3604 presbyter
2628 3527 2651 3565 υ
2685 3571 2701 3597 ,
2767 3534 3138 3599 cognomento
3204 3524 3521 3594 Sulpicius,

1923 3628 2260 3700 Aquitanicae
2299 3624 2599 3697 provincia:
2630 3662 2644 3687 ,
2700 3624 2781 3677 vir
2827 3637 3032 3693 genere
3083 3629 3138 3675 et
3188 3618 3391 3673 litteris
3424 3633 3525 3673 no-

1925 3722 2073 3789 bilis,
2104 3732 2157 3777 et
2179 3718 2519 3792 paupertatis
2535 3733 2721 3773 amore
2742 3716 3098 3786 conspicuus,
3133 3712 3333 3768 chat-us
3361 3712 3526 3768 etiam

1926 3826 2239 3871 sanctorum
2285 3814 2667 3883 episcoporum
2695 3809 2914 3866 Martini
2945 3806 3283 3863 Turonensis
3306 3816 3361 3862 et
3387 3805 3526 3861 Pau-

1926 3909 2022 3965 lini
2054 3908 2269 3976 Nolani,
2320 3906 2573 3963 moritur.
2626 3905 2726 3961 Hic
2762 3904 2815 3959 in
2849 3911 3135 3959 senectute
3171 3916 3265 3956 sua
3311 3915 3341 3955 a
3376 3900 3532 3956 Pela-

1927 4003 2103 4075 gianis
2129 4004 2395 4072 deceptus
2423 4041 2436 4065 ,
2468 4008 2524 4056 et
2556 4012 2867 4070 agnoscens
2888 3995 3239 4067 loquacitatis
3270 3994 3485 4065 culpam
3514 4036 3530 4060 ,

1929 4098 2207 4154 silentium
2265 4111 2441 4167 usque
2495 4096 2564 4152 ad
2606 4103 2839 4150 mortem
2887 4091 3087 4158 tenuit,
3132 4100 3191 4145 ut
3250 4098 3531 4158 peccatum

1930 4192 2078 4262 quod
2109 4190 2388 4263 loquendo
2419 4195 2797 4252 contraxerat,
2840 4183 3073 4240 tacendo
3099 4183 3316 4254 penitus
3342 4196 3531 4238 emen-

1931 4286 1998 4343 da
2008 4295 2110 4342 ret.

1933 4423 2081 4480 XIX.
2122 4423 2180 4480 S.
2210 4421 2328 4479 Οῡο
2358 4420 2526 4476 Abbas
2555 4414 2930 4481 Cluniacensis,
2954 4413 3041 4482 qui
3069 4412 3192 4467 obiit
3232 4425 3369 4465 anno
3397 4409 3530 4477 842,

2009 4518 2184 4576 Serm.
2213 4518 2247 4572 4
2278 4518 2340 4571 de
2366 4514 2714 4570 combustione
2748 4509 2989 4565 Basilij
3021 4506 3154 4562 beati
3186 4504 3426 4570 Martini,
3449 4505 3539 4575 qui

2010 4614 2227 4669 habetur
2260 4622 2385 4668 tom.
2417 4610 2556 4667 XVII
2584 4607 2725 4664 Bibl.
2756 4604 2876 4660 PP.
2917 4621 3039 4677 pag.
3069 4600 3215 4658 266:

2010 4754 2184 4822 Quem
2251 4748 2337 4822 (S.
2394 4745 2704 4803 Martinam)
2757 4744 2897 4797 sicut
2946 4739 3015 4795 de
3060 4754 3125 4794 eo
3176 4735 3541 4809 perhibetur,

1942 4860 2332 4920 usquequaque
2385 4842 2527 4896 Deus
2577 4836 2895 4895 miriﬁcans,
2938 4834 3104 4889 etiam
3155 4833 3206 4886 in
3233 4830 3338 4886 hoc
3376 4828 3545 4900 glori-

1942 4940 2086 5004 licet,
2122 4935 2265 5008 quod
2296 4935 2312 4973 ί
2341 4934 2519 4989 omnis
2546 4932 2636 5000 qui
2661 4929 2729 4983 de
2759 4928 2856 4981 illo
2877 4935 2931 4982 et
2960 4924 3213 4996 prosaice
3239 4934 3293 4978 et
3318 4922 3545 4979 metrica

1942 5037 2059 5093 sive
2087 5036 2252 5091 etiam
2277 5027 2586 5103 rltythmice
2615 5025 2975 5097 scripserunt,
3010 5034 3065 5079 et
3085 5021 3261 5077 sancti
3290 5031 3345 5077 et
3377 5018 3537 5092 periti

1935 5278 2222 5337 annotavit
2252 5274 2607 5331 Sirmondtts.

2013 5361 2037 5389 θ
2078 5351 2272 5413 Forte,
2303 5349 2390 5420 qui
2416 5344 2790 5420 ianispaniis.

2017 5421 2035 5460 τ
2082 5424 2184 5477 Alii
2230 5411 2419 5490 leg'nnt
2447 5411 2883 5490 decimaqaintoi
2910 5430 3005 5490 seu
3036 5431 3125 5470 xv.
3162 5412 3297 5470 Vide
3327 5411 3546 5468 Tillem.

1939 5496 1994 5551 in
2021 5491 2243 5547 Martini
2279 5487 2423 5555 Vita,
2454 5497 2568 5545 not.
2608 5487 2695 5551 12,
2727 5487 3000 5563 col._78i.
3027 5561 3039 5563 _
3322 5552 3359 5563 η
3462 5550 3475 5563 .

2014 5576 2039 5613 8
2097 5565 2253 5619 Hunc
2308 5552 2489 5617 locum
2563 5574 2672 5630 prae
2720 5559 3265 5630 nculisbabuerun‘t
3322 5552 3548 5606 VOSsius

1940 5639 2165 5705 aliique,
2213 5634 2306 5703 qui
2349 5626 2578 5705 [datiuni
2628 5631 2874 5684 scribunt
2919 5629 3172 5705 laudasse
3223 5626 3540 5705 Severitate

1942 5691 2128 5777 itaque
2152 5691 2537 5761 Til'letttontius
2562 5703 2686 5777 loco
2732 5715 2897 5777 supra
2945 5701 3114 5777 citato
3141 5694 3332 5751 scribit
3366 5710 3377 5746 :
3412 5691 3549 5748 Mais

1927 5785 1989 5854 je
2009 5768 2118 5854 aiat:
2136 5797 2205 5851 pu
2229 5788 2435 5854 troutrer
2455 5786 2532 5854 ce_t
2563 5772 2768 5854 endroit
2790 5768 3152 5854 dartsnldacez.

2013 5852 2039 5887 ιι
2079 5838 2203 5905 Hinc
2230 5847 2413 5901 omnia
2448 5846 2516 5901 ad
2546 5844 2776 5898 verbum
2809 5858 2877 5898 ex
2908 5838 3213 5894 Gcnnadio.

2018 5921 2032 5957 ί
2082 5921 2221 5991 Lege
2253 5928 2448 5971 omnes.
