4106 6344
570 322 632 387 9t
1252 282 1257 289 ’
1806 320 2204 380 semotus
2239 321 2579 385 SEVERUS.
3797 321 3868 380 es

572 461 741 513 inisse
770 502 782 525 ,
844 468 899 514 et
944 458 1093 515 dulci
1127 457 1419 515 admodum
1468 466 1521 512 et
1555 471 1797 527 tongruo
1824 456 2047 526 eloquio
2071 470 2169 511 no-
2196 458 2249 523 Α
2343 457 2479 522 nico,
2497 456 2636 527 quod
2654 456 2723 510 ad
2741 472 2936 511 armum
2958 468 3122 528 usque
3140 454 3279 511 III!
3297 456 3562 527 perduxit,
3585 456 3697 513 haec
3724 456 3870 512 habet

567 564 794 609 scuntur
822 569 943 624 quat
966 562 991 591 α
1022 554 1375 624 pertulerunt
1403 551 1649 609 edidisse
1670 550 1721 606 δ.

568 686 687 747 XX.
737 688 886 747 Ilt'co
927 692 1329 746 archidiaconus
1374 682 1688 743 Turonensis
1736 682 1786 741 in
1836 680 2059 756 Dialogo
2108 686 2173 741 de

642 784 869 855 quodam
898 784 1151 838 miraculo
1187 782 1330 853 quod
1377 780 1587 852 contigit
1636 782 1684 835 in
1714 780 2064 834 translatione
2105 778 2167 837 S.

647 874 890 944 Martini,
933 888 1083 947 quem
1110 870 1390 946 Dialogum
1420 873 1668 945 scriptum
1698 874 1806 927 vult
1840 872 2175 928 Mabiiionius

642 982 757 1042 post
786 982 978 1025 annum
1010 964 1184 1039 1012,
1218 967 1357 1040 apud
1380 966 1620 1023 eumdem
1649 964 2011 1023 Mabiilonium
2037 968 2175 1021 Ana-

644 1062 892 1119 leclorttm
917 1072 1042 1117 tom.
1070 1062 1119 1117 I:

571 1220 575 1225 '
645 1202 752 1259 Sed
786 1214 843 1257 ut
871 1202 938 1258 ad
965 1202 1254 1263 Martinam
1284 1215 1565 1261 recurram
1592 1241 1608 1267 ,
1642 1199 1807 1261 habet
1835 1208 1891 1257 et
1918 1199 2033 1270 ipse
2062 1199 2172 1255 vir—

571 1303 747 1349 tutum
782 1311 998 1349 suarum
1029 1296 1279 1365 egregios
1304 1296 1632 1363 interpretes
1659 1333 1674 1361 ,
1705 1293 1833 1350 licet
1856 1303 1912 1349 et
1935 1295 2031 1351 bas
2062 1295 2176 1364 ipse

571 1390 849 1445 occultare
875 1390 1163 1456 maluerit;
1187 1389 1370 1457 habet,
1395 1390 1636 1461 inquam,
1665 1388 1974 1456 Paulinum,
2000 1389 2175 1444 virum

570 1482 929 1552 apostolicum
957 1522 971 1547 .
998 1482 1357 1543 Fortunatum
1387 1526 1402 1548 .
1428 1481 1675 1539 Severum
1703 1489 1760 1537 et
1788 1480 2006 1539 Gallum
2031 1520 2047 1547 ,
2082 1482 2172 1551 qui

575 1578 663 1632 isti
694 1577 982 1632 Martinum
1018 1594 1189 1649 usque
1228 1578 1294 1632 ad
1335 1588 1615 1633 extremos
1649 1578 1834 1633 mundi
1882 1577 2132 1643 cardines
2157 1624 2171 1645 ,

573 1672 723 1727 velut
750 1671 1054 1741 evangelici
1091 1680 1291 1737 testes,
1316 1671 1673 1728 diffuderunt.

582 1762 728 1818 XXI.
764 1763 1058 1820 llenuanus
1071 1763 1420 1820 Coarntcrus
1449 1766 1501 1818 in
1523 1763 1779 1819 Chronico
1798 1768 1955 1837 juxta
1983 1764 2173 1819 editio.

2344 549 2411 603 ad
2436 565 2628 605 annuat
2648 549 2753 606 399
2776 567 2790 605 :

2346 641 2637 699 Florebant
2669 642 2720 697 in
2751 640 2993 698 Ecclesia
3025 641 3127 697 hos
3160 648 3408 711 tempore
3444 641 3619 696 sancti
3645 650 3699 697 et
3726 641 3872 697 docti

2273 736 2375 791 viri
2403 734 3079 807 .ioannesClirysostomns
3226 736 3278 789 in
3310 730 3601 805 Aquitania
3629 734 3870 804 Seuerus,

2274 832 2369 901 qui
2414 832 2578 885 vitam
2621 830 2681 885 S.
2728 828 2941 884 Martini
2970 839 3025 885 et
3056 831 3224 884 multa
3264 830 3370 884 alia
3408 830 3662 900 scripsit;
3697 831 3787 900 qui
3820 831 3873 886 in

2274 933 2491 977 senecta
2524 938 2552 976 a
2582 922 2890 993 Pelagianis
2919 920 3219 986 seductus,
3258 921 3537 979 silentium
3587 931 3762 993 usque
3808 922 3874 979 ad

2277 1024 2507 1069 mortem
2552 1014 2765 1082 tenuit,
2810 1013 3040 1070 tacendo
3080 1014 3366 1085 corrigens
3411 1014 3555 1083 quod
3591 1013 3873 1084 loquendo

2278 1122 2463 1177 peccat
2481 1106 2543 1162 it.

2278 1199 2470 1256 XXIV.
2498 1200 2557 1256 S.
2589 1196 2898 1256 liceantch
2923 1200 2978 1254 in
3005 1200 3302 1259 collectione
3329 1199 3715 1270 Antiquiorum
3738 1210 3873 1255 con-

2349 1294 2701 1351 suetudinum
2762 1292 3145 1350 Cluniacensis
3200 1292 3516 1349 Monasteril
3570 1294 3878 1348 concinnata

2348 1404 2485 1441 anno
2516 1386 2677 1454 IIIO,
2708 1385 2819 1441 haec
2850 1386 2999 1441 habet
3024 1401 3144 1453 cap.
3172 1384 3264 1452 45,
3289 1385 3428 1453 quod
3452 1394 3525 1441 est
3550 1385 3619 1441 de
3649 1385 3879 1441 Festivi-

2351 1488 2463 1535 tate
2485 1478 2543 1534 S.
2575 1478 2813 1545 Martini,
2843 1488 2976 1533 eta.:

2350 1572 2517 1644 Cujus
2545 1572 2669 1629 Vita
2699 1588 2824 1628 cum
2868 1573 2941 1629 sit
2970 1573 3250 1629 luculento
3276 1573 3419 1646 style
3446 1573 3750 1642 composita
3778 1615 3793 1642 ,
3827 1578 3880 1629 et

2280 1666 2350 1722 de
2374 1667 2545 1737 ipsius
2569 1666 2710 1721 adeo
2727 1664 3028 1721 virtutibus
3048 1664 3391 1731 admiranda,
3409 1662 3510 1721 SS.
3542 1664 3733 1719 Patres
3755 1674 3880 1721 nos‘

2283 1759 2348 1814 tri
2374 1800 2388 1826 ,
2423 1760 2564 1814 sicut
2594 1760 2646 1814 in
2669 1759 3061 1829 Assumptione
3089 1759 3147 1815 8.
3184 1757 3366 1813 Mariae
3388 1798 3405 1824 ,
3442 1758 3513 1812 Ita
3548 1756 3635 1813 hic
3665 1764 3882 1829 quoque

647 1872 760 1910 nent
792 1855 987 1911 Canisii
1016 1855 1230 1926 Antiqu.
1256 1855 1486 1913 Lection.
1518 1866 1643 1911 tom.
1679 1856 1771 1923 Ill,
1802 1867 1939 1927 part.
1970 1872 2009 1925 ι,
2035 1857 2173 1929 quod
2206 1860 2251 1921 Β
2282 1852 2574 1908 noluerunt
2603 1896 2618 1919 ,
2649 1862 2707 1907 ut
2748 1854 2800 1908 in
2849 1853 2968 1924 ejus
2999 1853 3017 1925 (
3039 1849 3291 1924 Martini)
3337 1851 3691 1923 Depositione
3730 1851 3879 1907 aliud

649 1947 891 2017 perduxit
938 1948 1007 2009 ad
1055 1965 1247 2003 annum
1289 1947 1471 2014 1054,
1516 1949 1624 2005 haec
1666 1949 1818 2007 habet
1865 1949 1934 2004 ad
1980 1966 2173 2005 annum

649 2039 753 2097 597
776 2058 787 2094 :

649 2134 878 2189 Sanctus
898 2136 1028 2189 Mart
1041 2136 1164 2191 inus
1180 2136 1525 2195 'I‘uronorum
1542 2138 1827 2208 episcopus
1842 2147 1963 2208 post
1980 2139 2177 2195 multas

575 2227 805 2283 virtutes
845 2229 1097 2297 migravit
1142 2228 1211 2283 ad
1255 2229 1543 2293 Dominum
1584 2246 1727 2289 anno
1763 2233 1942 2287 tetatis
1973 2242 2174 2299 um,

575 2318 921 2391 episcopatus
944 2336 1076 2377 vero
1100 2337 1254 2387 xxvi,
1284 2322 1441 2393 cujus
1476 2323 1706 2380 virtutes
1725 2337 1781 2382 et
1804 2327 1966 2382 vitam
1995 2326 2179 2397 Sulpi-

578 2412 689 2465 cius
722 2412 943 2466 Severus
969 2413 1188 2486 egregio
1216 2414 1384 2470 edidit
1414 2416 1577 2487 style.

579 2502 666 2559 Ea:
693 2504 872 2561 eodem
900 2505 1154 2562 Chronico
1170 2510 1330 2581 juxta
1361 2507 1574 2564 Urstisii
1592 2526 1691 2565 nts.
1722 2528 1757 2565 α
1787 2509 2018 2567 Pistoris
2040 2511 2179 2567 edito

649 2608 773 2651 tant.
798 2596 819 2652 Ι
846 2598 1174 2671 Scriptorum
1197 2616 1371 2656 rerum
1402 2600 1847 2671 Germanicarum,
1882 2604 1951 2659 ad
1986 2621 2181 2660 annum

651 2692 758 2748 390
779 2711 791 2747 :

654 2785 767 2841 Hoc
814 2796 1061 2861 tempore
1101 2790 1157 2847 S.
1195 2790 1460 2845 Martinus
1486 2831 1500 2855 ,
1528 2790 1860 2847 Ambrosius
1889 2793 2133 2863 episcopi
2161 2836 2175 2863 ,

578 2876 945 2953 Hieronymus
972 2884 1288 2956 presbyter,
1319 2883 1561 2939 Joannes
1581 2881 2008 2956 Cbrysostomtts
2028 2928 2041 2952 ,
2075 2888 2183 2942 Att-

577 2973 829 3041 gustinus
872 2985 929 3031 et
969 2976 1191 3033 Seuerus
1221 3017 1238 3043 ,
1285 2976 1486 3045 aliique
1532 2978 1886 3049 quamplures
1929 2978 2184 3037 doctores

578 3064 919 3129 claruerunt.

1034 3160 1237 3216 Ibidem
1267 3162 1337 3216 ad
1363 3179 1556 3227 annum
1585 3163 1691 3219 597
1716 3183 1728 3221 :

2278 1946 2633 2018 Evangelium
2663 1946 3107 2017 pronuntiaretur
3132 1986 3147 2012 ,
3180 1945 3265 2001 vel
3295 1946 3399 2000 alia
3421 1944 3654 1999 Ilomilia
3674 1988 3687 2011 ,
3715 1960 3875 2015 quam

2280 2042 2395 2112 ipsa
2425 2040 2545 2098 Vita
2577 2040 2854 2111 legeretur
2880 2037 2931 2096 τι.

2282 2133 2449 2189 XXV.
2501 2134 2774 2191 llonoruus
2805 2135 3312 2189 Aucusronurtettsts
3336 2176 3350 2199 ,
3398 2132 3489 2202 qui
3518 2133 3702 2202 ﬂoruit
3742 2132 3878 2185 circa

2350 2244 2545 2285 annum
2596 2229 2753 2295 “30,
2780 2228 2869 2283 lib.
2914 2244 2951 2282 ιι
2999 2227 3063 2282 de
3114 2224 3469 2297 Scripterib‘as
3502 2222 3881 2281 Bctlesiasticis

2351 2338 2469 2391 cap.
2500 2321 2599 2376 I9:

2355 2416 2573 2471 Seuerus
2601 2412 2911 2485 presbyter,
2942 2422 3309 2483 cognomento
3335 2413 3632 2485 Sulpicius,
3657 2412 3881 2483 Aquita-

2284 2506 2419 2560 nica:
2443 2508 2756 2576 provincim,
2781 2507 2863 2581 vir
2884 2521 3084 2577 genere
3110 2515 3166 2562 et
3193 2507 3393 2562 litteris
3414 2504 3632 2573 nobilis,
3660 2506 3881 2576 scripsit

2284 2604 2446 2657 vitam
2472 2601 2688 2658 Martini
2719 2600 3053 2657 Turonensis
3079 2600 3323 2671 episcopi
3346 2608 3401 2654 et
3432 2599 3642 2656 Paulini
3677 2598 3879 2655 Nolen-

2284 2696 2360 2751 sis
2390 2705 2413 2732 θ
2440 2732 2454 2761 ,
2489 2704 2543 2750 et
2570 2695 2749 2749 sorori
2781 2709 2894 2749 sua)
2923 2694 3185 2763 epistolas
3218 2692 3416 2749 multas
3451 2692 3783 2748 hortatorias
3812 2692 3877 2748 ad

2285 2804 2523 2851 amorem
2541 2788 2635 2843 Dei
2651 2799 2699 2842 et
2712 2797 3082 2857 contemptum
3102 2788 3313 2855 mundi;
3338 2789 3558 2859 scripsit
3576 2798 3630 2843 et
3657 2790 3724 2843 ad
3745 2789 3877 2844 Pau-

2285 2881 2455 2935 linunt
2485 2882 2641 2945 duas,
2676 2891 2729 2935 et
2760 2879 2826 2935 ad
2858 2880 2998 2935 alios
3031 2881 3186 2935 alias.
3224 2882 3335 2937 Sub
3368 2881 3603 2936 Arcadio
3626 2880 3843 2936 claruit.

2289 2974 2474 3028 XXVI.
2508 2973 2567 3028 S.
2601 2974 2923 3028 Benmnnus
2953 2972 3374 3028 Clartevallensis
3403 2973 3573 3028 About
3604 2977 3728 3043 ,φή
3759 2974 3883 3028 obiit

2354 3086 2488 3125 anno
2517 3069 2677 3130 1155.
2709 3067 3010 3124 Sermonem
3032 3085 3177 3140 quem
3206 3069 3384 3123 habuit
3406 3069 3456 3122 in
3480 3069 3612 3136 festo
3637 3068 3697 3123 S.
3732 3068 3877 3121 Mar-

2356 3161 2449 3216 tini
2474 3200 2491 3229 ,
2525 3161 2701 3217 Severi
2733 3163 2881 3216 verba
2905 3171 3124 3231 usurpat
3166 3162 3357 3232 swpius
3378 3201 3395 3228 ,
3428 3171 3475 3215 et
3500 3162 3669 3229 ipsius
3697 3178 3879 3217 nomen

651 3250 884 3309 Sanctus
905 3255 1166 3309 Martinus
1193 3255 1485 3325 episcOpus
1513 3258 1765 3328 migravit
1791 3258 1858 3316 ad
1890 3259 2181 3318 Dominum
2210 3254 2255 3319 C
2355 3254 2620 3324 exprimit.
2652 3271 2767 3309 cum
2796 3254 2959 3309 dicit:

577 3360 720 3401 anno
750 3349 928 3405 rotatis
972 3366 1139 3405 ιιιιιι
1167 3388 1181 3415 ,
1228 3351 1575 3421 episcopatus
1610 3368 1738 3410 vero
1771 3364 1791 3392 ο
1832 3369 1947 3413 uti
1975 3395 1990 3419 ,
2023 3356 2180 3424 cttjus

574 3438 742 3492 vitam
794 3449 848 3494 et
894 3441 1120 3496 virtutes
1171 3441 1441 3513 Sulpicius
1489 3442 1715 3500 Severus
1764 3447 1979 3518 egregie
2029 3462 2180 3501 com-

582 3543 786 3598 posmt.

579 3619 750 3679 XXII.
789 3623 1000 3681 Parcus
1030 3627 1281 3697 Danum,
1311 3631 1399 3700 qui
1420 3633 1600 3701 ﬂoruit
1630 3635 1769 3691 circa
1793 3652 1989 3695 annum
2016 3634 2178 3702 1070.

992 3720 1043 3772 in
1066 3736 1298 3777 sermone
1324 3723 1387 3777 de
1418 3725 1478 3779 S.
1510 3725 1736 3781 Martiae
1754 3746 1771 3780 .-

651 3806 857 3863 Nobilis
891 3810 984 3867 ille
1007 3813 1308 3885 confessor,
1340 3818 1690 3875 sacerdotum
1721 3820 1892 3891 gloria
1918 3862 1933 3887 ,
1962 3836 2180 3893 gemma

581 3900 920 3970 pontiﬁcum,
943 3906 1268 3965 clericorum
1300 3909 1474 3965 forma
1499 3952 1513 3976 ,
1552 3911 1733 3968 lumen
1761 3916 2179 3982 monachorum,

583 3996 883 4053 solemnem
915 3998 1058 4056 diem
1091 4003 1430 4061 universitati
1464 4016 1668 4062 nostra
1697 4008 1948 4077 praeﬁxit.
1982 4009 2079 4067 Hic
2097 4020 2184 4067 est

582 4084 843 4149 Martinus
872 4092 1262 4153 miraculorum
1291 4108 1567 4168 potestate
1596 4098 1869 4165 sublimis,
1890 4102 1976 4168 qui
2012 4110 2182 4157 terra-

584 4195 704 4235 rum
730 4183 918 4239 orbem
947 4187 1151 4245 lumine
1175 4207 1290 4255 suae
1320 4194 1651 4263 cognitionis
1680 4194 1943 4264 implevit.
1977 4196 2185 4269 Em).

579 4280 705 4338 tus,
752 4276 1032 4348 religionis
1072 4290 1246 4338 mater
1288 4295 1344 4339 et
1384 4286 1741 4342 eremitarum
1791 4287 2183 4353 fecundissima

583 4368 768 4423 nutrix
802 4412 816 4434 ,
849 4371 1135 4429 Martinam
1182 4378 1344 4432 tantis
1378 4377 1503 4434 filiis
1536 4381 1719 4452 posuit
1763 4382 1815 4436 in
1849 4385 2182 4456 exemplum.

580 4458 763 4515 Crevit
788 4461 842 4516 in
868 4464 1194 4522 Immensum
1226 4467 1365 4523 fama
1397 4472 1636 4528 nominis
1667 4472 1788 4543 ejus
1810 4516 1822 4538 ,
1856 4486 1909 4530 et
1938 4488 2072 4531 ansa
2098 4482 2184 4532 est

585 4552 638 4606 in
664 4555 834 4621 ipsam
866 4558 1235 4626 apostolorum
1256 4563 1566 4631 irrumpere
1593 4566 1933 4637 dignitatem,
1953 4585 2182 4641 quorum

2356 3347 2497 3404 Audi
2529 3362 2659 3403 vero
2684 3349 3162 3406 mansuetudinem
3192 3350 3313 3421 ejus
3339 3390 3353 3415 ,
3390 3364 3490 3405 suo
3522 3349 3615 3406 illo
3646 3349 3881 3420 Sulpicio

2283 3443 2362 3497 sic
2391 3443 2665 3501 scribente
2691 3460 2703 3496 :
2734 3440 2753 3480 τ
2774 3443 3004 3499 Tantam
3030 3446 3299 3515 adversus
3327 3458 3517 3501 omnes
3542 3445 3771 3516 injurias
3795 3461 3885 3518 pa-

2285 3537 2525 3595 tientiam
2558 3547 2961 3607 assumpserat,
2996 3550 3054 3594 ut
3084 3555 3209 3594 cum
3237 3547 3387 3595 esset
3410 3550 3657 3594 summus
3684 3540 3878 3595 Sacer-

2284 3628 2382 3685 dos
2412 3668 2428 3695 ,
2462 3629 2683 3699 impune
2724 3629 2892 3685 etiam
2934 3632 3003 3686 ab
3042 3633 3243 3687 inlimis
3284 3633 3501 3688 clericis
3544 3634 3877 3701 laederetur,

2286 3737 2387 3778 nec
2418 3733 2637 3792 propter
2678 3724 2730 3777 id
2766 3738 2862 3779 eos
2891 3735 2984 3779 aut
3016 3726 3138 3782 loco
3167 3738 3421 3798 umquam
3455 3729 3722 3783 amaverit
3750 3775 3761 3792 ,
3795 3738 3883 3785 aut

2284 3833 2313 3872 a
2344 3831 2464 3881 sua,
2495 3827 2755 3887 quantum
2781 3819 2832 3873 in
2863 3818 2983 3890 ipso
3006 3820 3129 3889 fuit,
3157 3822 3424 3877 cbaritate
3456 3821 3739 3893 repulerit.

2286 3910 2501 3975 XXVII.
2534 3909 2999 3970 CHRONOGRAPBUI
3021 3914 3171 3971 Saxo
3199 3933 3229 3970 a
3250 3916 3535 3971 Leibnitzio
3557 3917 3750 3985 editus,
3774 3918 3883 3987 qui-

2355 4021 2454 4075 que
2483 4006 2552 4067 ad
2581 4023 2775 4061 annum
2808 4008 2948 4063 1188
2969 4010 3183 4064 annales
3214 4026 3334 4065 suos
3360 4011 3610 4082 protulit,
3646 4012 3884 4082 proinde-

2355 4117 2453 4171 que
2482 4099 2575 4155 ille
2601 4102 2716 4169 ipso
2744 4109 2971 4171 tempore
2999 4103 3183 4157 vicisse
3213 4103 3355 4158 credi
3386 4112 3571 4173 potest,
3604 4121 3727 4175 pag.
3760 4104 3858 4160 8t:

2358 4196 2551 4249 Annus
2580 4193 2796 4255 Domini
2827 4210 3055 4259 ccccvn,
3090 4194 3305 4252 Arcadii
3330 4205 3387 4251 et
3416 4195 3640 4252 Honorii
3674 4211 3751 4264 ιι,
3785 4196 3884 4253 8r-

2286 4301 2437 4340 verus
2466 4286 2633 4341 vitam
2658 4285 2719 4343 S.
2754 4285 2970 4344 Martini
3003 4289 3281 4359 eleganter
3308 4290 3520 4345 scribit.

2290 4380 2527 4437 XXVIII.
2555 4379 2865 4438 GUtssarus
2886 4380 3166 4439 Macrinus
3194 4385 3351 4438 abbas
3383 4383 3888 4456 Gemblacensis,qni

2360 4490 2495 4528 anno
2544 4474 2684 4531 19.08
2728 4474 2918 4530 abiisse
2967 4474 3162 4531 dicitur
3187 4514 3201 4541 ,
3248 4478 3302 4529 in
3331 4477 3495 4550 elogio
3526 4494 3613 4530 seu
3646 4479 3887 4551 apologis

2366 4564 2543 4621 Severi
2571 4609 2582 4629 ,
2615 4582 2728 4636 quat
2770 4567 2990 4623 habetur
3034 4568 3177 4637 apud
3222 4566 3362 4624 Bell.
3396 4569 3465 4624 a9
3502 4564 3731 4624 Ianuar.
3766 4588 3883 4642 pag.

586 4660 779 4700 manus
813 4658 1182 4706 tractaverunt
1213 4654 1281 4709 de
1308 4656 1476 4709 verbo
1509 4656 1651 4724 vitm,
1686 4661 1776 4729 qui
1811 4658 1978 4715 illium
2014 4661 2186 4719 bomi-
2212 4655 2267 4717 1)
2362 4658 2467 4712 968
2494 4670 2541 4712 et
2572 4675 2748 4730 seqq.:

586 4741 674 4796 nis
702 4740 845 4796 inter
874 4742 1015 4799 ﬁlios
1042 4746 1322 4802 hominum
1358 4749 1500 4806 felici
1533 4754 1687 4809 vocis
1725 4754 1907 4813 ollieio
1940 4756 2188 4830 divulga-

587 4842 735 4887 runt.
766 4832 826 4887 In
857 4849 1073 4893 omnem
1107 4848 1304 4895 terram
1339 4853 1627 4912 pervagata
1656 4855 1738 4902 est
1764 4851 2025 4907 memoria
2053 4854 2185 4910 tanti

587 4924 863 4994 pontiﬁcis
892 4969 908 4994 ,
945 4936 1001 4991 et
1030 4930 1357 5000 ubicumque
1387 4946 1613 4990 resonat
1656 4939 1792 4996 lides
1832 4942 2139 5002 Christiana
2167 4988 2181 5013 ,

582 5017 871 5079 sonatvita
901 5017 1138 5077 Martini.
1162 5021 1227 5075 Et
1250 5035 1364 5091 post
1388 5044 1586 5096 pauca:
1610 5029 1778 5087 Actus
1807 5033 1927 5102 ejus
1944 5047 1997 5097 et
2020 5042 2186 5095 vitam

587 5106 837 5162 SEVERUS
868 5124 1087 5165 INSIGNIS
1112 5127 1323 5169 ORATOR
1350 5117 1419 5171 ita
1453 5133 1553 5171 suo
1585 5122 1895 5180 nobilitavit
1924 5130 2143 5202 eloquio
2173 5176 2185 5197 ,

588 5209 646 5253 ut
676 5208 731 5294 et
758 5200 1038 5294 historiam
1072 5207 1339 5263 relatione
1372 5211 1527 5276 plena
1560 5218 1795 5275 Veritate
1819 5200 2182 5294 proponeret,

588 5303 642 5345 et
676 5292 967 5349 rhetoricis
1002 5296 1213 5365 legibus
1246 5302 1618 5373 multipliciter
1650 5292 1955 5381 insigniret.

589 5384 778 5439 XXIII.
815 5387 1150 5445 SIGEBERTUS
1178 5390 1582 5456 Geunucenms
1612 5406 1895 5461 "tortae/ms
1937 5410 1988 5464 in
2020 5408 2183 5466 Chro-

662 5606 688 5669 9
731 5596 873 5667 Lege
901 5598 1249 5669 protulerunt.

660 5667 689 5757 ξ
729 5670 782 5723 In
818 5667 1022 5757 emittm.
1053 5687 1318 5757 sermone
1344 5674 1521 5757 .plura
1556 5697 1619 5736 ex
1658 5683 1865 5740 Severo
1894 5684 2179 5757 decerpit,

585 5739 778 5826 iisdem
802 5753 855 5793 Ill
884 5745 1176 5812 plurimum
1212 5739 1388 5801 ret-bis
1418 5755 1779 5826 transcriptis.

663 5817 686 5846 ο
724 5811 863 5871 Lege
887 5811 1043 5871 aut.

663 5828 686 5846 υ
724 5828 794 5865 με
833 5830 863 5868 e
892 5830 1043 5871 nrt.

661 5880 685 5917 ἀ
719 5828 934 5947 Legam
963 5888 1091 5943 olim
1126 5888 1289 5945 fuisse
1323 5890 1497 5955 Vitam
1546 5898 1603 5953 S.
1636 5896 1848 5963 Martini
1880 5900 1931 5955 in
1959 5901 2188 5957 ecclesia

2365 4750 2637 4823 Sulpicius
2676 4753 2896 4809 Severus
2921 4795 2934 4817 ,
2970 4753 3200 4824 primum
3232 4753 3374 4808 beati
3407 4753 3621 4808 Martini
3652 4753 3889 4825 discipu-

2293 4846 2409 4912 lus.
2451 4855 2573 4917 post
2602 4847 2961 4909 Bituriccnsis
2993 4847 3461 4917 archiepiscopus,
3493 4846 3645 4917 juxta
3673 4847 3886 4904 Genna-

2292 4940 2440 4996 dium
2460 4942 2512 4995 in
2538 4941 2676 4995 libro
2697 4957 2857 5011 quem
2876 4942 2943 4996 de
2969 4941 3100 4995 viris
3117 4942 3337 5009 scripsit
3363 4940 3692 5007 illustribus,
3721 4944 3887 4995 Immo

2292 5036 2432 5091 sicut
2460 5051 2525 5090 et
2558 5036 2723 5105 gestis
2754 5034 2872 5105 ejus
2904 5042 3069 5104 patet,
3101 5050 3225 5105 qum
3253 5036 3305 5089 in
3338 5033 3890 5103 Majori-Monasterio

2290 5132 2499 5202 positus
2523 5131 2645 5199 legi,
2673 5131 2736 5184 ei:
2770 5129 3076 5197 Aquitaniae
3111 5126 3354 5196 partibus
3387 5127 3651 5181 oriundus
3679 5126 3805 5191 fuit,
3838 5136 3889 5182 et

2292 5237 2398 5280 tam
2432 5225 2731 5295 disciplinis
2769 5224 3079 5279 liberalium
3122 5223 3322 5276 artium
3356 5237 3515 5290 quam
3546 5221 3766 5290 generis
3796 5235 3888 5277 no-

2288 5317 2498 5376 bilitate
2528 5319 2706 5372 clarus
2743 5306 2959 5371 enituit.
3009 5313 3191 5385 itaque
3219 5313 3433 5384 gemina
3472 5304 3637 5368 simul
3669 5320 3721 5367 et
3757 5327 3883 5381 pro-

2287 5415 2453 5483 sapia:
2476 5422 2527 5466 et
2569 5409 2854 5481 sapientia:
2904 5423 2965 5462 ac
3007 5406 3251 5463 scienti-ac
3300 5406 3633 5478 pratpollens
3664 5406 3840 5477 gloria
3872 5445 3884 5467 ,

2291 5617 2596 5673 Turonensi
2628 5621 2843 5668 constat
2871 5628 2935 5668 ex
2967 5611 3232 5682 Gregorio
3260 5608 3585 5667 Turonensi.

2367 5698 2389 5725 ε
2420 5688 2579 5743 Natat
2608 5687 2880 5742 Aubertus
2938 5684 3150 5738 Mimans
3194 5683 3299 5738 labi
3355 5682 3657 5739 Honorium
3693 5727 3704 5750 ,
3752 5684 3879 5739 dum

2292 5758 2477 5813 scribit
2510 5760 2770 5815 Severum
2803 5756 3013 5814 Paulini
3036 5754 3211 5813 Vitam
3238 5756 3545 5821 scripsisse.

2369 5828 2386 5866 τ
2420 5829 2546 5884 Haec
2587 5831 2744 5887 verba
2789 5829 3065 5887 habentur
3109 5827 3159 5883 in
3194 5826 3313 5882 Vita
3354 5816 3416 5883 S.
3468 5816 3679 5883 Martini
3722 5843 3887 5905 prope

2292 5902 2480 5958 ﬁnenn
