4106 6344
242 378 309 434 05
1160 374 1247 430 DE
1288 371 1480 430 SULP.
1525 358 1813 428 SEVERO
1850 356 2199 425 VETERUM
2240 369 2686 427 TESTIMONIA.
3514 366 3585 433 9i

241 492 493 566 quodun
527 493 685 551 inter
719 488 1028 567 huiusmodi
1054 488 1303 547 homines
1324 494 1486 557 caput
1513 492 1624 553 est,
1655 481 1862 538 mediu-
1892 481 1942 543 Α
1970 462 2230 536 credatur
2258 481 2355 536 toti
2384 480 2587 538 sancite
2618 474 3179 552 MaJOriS-Monasicrii
3213 484 3540 543 multitudini
3566 531 3581 557 ,

242 576 453 643 critatis
508 587 733 643 virtute
780 586 1103 657 conspicuus
1130 626 1145 651 ,
1177 590 1297 638 eum
1330 574 1399 636 ad
1440 578 1632 635 viriles
1674 576 1871 633 medite

243 676 416 735 artatis
449 681 815 737 eicrcvisset
855 693 1022 734 annos
1048 719 1062 741 ,
1097 686 1155 731 ut
1186 677 1267 731 vir
1294 672 1532 746 prudens
1558 715 1573 741 ,
1606 669 1867 726 mundum

245 778 294 832 iu
324 775 576 844 maligno
613 776 864 846 positum
894 788 1015 830 esse
1046 769 1390 844 perpendens
1421 808 1435 833 ,
1481 776 1534 823 et
1565 763 1866 822 secundum

242 883 461 923 carnem
476 869 685 923 vivere
714 867 805 922 vel
821 881 1014 937 sapere
1039 874 1269 920 mortem
1295 873 1350 918 et
1380 860 1672 917 stultitiam
1698 858 1869 928 depu-

239 976 359 1021 tans
385 1008 401 1033 ,
432 964 644 1021 relicta
676 965 849 1020 domo
876 974 935 1021 et
953 963 1297 1035 cognatione,
1326 960 1601 1027 rebusque
1631 956 1869 1028 propriis

241 1062 292 1113 in
322 1073 484 1113 usuin
521 1071 842 1128 pauperum
883 1056 1138 1125 expensis
1166 1096 1182 1121 ,
1214 1053 1279 1108 ad
1321 1052 1539 1109 beatum
1573 1050 1863 1106 Martinum

238 1166 298 1207 se
323 1151 597 1217 contulit;
626 1166 658 1204 a
693 1164 808 1222 quo
830 1144 1075 1209 ofﬁciose
1107 1158 1161 1205 et
1196 1148 1351 1220 grate
1384 1151 1673 1216 sueccptus
1699 1180 1715 1211 ,
1744 1142 1865 1213 ejus

240 1259 297 1300 se
320 1243 697 1315 discipulatui
743 1244 1121 1299 incunctanter
1159 1232 1403 1297 subdidit
1431 1282 1446 1306 ,
1477 1249 1534 1294 et
1560 1254 1683 1294 cum
1717 1253 1782 1293 eo
1810 1238 1862 1292 in

241 1337 509 1408 praedicto
529 1337 1127 1409 MajoricMonasterio,
1148 1336 1321 1392 donec
1351 1349 1518 1399 carne
1544 1342 1860 1401 emeretur,

240 1432 317 1485 vir
346 1440 583 1486 sanctus
627 1429 1063 1486 familiarissime
1094 1430 1452 1486 convertimus
1480 1434 1586 1485 eet.
1616 1424 1861 1496 Recepto

240 1525 480 1595 denique
513 1525 666 1581 inter
690 1525 819 1580 caeli
842 1534 1049 1580 secreta
1082 1524 1403 1578 beatissimo
1432 1520 1702 1587 Martino,
1735 1520 1861 1575 Sul-

240 1617 412 1684 picius
443 1617 549 1671 iste
570 1616 843 1681 Severus,
863 1617 951 1686 qui
970 1617 1087 1684 eius
1110 1610 1455 1685 discipulatui
1478 1619 1627 1667 tctus
1644 1615 1862 1683 sempe!

243 1708 566 1773 inimserat,
581 1707 788 1761 cellam
824 1706 997 1762 Patris
1021 1722 1116 1777 per
1142 1706 1597 1777 quinquennium,
1628 1704 1861 1760 haeredi-

242 1808 349 1854 tate
371 1798 662 1865 videlicet,
701 1798 965 1869 praclare
989 1798 1111 1871 pius
1144 1800 1319 1855 Matres
1345 1800 1401 1859 et
1427 1790 1697 1859 habitator
1718 1797 1859 1853 obti-

1973 588 2097 643 quae
2141 589 2316 630 sacrae
2365 574 2727 645 depositionis
2758 576 2876 649 ejus
2908 576 3175 637 solemnia
3213 581 3407 639 festivo
3430 590 3590 657 quot-

1972 668 2135 721 annis
2216 666 2575 724 concelebrat
2624 666 2843 727 omcio:
2894 672 3053 747 cuius
3106 673 3413 731 celebritati
3465 674 3584 747 ipse

1973 770 2195 831 quoque
2226 756 2367 833 apud
2390 770 2485 817 eos
2514 756 2721 834 degens
2752 764 2805 820 et
2834 767 3004 821 semel
3032 776 3085 823 et
3106 768 3304 825 iterum
3327 764 3549 827 interfui
3570 816 3585 841 ,

1970 860 2026 910 et
2043 852 2186 909 hanc
2204 866 2327 911 cum
2354 855 2573 913 caeteris
2590 854 2846 915 fratribus
2866 876 2988 916 cum
3009 862 3274 918 nonnulla
3295 860 3585 923 devotione

1970 960 2023 1001 tv
2048 946 2276 1003 kalend.
2306 948 2597 1005 Februarii
2626 989 2645 1018 ,
2675 962 2735 1006 ut
2760 953 2975 1023 agitur,
3001 955 3273 1025 percolui.
3306 957 3585 1016 Habentur

1970 1053 2130 1109 ergo,
2170 1050 2227 1093 ut
2255 1040 2475 1111 dignum
2508 1052 2591 1097 est
2626 1058 2724 1113 pro
2756 1047 3105 1115 auctoritate,
3140 1057 3303 1104 tanta:
3334 1050 3469 1105 fides
3494 1066 3587 1108 ec-

1966 1132 2152 1187 clesiae
2182 1174 2196 1197 ,
2240 1136 2295 1189 et
2322 1132 2612 1195 contrahat
2640 1138 2694 1191 et
2734 1136 2945 1208 cppilet
2975 1155 3037 1194 us
3078 1155 3239 1196 suum
3274 1142 3531 1212 iniquitas
3559 1185 3576 1213 ,

1969 1232 2090 1298 quae
2141 1220 2543 1283 confessionem
2595 1238 2649 1285 et
2700 1232 3159 1300 pulchritudinem
3190 1278 3203 1302 ,
3238 1253 3399 1308 quam
3423 1238 3578 1294 dedit
3638 1254 3643 1257 ‘

1972 1319 2236 1379 Dominus
2266 1328 2457 1381 sancto
2483 1334 2583 1378 $th
2610 1328 2666 1377 et
2692 1324 2910 1379 excelso
2940 1326 3003 1381 in
3017 1328 3184 1383 verbo
3208 1329 3418 1399 gloriae,
3454 1346 3580 1401 pro—

1966 1404 2172 1467 caciter
2221 1404 2296 1467 illi
2336 1412 2528 1475 nititur
2564 1414 2854 1486 abrogare.
2885 1417 3101 1473 Gratias
3139 1420 3231 1475 tibi
3265 1437 3365 1491 ago
3398 1422 3580 1490 ,‘doc-

1968 1505 2073 1560 trix
2096 1505 2303 1560 viarum
2362 1508 2452 1560 Dei
2506 1509 2851 1581 omnipotens
2891 1514 3155 1581 sapientia
3188 1556 3203 1582 ,
3253 1531 3371 1585 qua!
3422 1517 3473 1571 in
3503 1532 3570 1573 eo

1964 1596 2146 1652 victui
2175 1595 2476 1668 malitiam,
2509 1600 2908 1674 delapsumque
2951 1605 3005 1658 in
3046 1604 3255 1660 foveam
3286 1608 3418 1662 etin
3451 1610 3569 1663 vin-

1963 1691 2102 1747 culis
2125 1694 2334 1761 peccati
2363 1694 2596 1765 positum
2631 1711 2738 1752 non
2766 1697 3142 1769 dereliquisti;
3174 1701 3268 1757 sed
3299 1701 3351 1756 in
3376 1701 3569 1759 fraude

1963 1785 2518 1845 circumvenientium
2553 1790 2628 1846 illi
2662 1794 2951 1859 assistens,
2984 1809 3011 1848 a
3047 1797 3425 1865 peccatoribus
3448 1814 3571 1868 gra-

242 1892 382 1946 ηυίι,
416 1892 597 1960 Quem
632 1934 648 1958 ,
675 1891 893 1947 εείιεοει
918 1882 1254 1961 sulpicium,
1283 1890 1534 1961 quamvis
1563 1889 1856 1946 admodum
1888 1880 1937 1945 B
1966 1876 2053 1932 tiu
2100 1880 2207 1933 tua:
2252 1879 2583 1938 adversariis
2627 1884 2866 1940 liberanti
2897 1901 3021 1940 eum
3054 1930 3068 1954 ,
3104 1899 3357 1959 tantaque
3401 1890 3568 1944 subli-

241 1985 598 2049 renitentem,
624 1983 995 2039 Bituricensis
1014 1982 1193 2038 clerus
1208 1981 1332 2037 inde
1353 1982 1671 2051 extrahens,
1691 1997 1854 2038 sauc-

242 2080 396 2134 titate
425 2086 486 2134 et
513 2079 760 2134 scientia
791 2076 917 2145 viri,
942 2077 1251 2147 pariterque
1275 2090 1462 2131 amore
1492 2076 1685 2131 ductus
1712 2074 1856 2132 beati

245 2170 463 2226 Martini
499 2168 755 2240 magistri
783 2169 937 2239 ejus,
970 2167 1440 2239 archiepisc0pum
1473 2167 1577 2222 sibi
1598 2167 1860 2223 sublima-

249 2265 349 2318 vit.
385 2263 547 2329 Quod
579 2278 612 2317 a
644 2261 957 2334 Pelagianis
994 2260 1254 2317 seductus
1300 2261 1353 2315 in
1401 2261 1582 2330 aliquo
1616 2275 1646 2315 a
1675 2260 1860 2331 regula

244 2356 573 2412 orthodoxae
601 2354 737 2411 fidei
766 2354 1178 2421 exorbitaverit,
1211 2369 1477 2425 nusquam
1508 2344 1729 2411 omnino
1754 2344 1860 2413 nisi

245 2454 295 2507 in
323 2453 451 2509 solo
483 2452 597 2523 legi
623 2450 949 2518 Gennadio,
981 2448 1074 2521 qui
1096 2451 1280 2506 nescio
1311 2458 1490 2505 utrum
1527 2451 1629 2503 hoc
1659 2448 1857 2518 alicubi

247 2559 295 2601 et
320 2546 441 2616 ipse
474 2545 697 2616 legerit,
729 2559 796 2597 au
831 2558 895 2599 ex
929 2542 1042 2598 sola
1068 2542 1230 2608 fama,
1259 2557 1381 2612 quae
1412 2541 1553 2596 facta
1580 2550 1634 2595 et
1659 2540 1857 2596 infecta

248 2638 513 2717 loquitur,
542 2636 829 2717 didicerit,
864 2635 991 2692 illud
1029 2644 1214 2691 tamen
1249 2634 1484 2691 ﬁdeliter
1510 2634 1857 2701 credo,hunc

250 2716 362 2805 eius
389 2736 644 2785 errorem
675 2716 819 2798 apud
848 2726 991 2805 pium
1019 2726 1258 2800 judicem
1289 2722 1564 2782 Christum
1587 2768 1600 2792 ,
1629 2729 1718 2799 qui
1744 2742 1858 2798 poe-

250 2806 577 2879 ιιῖῐὲῖιῖῐὺῦξ
602 2808 907 2877 clementer
956 2820 1236 2891 ignoscit,
1288 2821 1459 2891 ipsius
1508 2822 1699 2876 merita
1749 2838 1855 2876 non

252 2918 577 2983 niinurasse,
605 2918 749 2971 sicut
778 2916 829 2969 in
862 2908 1102 2969 Ecclesia
1130 2912 1382 2969 videmus
1403 2914 1626 2985 gloriam
1658 2914 1858 2972 sancti-

262 3012 381 3065 latis
426 3010 541 3083 ejus
585 3027 696 3065 non
754 3008 1114 3075 obscuraSse;
1161 3024 1282 3067 cum
1335 3014 1527 3064 auctor
1572 3008 1712 3063 idem
1766 3009 1854 3079 qui

255 3101 417 3158 refert
464 3094 760 3175 deceptum
792 3143 806 3168 ,
853 3101 1084 3156 iestetur
1129 3102 1183 3155 et
1229 3104 1535 3155 correctum
1566 3141 1581 3167 ,
1621 3100 1809 3155 dicens
1838 3142 1853 3169 ,

255 3193 397 3250 illum
444 3194 833 3266 paenitentiam
881 3190 984 3248 sibi
1013 3192 1114 3263 ipsi
1149 3184 1473 3262 imposuisse
1501 3234 1514 3257 ,
1546 3194 1607 3247 ut
1646 3192 1853 3248 scilicet

1964 1972 2123 2025 masti
2146 1971 2340 2042 gloria,
2379 1985 2434 2027 ut
2467 1975 2610 2030 inter
2639 1977 2779 2032 filios
2801 1978 3043 2048 ejusdem
3070 1980 3256 2049 gratiae
3287 1991 3570 2052 compute-

1963 2074 2081 2133 tur,
2109 2072 2165 2120 ot
2195 2058 2337 2122 inter
2369 2077 2591 2125 sanctos
2620 2085 2739 2126 sors
2766 2072 2912 2127 illius
2940 2073 3032 2128 sit.
3063 2071 3333 2129 Cat-terum
3357 2091 3423 2129 ne
3446 2075 3570 2146 quis

1959 2156 2027 2214 de
2062 2158 2366 2227 ignorantia
2394 2160 2631 2225 fallatur,
2659 2172 2713 2217 et
2740 2179 2828 2218 me
2858 2180 3074 2235 quoque
3103 2165 3388 2237 deceptum
3413 2182 3574 2223 sanc-

1961 2250 2172 2305 titatem
2219 2252 2445 2307 alterius
2488 2253 2645 2309 alteri
2694 2271 2983 2327 arrogasse
3025 2270 3308 2325 causetur;
3353 2261 3565 2315 noverit

1961 2342 2106 2411 initio
2150 2344 2316 2407 aliain
2350 2387 2364 2410 ,
2396 2354 2451 2400 et
2480 2346 2646 2401 alium
2676 2348 2826 2403 illum
2858 2364 2980 2405 esse
3023 2349 3324 2421 Sulpicium
3353 2394 3368 2418 ,
3404 2352 3562 2422 cujus

1958 2433 2227 2491 festivitas
2248 2452 2341 2490 xvr
2371 2435 2589 2494 kalend.
2627 2441 2931 2511 prtescripti
2964 2445 3167 2499 mensis
3199 2443 3482 2500 Februarii
3507 2446 3559 2501 in

1960 2529 2241 2584 nonnullis
2284 2532 2530 2588 ecclesiis
2581 2534 2924 2590 celebratur:
2968 2537 3158 2593 ambos
3188 2548 3367 2595 tamen
3400 2540 3564 2596 unius

1959 2624 2317 2697 ejusdemque
2344 2628 2582 2683 civitatis
2613 2630 2969 2687 Bituriceusis
3002 2631 3166 2687 fuisse
3196 2634 3563 2704 archiepisco-

1961 2724 2095 2785 pos;
2124 2722 2178 2771 et
2225 2715 2371 2772 hunc
2399 2718 2618 2789 quidem
2651 2718 2721 2777 ob
2744 2721 3150 2779 distinctionem
3184 2725 3407 2781 alterius
3440 2725 3563 2781 Sul-

1959 2807 2158 2878 picium
2188 2807 2451 2865 Severum
2478 2853 2494 2879 ,
2524 2812 2673 2868 illum
2704 2828 2837 2871 vero
2865 2806 3161 2888 Sulpicium
3192 2816 3345 2873 Pium
3376 2820 3559 2891 appel-

1958 2899 2077 2954 lari.
2106 2897 2352 2956 Inveniet
2381 2912 2560 2959 autem
2594 2914 2647 2959 et
2681 2905 2913 2978 diligens
2938 2922 3205 2965 annorum
3237 2920 3563 2983 supputator

1959 2990 2102 3046 hunc
2147 2986 2246 3047 illo
2296 2996 2523 3050 multum
2576 3001 2913 3069 superiorem
2965 3011 3211 3074 tempore
3246 3047 3261 3071 ,
3304 3021 3424 3059 cum
3458 3006 3561 3062 iste

1958 3086 2099 3141 beati
2122 3085 2452 3160 Martini,qui
2479 3090 2668 3148 tertius
2689 3092 2974 3151 Turonicze
3005 3100 3256 3167 praesedit
3287 3102 3555 3170 ecclesias,

1960 3177 2051 3233 ille
2080 3178 2275 3235 diebus
2307 3179 2365 3236 S.
2393 3180 2679 3253 Gregorii,
2706 3188 2800 3257 qui
2833 3202 3005 3244 nonus
3043 3192 3287 3248 decimus
3312 3193 3561 3251 eamdem

252 3290 523 3347 silentium
545 3304 725 3359 usque
743 3283 809 3341 ad
831 3292 1060 3341 mortem
1081 3284 1312 3351 teneret,
1332 3294 1600 3358 quatenus
1626 3284 1854 3341 tacendo

1965 3270 2103 3324 rexit
2152 3271 2439 3327 ecclesiam
2474 3316 2486 3339 ,
2537 3276 2832 3335 exStiterit.
2875 3280 3149 3352 Sulpicius
3181 3284 3345 3354 igitur
3376 3292 3561 3342 noster

261 3386 475 3453 lenitus
514 3379 843 3437 emendaret
877 3376 1020 3450 quod
1055 3380 1269 3433 incaute
1298 3366 1568 3448 loquendo
1596 3376 1858 3449 deliquis-

256 3478 356 3529 ενι.
390 3475 457 3530 Et
490 3474 597 3528 hoc
630 3488 699 3528 eo
744 3473 916 3542 magis
962 3471 1030 3526 sit
1074 3474 1269 3525 mirum
1305 3484 1527 3526 necesse
1563 3476 1680 3534 est,
1713 3458 1856 3541 quod

255 3584 368 3623 cum
401 3575 553 3622 esset
584 3562 769 3621 clarus
800 3579 1025 3637 genere,
1058 3552 1305 3619 sublimis
1328 3558 1609 3634 dignitate,
1648 3563 1855 3634 episco-

256 3678 348 3731 pus
381 3661 587 3724 officio,
619 3674 683 3714 ac
710 3668 808 3726 per
833 3660 936 3713 hoc
968 3646 1213 3728 pluribus
1236 3658 1295 3713 ac
1326 3655 1549 3722 debens,
1582 3648 1855 3726 publicum

256 3753 553 3815 desereret,
587 3758 861 3807 secretum
896 3758 1140 3823 peteret,
1169 3754 1333 3821 atque
1361 3740 1618 3805 carcerall
1652 3746 1857 3803 latebra

255 3860 308 3901 se
337 3836 751 3914 praedamnaiis,
787 3830 1056 3914 simleue
1080 3834 1298 3911 vigiliis,
1323 3842 1461 3896 faiue
1490 3844 1539 3897 el
1568 3834 1856 3913 frigoribus

255 3954 470 3992 carnem
517 3949 809 3991 maceratis
836 3977 853 4003 ,
897 3934 951 3990 in
989 3935 1184 4005 spiritu
1223 3933 1549 3990 humilitatis
1591 3946 1644 3990 et
1675 3936 1857 3992 animo

256 4031 492 4084 contrito
517 4029 632 4083 Deo
647 4027 1014 4083 satisfaceret.
1034 4026 1269 4083 Proinde
1288 4028 1541 4097 quismisi
1563 4027 1632 4084 de
1652 4027 1857 4084 Christi

259 4125 457 4194 pietate
488 4123 750 4180 difﬁdens
776 4166 791 4191 ,
827 4138 931 4178 non
963 4123 1089 4179 dico
1139 4122 1207 4178 de
1244 4125 1363 4192 ejus
1407 4124 1584 4178 salute
1607 4166 1621 4189 ,
1658 4122 1755 4179 sed
1788 4123 1857 4179 de

262 4220 489 4274 maxima
524 4220 647 4289 ejus
674 4216 966 4272 sanctitate
991 4216 1241 4271 dubitare
1265 4215 1374 4287 jam
1404 4217 1633 4271 audeat?
1656 4215 1858 4273 Fidelis

261 4330 436 4369 sermo
464 4357 478 4379 ,
524 4322 581 4369 et
626 4311 782 4366 omni
828 4311 1146 4381 acceptione
1191 4309 1405 4380 dignus.
1441 4309 1507 4364 Et
1536 4307 1723 4379 quidni
1762 4300 1855 4363 illa

263 4410 632 4465 taciturnitate
658 4404 907 4460 solitaria
944 4403 1009 4458 ad
1042 4402 1379 4475 diligendum
1424 4402 1593 4457 Deum
1624 4402 1763 4456 intra
1796 4408 1858 4457 se

261 4501 671 4557 ccincalesceret
700 4512 798 4552 cor
842 4496 995 4566 ejus?
1022 4495 1209 4567 quidni
1253 4497 1306 4550 in
1356 4493 1708 4550 meditatione
1740 4493 1857 4564 ejus

262 4596 650 4657 etet-descent
696 4591 838 4662 ignis
866 4590 1302 4661 compunctionis
1331 4588 1565 4663 (quidni,
1594 4588 1724 4644 dum
1746 4588 1854 4645 non

264 4690 363 4746 nisi
380 4690 446 4745 ad
466 4688 573 4744 hoc
597 4684 1143 4748 vacanrevocaretur
1169 4681 1326 4738 dolor
1350 4681 1673 4738 eﬂ‘onsienis
1696 4682 1857 4753 sua)?
1886 4664 1940 4725 Ῐ)

261 4782 375 4853 Quo
403 4783 619 4838 scilicet
648 4780 777 4851 igne
816 4778 869 4833 in
900 4778 1117 4834 camino
1142 4775 1338 4831 divine
1367 4775 1701 4846 probationis
1728 4784 1860 4831 cuna

263 4859 633 4942 tninutus’Te‘t
673 4874 825 4930 fonte
856 4873 1243 4946 ieerynterum,
1277 4871 1472 4941 quibus
1496 4876 1593 4941 per
1621 4870 1860 4942 singulas

266 4978 450 5027 noctes
474 5006 491 5036 ,
542 4964 597 5023 id
626 4977 712 5023 est
759 4963 1172 5022 recordationes
1218 4962 1463 5035 ejusdem
1485 4961 1809 5018 oﬂensionis
1838 4996 1855 5030 ,

262 5073 488 5119 stratum
510 5058 869 5117 conﬁcientia
889 5058 1121 5130 rigabat,
1138 5060 1260 5111 cum
1286 5057 1521 5128 iiyssopo
1546 5056 1857 5127 purgatorie

261 5155 661 5214 bumiiiationis
689 5154 967 5225 aspersus,
1000 5150 1246 5223 profecto
1271 5150 1565 5207 inundatos
1594 5158 1681 5205 est
1708 5165 1735 5204 a
1764 5150 1857 5206 de:

263 5248 386 5305 lieto
406 5248 675 5313 maximo,
702 5255 755 5300 et
776 5256 940 5316 super
962 5245 1140 5299 nivem
1166 5242 1471 5303 dealbatus.
1510 5241 1696 5311 Itaque
1716 5257 1856 5314 quo:

260 5342 553 5400 dummodo
586 5341 973 5409 transiensper
997 5339 1172 5410 ignem
1188 5347 1243 5393 et
1268 5336 1701 5409 equamicptimo
1721 5338 1858 5393 tent-

258 5452 387 5509 pore
409 5437 646 5493 eductus
665 5445 749 5490 est
766 5434 819 5488 in
840 5432 1202 5503 refrigerium.
1222 5429 1457 5485 Proinde
1480 5430 1685 5500 lignum
1705 5428 1850 5484 istud

261 5530 622 5592 fructiferum,
637 5528 744 5583 etsi
765 5525 1057 5598 aliquando
1076 5526 1416 5595 subripionte
1438 5533 1603 5579 vento
1631 5522 1859 5579 fallacia

264 5625 327 5681 ad
350 5625 683 5695 Aquilonem
708 5621 942 5685 transiit,
969 5634 1076 5675 non
1105 5619 1176 5674 ibi
1205 5618 1407 5675 cecidit
1431 5628 1532 5674 nec
1556 5618 1627 5675 ibi
1648 5622 1858 5673 rerum

263 5719 361 5784 sit;
393 5718 491 5774 sed
524 5718 723 5772 rursus
766 5712 935 5770 ﬂante
962 5713 1074 5769 Deo
1106 5720 1413 5786 regyrutunt
1454 5712 1521 5767 ad
1549 5711 1808 5768 Austrum
1841 5740 1859 5779 ι

264 5810 331 5865 ibi
361 5814 413 5866 in
446 5811 559 5865 tino
589 5805 789 5863 cecidit
818 5840 833 5873 ,
867 5806 1052 5878 ibique
1094 5806 1216 5863 sine
1256 5805 1368 5861 ﬁne
1402 5807 1770 5876 permanebit.
1804 5803 1865 5863 8t

264 5912 440 5962 autem
466 5902 778 5961 assertioni
806 5903 910 5960 mei
942 5903 1118 5960 solius
1148 5912 1313 5975 super
1338 5896 1423 5957 his
1452 5916 1556 5957 non
1584 5901 1824 5959 creditur
1845 5940 1861 5971 ,

1964 3364 2067 3417 iste
2099 3362 2326 3435 insignis
2354 3374 2407 3420 et
2430 3367 2673 3438 elegans,
2696 3370 2999 3428 studiorum
3024 3383 3081 3430 et
3105 3391 3329 3446 operum
3354 3377 3559 3434 beatis-

1962 3456 2085 3509 simi
2113 3453 2326 3510 Martinl
2355 3462 2714 3529 conscriptor,
2749 3477 2855 3517 non
2882 3466 3325 3536 reprehensionis
3355 3471 3558 3542 elogio,

1962 3547 2057 3602 sed
2087 3564 2300 3604 summo
2330 3549 2503 3605 laudis
2539 3553 2732 3624 dignus
2763 3559 3041 3626 iit-tecouio
3081 3570 3372 3619 censeatur
3404 3608 3418 3631 ,
3468 3562 3557 3636 qui

1962 3640 2455 3721 splendidissimum
2484 3650 2754 3715 gemmam
2786 3662 2953 3705 aureo
2993 3650 3252 3708 luculeuti
3285 3659 3557 3713 sermonis

1963 3732 2310 3788 circumdans
2337 3734 2572 3803 eloquio,
2599 3748 2704 3793 tam
2734 3744 3052 3811 praeclarum
3086 3754 3303 3818 tamque
3332 3750 3556 3821 politum

1962 3824 2016 3879 in
2051 3824 2232 3881 medio
2282 3826 2541 3886 Ecclesitc
2590 3834 2874 3903 Speculare
2926 3841 3218 3909 portabat,
3263 3851 3321 3898 ut
3370 3862 3561 3901 omnes

1964 3918 2093 3974 boni
2128 3919 2598 3993 mmttlatbres,qui
2630 3926 2712 3981 sui
2742 3928 2973 3985 sollicite
3003 3940 3190 3987 curam
3223 3946 3476 4006 gerentes
3504 3938 3558 3994 in

1960 4012 2192 4067 veritate
2220 4013 2419 4069 salvari
2444 4019 2711 4087 cupiunt,
2744 4022 2797 4074 in
2828 4022 2919 4076 illo
2940 4023 3065 4093 quid
3097 4027 3395 4093 vitandum,
3428 4030 3559 4099 quid

1959 4105 2347 4173 appetendum,
2362 4118 2416 4162 et
2442 4109 2583 4165 unde
2601 4110 2923 4181 placendum
2946 4117 3017 4170 sit
3036 4117 3558 4189 Deo,limpidissime

1964 4203 2315 4272 perspiciunt.

1961 4306 2153 4371 ΧΧῙΧ.
2186 4304 2271 4372 Ea:
2298 4304 2554 4374 Chronico
2585 4321 2876 4379 Turonensi
2909 4368 2923 4392 ,
2948 4329 3087 4397 quod
3111 4330 3163 4383 in
3191 4348 3384 4385 annum
3418 4333 3559 4389 1292

2004 4408 2243 4479 οάεεῑηῑῑ,
2266 4412 2409 4482 apud
2442 4413 2680 4471 Martene
2706 4425 2830 4472 tom.
2862 4419 2901 4473 γ
2936 4419 3173 4476 Veterum
3194 4423 3556 4495 Scriptorum,

2032 4514 2131 4559 etc.
2167 4522 2287 4577 pag.
2323 4506 2457 4563 925:

2036 4617 2096 4674 S.
2132 4608 2444 4678 Fl0rentius
2481 4612 2648 4681 abbas
2678 4627 2853 4683 claret
2988 4628 3160 4686 claret
3185 4641 3239 4686 et
3267 4631 3324 4687 S.
3359 4622 3561 4690 Mauri-

1966 4710 2072 4767 Iius
2102 4704 2517 4797 Andegavcnsis
2543 4721 2841 4794 cpiscopus
2995 4724 3263 4797 Sulpicius
3291 4734 3566 4789 maximus

1967 4813 2023 4860 et
2045 4794 2229 4863 Gallus
2253 4850 2270 4877 ,
2308 4804 2360 4864 et
2402 4796 2781 4871 Postumianus
2808 4857 2820 4879 ,
2862 4826 2916 4871 et
2944 4794 3139 4873 Clarus
3166 4861 3179 4888 ,
3212 4831 3267 4875 et
3288 4819 3520 4877 Brictius
3543 4865 3559 4893 ,

1968 4894 2111 4959 beati
2144 4892 2360 4960 Martini
2393 4892 2726 4967 Turonensis
2760 4902 3029 4982 discipuli.

1968 5038 2139 5101 XXX.
2172 5040 2471 5113 Anonymus
2516 5046 2571 5099 in
2621 5045 2852 5119 Prologo
2885 5049 2947 5103 S.
2994 5049 3246 5119 Paulini,
3279 5068 3344 5107 ea:
3384 5055 3563 5113 codice

2042 5135 2369 5193 Cluniacensi
2396 5142 2536 5212 apud
2571 5140 2633 5196 P.
2666 5142 2741 5198 Le
2762 5143 3015 5199 Bruniuin
3042 5148 3095 5200 in
3126 5147 3485 5204 Testimoniis:

2035 5252 2294 5310 Paulinus
2320 5266 2539 5313 sanctus
2571 5258 2790 5317 Nolantc
2836 5264 3070 5319 civitatis
3107 5267 3396 5337 episcopus
3426 5312 3439 5333 ,
3470 5284 3563 5339 ge-

1964 5358 2096 5400 nere
2124 5346 2425 5417 Aquitanus
2454 5394 2467 5417 ,
2498 5346 2758 5423 dignitate
2785 5364 2913 5410 vero
2943 5356 3165 5427 generis
3200 5360 3348 5414 urbis
3378 5359 3563 5415 Roma:

1963 5446 2183 5495 senator
2196 5441 2552 5511 clarissimus,
2568 5447 2820 5518 exemplo
2839 5452 3076 5506 maxime
3095 5461 3150 5507 et
3174 5452 3563 5522 prscdicatione

1968 5534 2113 5587 beati
2148 5524 2361 5591 Martini
2390 5536 2728 5594 Turonensis
2757 5542 3031 5612 episcopi,
3063 5555 3115 5599 et
3146 5544 3399 5613 Deipliini
3428 5542 3563 5599 Bur-

1964 5624 2272 5695 degalensis
2304 5670 2318 5695 ,
2362 5642 2468 5684 una
2499 5632 2619 5685 ’cum
2655 5632 2843 5686 Severo
2874 5632 3109 5702 Sulpicio
3138 5640 3290 5704 aque
3314 5628 3477 5689 nobili
3511 5630 3566 5692 et

1967 5717 2211 5774 litterato
2241 5721 2381 5789 viro,
2414 5736 2479 5777 ex
2512 5724 2647 5778 laica
2676 5736 2727 5779 et
2751 5724 3021 5795 coniugali
3048 5725 3149 5779 vita
3182 5724 3245 5779 ad
3276 5726 3565 5796 perfectio-

1966 5811 2053 5867 nis
2082 5810 2406 5869 Christianae
2436 5818 2748 5887 pauperiem
2777 5815 3108 5873 ditissimam
3139 5817 3569 5887 auimatus,om-

1966 5918 2090 5961 nem
2124 5920 2374 5979 pompam
2399 5917 2456 5965 et
2487 5910 2669 5966 luxum
2702 5909 2890 5967 saeculi
2926 5908 3181 5983 calcans,
3216 5920 3569 5991 Quacumque
