4106 6344
410 352 431 361 ς
514 316 586 374 95
1856 312 2148 371 SULPICII
2188 311 2443 371 SEVERI
3739 311 3808 370 96

512 432 568 491 in
597 433 699 490 hoc
722 434 921 491 saeculo
962 433 1317 507 possidebat,
1343 433 1497 504 juxta
1536 429 1753 488 Domini
1780 436 2110 502 prmeeptum
2140 446 2187 505 Α
2219 429 2480 503 (Martini)
2526 428 2914 485 abundantiam
2949 472 2964 499 ,
2996 445 3099 501 qua
3131 444 3349 501 semper
3387 438 3531 486 totus
3561 428 3769 485 afﬂuxit
3801 470 3816 495 ,

515 530 761 587 vendidit
790 541 845 587 et
883 531 1213 603 pauperibus
1243 530 1506 601 erogavit.

512 621 705 680 XXXI.
745 622 981 679 Historia
1011 624 1219 695 Septem
1249 621 1618 677 Dormientium
1639 619 1781 689 apud
1795 618 2113 675 GBEGORIUM

673 718 1034 774 Tuaoueusau
1061 718 1163 774 col.
1194 715 1335 772 i726
1365 715 1657 770 novissima:
1684 712 1958 768 editionis:

584 812 695 870 Nec
722 814 903 869 minus
930 820 1153 884 propter
1179 807 1574 867 ostendendam
1604 817 1660 865 et
1685 806 2116 880 charitatis'ejus

587 949 3655 982 Μ

2216 530 2273 577 et
2307 522 2532 594 originis
2575 521 2912 577 nobilitatem
2943 538 2972 577 a
3003 522 3194 579 Severo
3247 524 3423 594 primo
3476 523 3604 579 vita:
3646 521 3819 594 ipsius

2217 617 2487 688 scriptore
2517 618 2962 687 praetermissam,
2995 634 3156 689 quam
3189 631 3430 690 propter,
3462 628 3587 686 etc.,
3615 618 3817 692 stylum

2219 726 2575 769 moverimus.

1193 1105 2177 1222 SULPICII
2282 1102 3152 1248 smmis:

1068 1398 1173 1467 ἢ)

1447 1257 2825 1475 CHRONICORUM
2867 1445 2895 1486 ,

1598 1573 1785 1650 ΟΗΕ
1828 1571 2104 1637 VULGO
2145 1572 2721 1637 lNSCRlBUNTUR

1179 1762 2268 1913 HISTORIA
2402 1758 3186 1950 SACRA,

1871 2014 2179 2088 LIBRI
2257 2012 2505 2087 DUO.

1792 2320 2580 2408 PROLOGUS.

596 2663 636 2719 l.
689 2662 796 2721 Res
849 2678 877 2719 a
935 2663 1123 2721 mundi
1173 2665 1404 2722 exordio
1445 2665 1631 2724 Sacris
1682 2665 1905 2722 Litteris
1948 2665 2127 2723 editas
2158 2668 2206 2731 B
2232 2665 2593 2722 ecclesiarum
2618 2662 2891 2719 intestinis
2922 2660 3176 2733 periculis
3209 2661 3427 2716 turbata
3461 2661 3646 2717 omnia
3678 2660 3835 2717 locu-

516 2760 764 2818 breviter
785 2761 1189 2832 constringere,
1216 2770 1411 2817 etcum
1441 2762 1795 2818 distinctione
1821 2772 2126 2831 temporum

526 2866 698 2923 usque
752 2851 818 2906 ad
870 2861 1113 2909 nostram
1164 2855 1486 2909 memoriam
1541 2856 1771 2925 carptim
1821 2856 2006 2911 dicere
2034 2870 2128 2925 ag—

522 2959 745 3016 gressus
767 2958 886 2999 sum
913 2962 928 3011 ;
966 2947 1151 3001 multis
1174 2946 1227 3001 id
1256 2961 1284 3000 a
1306 2962 1392 3001 me
1411 2946 1655 3003 studiose
1673 2947 2123 3018 eiﬂagitantibus,

524 3039 614 3111 qui
647 3040 860 3107 Divina,
906 3041 1294 3113 compendiosa
1327 3043 1588 3109 lectione,
1619 3059 1957 3114 cognoscere
1998 3058 2120 3115 pro-

529 3135 809 3203 perabant.
849 3135 1089 3201 Quorum
1120 3149 1221 3206 ego
1247 3136 1582 3191 voluntatem
1612 3146 1856 3202 secutus,
1889 3151 1997 3190 non
2035 3150 2128 3204 pe-

526 3228 674 3297 perci
699 3228 868 3283 labari
895 3244 1039 3291 meo,
1058 3231 1186 3298 quin
1216 3244 1279 3285 ea
1302 3246 1424 3301 quae
1450 3230 1731 3301 permultis
1756 3228 2128 3284 voluminibus

528 3321 848 3391 przescripta
890 3323 1329 3390 continebantur,
1382 3324 1596 3379 duobus
1642 3324 1849 3379 libellis
1906 3322 2128 3378 conclu-

526 3411 753 3479 derem;
788 3415 859 3468 ita
888 3414 1137 3470 brevitati
1170 3416 1420 3482 studens,
1468 3424 1525 3471 ut
1579 3430 1717 3485 pene
1769 3414 1903 3469 nihil
1959 3413 2125 3481 gestis

531 3504 905 3562 subluxerim.
938 3506 1125 3563 Visum
1152 3518 1334 3563 autem
1376 3508 1509 3563 mihi
1540 3518 1626 3564 est
1657 3522 1763 3562 non
1801 3504 2125 3569 absurdum,

528 3611 651 3651 cum
680 3613 849 3667 usque
869 3599 935 3654 ad
958 3598 1155 3655 Christi
1179 3615 1423 3666 crucem,
1447 3600 1945 3671 Apostolorumque
1963 3607 2119 3651 actus

532 3703 630 3759 per
659 3690 876 3746 Sacram
898 3691 1185 3748 Historiam
1218 3696 1603 3759 cucurrissem,
1627 3694 1790 3749 etiam
1819 3702 1939 3763 post
1958 3700 2113 3762 gesta

532 3790 888 3849 connectere;
918 3785 1190 3840 excidium
1235 3787 1648 3858 Ilierosolymaa,
1690 3787 2121 3855 vexationesque

529 3874 714 3944 populi
744 3874 1057 3944 Christiani,
1086 3886 1141 3933 et
1168 3895 1291 3935 mox
1321 3880 1467 3950 pacis
1500 3888 1768 3950 tempora,
1811 3892 1876 3933 ac
1902 3894 2119 3934 rursum

2233 2769 2405 2815 turus.
2438 2756 2706 2814 Caeterum
2746 2755 2875 2811 illud
2908 2770 3016 2811 non
3047 2755 3251 2826 pigebit
3294 2754 3479 2820 fateri,
3512 2768 3622 2819 me,
3654 2753 3833 2810 sicubi

2230 2854 2370 2908 ratio
2424 2852 2626 2923 exegit,
2676 2850 2743 2905 ad
2792 2848 3177 2918 distinguenda
3220 2858 3467 2919 tempora
3498 2848 3828 2903 continuan-

2230 2946 2461 3017 damque
2491 2945 2686 2999 seriem
2722 2958 2877 2998 usum
2910 2957 3032 2998 esse
3062 2940 3339 2997 historicis
3367 2940 3624 3005 ethnicis,
3660 2949 3822 3009 atque

2231 3054 2295 3094 ex
2321 3039 2427 3104 liis,
2461 3053 2581 3109 quae
2610 3036 2676 3092 ad
2722 3036 3157 3107 supplementum
3212 3033 3541 3104 cognitionis
3571 3032 3824 3095 deerant.

2231 3145 2552 3199 usurpasse;
2598 3138 2655 3184 ut
2706 3140 2760 3185 et
2797 3128 3083 3199 imperitos
3130 3125 3385 3181 docerem
3444 3132 3499 3178 et
3553 3123 3831 3177 litteratos

2226 3226 2637 3281 convincerem.
2684 3222 3068 3279 Verumtamen
3102 3234 3164 3277 ea
3196 3235 3317 3291 quae
3344 3218 3412 3273 de
3459 3216 3631 3271 sacris
3674 3215 3829 3269 volu-

2231 3321 2469 3374 minibus
2522 3317 2758 3373 breviata
2807 3316 3172 3388 digessimus,
3228 3330 3334 3369 non
3396 3315 3467 3367 ita
3522 3310 3834 3381 legentibus

2229 3423 2423 3469 auctor
2461 3410 2810 3478 accesserim,
2857 3422 2913 3464 ut
2959 3408 3347 3480 pr:etermissis
3395 3407 3502 3461 illis
3536 3406 3684 3461 unde
3717 3406 3833 3460 lucc

2231 3506 2474 3562 derivata
2505 3514 2653 3568 sunt,
2679 3510 3047 3575 appetantur;
3082 3502 3207 3566 nisi,
3237 3516 3359 3557 cum
3388 3500 3480 3555 illa
3520 3501 3645 3570 quis
3678 3499 3830 3553 fami-

2230 3602 2435 3656 liariter
2489 3600 2722 3667 noverit,
2784 3599 2874 3655 hic
2928 3605 3288 3669 recognoscat
3331 3614 3451 3668 qua:
3495 3594 3567 3651 ibi
3611 3595 3829 3666 legerit.

2235 3693 2443 3748 Etenim
2467 3693 2720 3747 universa
2748 3691 3056 3747 divinarum
3085 3706 3268 3747 rerum
3302 3689 3563 3762 mysteria
3587 3703 3693 3743 non
3727 3689 3833 3745 nisi

2233 3801 2299 3842 ex
2326 3785 2459 3855 ipsis
2484 3784 2721 3842 fontibus
2751 3786 2958 3843 hauriri
3003 3794 3233 3858 queunt.
3275 3784 3429 3840 Nunc
3456 3782 3672 3838 initium
3696 3797 3824 3837 nar-

2237 3879 2394 3935 randi
2434 3879 2649 3934 iaciam.

1738 4216 2082 4303 LIBER
2155 4221 2643 4310 PRIMUS.

612 4560 931 4619 ll.Mundus
952 4574 982 4613 a
1004 4560 1237 4617 Domino
1257 4560 1587 4617 constitutus
1610 4570 1694 4618 est
1726 4560 1928 4618 abhinc
1959 4575 2131 4617 annos
2161 4567 2209 4631 ρ
2240 4563 2489 4628 traditur.
2543 4578 2643 4620 nec
2694 4572 2873 4621 tamen
2902 4579 3099 4621 nomen
3133 4564 3373 4623 refertur
3417 4564 3585 4622 occisi
3648 4582 3662 4619 :
3689 4564 3839 4636 quod

528 4657 643 4727 jam
696 4668 834 4722 pene
860 4668 953 4709 sex
984 4653 1171 4718 millia,
1196 4653 1337 4707 sicut
1369 4668 1629 4721 processu
1660 4654 1956 4709 voluminis
1984 4656 2139 4712 istius
2240 4656 2458 4727 quidem
2484 4657 2663 4713 futuro
2686 4658 2950 4731 mysterio
2976 4658 3144 4713 fuisse
3169 4660 3514 4728 praemissum
3538 4673 3566 4711 a
3596 4656 3833 4728 pruden-

536 4747 849 4819 digeremus
880 4765 894 4803 :
939 4761 1265 4817 quamquam
1298 4747 1440 4802 inter
1465 4762 1525 4803 se
1566 4763 1757 4818 parum
1786 4749 2141 4804 consentiant
2241 4749 2383 4805 tibus
2430 4751 2749 4807 aestimatur.
2784 4750 2954 4823 Igitur
2984 4750 3182 4818 Adam,
3216 4763 3335 4821 post
3382 4766 3573 4809 necem
3604 4750 3697 4806 lilii
3732 4751 3834 4806 mi-

535 4842 627 4911 qui
688 4839 955 4895 rationem
1021 4849 1326 4911 temporum
1379 4840 1758 4912 investigatam
1822 4842 2134 4898 ediderunt.

544 4931 697 5001 Quod
728 4946 853 4987 cum
875 4930 959 4986 vel
991 4931 1085 5011 Dei
1120 4941 1275 4998 nutu,
1312 4932 1393 4987 vel
1423 4933 1555 4987 vitio
1578 4934 1865 4989 vetustatis
1893 4936 2133 5000 eveniat,

540 5025 810 5082 calumnia
859 5040 1047 5081 carere
1087 5024 1329 5081 debebit.
1393 5025 1592 5081 Mundo
1637 5037 1814 5083 autem
1865 5029 2131 5097 condito,

536 5117 702 5173 homo
730 5119 901 5174 factus
952 5126 1056 5174 est.
1108 5116 1242 5175 Viro
1268 5119 1465 5188 Adam,
1524 5122 1740 5177 mulieri
1797 5124 1903 5178 Eva
1938 5139 2137 5180 nomen

535 5211 653 5265 fuit.
708 5210 814 5265 Sed
863 5211 1149 5266 conStituti
1193 5212 1247 5268 in
1300 5213 1580 5281 Paradiso,
1625 5230 1749 5270 cum
1780 5216 2134 5273 interdictam

536 5302 640 5358 sibi
668 5303 920 5359 arborem
949 5304 1349 5375 degustassent,
1379 5309 1433 5363 in
1464 5320 1704 5364 nostram
1736 5310 1886 5366 velut
1917 5312 2137 5368 exsules

534 5405 735 5453 terram
784 5396 941 5468 ejecti
996 5408 1143 5454 sunt.
1198 5400 1404 5457 Deinde
1436 5418 1499 5458 ex
1534 5402 1618 5457 his
1645 5402 1777 5457 Cain
1803 5416 1966 5474 atque
1997 5403 2135 5459 Abel

535 5500 857 5548 nascuntur.
873 5491 981 5548 Sed
1002 5493 1135 5549 Cain
1156 5496 1353 5566 impius
1368 5494 1590 5553 fratrem
1617 5498 1917 5553 interemit.
1940 5496 2134 5552 Fllillm

530 5582 720 5641 Enoch
774 5583 985 5651 habuit,
1029 5602 1058 5642 a
1088 5604 1195 5659 quo
1239 5590 1475 5658 primum
1531 5591 1725 5647 civitas
1750 5590 1974 5646 condita
2025 5599 2132 5653 est,

532 5682 769 5734 auctoris
793 5680 1012 5737 nomine
1038 5683 1295 5738 vocitata.
1330 5684 1412 5739 Ex
1459 5683 1565 5740 hoc
1600 5685 1718 5739 lrad
1742 5726 1755 5749 ,
1786 5694 1947 5751 atque
1976 5699 2041 5737 ex
2069 5697 2135 5738 eo

534 5768 761 5829 Maviael
804 5775 1065 5831 nascitur.
1131 5776 1229 5832 liic
1281 5775 1634 5832 Mathusalem
1691 5777 1860 5831 filium
1909 5775 2130 5840 habuit;

532 5861 688 5934 isque
718 5863 949 5924 Lamecli
977 5867 1194 5939 genuit,
1221 5883 1247 5922 a
1282 5882 1389 5940 quo
1414 5868 1630 5939 juvenis
1671 5867 1885 5939 quidam
1920 5868 2133 5925 occisus

2240 4844 2410 4906 uoris.
2438 4843 2567 4900 Seth
2594 4846 2764 4900 tilium
2789 4846 3114 4913 procreavit,
3140 4859 3261 4899 cum
3283 4846 3395 4915 jam
3421 4845 3756 4901 tricesimum
3786 4853 3839 4901 et

2244 4937 2678 4994 ducentesimum
2708 4953 2909 4993 annum
2941 4938 3118 4992 aetatis
3151 4937 3452 5005 implesset.
3476 4937 3632 4993 Vixit
3655 4945 3838 4992 autem

2245 5046 2419 5087 annos
2472 5046 2523 5087 to
2575 5046 2838 5087 ccccxxx.
2892 5029 3025 5085 Seth
3053 5045 3185 5086 vero
3212 5030 3385 5097 Enos,
3432 5030 3579 5086 Enos
3610 5028 3838 5095 Cainan,

2244 5124 2448 5179 Cainan
2496 5124 2765 5189 Malaleel,
2809 5123 3050 5179 Malaleel
3096 5123 3273 5187 lared,
3326 5123 3479 5178 lared
3532 5122 3718 5179 Enocli
3749 5137 3843 5192 ge-

2244 5219 2380 5284 nuit,
2439 5219 2525 5286 qui
2576 5218 2645 5273 ob
2684 5216 2951 5287 justitiam
2999 5215 3298 5271 translatus
3344 5231 3375 5271 a
3414 5216 3527 5271 Deo
3586 5218 3838 5271 traditur.

2247 5310 2416 5379 Hujus
2435 5310 2573 5365 filius
2588 5308 2881 5363 Mathusala
2908 5307 3081 5361 dictus
3107 5316 3228 5373 est,
3255 5308 3345 5376 qui
3369 5306 3607 5364 Lamech
3623 5307 3838 5378 genuit,

2244 5416 2315 5458 ex
2341 5418 2447 5468 quo
2476 5399 2593 5454 Noe
2638 5408 2814 5463 natus,
2842 5398 3048 5466 justitia
3077 5398 3350 5469 egregius,
3377 5408 3433 5455 et
3480 5414 3593 5468 prae
3618 5398 3840 5453 caeteris

2246 5492 2571 5549 mortalibus
2620 5490 2847 5543 Domino
2876 5490 3079 5544 chartis
3104 5502 3505 5561 acceptusque.
3541 5491 3659 5557 Qua
3694 5498 3835 5543 tem-

2242 5592 2471 5656 pestate,
2514 5597 2637 5636 cum
2685 5579 2798 5650 jam
2830 5579 3123 5636 humanum
3166 5599 3340 5654 genus
3371 5582 3705 5648 abundaret,
3736 5596 3838 5635 ano

2238 5679 2370 5751 geli,
2410 5676 2605 5747 quibus
2640 5674 2838 5732 caelum
2874 5673 3032 5731 sedes
3070 5685 3212 5741 erat,
3249 5677 3625 5747 speciosarum
3653 5674 3828 5731 forma

2240 5772 2508 5843 virginum
2536 5772 2706 5844 capti,
2739 5770 2955 5830 illicitas
2986 5771 3313 5842 cupiditates
3338 5770 3731 5843 appetierunt;
3766 5782 3832 5825 ac

2237 5875 2444 5923 natura:
2474 5883 2585 5923 sua:
2630 5866 2964 5939 originisque
2991 5863 3307 5933 degeneres,
3339 5862 3543 5921 relictis
3590 5860 3839 5934 superio-
