4106 6344
162 300 227 357 97
378 244 383 248 .
1380 287 1704 348 HISTORIA
1745 286 1797 343 Si

1902 286 1991 343 ιλ.
2039 284 2169 342 LIB.
2211 286 2254 339 l.
3267 257 3275 266 ’
3405 282 3478 339 as

162 417 325 479 ribus,
358 429 604 485 quorum
638 414 830 471 incola:
858 416 1036 478 erant,
1064 407 1434 465 matrimoniis
1479 423 1538 465 se
1562 417 1767 465 morta—
1794 410 1846 470 Α
1873 404 2149 479 habitatio
2169 400 2291 459 fuit.
2322 399 2453 456 Inde
2474 400 2617 471 apud
2641 399 2891 457 Charras
2923 413 3031 455 una
3056 411 3178 455 cum
3211 403 3367 467 patre
3387 396 3475 453 di-

162 511 295 567 libus
322 484 701 565 miscuerunt.
740 508 801 564 lli
840 504 1098 578 paulatim
1134 518 1321 559 mores
1350 502 1543 558 noxios
1571 517 1765 558 conse-
1871 508 2121 554 versatus
2146 507 2249 553 est.
2281 495 2397 564 Qua
2429 501 2757 565 tempestate
2785 491 3108 550 admonitus
3152 506 3183 547 a
3214 489 3474 555 Domino,

163 614 361 669 rentes,
390 603 698 660 humanam
725 613 1019 671 corrupere
1050 596 1369 669 progeniem
1400 613 1415 649 :
1441 612 1505 650 ex
1529 610 1765 667 quorum
1870 592 2120 661 domum,
2172 592 2403 661 patriam
2454 605 2518 646 ac
2547 598 2760 662 patrem
2794 589 3147 660 relinquens,
3190 594 3484 661 assumpto

163 701 307 759 coitu
361 700 635 772 Gigantes
683 698 816 756 editi
870 710 993 754 esse
1030 694 1313 759 dicuntur,
1356 709 1481 749 cum
1530 692 1767 748 diversa:
1870 686 1976 743 Lot
1997 686 2185 741 fratris
2218 685 2354 750 tilio,
2388 685 2443 740 in
2472 692 2676 741 terram
2706 683 3150 740 Chananaeorum
3184 680 3487 754 profectus,

167 798 305 855 inter
329 810 389 851 se
420 804 642 851 natura:
666 792 959 867 permixtio
997 804 1242 847 monSIra
1271 790 1542 863 gigneret.
1874 779 1930 835 in
1968 780 2089 835 loco
2122 779 2209 834 cui
2247 777 2468 834 Sichem
2510 792 2712 833 nomen
2736 788 2859 846 est,
2900 777 3184 834 consedit.
3219 775 3341 833 Mox
3390 792 3492 833 an-

234 889 317 944 lll.
342 888 564 957 Quibus
596 889 767 947 rebus
799 886 1040 945 oﬂcnsus
1073 887 1237 953 Deus,
1266 885 1615 952 maximeque
1646 895 1766 937 ma-

1902 884 2037 926 nona:
2050 868 2234 939 inopia
2250 867 2543 940 JEgyptum
2559 869 2860 936 concessit,
2879 883 2944 924 ac
2964 882 3187 924 rursum
3208 882 3489 924 reversus.

166 983 270 1040 lilia
302 982 620 1048 hominum,
658 996 780 1052 qua:
830 980 968 1036 ultra
1013 978 1233 1035 modum
1265 982 1635 1047 processerat.
1666 971 1767 1029 de-

167 1074 273 1131 lere
302 1076 530 1145 penitus
563 1073 869 1129 humanum
892 1087 1063 1144 genus
1106 1071 1449 1127 decreverat.
1487 1065 1596 1124 Sed
1628 1065 1768 1133 Noe,

166 1169 331 1224 virum
358 1167 598 1239 justum,
629 1168 743 1223 vita
775 1165 1039 1221 innocens
1062 1164 1353 1221 destinata:
1384 1161 1589 1217 exemit
1644 1173 1773 1213 sen-

169 1260 361 1316 tentiaz.
410 1259 569 1316 Idem
631 1258 946 1313 admonitus
991 1272 1020 1312 a
1064 1256 1298 1312 Domino
1320 1253 1583 1308 diluvium
1612 1250 1773 1306 terris

170 1352 471 1419 imminere,
530 1365 722 1406 arcam
772 1350 1051 1405 immensa:
1078 1344 1469 1418 magnitudinis
1512 1360 1575 1400 ex
1611 1342 1775 1413 lignis

172 1444 480 1508 contexuit;
509 1457 577 1498 ac
595 1442 871 1499 bitumine
900 1441 1089 1496 illitam
1119 1435 1592 1509 impenetrabilem
1617 1433 1776 1504 aquis

173 1537 439 1594 reddidit:
475 1553 589 1605 qua
621 1536 715 1591 ille
741 1526 863 1591 cum
905 1550 1073 1590 uxore
1102 1548 1165 1588 ac
1195 1531 1320 1586 filiis
1368 1530 1540 1585 tribus
1594 1539 1650 1583 et
1694 1536 1777 1583 to-

176 1632 327 1688 tidem
375 1631 619 1687 nuribus
664 1638 753 1687 est
780 1630 1022 1686 clausus.
1048 1628 1343 1683 Volucrum
1386 1626 1549 1681 etiam
1580 1622 1732 1694 paria
1756 1662 1773 1688 ,

177 1724 463 1796 itidemque
500 1723 726 1779 diversi
768 1722 984 1793 generis
1032 1719 1356 1782 bestiarum,
1391 1716 1583 1774 eodem
1628 1715 1779 1770 clau-

1877 963 1979 1018 Lot
2010 978 2119 1032 pra:
2167 961 2517 1017 multitudine
2549 960 2773 1015 familiae
2808 975 2839 1015 a
2870 970 3068 1031 patruo
3089 959 3401 1031 digressus,
3435 967 3496 1016 ut

1876 1055 2175 1112 laxioribus
2208 1070 2398 1110 vacua:
2439 1063 2551 1110 tum
2587 1054 2837 1127 regionis
2861 1054 3054 1126 spatiis
3093 1063 3411 1123 uterentur,
3438 1055 3493 1111 in

1880 1149 2138 1208 Sodomis
2158 1148 2425 1205 consedit.
2472 1148 2530 1204 ld
2562 1148 2822 1221 oppidum
2867 1148 3071 1206 infame
3112 1149 3332 1215 incolis,
3357 1150 3492 1208 viris

1880 1244 1934 1299 in
1979 1245 2128 1298 viros
2169 1242 2539 1309 irruentibus,
2587 1252 2753 1314 atque
2798 1241 2871 1298 ob
2915 1241 2969 1298 id
2993 1242 3233 1298 invisum
3261 1242 3492 1299 Domino

1880 1334 2045 1391 fuisse
2073 1335 2325 1391 traditur.
2358 1336 2432 1391 Ea
2463 1343 2790 1404 tempestate
2813 1350 2973 1406 reges
3020 1335 3327 1391 vicinarum
3359 1350 3494 1406 gen-

1880 1430 2015 1485 tium
2040 1430 2091 1483 in
2122 1431 2291 1484 armis
2311 1438 2489 1496 erant,
2523 1443 2647 1484 cum
2674 1436 2840 1483 antea
2870 1428 3083 1484 nullum
3118 1429 3263 1484 inter
3286 1436 3491 1485 morta-

1883 1525 1966 1581 les
2010 1534 2290 1579 certamen
2332 1523 2543 1578 fuisset.
2594 1521 2703 1578 Sed
2753 1520 3041 1577 adversum
3077 1522 3179 1577 hos
3202 1525 3296 1592 qui
3345 1521 3491 1577 bello

1881 1618 2061 1672 vicina
2120 1615 2432 1680 tentabant,
2464 1630 2625 1686 reges
2670 1613 3066 1681 Sodomorum,
3098 1613 3491 1671 Gomorrhteo-

1882 1728 2003 1767 rum
2032 1711 2446 1782 vicinarumque
2478 1710 2764 1779 regionum
2798 1710 2853 1764 in
2875 1707 3125 1780 prazlium
3154 1717 3450 1778 erumpunt
3475 1726 3490 1775 ;

182 1827 287 1874 stro
310 1827 555 1888 recepta;
594 1818 810 1887 reliqua
834 1815 1017 1873 omnia
1042 1814 1253 1871 diluvio
1276 1812 1584 1882 absumpta.
1612 1810 1778 1881 Igitur
1812 1814 1854 1875 Β
1883 1805 2172 1875 primoque
2198 1804 2406 1873 impetu
2436 1803 2563 1868 fusi,
2596 1802 2881 1857 victoriam
2910 1816 3262 1858 concessere.
3293 1800 3431 1858 Tum
3460 1816 3491 1856 a

180 1910 304 1978 Noe,
328 1928 451 1969 cum
484 1912 606 1983 jam
652 1910 884 1967 imbrem
916 1909 1220 1975 destitisse,
1249 1922 1313 1962 ac
1353 1906 1537 1978 quieto
1584 1905 1637 1960 in
1666 1904 1784 1960 salo

184 2020 348 2061 arcam
373 2004 735 2061 circumferri
779 2002 1115 2074 intelligeret
1142 2018 1158 2068 ;
1188 2006 1344 2056 ratus
1373 1999 1426 2055 id
1470 1997 1614 2070 quod
1635 2006 1779 2063 erat,

184 2111 337 2170 aquas
386 2097 693 2162 decedere,
750 2111 975 2153 corvum
1018 2094 1252 2164 primum
1299 2090 1649 2162 exploranda:
1703 2089 1783 2145 rei

186 2194 363 2261 gratia,
385 2206 572 2263 eoque
600 2206 715 2245 non
747 2198 1059 2247 revertente
1090 2195 1175 2260 (ut
1202 2202 1305 2258 ego
1326 2185 1585 2255 coniicio,
1619 2182 1782 2239 cada-

186 2286 387 2341 veribus
409 2284 676 2354 detento)
708 2283 892 2339 emisit
926 2280 1254 2346 columbam,
1296 2294 1417 2351 quae
1447 2293 1567 2335 cum
1596 2277 1785 2333 consi-

191 2380 355 2436 stendi
398 2382 586 2436 locum
625 2395 739 2435 non
793 2376 1111 2449 reperisset,
1157 2389 1376 2431 reversa
1410 2383 1514 2429 est.
1551 2372 1785 2427 Rursum

191 2474 425 2540 remissa,
457 2472 658 2528 folium
685 2470 847 2526 olivae.
876 2469 1097 2526 retulit:
1132 2468 1479 2524 manifestum
1503 2466 1787 2531 indicium,

197 2565 373 2621 nudari
413 2564 714 2622 cacumina
756 2563 1038 2619 arborum.
1068 2560 1256 2617 Tertio
1292 2560 1513 2616 demum
1561 2558 1785 2623 emissa,

196 2672 292 2714 non
321 2656 483 2713 rediit
526 2674 540 2711 :
604 2655 754 2711 unde
782 2655 1245 2718 animadversum,
1278 2668 1447 2725 aquas
1478 2649 1784 2707 destitisse.

201 2750 272 2807 lla
299 2750 409 2805 Noe
443 2762 633 2805 arcam
666 2761 925 2817 egressus
958 2754 1065 2802 est.
1094 2744 1151 2799 ld
1177 2755 1388 2815 gestum
1421 2758 1452 2797 a
1479 2738 1669 2797 mundi
1694 2755 1790 2797 ex-

197 2836 363 2904 ordio,
391 2844 518 2907 post
550 2848 758 2901 annos,
790 2842 850 2889 ut
879 2847 982 2905 ego
1013 2831 1312 2903 comperio,
1361 2822 1403 2885 ﬁ
1437 2845 1503 2888 cc
1551 2828 1689 2885 duos
1734 2836 1791 2884 et

198 2929 561 3002 quadraginta.

270 3019 356 3075 Ν.
382 3023 457 3077 Ac
481 3020 722 3091 primum
751 3017 868 3074 Noe
892 3032 1045 3073 aram
1075 3017 1306 3073 Domino
1330 3017 1540 3085 statuit,
1558 3014 1792 3071 hostias-

204 3128 305 3184 que
340 3129 401 3170 ex
447 3113 770 3170 volucribus
806 3110 1125 3168 immolavit.
1157 3111 1279 3167 Mox
1320 3128 1349 3166 a
1398 3111 1629 3167 Domino
1656 3125 1780 3165 cum

1888 1898 2188 1954 victoribus
2238 1896 2475 1954 Sodoma
2506 1896 2744 1966 direpta,
2787 1895 2992 1967 praedae
3049 1896 3305 1953 hostibus
3352 1893 3487 1963 fuit;

1887 1991 2191 2061 ductusque
2239 1990 2342 2047 Lot
2387 1991 2442 2045 in
2489 1990 2888 2060 captivitatem.
2917 1988 3072 2058 Quod
3118 2003 3243 2045 cum
3286 1988 3493 2045 Abram

1886 2086 2271 2156 comperisset,
2314 2098 2548 2154 propere
2595 2083 2822 2140 armatis
2870 2084 3046 2140 servis
3075 2084 3211 2153 suis,
3262 2098 3491 2141 numero

1888 2176 2148 2233 trecentis
2195 2177 2387 2233 decem
2442 2186 2498 2231 et
2534 2186 2662 2232 octo
2690 2219 2704 2242 ,
2754 2191 2916 2247 reges
2962 2177 3193 2233 victoria
3256 2177 3491 2242 feroces,

1889 2280 2084 2327 exutos
2128 2271 2307 2341 praeda
2348 2271 2627 2341 armisque
2666 2271 2721 2326 in
2755 2272 2934 2341 fugam
2976 2272 3265 2343 compulit.
3291 2272 3427 2328 Tum
3461 2288 3494 2328 a

1891 2364 2293 2421 Melchisedech
2318 2364 2602 2421 sacerdote
2614 2363 2939 2420 benedictus
2952 2374 3060 2431 est,
3078 2364 3366 2436 eidemque
3391 2363 3493 2421 de-

1892 2458 2065 2513 cimas
2094 2456 2293 2527 praeda:
2319 2457 2473 2513 dedit
2508 2475 2521 2511 :
2547 2458 2760 2528 reliqua
2786 2456 2871 2513 bis
2887 2457 3087 2529 quibus
3101 2466 3286 2530 erepta
3314 2465 3496 2525 erant,

1891 2552 2156 2610 reddidit.

1965 2647 2054 2703 Vl.
2096 2647 2201 2703 Per
2230 2645 2371 2703 idem
2401 2655 2617 2717 tempus
2645 2645 2812 2702 Abrae
2844 2646 3111 2703 Dominus
3142 2646 3358 2705 locutus
3386 2656 3495 2715 est,

1894 2741 2474 2813 multiplicandumque
2496 2756 2681 2798 semen
2722 2740 2863 2813 ejus,
2897 2741 3040 2798 sicut
3083 2756 3282 2799 arenas
3327 2743 3499 2800 maris

1895 2834 2194 2905 stellasque
2228 2833 2379 2901 cmli,
2412 2832 2735 2905 spopondit;
2766 2835 3235 2906 peregrinumque
3268 2836 3387 2907 ejus
3411 2851 3501 2894 se-

1894 2941 2021 2982 men
2053 2924 2370 2995 praedictum
2402 2925 2668 2993 futurum,
2697 2940 2760 2981 ac
2782 2932 3037 2996 posteros
3068 2926 3122 2981 in
3151 2927 3337 2983 hostili
3375 2928 3498 2984 solo

1898 3035 1997 3092 per
2042 3019 2471 3091 quadringentos
2501 3034 2676 3075 annos
2717 3020 2925 3075 laturos
2960 3020 3270 3090 servitium,
3307 3030 3496 3093 postea

1899 3115 2137 3170 libertati
2175 3113 2571 3168 restituendos.
2615 3110 2769 3169 Tunc
2790 3112 2837 3168 ei
2865 3120 3028 3183 atque
3061 3114 3216 3169 uxori
3249 3113 3369 3183 ejus
3397 3112 3494 3169 ad-

204 3204 322 3263 ﬁliis
356 3207 728 3273 benedicilur,
780 3214 1229 3277 praeceptumque
1264 3206 1496 3276 accepit,
1553 3219 1623 3259 ne
1669 3218 1795 3258 san-
1823 3214 1868 3278 ε
1895 3208 2137 3278 jectione
2166 3208 2325 3261 unius
2349 3206 2546 3262 litterae
2568 3222 2769 3261 nomen
2806 3206 3151 3265 immutatum
3180 3225 3193 3261 :
3240 3208 3314 3264 ita
3349 3224 3497 3265 nunc

202 3300 351 3370 guine
374 3310 719 3365 vesceretur,
738 3309 833 3353 aut
850 3298 1172 3369 sanguinem
1194 3296 1431 3352 hominis
1459 3295 1792 3352 effunderet:

206 3393 321 3462 quia
367 3393 557 3448 mundi
605 3390 928 3463 primordia,
968 3390 1207 3446 mandati
1258 3392 1415 3446 istius
1457 3390 1615 3457 liber,
1666 3390 1797 3444 Cain

206 3486 587 3544 maculaverat.
619 3485 792 3557 Igitur
815 3500 988 3541 vacuo
1016 3493 1129 3540 tum
1162 3486 1382 3550 saeculo,
1430 3501 1498 3540 ex
1525 3484 1652 3540 filiis
1686 3483 1802 3540 Noe

208 3580 321 3636 Sam
348 3582 473 3637 fuit.
505 3580 646 3637 Tres
684 3581 832 3635 enim
884 3578 1093 3646 habuit,
1128 3579 1278 3645 Sent,
1306 3577 1503 3644 Cham,
1543 3577 1800 3648 Japheth.

208 3672 303 3729 Sed
322 3672 520 3740 Cham,
551 3671 699 3744 quod
730 3672 968 3743 sopitum
998 3670 1126 3725 vino
1156 3680 1363 3741 patrem
1387 3671 1604 3736 riserat,
1634 3669 1803 3724 male-

206 3764 399 3822 dictum
430 3782 459 3821 a
493 3777 648 3837 patre
676 3765 905 3821 meruit.
936 3764 1108 3834 Hujus
1152 3763 1323 3831 ﬁlius,
1356 3761 1503 3819 Chus
1533 3763 1755 3819 nomine
1787 3804 1802 3830 ,

208 3857 414 3917 Nebrod
435 3862 721 3933 gigantem
748 3859 957 3931 genuit,
983 3874 1011 3912 a
1044 3872 1152 3929 quo
1181 3858 1422 3930 Babylon
1453 3859 1645 3913 civitas
1675 3872 1807 3912 con-

212 3961 408 4009 structa
450 3953 710 4009 traditur.
738 3950 1009 4021 Pleraque
1052 3951 1219 4006 etiam
1249 3949 1446 4021 Oppida
1488 3966 1552 4006 ea
1596 3957 1807 4019 tempe-

211 4053 339 4103 state
363 4045 587 4103 condita
620 4053 1021 4108 memorantur,
1042 4057 1165 4114 quae
1193 4044 1518 4099 nominatim
1548 4043 1805 4116 persequi

214 4140 415 4196 animus
442 4154 551 4195 non
578 4138 702 4194 fuit.
735 4135 846 4193 Sed
874 4152 996 4191 cum
1014 4135 1475 4206 multiplicaretur
1506 4137 1805 4192 humanum

214 4246 396 4304 genus,
426 4233 758 4303 diversaque
782 4230 901 4286 loca
920 4240 1081 4301 atque
1103 4231 1309 4286 insulas
1348 4232 1613 4286 mortales
1640 4231 1810 4284 habe-

217 4340 351 4398 rent,
381 4346 489 4387 una
524 4338 736 4385 tantum
757 4341 949 4383 omnes
974 4326 1156 4396 lingua
1188 4328 1513 4393 utebantur;
1542 4324 1718 4379 donec
1751 4338 1813 4379 se

217 4422 266 4478 in
290 4439 477 4489 unum,
512 4419 885 4494 dispergenda
915 4434 1015 4490 per
1045 4428 1217 4476 totum
1249 4418 1465 4483 orbem,
1518 4416 1813 4473 multitudo

122 4540 129 4545 ·
217 4517 501 4573 contraxit.
537 4514 657 4581 llis,
682 4528 839 4569 more
864 4513 1085 4568 humani
1118 4512 1346 4583 ingenii,
1369 4512 1663 4568 consilium
1693 4511 1811 4579 fuit,

1903 3314 1970 3356 ex
2022 3299 2224 3354 Abram
2281 3301 2547 3365 Abraam,
2600 3313 2665 3353 ex
2699 3297 2830 3354 Sara
2868 3298 3032 3353 Sarra
3072 3298 3292 3355 dicitur.
3324 3298 3497 3369 Cujus

1899 3392 2123 3465 quidem
2173 3393 2251 3447 rei
2305 3406 2411 3447 non
2461 3394 2623 3447 inane
2676 3392 2996 3464 mysterium
3045 3408 3153 3448 non
3204 3400 3287 3448 est
3333 3392 3499 3465 hujus

1902 3486 2087 3557 operis
2112 3499 2413 3556 exponere.
2451 3483 2654 3540 Eodem
2676 3492 2922 3555 tempore
2937 3482 3133 3542 Abraae
3157 3485 3241 3542 lex
3266 3484 3501 3542 circum-

1904 3580 2130 3638 cisionis
2160 3579 2416 3650 imposita
2444 3588 2547 3634 est.
2578 3577 2712 3635 Erat
2732 3580 2781 3634 ei
2818 3590 3000 3633 autem
3029 3594 3097 3635 ex
3126 3578 3324 3635 ancilla
3355 3579 3498 3637 ﬁlius

1907 3674 2125 3729 lsmael.
2163 3674 2228 3728 Et
2262 3688 2389 3729 cum
2441 3673 2559 3744 ipse
2607 3681 2755 3729 esset
2780 3688 3047 3730 annorum
3075 3683 3319 3741 centum,
3363 3689 3504 3731 uxor

1906 3776 2085 3823 autem
2114 3767 2232 3839 ejus
2262 3768 2580 3839 nonaginta,
2616 3766 2859 3823 futurum
2891 3768 2973 3824 eis
3014 3767 3185 3823 filium
3219 3766 3372 3824 Isaac
3403 3768 3509 3825 Do-

1909 3862 2088 3917 minus
2129 3860 2447 3932 pollicetur,
2489 3861 2580 3931 qui
2628 3876 2750 3917 cum
2787 3860 3002 3917 duobus
3031 3863 3239 3932 angelis
3284 3860 3355 3919 ad
3385 3877 3509 3918 eum

1908 3962 2155 4010 venerat.
2202 3952 2333 4010 Inde
2384 3953 2681 4009 Sodomam
2714 3954 2863 4009 missi
2910 3953 3110 4025 angeli,
3139 3953 3239 4009 Lot
3273 3955 3325 4009 in
3355 3961 3509 4025 porta

1910 4050 2191 4105 sedentem
2227 4055 2570 4118 repererunt.
2609 4048 2758 4115 Quos
2797 4063 2921 4103 cum
2960 4048 3074 4113 ille,
3109 4047 3364 4104 homines
3393 4048 3513 4104 exi-

1911 4141 2163 4207 stimans,
2197 4141 2437 4211 hospitio
2466 4150 2723 4212 receptos
2768 4152 3123 4212 ctenatosque
3156 4140 3303 4196 domi
3338 4140 3509 4197 habe-

1912 4247 1996 4293 ret
2021 4253 2036 4302 ;
2065 4237 2327 4305 juventus
2356 4235 2601 4304 improba
2632 4250 2701 4290 ex
2726 4234 2927 4303 Oppido
2957 4250 3125 4290 novos
3165 4233 3410 4303 hospites
3439 4233 3509 4289 ad

1916 4339 2164 4400 stuprum
2195 4327 2534 4399 flagitabant.
2569 4326 2669 4383 Lot
2700 4342 2798 4398 pro
2839 4327 3148 4396 hoSpitibus
3196 4327 3336 4382 ﬁlias
3378 4327 3514 4385 olfe-

1916 4440 2065 4492 rens,
2094 4440 2200 4479 non
2224 4421 2703 4493 acquiescentibus
2722 4420 2922 4491 quibus
2955 4420 3143 4475 illicita
3171 4420 3354 4490 petius
3374 4418 3519 4476 desi-

1919 4518 2073 4573 derio
2119 4526 2300 4584 erant,
2325 4513 2445 4587 ipse
2471 4515 2539 4571 ad
2565 4523 2812 4585 stuprum
2848 4512 3195 4569 trahebatur.
3220 4513 3393 4582 Quem
3419 4527 3519 4568 au-

220 4609 408 4684 insigni
434 4612 625 4681 aliquo
654 4623 825 4680 opere
848 4606 1046 4662 famam
1068 4622 1339 4679 quaerere,
1368 4608 1681 4679 priusquam
1709 4623 1735 4659 a
1756 4620 1816 4663 se
1846 4619 1900 4682 1)
1924 4613 2029 4684 geli
2088 4626 2321 4682 propere
2385 4610 2455 4667 ab
2511 4609 2705 4680 injuria
2767 4606 3111 4665 vindicantes
3136 4649 3152 4677 ,
3223 4608 3521 4666 luminibus

222 4702 447 4761 invicem
494 4703 912 4759 diducerentur.
953 4700 1028 4755 Ita
1086 4701 1279 4755 turrim
1335 4699 1517 4757 facere
1552 4701 1817 4772 aggressi,

220 4813 333 4870 qua:
354 4802 497 4857 caelo
525 4798 853 4864 accederet;
879 4809 1013 4853 nutu
1045 4797 1163 4863 Dei,
1192 4806 1253 4853 ut
1272 4796 1452 4854 officia
1474 4799 1819 4869 operantium

224 4892 682 4964 prmpedirentur,
716 4890 786 4945 ab
826 4899 1047 4945 assueto
1084 4894 1361 4946 sermonis
1398 4905 1602 4962 genere
1649 4891 1821 4946 multa

226 4982 431 5043 diverso
452 5000 637 5056 neque
668 4983 763 5039 ulli
786 4983 1021 5039 invicem
1063 4984 1342 5041 intellecto
1376 4984 1683 5058 linguarum
1716 4986 1821 5042 ritu

226 5074 627 5149 loquebantur:
654 5091 766 5149 quo
801 5076 1103 5147 promptius
1133 5078 1368 5149 dispersi
1414 5088 1563 5147 sunt,
1596 5094 1718 5133 cum
1744 5078 1825 5133 al-

230 5179 305 5229 ter
343 5175 589 5231 alterum
629 5170 784 5226 velut
835 5170 1198 5242 alienigenam
1248 5172 1410 5228 facile
1454 5173 1819 5242 relinquebat.

230 5267 328 5325 Sed
364 5270 495 5326 ﬁliis
541 5266 662 5325 Noe
701 5264 778 5322 ita
819 5264 1033 5322 divisus
1080 5266 1231 5321 orbis
1267 5268 1407 5332 fuit,
1451 5276 1508 5322 ut
1534 5267 1660 5322 Scin
1688 5268 1827 5321 intra

232 5360 528 5431 Orientem,
569 5358 812 5430 Japheth
842 5358 1220 5427 Occidentem,
1253 5359 1426 5416 Cbam
1468 5360 1665 5418 mediis
1692 5375 1829 5416 con-

1924 4705 2321 4777 impudicorum
2374 4704 2680 4760 cmcitatem
2725 4702 3060 4759 offudernnt.
3114 4702 3251 4759 Tum
3302 4703 3405 4759 Lot
3452 4704 3522 4762 ab

1922 4798 2230 4869 hospitibus
2268 4796 2498 4853 edoctus
2532 4796 2868 4867 perdendum
2927 4796 3195 4869 Oppidum
3223 4838 3239 4863 ,
3288 4812 3525 4870 propere

1923 4904 2049 4947 cum
2106 4906 2277 4945 uxore
2329 4897 2386 4945 et
2426 4888 2641 4944 filiabus
2684 4899 2768 4944 est
2820 4902 3074 4961 egressus
3117 4905 3132 4944 :
3170 4888 3521 4946 interdictum

1926 4994 2107 5041 tamen
2123 4984 2203 5043 eis
2218 4995 2325 5053 est,
2341 5000 2409 5040 ne
2430 4993 2736 5040 retrorsum
2758 4986 3169 5055 conspicerent.
3194 4984 3299 5040 Sed
3329 4987 3531 5043 mulier

1924 5094 2118 5151 parum
2148 5078 2294 5134 dicto
2323 5078 2552 5134 audiens
2582 5078 2846 5150 (humano
2874 5078 3045 5142 malo,
3073 5095 3180 5149 quo
3204 5079 3403 5150 :egrius
3433 5096 3528 5137 ve-

1926 5175 2042 5231 titis
2074 5174 2409 5243 abstinetur)
2430 5173 2652 5228 reflexit
2675 5174 2889 5241 oculos,
2921 5174 3220 5244 statimque
3245 5172 3298 5229 in
3328 5176 3529 5232 molem

1928 5283 2195 5326 conversa
2228 5267 2490 5326 traditur.
2508 5269 2574 5323 At
2601 5265 2837 5323 Sodoma
2868 5265 3068 5321 divinis
3093 5265 3309 5336 ignibus
3330 5267 3537 5322 confla-

1935 5366 2135 5435 gravit.
2155 5360 2260 5420 Lot
2279 5369 2463 5419 autem
2496 5360 2620 5415 tiliae
2647 5359 3025 5415 existimantes
3044 5360 3340 5413 humanum
3364 5372 3534 5427 genus

237 5454 513 5515 iineretnr.
565 5455 642 5511 lta
699 5468 876 5524 usque
920 5453 1123 5509 Abram
1166 5454 1328 5511 ducta
1369 5457 1667 5523 successio,
1697 5451 1832 5510 nihil
1934 5457 2232 5524 interiisse,
2264 5456 2621 5515 concubitum
2654 5452 2904 5509 inebriati
2934 5452 3105 5523 patris
3130 5452 3532 5523 appetiverunt;

239 5565 359 5610 sane
387 5551 605 5623 insigne
631 5558 727 5605 aut
758 5550 1121 5606 memorabile
1152 5552 1206 5607 in
1238 5566 1297 5608 se
1328 5552 1538 5609 habuit.

305 5646 363 5701 V.
388 5646 592 5703 Abram
623 5652 810 5699 autem
846 5655 997 5712 patre
1018 5644 1198 5701 'l'hara
1228 5656 1386 5701 natus
1414 5656 1520 5712 est,
1548 5654 1671 5717 post
1693 5644 1831 5700 dilu-

241 5738 376 5797 vium
400 5754 547 5796 anno
575 5737 877 5794 millesimo
896 5747 954 5799 et
984 5742 1407 5811 septuagesimo.
1438 5741 1641 5797 Abram
1692 5754 1830 5797 uxor

245 5832 368 5893 Sara
389 5834 531 5891 dicta
552 5837 643 5887 est
665 5846 679 5884 :
711 5831 998 5905 primaque
1026 5833 1108 5891 eis
1128 5832 1183 5891 in
1199 5834 1425 5906 regione
1447 5832 1830 5892 Chaldaeorum

1938 5550 2082 5606 unde
2117 5548 2282 5606 Moab
2304 5557 2364 5605 et
2396 5552 2627 5603 Ammon
2661 5545 2771 5600 nati
2803 5554 2950 5600 sunt.

2011 5642 2126 5700 Vll.
2172 5641 2279 5700 Per
2332 5641 2478 5699 idem
2525 5650 2739 5709 tempus
2790 5637 2941 5701 fere,
2984 5652 3106 5691 cum
3136 5634 3371 5689 Abraam
3394 5642 3542 5689 esset

1938 5738 2105 5796 etiam
2149 5750 2382 5797 centum
2417 5750 2705 5800 annorum,
2735 5731 2888 5788 Isaac
2914 5729 3054 5786 illius
3086 5737 3245 5782 natus
3274 5734 3379 5781 est.
3401 5724 3540 5783 Tum

1940 5836 2222 5902 ancillam,
2253 5836 2327 5891 de
2360 5846 2470 5902 qua
2515 5830 2748 5887 Abraam
2789 5826 2957 5883 lilium
3000 5825 3340 5891 susceperat,
3379 5818 3547 5879 Sarra
