4106 6344
573 296 645 365 I9
1230 332 1233 335 ι
1905 270 2196 343 ευιιιδιωι

2301 259 2485 337 εγειυ

3775 252 3876 319 100

573 411 818 484 expulit;
860 421 983 481 qua?
1034 404 1308 463 habitasse
1352 400 1408 459 in
1449 398 1675 456 deserto
1716 406 1820 450 una
1868 406 1992 448 cum
2033 389 2169 455 ﬁlio,
2196 388 2246 459 Α
2273 393 2440 457 atque
2461 383 2531 441 ob
2548 381 2600 441 id
2631 384 2809 441 locum
2838 381 3047 445 somnii
3075 387 3355 441 sacratum
3376 376 3607 483 habens.
3640 372 3876 478 lapidem

573 466 911 575 etpraesidio
954 499 1172 557 Domini
1201 495 1426 554 defensa
1480 490 1735 548 traditur.
1785 485 1900 541 Non
1946 483 2176 541 multum
2279 466 3879 550 exeosumpsit;vovitque,sirebusprosperisrevertisset,

576 606 701 671 post
751 596 1016 651 Dominus
1045 592 1241 648 Abram
1290 587 1449 644 ﬁdem
1508 591 1751 647 tentans,
1791 576 2181 636 immolandum

2283 571 2505 633 titulum
2558 569 2665 626 sibi
2706 568 2907 626 domus
2958 566 3175 629 Domini
3217 566 3488 627 futurum;
3526 561 3882 629 decimasque

578 653 681 748 sibi
721 706 751 745 a
785 700 940 762 patre
971 688 1142 745 filium
1172 686 1324 741 Isaac
1358 679 1553 751 poscit.
1586 678 1763 746 Quem
1788 674 1883 730 ille
1908 688 2017 729 non
2041 686 2175 727 eun-
2280 666 2525 723 omnium
2548 680 2668 737 quae
2685 662 2952 737 acquisita
2974 660 3081 720 sibi
3111 660 3316 725 forent,
3344 658 3574 713 Domino
3605 653 3880 757 daturum.

578 793 759 841 ctatus
802 780 1034 849 offerre,
1095 795 1220 836 cum
1275 792 1391 833 arte
1420 788 1655 848 puerum
1718 768 2177 841 superposuisset,

575 875 925 951 gladiumque
954 872 1233 937 educeret,
1268 884 1379 926 vox
1415 865 1581 925 missa
1608 863 1679 923 de
1706 861 1852 919 caelo
1873 869 1980 925 est,
2013 873 2185 929 puero

579 977 639 1025 ut
669 972 940 1038 parceret.
968 963 1219 1021 Victima:
1250 959 1393 1016 aries
1422 963 1624 1028 presto
1651 951 1753 1010 fuit
1786 970 1800 1007 :
1829 964 2182 1009 consumma-

582 1068 752 1129 toque
801 1056 1090 1122 sacriﬁcio,
1146 1053 1343 1113 Abrate
1375 1050 1636 1107 Dominus
1662 1048 1875 1105 locutus
1922 1052 2025 1110 est,
2054 1057 2182 1114 pro-

582 1154 808 1211 mittens
836 1165 899 1207 ea
940 1165 1063 1221 quae
1102 1148 1215 1221 jam
1253 1142 1645 1217 spoponderat.
1692 1142 1761 1196 At
1800 1138 1966 1195 Sarra
1991 1176 2009 1203 ,
2057 1150 2183 1198 cum

579 1246 872 1317 septimum
924 1251 980 1298 et
1023 1241 1344 1317 vicesimum
1393 1250 1555 1307 supra
1586 1230 1948 1293 centesimum
1978 1241 2185 1285 annum

579 1348 791 1413 ageret,
804 1338 1064 1395 decessit.
1081 1336 1294 1405 Corpus
1312 1316 1443 1387 cura
1468 1328 1569 1386 viri
1596 1326 1872 1399 sepultum
1894 1322 1947 1379 in
1965 1320 2187 1378 Rebron

583 1436 1022 1497 Chananazorum
1070 1427 1274 1501 oppido
1318 1444 1330 1479 :
1370 1425 1577 1481 etenim
1625 1421 1737 1479 illic
1775 1418 2010 1476 Abraam
2039 1429 2188 1471 eom-

584 1528 924 1586 morabatur.
982 1523 1123 1580 Tum
1175 1520 1411 1577 Abraam
1481 1516 1636 1571 Isaac
1697 1512 1871 1568 ﬁlium
1928 1508 2189 1581 juvenilis

589 1621 767 1680 aetatis
792 1620 983 1677 videns
1011 1616 1306 1691 (siquidem
1337 1623 1448 1671 tum
1477 1609 1955 1684 quadragesimum
1984 1616 2188 1660 annum

586 1715 765 1772 aetatis
790 1708 1011 1787 agebat)
1042 1725 1205 1766 servo
1230 1723 1331 1763 suo
1362 1706 1674 1777 imperavit,
1702 1717 1931 1759 uxorem
1962 1700 2012 1757 ei
2044 1712 2187 1768 qua:-

2284 758 2414 815 lnde
2441 774 2501 816 se
2530 758 2599 816 ad
2622 758 2807 815 Laban
2839 756 3064 814 fratrem
3092 752 3285 813 matris
3314 750 3569 818 contulit,
3594 762 3759 820 quem
3790 745 3883 803 ille

2284 853 2491 909 sororis
2531 852 2701 908 ﬁlium
2744 850 2991 922 agnitum
3027 889 3043 915 ,
3087 847 3141 903 in
3182 843 3481 920 hospitium
3522 838 3761 912 benigne
3798 850 3884 895 re-

2285 957 2456 1003 CeDll.

2486 1035 2656 1097 Erant
2682 1032 2871 1093 Laban
2895 1032 3015 1097 dum
3044 1032 3195 1100 ﬁliae,
3221 1030 3313 1088 Lia
3334 1039 3387 1087 et
3412 1027 3643 1093 Rachel;
3662 1024 3760 1083 sed
3790 1024 3883 1080 Lia

2284 1131 2461 1197 oculis
2509 1128 2843 1197 deformior,
2890 1127 3095 1187 Rachel
3129 1125 3357 1200 pulchra
3384 1123 3554 1180 fuisse
3606 1121 3883 1179 traditur:

2284 1226 2445 1297 cuius
2488 1225 2672 1296 specie
2698 1222 2872 1281 Jacob
2918 1232 3133 1297 captus,
3171 1233 3366 1279 amore
3420 1215 3646 1288 virginis
3686 1214 3888 1271 cunila-

2286 1319 2521 1393 grabat;
2562 1333 2792 1389 eamque
2832 1315 2939 1373 sibi
2977 1317 3036 1371 in
3075 1311 3424 1373 matrimonio
3450 1326 3481 1367 a
3517 1317 3675 1382 patre
3700 1317 3888 1378 postu-

2288 1414 2431 1480 lans,
2462 1420 2673 1485 septem
2724 1426 2993 1471 annorum
3030 1408 3260 1467 servitio
3290 1421 3351 1465 se
3383 1403 3743 1475 tiuneipavit.
3775 1399 3888 1459 Sed

2290 1511 2517 1580 intpleto
2574 1518 2821 1579 tempore
2868 1505 2965 1563 Lia
3011 1505 3065 1562 ei
3115 1500 3473 1573 supponitur;
3539 1512 3605 1559 ac
3669 1509 3889 1557 rursum

2290 1602 2562 1675 septennii
2583 1600 2808 1665 servitio
2835 1588 3112 1665 subditur,
3140 1604 3303 1668 atque
3321 1591 3594 1655 eiRaeltel
3627 1589 3881 1645 traditur.

2290 1696 2398 1759 Sed
2450 1696 2594 1751 hanc
2634 1693 2725 1750 diu
2776 1692 3058 1759 sterilem,
3085 1690 3243 1746 Liam
3273 1685 3562 1745 fecundam
3591 1682 3767 1740 fuisse
3795 1696 3887 1738 ae-

584 1817 773 1873 reret;
830 1781 896 1861 ex
940 1781 1001 1859 ea
1050 1813 1234 1860 tamen
1281 1800 1426 1855 tribu
1453 1808 1619 1871 atque
1649 1806 1820 1863 terra,
1843 1793 1915 1850 de
1939 1807 2044 1863 qua
2074 1792 2192 1861 ipse
2221 1784 2269 1847 B
2295 1797 2564 1868 cepimus.
2596 1793 2861 1851 Filiorum
2892 1803 3030 1862 quos
3055 1802 3126 1847 ex
3170 1787 3267 1847 Lia
3304 1785 3474 1843 Iacob
3516 1782 3730 1845 habuit,
3775 1781 3890 1837 lucc

584 1898 852 1957 oriundus
894 1895 1185 1952 videbatur
1221 1912 1235 1948 :
1278 1892 1441 1951 modo
1473 1903 1532 1947 ut
1561 1891 1840 1951 inventam
1865 1886 2103 1957 puellam
2136 1885 2189 1939 in

583 1994 865 2064 regionem
889 1989 1323 2046 Chananmurum
1345 1984 1668 2050 deduceret,
1687 1998 1790 2039 nec
1818 1990 2039 2055 putaret
2066 1993 2193 2035 eum

584 2102 748 2144 causa
788 2083 1035 2155 conjugis
1075 2084 1128 2139 in
1158 2082 1334 2138 solum
1376 2081 1611 2154 patrium
1654 2077 1981 2135 rediturum.
2010 2073 2190 2143 Atque

587 2189 643 2235 ut
670 2195 734 2236 ea
776 2191 999 2235 strenue
1045 2176 1300 2233 mandata
1330 2182 1758 2245 exsequeretur,
1804 2179 2062 2229 contacto
2090 2168 2191 2226 do-

589 2275 721 2331 mini
749 2274 952 2331 femine
982 2280 1385 2328 sacramentum
1413 2268 1583 2325 dedit.
1605 2268 1682 2325 Ita
1704 2279 1895 2323 servus
1913 2262 2194 2336 profectus

587 2368 644 2425 in
675 2365 1148 2439 Mesopotamiam,
1165 2363 1234 2419 ad
1260 2361 1519 2435 oppidum
1544 2358 1763 2415 Nachor
1786 2357 1983 2415 Abrae:
2010 2353 2194 2411 fratris

586 2460 856 2524 devenit;
910 2457 1287 2527 successitque
1339 2454 1394 2508 in
1440 2453 1662 2508 domum
1711 2446 1996 2505 Bathuelis
2045 2444 2195 2517 Syri,

588 2553 839 2610 Nacliore
886 2561 1039 2623 patre
1084 2548 1276 2621 geniti.
1310 2546 1481 2615 Hujus
1532 2545 1699 2598 ﬁliam
1738 2541 2042 2601 Rebeccam
2071 2554 2198 2609 spe-

585 2647 793 2703 ciosam
838 2645 1102 2714 virginem
1134 2641 1485 2713 conspicatus
1516 2681 1534 2707 ,
1579 2636 1873 2711 poposcit,
1923 2644 2086 2705 atque
2128 2632 2195 2688 ad

587 2738 873 2797 dominum
906 2737 1151 2797 adduxit.
1192 2736 1324 2792 Post
1361 2734 1414 2789 id
1453 2733 1691 2797 Abraam
1723 2729 1935 2801 accepit
1965 2742 2196 2784 uxorem

591 2829 849 2890 Ccturam
882 2830 1126 2896 nomine,
1174 2843 1296 2900 quas
1329 2825 1382 2882 in
1424 2824 1855 2897 Paralipomenis
1882 2821 2196 2879 concubina

593 2922 838 2988 dicitur;
890 2921 1240 2993 suscepitque
1293 2935 1363 2976 ex
1412 2934 1474 2974 ea
1509 2917 1675 2975 ﬁlios.
1703 2916 1816 2975 Sed
1845 2915 1995 2972 lsaac
2024 2913 2195 2971 Sarra

594 3017 744 3074 edito
777 3015 1135 3073 substantiam
1166 3012 1393 3069 tradidit
1427 3031 1439 3065 :
1470 3011 1556 3067 liis
1583 3020 1766 3068 autem
1797 3024 1937 3083 quos
1964 3024 2033 3064 ex
2060 3022 2196 3063 con-

594 3110 807 3169 cnbinis
853 3118 1206 3181 susceperat,
1237 3107 1378 3163 dona
1429 3105 1713 3161 distribuit
1758 3113 1968 3174 :atque
2014 3102 2086 3156 ita
2128 3100 2198 3155 ab

2295 1900 2419 1945 sunt
2442 1888 2695 1944 nomine:
2718 1886 2934 1951 Ruben,
2959 1883 3208 1947 Simeon,
3235 1879 3389 1947 Levi,
3405 1878 3596 1941 ludas,
3620 1874 3892 1942 haechae,

2295 1982 2566 2047 Zabulon,
2595 1981 2752 2037 Dina.
2787 1978 2863 2036 Ex
2886 1977 3083 2039 ancilla
3118 1989 3250 2035 vero
3277 1973 3389 2031 Lise
3414 1972 3531 2031 Gad
3561 1969 3797 2033 etAssr,
3826 1985 3892 2026 ex

2301 2076 2499 2135 ancilla
2544 2074 2750 2137 Rachel.
2806 2075 2920 2133 Dan
2969 2082 3027 2131 et
3070 2070 3422 2143 Neplithalim
3448 2070 3562 2124 nati
3623 2076 3776 2124 sntit.
3822 2067 3892 2121 At

2298 2170 2501 2231 Rachel
2526 2210 2545 2238 ,
2571 2170 2864 2240 desperato
2890 2169 3002 2239 jatll
3034 2176 3193 2238 partu
3219 2208 3235 2232 ,
3260 2163 3468 2237 Ioseph
3508 2161 3713 2221 edidit.
3756 2161 3893 2217 Tum

2295 2262 2468 2320 Iacob
2489 2263 2673 2319 redire
2702 2261 2769 2318 ad
2794 2270 3001 2331 patrem
3025 2258 3283 2330 cupiens,
3310 2272 3436 2315 cum
3456 2256 3508 2313 ei
3531 2255 3717 2313 Laberi
3738 2268 3898 2311 socer

2298 2364 2510 2426 partem
2534 2368 2793 2425 pecorum
2818 2352 3131 2410 mercedem
3154 2351 3369 2407 servitii
3398 2349 3663 2417 dedisset,
3686 2349 3898 2419 obqute

2298 2462 2489 2521 parum
2521 2445 2626 2519 sibi
2656 2461 2785 2503 eum
2817 2461 3031 2517 aequum
3061 2459 3235 2517 gener
3283 2442 3456 2500 Jacnb
3484 2454 3661 2508 ratus,
3709 2441 3897 2496 dolum

2298 2538 2367 2593 ab
2412 2553 2478 2595 eo
2527 2548 2889 2609 suspectans;
2948 2538 3090 2599 olant
3158 2537 3436 2608 profectus
3491 2544 3579 2591 est
3632 2534 3899 2591 vicesimo

2299 2633 2477 2703 primo
2499 2631 2613 2688 fere
2640 2648 2783 2691 attnn
2810 2648 2977 2702 quam
3004 2631 3323 2689 advenerat.
3352 2630 3558 2687 Rachel
3579 2630 3696 2685 viso
3725 2630 3899 2687 inscio

2300 2728 2476 2798 patris
2503 2727 2650 2787 idola
2680 2725 2825 2784 furto
2854 2726 3081 2784 abstulit
3106 2745 3121 2783 :
3154 2743 3257 2798 qua
3287 2726 3486 2798 injuria
3518 2727 3703 2783 Luban
3734 2739 3901 2799 gene-

2300 2837 2421 2877 rum
2444 2831 2790 2892 persecutus,
2824 2837 2932 2878 non
2971 2823 3207 2892 repertis
3245 2822 3430 2889 idolis,
3456 2834 3593 2893 pare
3623 2822 3789 2888 facta,
3814 2835 3901 2877 re-

2299 2929 2518 2986 gressus
2554 2923 2676 2982 est;
2712 2916 2937 2970 multum
2971 2915 3276 2972 obtestatus
3300 2929 3567 2988 generum
3595 2928 3668 2972 ne
3697 2929 3901 2972 uxores

2301 3008 2521 3065 ﬁliabus
2567 3008 2682 3065 suis
2699 3007 3174 3079 superinduceret.
3206 3008 3338 3065 Inde
3377 3008 3664 3081 digressus
3701 3009 3899 3076 Jacob,

2301 3101 2506 3159 vidisse
2543 3101 2771 3173 angelos
2796 3110 2854 3157 et
2884 3113 3065 3157 castra
3093 3100 3312 3158 Domini
3343 3102 3601 3157 traditur.
3633 3102 3744 3160 Sed
3778 3116 3902 3161 cum

596 3206 750 3262 lsaac
795 3180 1033 3274 separati
1082 3210 1231 3258 sunt.
1261 3199 1498 3257 Abraam
1530 3197 1677 3253 diem
1705 3196 1922 3252 functus
1961 3202 2065 3257 est,
2098 3194 2196 3249 im-
2222 3180 2269 3244 Ο
2304 3202 2500 3266 praeter
2532 3194 2807 3266 regionem
2837 3193 3036 3262 Edum,
3057 3208 3220 3265 quam
3249 3195 3393 3250 Esau
3416 3194 3584 3249 frater
3603 3193 3899 3263 incolebat,

597 3297 759 3371 pletis
779 3297 939 3355 annis
960 3303 1177 3352 centum
1200 3302 1251 3349 et
1272 3293 1511 3365 quinque
1528 3299 1583 3346 et
1603 3288 1969 3362 septuaginta.
1986 3286 2200 3357 Corpus

600 3390 860 3460 sepulcro
891 3388 1073 3445 Sarrae
1103 3386 1289 3442 uxoris
1328 3385 1662 3456 appositum.

677 3483 813 3543 Vill.
844 3484 913 3539 At
948 3483 1196 3538 Rebecca
1241 3480 1335 3536 diu
1364 3478 1592 3543 sterilis,
1636 3474 1869 3531 assiduis
1921 3474 2100 3530 mariti
2130 3471 2200 3529 ad

602 3580 887 3636 Dominum
929 3575 1204 3648 precibus,
1240 3590 1269 3628 a
1299 3571 1388 3629 die
1421 3570 1757 3627 matrimonii
1786 3567 2045 3625 vicesimo
2083 3566 2203 3622 fere

601 3686 747 3727 anno
787 3670 1037 3741 geminos
1074 3666 1266 3731 edidit,
1299 3666 1470 3736 quiin
1516 3663 1710 3719 matris
1740 3662 1866 3718 alvo
1888 3660 2203 3717 exsultasse

602 3767 803 3838 saepius
853 3763 1141 3820 traduntur
1168 3780 1182 3817 :
1215 3761 1534 3830 dictumque
1562 3771 1829 3829 responso
1857 3752 2071 3811 Domini
2092 3759 2199 3817 est,

599 3862 738 3918 duos
767 3862 821 3917 in
854 3861 938 3914 his
967 3858 1199 3932 populos
1241 3852 1637 3928 praenuntiari,
1688 3860 1743 3907 et
1797 3849 2060 3920 majorem
2102 3845 2203 3899 mi-

605 3956 755 4012 noris
796 3953 1142 4011 subdendum
1194 3966 1316 4007 esse
1346 3948 1643 4022 principio.
1679 3943 1787 4000 Sed
1829 3942 1979 4015 prius
2020 3938 2205 3995 editus

605 4066 766 4123 asper
789 4050 942 4117 setis,
963 4047 1106 4104 Esau
1129 4056 1390 4112 vocatus;
1423 4041 1623 4100 minori
1650 4036 1821 4101 Jacob
1848 4050 2046 4091 nomen
2076 4031 2199 4088 luit.

608 4142 681 4199 Ea
717 4150 1046 4215 tempestate
1075 4142 1256 4213 gravis
1287 4152 1520 4197 annona:
1556 4132 1742 4204 inopia
1795 4139 1971 4185 terras
2023 4126 2204 4184 inces-

605 4245 798 4291 serat:
843 4249 949 4307 qua
1000 4232 1333 4290 necessitate
1364 4228 1513 4287 Isaac
1548 4230 1599 4281 in
1647 4220 1869 4281 Gcraris
1918 4219 1985 4275 ad
2016 4234 2202 4292 regem

606 4327 887 4384 Abimelec
926 4328 1116 4393 cessit,
1173 4323 1488 4381 admonitus
1524 4335 1554 4375 a
1603 4315 1833 4372 Domino
1862 4329 1930 4370 ne
1957 4314 2009 4369 in
2037 4310 2205 4384 Egy-

603 4431 752 4492 ptum
784 4418 1165 4475 descenderet.
1206 4414 1505 4484 Eidemque
1553 4411 1822 4465 universae
1866 4405 2015 4467 illius
2041 4412 2204 4459 terra:

601 4513 875 4585 possessio
919 4511 1281 4583 promittitur,
1334 4507 1523 4575 ibique
1580 4498 1965 4563 benedinitur;
2022 4497 2204 4551 multi-

604 4570 945 4681 plicatusque
981 4620 1179 4677 pecore
1221 4612 1387 4674 atque
1428 4598 1577 4655 omni
1623 4592 1954 4658 substantia,
2004 4600 2203 4662 agente
2231 4570 2282 4634 Ῑ)

600 4702 808 4759 invidia
841 4701 909 4755 ab
947 4700 1141 4754 incolis
1170 4694 1411 4767 pellitur.
1443 4688 1642 4746 Pulsus
1672 4685 1815 4758 apud
1851 4685 2081 4741 Puteum
2109 4684 2201 4753 ju-

601 4790 837 4851 ranienti
882 4789 1150 4848 consedit.
1202 4785 1374 4856 Igitur
1424 4782 1585 4838 annis
1635 4778 1874 4851 gravior,
1910 4776 2206 4834 luminibus

600 4890 877 4953 obductis,
900 4902 1023 4943 cum
1069 4883 1218 4939 Esau
1253 4880 1421 4934 ﬁlium
1446 4873 1777 4932 benedicere
1807 4881 2046 4943 pararet,
2070 4886 2207 4927 con-

601 4986 724 5040 silio
756 4982 1021 5037 Rebeccae
1066 4973 1260 5033 matris
1296 4970 1469 5027 Jacob
1513 4982 1574 5025 se
1615 4965 2048 5023 benedicendum
2104 4981 2207 5038 pro

604 5079 775 5133 fratre
831 5072 1048 5127 obtulit.
1095 5069 1173 5124 Ita
1228 5062 1402 5123 Jacob
1450 5059 1764 5119 adorandus
1792 5061 2127 5134 principibus
2154 5071 2215 5119 et

600 5168 856 5241 gentibus
877 5206 892 5231 ,
948 5163 1099 5219 fratri
1155 5157 1517 5231 praeponitur.
1545 5154 1715 5225 Queis
1754 5154 1919 5211 rebus
1944 5155 2089 5215 Esau
2116 5169 2212 5212 ac-

605 5248 829 5326 census,
865 5255 1021 5313 fratri
1056 5269 1246 5313 necem
1297 5252 1648 5311 moliebatur.
1674 5251 1795 5319 Quo
1832 5263 1982 5309 metu
2013 5251 2208 5321 Jacob,

605 5356 867 5411 hortante
915 5358 1112 5412 matre,
1159 5351 1210 5403 in
1239 5345 1686 5418 Mesotintamiam
1721 5344 1987 5417 Confugit,
2016 5344 2209 5401 admo-

605 5450 753 5505 nilus
794 5463 823 5499 a
860 5450 1037 5514 patre,
1082 5453 1137 5498 ut
1167 5458 1235 5500 ex
1277 5441 1440 5498 domo
1480 5439 1665 5498 Laban
1714 5439 1898 5497 fratris
1944 5437 2213 5494 Rebeccae

603 5557 831 5600 uxorem
884 5537 1158 5606 acciperet
1203 5555 1215 5591 :
1260 5546 1409 5594 tanta
1459 5535 1569 5591 illis
1612 5550 1742 5591 cura
1787 5534 1926 5598 fuit,
1980 5547 2107 5589 cum
2151 5531 2209 5586 in

604 5635 804 5691 alienis
839 5631 1000 5695 terris
1044 5631 1435 5696 consisterent,
1460 5642 1635 5702 genus
1656 5636 1837 5689 tamen
1872 5628 2015 5685 intra
2048 5623 2208 5679 fami-

604 5725 731 5781 liam
753 5708 913 5780 suam’
937 5721 1155 5778 ducere.
1192 5722 1269 5779 Ita
1301 5719 1471 5783 Jacob
1503 5716 1783 5791 profectus
1812 5718 1870 5772 in
1900 5716 2206 5786 Mesopota-

602 5818 806 5884 miam,
860 5830 953 5895 per
1004 5830 1265 5889 soporem
1315 5813 1608 5870 Dominum
1666 5808 1872 5865 vidisse
1921 5806 2201 5865 traditur:

2302 3287 2405 3343 iter
2448 3286 2777 3353 destinaret,
2833 3287 3017 3342 missis
3072 3287 3225 3357 prius
3257 3286 3449 3358 legatis
3479 3295 3533 3341 et
3579 3286 3905 3343 muneribus

2302 3388 2617 3447 suspectum
2646 3377 2749 3434 sibi
2780 3378 3000 3433 fratrem
3028 3378 3339 3448 exploravit
3366 3394 3380 3433 :
3417 3386 3532 3433 tum
3560 3376 3655 3434 ille
3682 3378 3899 3439 obviam

2303 3470 2457 3527 fratri
2486 3472 2797 3542 processit;
2824 3486 2928 3527 nec
2947 3479 3129 3529 tamen
3152 3472 3321 3530 Jaeob
3347 3484 3406 3529 se
3435 3472 3572 3529 ultra
3604 3471 3763 3530 fratri
3787 3488 3905 3531 cre-

2302 3562 2462 3620 didit.
2481 3563 2588 3620 Sed
2617 3563 2794 3634 pridie
2818 3579 2982 3635 quam
3016 3566 3159 3622 inter
3188 3581 3252 3623 se
3283 3566 3480 3622 fratres
3520 3563 3906 3632 convenirent,

2304 3656 2573 3715 Dominus
2614 3656 2849 3713 humana
2879 3661 3066 3729 specie
3093 3671 3393 3732 assumpta,
3430 3660 3760 3716 colluctatus
3783 3675 3907 3717 eum

2302 3750 2472 3807 Jacob
2486 3750 2720 3807 refertur
2739 3762 2823 3807 :et
2841 3768 2964 3808 cum
2982 3754 3248 3811 adversus
3272 3755 3562 3811 Dominum
3586 3752 3909 3827 praevaluis-

2305 3854 2411 3910 set,
2435 3853 2615 3901 tamen
2636 3859 2744 3900 non
2760 3859 2889 3901 esse
2904 3849 3191 3904 mortalem
3209 3863 3315 3905 non
3334 3848 3636 3921 ignoravit:
3653 3848 3908 3908 benedici

2303 3937 2405 3995 sibi
2419 3936 2489 3993 ab
2504 3952 2571 3993 eo
2588 3936 2890 4009 ﬂagitabat.
2910 3938 3048 3995 Tum
3066 3941 3135 3995 ab
3149 3954 3217 3999 eo
3236 3942 3313 3997 illi
3340 3939 3685 4000 immutatum
3707 3958 3906 4002 nomen

2305 4041 2383 4088 est
2395 4072 2411 4098 ,
2425 4040 2482 4088 ut
2494 4048 2563 4088 ex
2576 4031 2744 4089 Jaoob
2761 4032 2929 4089 lsrael
2945 4034 3357 4094 dieeretur.Sed
3372 4052 3493 4092 cum
3512 4037 3603 4093 ille
3617 4037 3862 4095 vicissim
3878 4053 3907 4095 a

2305 4123 2539 4181 Domino
2568 4139 2769 4181 nomen
2803 4124 3024 4181 Domini
3050 4134 3352 4197 quareret;
3374 4144 3482 4184 non
3507 4144 3633 4186 esse
3656 4144 3908 4202 quaren-

2305 4216 2455 4283 dum,
2486 4218 2613 4287 quia
2644 4218 2972 4275 admirabile
3000 4228 3169 4285 esset,
3198 4233 3521 4291 responsum
3555 4228 3659 4279 est.
3696 4225 3773 4280 Ex
3798 4225 3910 4281 col-

2306 4311 2610 4369 luctatione
2652 4323 2835 4368 autem
2861 4312 3095 4372 latitudo
3124 4312 3353 4372 femoris
3382 4314 3553 4371 Jaeob
3597 4318 3904 4390 obtorpuit.

2377 4402 2447 4459 Χ.
2474 4404 2642 4475 igitur
2667 4404 2838 4463 lsrael
2857 4406 3145 4464 declinans
3169 4408 3353 4466 fratris
3372 4409 3619 4479 domum,
3638 4413 3912 4483 promovit

2308 4510 2501 4566 agmen
2534 4496 2588 4553 in
2615 4497 2799 4556 Salem
2826 4497 3155 4556 Sieimorum
3184 4500 3469 4573 Oppidum,
3496 4513 3661 4576 atque
3691 4505 3765 4561 ibi
3791 4508 3911 4564 loco

2311 4592 2491 4660 pretio
2520 4600 2747 4663 accepto
2777 4593 3193 4652 tabernaculum
3225 4599 3421 4652 statuit
3448 4599 3575 4653 sibi.
3627 4598 3769 4657 Huic
3817 4614 3914 4673 op.

2314 4682 2440 4755 pido
2466 4683 2636 4745 Emor
2665 4682 2960 4742 Chorrmus
2996 4688 3253 4759 princeps
3286 4697 3539 4760 prmerat.
3565 4690 3741 4763 Hujus
3769 4692 3911 4749 ﬁlius

2312 4775 2533 4835 Sicbem
2562 4777 2755 4843 Dinam
2784 4779 2951 4836 ﬁliam
2994 4781 3163 4837 .laeob
3210 4796 3277 4838 ex
3317 4781 3411 4837 Lia
3443 4784 3685 4854 genitam
3719 4795 3912 4857 stupro

2312 4870 2576 4928 subdidit.
2610 4870 2733 4941 Quo
2761 4885 3065 4944 comperto,
3096 4873 3316 4930 Simeon
3358 4883 3411 4930 et
3441 4874 3574 4931 Levi
3622 4875 3778 4932 Dinae
3805 4877 3915 4933 fra-

2312 4973 2453 5032 tres,
2486 4979 2679 5027 onlnes
2720 4968 2773 5021 in
2811 4966 3018 5039 oppido
3045 4980 3213 5023 sexus
3264 4965 3435 5022 virilis
3474 4966 3613 5025 dole
3666 4982 3914 5040 pereme-

2314 5069 2461 5127 runt,
2485 5075 2549 5116 ac
2570 5061 2799 5132 impigre
2824 5060 3033 5117 sororis
3054 5061 3157 5117 ulti
3181 5073 3307 5116 sunt
3329 5061 3609 5129 iniuriam.
3635 5063 3912 5137 Oppidum

2312 5170 2343 5210 a
2374 5154 2499 5211 ﬁliis
2527 5154 2703 5212 Jacob
2728 5156 3027 5226 direptum,
3044 5155 3337 5227 praedaque
3356 5157 3534 5213 omnis
3551 5166 3635 5215 est
3656 5158 3913 5216 abducta.

2312 5248 2370 5305 ld
2418 5249 2616 5304 factum
2664 5264 2809 5319 aegre
2844 5248 3140 5304 atlmodsm
3187 5248 3380 5307 tulisse
3426 5246 3602 5309 Iacob
3652 5252 3913 5310 traditur.

2315 5343 2437 5398 Mox
2471 5357 2501 5397 a
2524 5342 2762 5398 Domino
2792 5344 3055 5407 monitus,
3087 5341 3279 5399 Betbel
3323 5345 3498 5415 petiit,
3527 5344 3717 5417 ibique
3744 5350 3917 5405 altare

2313 5436 2549 5493 Domino
2574 5438 2785 5493 statuit.
2819 5436 2950 5493 Inde
2982 5437 3037 5490 in
3069 5445 3229 5506 parte
3255 5440 3421 5494 turris
3444 5439 3633 5497 Gader
3662 5442 3920 5500 taberna-

2316 5531 2499 5586 culum
2528 5530 2668 5585 ﬁxit.
2694 5528 2896 5586 Rachel
2935 5544 3000 5585 ex
3053 5538 3211 5601 parte
3264 5532 3422 5587 obiit.
3456 5532 3602 5589 Puer
3625 5535 3917 5607 Benjamin

2315 5634 2539 5681 vocatus
2583 5634 2692 5681 est.
2731 5623 2885 5681 lsaac
2926 5624 3168 5682 decessit
3191 5640 3369 5683 annos
3410 5638 3570 5685 natus
3611 5640 3838 5689 centum
3867 5640 3921 5688 et

2315 5716 2613 5787 octoginta.
2647 5716 2719 5773 At
2775 5717 2914 5775 Esau
2964 5729 3159 5790 potens
3205 5718 3413 5775 divitiis
3463 5733 3608 5790 erat,
3651 5727 3920 5787 uxoribus

2316 5810 2420 5867 sibi
2451 5812 2617 5884 etiam
2649 5824 2681 5870 e
2704 5810 3141 5870 Cbananeorsm
3186 5819 3349 5885 gente
3395 5817 3697 5889 asstnnptis
3726 5834 3741 5876 :
3766 5818 3923 5891 cujus
