4106 6344
199 326 287 386 iul

1444 313 1775 378 HISTORIA
1816 312 2073 375 SACBA.
2116 314 2252 376 LIB.
2292 316 2336 379 l.

3435 328 3538 390 i0!

195 439 511 515 progeniem
566 437 628 494 in
680 436 789 495 hoc
822 443 933 495 tam
985 436 1214 510 praeciso
1268 449 1437 508 opere
1462 434 1813 492 inserendam
1844 432 1898 493 Α
1922 433 2271 505 compositis,
2296 432 2485 492 orbem
2521 440 2682 492 terrm
2710 412 2896 509 gravis
2919 434 3174 496 frumenti
3206 441 3385 513 impia
3411 460 3543 515 qua-

195 553 295 593 non
328 534 540 606 putavi.
576 531 640 590 Si
677 534 806 606 quis
834 529 1131 589 studiosior
1171 528 1306 599 erit,
1351 530 1419 586 ad
1452 530 1696 602 origines
1730 542 1818 585 re-

194 637 457 685 vertatur.
498 625 638 681 Post
674 639 963 681 excessum
999 624 1189 696 patris,
1223 620 1394 680 Jacob
1423 620 1474 677 itt
1508 620 1631 678 solo
1663 636 1731 677 eo
1759 619 1813 676 in

198 740 301 797 quo
324 722 479 778 Isaac
504 722 758 789 vixerat,
785 718 1226 778 commorabatur
1253 735 1267 773 :
1298 717 1394 774 lilii
1423 718 1542 790 ejus
1567 716 1817 789 aliquan-

202 829 305 875 tum
335 816 405 874 ab
432 831 500 872 eo
538 817 740 887 pascui
777 816 951 887 gratia
979 830 1104 871 cum
1136 814 1397 886 gregibus
1428 819 1815 879 secesserant;

200 911 393 981 Joseph
420 916 618 966 tamen
654 925 721 965 ac
750 907 1035 980 Benjamin
1070 924 1266 981 parvus
1294 907 1441 963 domi
1471 907 1811 963 resederunt.

199 1001 406 1059 Charus
426 1000 741 1058 admodum
771 1001 971 1073 Joseplt
1001 1001 1161 1073 patri,
1194 1000 1371 1072 anue
1394 1001 1446 1056 id
1475 1000 1685 1056 invisus
1708 1000 1816 1055 fra-

202 1097 365 1153 tribus
399 1112 412 1150 :
453 1096 654 1162 simul,
700 1098 831 1167 quia
881 1096 1258 1167 frequentibus
1295 1096 1417 1167 ejus
1448 1097 1680 1151 somniis
1703 1111 1819 1152 ma-

196 1190 362 1263 jorem
392 1202 522 1246 eum
579 1192 846 1248 omnibus
900 1189 1141 1247 futurum
1202 1190 1454 1261 portendi
1507 1184 1813 1246 videbatur.

200 1282 358 1356 Igitur
388 1285 455 1338 ad
494 1281 885 1354 inspiciendas
920 1298 1117 1355 greges
1145 1282 1577 1355 revisendosque
1620 1285 1818 1340 fratres

201 1390 227 1431 a
268 1385 417 1448 patre
479 1376 696 1433 missus
724 1420 738 1444 ,
787 1386 1128 1449 opportunus
1162 1374 1379 1449 injurite
1410 1375 1529 1434 fuit.
1570 1377 1818 1450 Namque

201 1470 308 1525 viso
337 1469 540 1537 fratre,
574 1470 882 1526 consilium
916 1473 1066 1527 necis
1096 1470 1213 1542 ejus
1245 1479 1514 1542 ceperunt
1547 1490 1559 1526 :
1595 1471 1691 1526 sed
1722 1470 1821 1527 ob-

201 1564 421 1621 sistente
452 1564 687 1633 Ruben,
716 1566 804 1621 cui
835 1580 861 1620 a
889 1574 1040 1621 tanto
1072 1564 1313 1621 facinore
1344 1564 1677 1622 abhorrebat
1702 1564 1820 1622 ani-

205 1672 334 1722 mus,
376 1659 430 1713 in
484 1659 675 1715 lacum
729 1657 1026 1715 demissus.
1064 1659 1183 1714 Mox
1224 1659 1493 1717 suadente
1539 1658 1677 1715 .Iuda
1721 1661 1817 1715 de-

204 1750 343 1805 ducti
373 1752 443 1806 ad
472 1750 672 1807 mitius
698 1750 996 1809 consilium
1024 1794 1038 1819 ,
1070 1751 1504 1823 negotiatoribus
1547 1766 1694 1820 eum,
1726 1753 1814 1826 qui

1921 528 2113 584 tiebat.
2162 529 2277 598 Qua
2325 530 2657 586 necessitate
2688 532 3012 603 compulsus
3057 532 3263 604 Jacob,
3310 536 3449 592 filios
3485 536 3540 594 in

1921 621 2221 694 Egyptum
2266 625 2436 690 misit,
2486 623 2770 696 Benjamin
2806 633 3020 682 tantum
3050 643 3238 684 secum
3278 630 3423 685 domi
3459 648 3545 686 re-

1922 726 2097 771 tento.
2150 716 2322 787 Igitur
2359 714 2565 791 Josepit
2591 735 2773 775 rerum
2822 728 3126 790 potentem,
3164 739 3332 794 penes
3382 741 3545 795 quem

1921 822 2159 863 annonm
2199 810 2489 865 arbitrium
2541 820 2697 879 erat,
2744 813 2951 869 fratres
3003 815 3246 885 adeunt,
3295 830 3349 873 et
3391 834 3545 877 more

1921 901 2075 971 regio
2114 900 2368 957 adorant.
2394 900 2604 972 Quibus
2633 904 2727 961 ille
2759 906 2917 975 visis,
2962 906 3163 965 callide
3203 910 3543 981 agnitionem

1922 993 2301 1062 dissimulans,
2354 994 2632 1053 hostiliter
2674 1014 2771 1055 eos
2804 1000 3044 1070 venisse,
3084 1012 3135 1057 et
3165 1000 3397 1058 subdole
3426 1002 3541 1059 loca
3586 1058 3604 1073 ,

1921 1089 2212 1160 explorare
2239 1088 2533 1163 Arguebat.
2596 1093 2915 1165 Augebatur
2966 1108 3185 1165 autem,
3218 1100 3367 1171 quod
3394 1099 3536 1155 Ben-

1916 1180 2094 1252 jamin
2128 1181 2352 1239 fratrem
2400 1202 2504 1240 non
2538 1185 2773 1244 videbat.
2807 1184 2919 1246 Res
2945 1207 3075 1269 ergo
3103 1191 3154 1247 in
3188 1191 3241 1249 id
3278 1193 3535 1262 deducta,

1923 1284 1982 1330 ut
2012 1275 2364 1347 praesentiam
2398 1274 2516 1350 ejus
2545 1281 2938 1350 pollicerentur
2969 1303 2979 1337 :
3008 1284 3264 1342 nimirum
3296 1301 3345 1340 ut
3374 1303 3439 1344 ex
3470 1305 3537 1347 eo

1922 1379 2288 1437 quaareretur,
2320 1386 2386 1425 an
2416 1372 2502 1426 isti
2553 1370 2871 1443 expiorandi
2910 1390 3071 1430 causa
3121 1375 3416 1452 Egyptum
3450 1381 3535 1435 itt-

1929 1469 2192 1518 trassent.
2223 1463 2301 1516 Att
2326 1462 2576 1532 promissi
2597 1474 2781 1523 autem
2807 1466 2966 1522 fidem
2993 1465 3214 1524 Simeou
3238 1468 3404 1525 obses
3429 1481 3535 1524 tra-

1923 1552 2074 1609 ditur
2110 1570 2123 1608 :
2158 1552 2289 1623 ipsis
2317 1555 2649 1613 frumentum
2682 1558 2850 1633 gratis
2874 1558 3079 1617 datum.
3105 1560 3340 1617 Rursum
3373 1563 3535 1636 igitur

1923 1658 2292 1715 revertentes,
2338 1648 2643 1721 Benjamin,
2676 1662 2735 1709 ut
2763 1664 3121 1722 convenerat,
3156 1638 3535 1721 deduxerunt.

1925 1740 2063 1798 Tum
2097 1757 2158 1799 se
2175 1749 2614 1815 cognoscendum
2632 1748 2836 1821 .loseplt
2865 1749 3125 1808 fratribus
3144 1754 3399 1825 praebuit,
3423 1773 3530 1811 non

208 1847 308 1895 tum
339 1840 652 1914 Egyptum
696 1844 979 1913 petebant,
1016 1843 1404 1909 vendiderunt,
1439 1856 1600 1915 atque
1632 1844 1702 1900 ab
1732 1824 1817 1902 his
1850 1824 1895 1891 Β
1924 1837 2044 1894 sine
2078 1837 2296 1909 pudore
2329 1842 2469 1896 male
2500 1846 2850 1898 merentium.
2880 1842 2955 1898 Ita
2991 1860 3086 1900 cos
3131 1824 3391 1902 oneratos
3423 1849 3534 1903 frn-

208 1934 421 1991 Potifari
459 1939 776 2007 praeposito
800 1935 1096 1993 Pharaonis
1127 1939 1357 1994 traditus
1387 1947 1490 1993 est.

273 2028 359 2084 Xl.
382 2026 499 2086 Per
525 2028 681 2086 idem
717 2038 934 2101 tempus
955 2028 1121 2086 Judas
1140 2030 1309 2087 Jacob
1332 2029 1476 2087 ﬁlius
1494 2031 1658 2089 Suam
1677 2030 1819 2089 Cha-

210 2136 445 2178 ttanmant
472 2122 531 2179 in
556 2124 977 2180 matrimonium
998 2127 1318 2197 assumpsit,
1337 2142 1401 2182 ex
1422 2140 1528 2197 qua
1549 2139 1659 2183 tres
1678 2127 1821 2185 filios

209 2219 448 2287 sustulit,
489 2218 623 2287 Her,
678 2218 861 2287 Onan,
911 2218 1117 2277 Selatn.
1143 2220 1253 2277 Sed
1284 2219 1396 2278 Iler
1423 2220 1661 2279 Thamar
1688 2238 1822 2279 con-

210 2311 698 2380 nubiosociatur;
754 2328 863 2383 quo
908 2324 1144 2381 mortuo,
1174 2316 1326 2370 Onan
1358 2313 1543 2371 fratris
1593 2332 1820 2373 uxorem

214 2407 449 2479 accepit;
486 2408 625 2480 qui,
677 2411 809 2479 quia
838 2418 1109 2480 spermata
1159 2412 1210 2464 in
1243 2417 1445 2466 terram
1495 2410 1820 2479 effunderct,

213 2504 519 2558 exstinctus
546 2518 580 2559 a
616 2501 854 2560 Domino
886 2505 1147 2560 refertur.
1182 2504 1318 2560 Tum
1357 2504 1601 2562 Thamar
1639 2524 1822 2564 mere-

214 2596 359 2650 tricio
386 2595 591 2652 habitu
622 2603 937 2665 assumpto,
982 2609 1174 2652 socero
1219 2596 1385 2652 mixta
1419 2608 1528 2663 eSt;
1557 2613 1734 2671 exque
1759 2615 1826 2656 eo

213 2686 456 2755 geminos
484 2686 690 2744 edidit.
737 2688 795 2743 ln
852 2696 1011 2758 partu
1040 2697 1220 2745 autem
1267 2688 1363 2746 illo
1408 2692 1659 2748 mirabile
1700 2690 1822 2759 fuit,

213 2781 350 2850 quod
400 2797 536 2837 cum
572 2782 872 2853 prodeunti
917 2796 1106 2853 puero,
1154 2782 1221 2838 ad
1270 2784 1699 2857 diguoscendum
1734 2784 1827 2856 qui

216 2874 358 2942 prius
386 2881 747 2942 nasceretur,
780 2874 1046 2931 obstetrix
1104 2891 1325 2933 manum
1372 2878 1490 2948 ejus
1527 2892 1695 2935 cocco
1726 2878 1827 2936 illi-

217 2975 419 3037 gasset,
445 2968 716 3025 reductus
746 2969 801 3024 in
844 2970 1025 3025 alvum
1075 2972 1265 3027 matris
1294 2988 1449 3043 puer,
1491 2984 1711 3045 postero
1739 2974 1828 3031 die

223 3059 397 3115 editus
424 3070 526 3116 est.
557 3061 779 3118 Nomen
814 3062 1118 3119 infantibus
1140 3059 1306 3121 Fares
1329 3074 1385 3123 et
1409 3064 1547 3121 Zara
1574 3067 1825 3123 inditum.

218 3150 288 3207 At
310 3153 537 3226 Josepb,
565 3170 699 3211 cum
734 3156 975 3227 benigne
1004 3171 1032 3211 a
1079 3168 1332 3215 curatore
1378 3159 1552 3230 regio,
1582 3162 1671 3232 qui
1702 3177 1825 3218 eum

219 3245 395 3314 pretio
422 3255 750 3318 acceperat,
772 3246 1431 3321 haberetur,domumque
1455 3250 1574 3322 ejus
1595 3260 1649 3307 et
1674 3255 1825 3307 fami-

221 3339 344 3395 liam
371 3352 741 3413 procuraret;
773 3342 1005 3399 decorus
1037 3346 1155 3415 ipse
1186 3344 1383 3418 insigni
1406 3346 1611 3417 specie,
1643 3349 1827 3403 uxoris

221 3433 420 3490 domini
466 3437 672 3492 oculos
722 3437 778 3491 in
831 3452 892 3492 se
943 3447 1313 3495 converterat.
1347 3438 1595 3511 Cumque
1640 3454 1827 3497 amore

222 3529 388 3601 ipsius
413 3531 731 3602 deperiret,
764 3530 1067 3603 appetitum
1100 3531 1302 3604 saepius
1335 3548 1435 3590 nec
1473 3537 1827 3605 acquiescen—

224 3633 329 3680 tem
356 3625 459 3680 sibi
486 3624 634 3680 falso
661 3622 874 3680 scelere
898 3622 1139 3692 infamat,
1176 3638 1238 3681 ac
1271 3626 1386 3683 viro
1416 3626 1681 3698 queritur,
1716 3636 1830 3683 stu-

223 3729 378 3787 prum
428 3717 533 3775 sibi
587 3720 922 3773 intentatum
958 3737 970 3772 :
1018 3717 1093 3774 ita
1122 3716 1324 3793 Josepb
1358 3720 1412 3775 in
1444 3734 1720 3777 carcerem
1749 3730 1833 3778 est

226 3810 526 3880 conjectus.
554 3811 733 3866 Erant
785 3810 836 3865 in
869 3810 1060 3868 eadem
1108 3812 1356 3868 cuStodia
1403 3812 1639 3872 ministri
1686 3817 1831 3889 regis

228 3901 359 3971 duo,
382 3908 629 3975 quicum
653 3905 867 3959 somnia
898 3920 993 3963 sua
1031 3906 1101 3961 ad
1139 3905 1338 3978 Joseph
1382 3910 1717 3978 retulissent,
1746 3910 1829 3967 fu-

232 4007 351 4050 tura
375 4011 446 4052 ex
476 3997 701 4065 somnio
732 3995 1070 4068 coniectans,
1096 4016 1261 4055 unum
1301 4017 1488 4058 eorum
1522 4018 1712 4076 ptenas
1736 4020 1827 4059 ca-

233 4088 341 4158 pite
390 4088 660 4145 luiturum
698 4132 714 4157 ,
766 4091 932 4145 alium
988 4092 1379 4150 absolvendum
1430 4097 1829 4166 pronuntiavit;

235 4188 395 4251 atque
427 4183 500 4237 ita
531 4182 759 4238 accidit.
782 4183 950 4253 igitur
978 4192 1100 4255 post
1125 4184 1399 4242 biennium
1419 4190 1689 4246 somnium
1720 4192 1830 4263 regi

234 4272 509 4342 objectum
530 4282 640 4330 est.
668 4275 824 4341 Quod
852 4289 976 4331 cum
1004 4291 1033 4331 a
1061 4276 1418 4348 prudentibus
1444 4277 1828 4352 Egyptiorum

237 4382 340 4421 non
401 4378 594 4437 posset
642 4369 908 4437 absolvi,
970 4371 1226 4430 minister
1274 4374 1420 4446 regis
1477 4377 1568 4433 ille
1615 4392 1837 4435 carcere

154 4494 157 4495 ν
234 4471 520 4533 exemptus
546 4475 738 4533 regem
767 4462 1047 4531 admouet,
1085 4465 1286 4535 Joseplt
1314 4481 1437 4525 esse
1466 4471 1662 4526 tnirum
1689 4487 1837 4528 som-

238 4554 445 4610 niorum
480 4557 864 4627 interpretem.
900 4558 971 4613 Ita
998 4557 1199 4632 Joseph
1222 4561 1487 4632 solvitur;
1518 4563 1839 4637 interpreta-

1924 1938 2138 1998 mento,
2169 1930 2460 2003 multisque
2505 1932 2736 1991 donatos
2769 1934 2988 1995 domum
3032 1938 3533 2011 remisit,'pr;cmo-

1922 2036 2064 2079 nens
2091 2064 2105 2089 ,
2140 2020 2394 2095 Quinque
2424 2024 2605 2083 adhuc
2630 2039 2802 2082 annos
2845 2025 3038 2085 famem
3087 2028 3320 2085 futuram
3354 2047 3365 2084 :
3408 2049 3530 2089 cum

1924 2125 2081 2187 patre
2113 2124 2274 2188 atque
2301 2118 2447 2175 omni
2481 2122 2743 2192 progenie
2774 2136 2839 2178 ac
2867 2122 3070 2179 familia
3105 2127 3171 2181 ad
3202 2143 3264 2183 se
3308 2129 3539 2193 commi-

1924 2219 2172 2280 grarent.
2197 2211 2369 2284 igitur
2388 2211 2563 2270 Jacob
2587 2216 2639 2272 in
2667 2212 2963 2289 Egyptum
2996 2218 3327 2289 descendit,
3366 2222 3536 2295 ASgy-

1928 2304 2053 2374 ptiis
2084 2303 2379 2361 admodum
2429 2304 2760 2376 laetantibus,
2793 2310 3065 2382 gaudente
3114 2326 3265 2383 rege,
3294 2313 3533 2385 benigne

1926 2413 1954 2452 a
1986 2398 2099 2455 filio
2127 2410 2435 2468 susceptus.
2471 2398 2525 2458 Id
2556 2411 2771 2474 gestum
2803 2420 2946 2459 anno
2974 2406 3152 2460 aetatis
3195 2406 3363 2463 Jacob
3395 2424 3526 2471 cen-

1929 2490 2129 2548 tesimo
2174 2500 2229 2549 et
2264 2492 2577 2566 trigesimo;
2620 2511 2647 2549 a
2681 2494 2886 2552 diluvio
2917 2507 3098 2552 autem
3141 2514 3285 2554 anno
3326 2515 3410 2556 etp
3431 2516 3526 2557 ccc

1928 2598 1981 2644 et
2013 2605 2077 2644 Lx
2109 2602 2400 2647 :czrterum
2433 2594 2500 2646 ab
2532 2610 2597 2647 eo
2626 2601 2869 2660 tempore
2898 2610 3002 2663 quo
3032 2593 3271 2651 Abraam
3302 2594 3355 2651 in
3387 2604 3529 2657 terra

1929 2670 2368 2740 Cltanauazorum
2399 2683 2648 2741 consedit
2673 2728 2688 2755 ,
2739 2687 2789 2740 in
2822 2684 2872 2742 id
2897 2703 3005 2759 quo
3032 2684 3203 2743 Jacob
3233 2686 3528 2760 Egyptom

1928 2776 2211 2846 ingressus
2252 2788 2372 2843 est,
2423 2777 2738 2836 referuntur
2787 2781 2915 2834 anni
2948 2793 3106 2839 ccxv.
3157 2779 3325 2854 Igitur
3361 2781 3531 2839 Jacob

1930 2870 2167 2939 septimo
2212 2878 2266 2924 et
2309 2868 2525 2928 decimo
2569 2888 2714 2927 anno
2769 2888 2932 2943 quam
2979 2872 3035 2928 in
3081 2872 3321 2947 Egypto
3368 2877 3533 2935 atlvc-

1931 2973 2121 3029 uerat,
2181 2975 2413 3039 urgente
2463 2965 2654 3021 morbo
2705 2960 2911 3039 Joscph
2962 2967 3132 3023 tilium
3187 2969 3529 3038 obtestatur,

1930 3068 2130 3126 corpus
2179 3055 2434 3127 sepulcro
2486 3071 2587 3113 suo
2635 3057 2913 3114 redderet.
2950 3057 3087 3114 Tum
3134 3056 3340 3135 Joseph
3388 3063 3529 3132 patri

1931 3146 2335 3205 benedicendos
2362 3149 2503 3205 filios
2533 3165 2664 3207 suos
2691 3150 2928 3217 obtulit;
2958 3151 3159 3223 quibus
3190 3154 3519 3221 benedictis,

1933 3255 2055 3297 cum
2110 3249 2292 3297 tamen
2341 3241 2739 3299 benedictionis
2789 3243 2985 3299 merito
3023 3245 3217 3313 majori
3261 3247 3532 3305 minorem

1936 3336 2355 3406 praeposuisset,
2392 3331 2534 3390 filios
2581 3349 2771 3391 omnes
2823 3333 3207 3391 benedictione
3252 3336 3533 3399 lustravit.

1934 3428 2179 3485 Decessit
2224 3438 2408 3483 autem
2438 3444 2611 3485 annos
2657 3438 2817 3485 natus
2848 3446 3050 3486 chvtt.
3098 3428 3282 3486 Funus
3323 3432 3537 3505 magni-

1932 3525 2032 3583 Iice
2064 3538 2309 3585 curatum
2341 3546 2353 3579 :
2387 3545 2585 3600 corpus
2619 3530 2670 3583 itt
2694 3530 2951 3601 sepulcro
2998 3530 3267 3603 majorum
3322 3530 3531 3601 loseph

1932 3618 2194 3679 condidit.
2220 3621 2461 3689 Fratres,
2492 3632 2615 3694 post
2638 3624 2806 3695 patris
2827 3624 3034 3679 obitum
3063 3642 3162 3696 pro
3187 3626 3529 3685 conscientia

1935 3726 2217 3786 paventes,
2265 3715 2499 3788 benigne
2550 3716 2756 3773 habuit.
2794 3718 3041 3776 Decessit
3089 3728 3277 3785 autem
3328 3721 3536 3795 Ioseph

1936 3808 2074 3881 ipse,
2104 3810 2285 3867 aetatis
2315 3827 2458 3866 anno
2488 3808 2705 3867 decimo
2733 3820 2790 3867 et
2810 3813 3140 3873 centesimo.

2007 3900 2145 3959 XIII.
2181 3901 2393 3960 Hebraei
2424 3903 2592 3977 igitur
2620 3902 2714 3976 qui
2746 3906 2800 3960 in
2832 3903 3131 3979 Egyptum
3161 3907 3539 3978 devenerant;

1937 3995 2257 4053 incredibile
2298 4008 2607 4054 memoratu
2653 4010 2735 4055 est
2760 4041 2774 4063 ,
2806 4016 2966 4072 quam
2998 4002 3106 4056 cito
3134 4018 3367 4059 numero
3394 4005 3543 4059 aucti

1934 4088 2078 4157 sint,
2130 4090 2597 4162 multiplicataque
2642 4094 2906 4163 progenie
2954 4091 3246 4164 Aigyplum
3293 4095 3543 4165 repleve-

1937 4182 2066 4237 rint.
2111 4180 2219 4239 Sed
2250 4180 2506 4238 defuncto
2537 4200 2665 4254 rege
2695 4186 2789 4257 qui
2821 4199 2915 4239 eos
2947 4186 3018 4241 ob
3049 4185 3541 4269 meritttttt_Josepb

1937 4273 2175 4346 benigne
2206 4274 2458 4345 fovebat,
2493 4278 2906 4333 succedentium
2952 4295 3140 4350 regum
3185 4281 3413 4351 imperio
3442 4281 3541 4339 de-

1938 4368 2353 4441 primebantur:
2401 4386 2525 4425 nam
2569 4382 2623 4426 et
2666 4386 2803 4441 opus
2848 4371 3045 4428 durum
3086 4373 3540 4437 ardificandarum

1938 4462 2216 4519 civitatum
2268 4462 2348 4519 eis
2399 4463 2756 4537 impositum;
2812 4474 2865 4520 et
2912 4463 3037 4537 quia
3083 4464 3195 4539 jam
3247 4467 3543 4533 multitudo

1939 4558 2223 4616 abundans
2278 4558 2658 4629 metuebatur,
2722 4576 2790 4618 ne
2847 4558 3171 4633 quandoque
3228 4562 3540 4621 libertatem

238 4656 433 4719 tusque
481 4658 570 4705 est
608 4651 723 4720 regi
770 4651 1039 4707 somnium
1073 4670 1085 4707 :
1131 4653 1352 4725 Septem
1382 4654 1543 4713 annis
1573 4658 1826 4729 proximis

1940 4653 2107 4708 armis
2162 4649 2539 4721 vindicarent,
2597 4652 2855 4723 parvulos
2911 4667 3104 4709 recens
3158 4654 3331 4713 editos
3390 4656 3547 4727 aquis

238 4741 528 4797 maximam
578 4742 799 4814 frugum
847 4746 1150 4801 ubertatem
1195 4745 1452 4817 futuram,
1496 4766 1839 4824 consequen-

237 4838 377 4894 tibus
402 4839 674 4910 inopiam.
705 4837 823 4905 Quo
852 4849 996 4896 metu
1024 4854 1116 4897 rex
1145 4843 1453 4914 perculsus,
1477 4846 1665 4903 videns
1697 4846 1838 4905 divi-

236 4946 358 4988 num
404 4934 461 4989 in
509 4932 719 5003 Josepb
757 4932 1024 5005 spiritum,
1058 4936 1134 4992 rei
1175 4952 1299 4994 eum
1339 4943 1653 4997 annonarize
1697 4958 1836 5014 prae-

237 5025 606 5098 fecit,:eqnato
618 5040 804 5082 secum
823 5028 1208 5099 imperio.Tum
1224 5031 1837 5104 .losepltabundautibus

237 5131 329 5188 per
382 5128 556 5175 totam
606 5118 901 5191 [Egyptunt
956 5121 1268 5193 frumentis,
1322 5144 1569 5200 magnam
1621 5133 1835 5202 copiam

236 5216 543 5285 congessit:
568 5208 1054 5287 ntnltiplicatisque
1072 5218 1283 5274 horreis
1308 5222 1572 5279 adversus
1600 5223 1836 5281 futuram

233 5303 423 5361 famem
454 5305 836 5362 consuluerat.
871 5307 942 5363 Ea
987 5318 1307 5382 tempestate
1342 5328 1466 5383 Spes
1494 5327 1657 5389 atque
1688 5317 1836 5375 salus

234 5396 450 5471 [Egypti
480 5399 537 5453 in
573 5398 673 5453 illo
702 5400 803 5453 sita
828 5410 962 5456 erat.
997 5402 1103 5460 Per
1126 5403 1269 5460 idem
1305 5417 1518 5480 tempus
1539 5428 1671 5467 vero
1700 5412 1836 5472 duos

232 5502 298 5545 ex
339 5492 588 5547 Ascnetit
630 5491 773 5546 ﬁlios
823 5497 1042 5564 genuit,
1094 5496 1396 5577 Manus-em
1452 5515 1506 5560 et
1560 5504 1833 5576 Epitrtcm.

232 5579 350 5653 Ipse
375 5594 588 5651 autem,
616 5600 743 5640 cum
774 5602 1037 5644 summam
1062 5608 1086 5645 a
1116 5607 1240 5665 rege
1259 5604 1584 5663 potestatem
1602 5602 1833 5672 accepit,

233 5691 347 5735 erat
399 5695 683 5737 attactum
736 5695 874 5747 xu;
914 5699 1035 5742 nam
1069 5701 1100 5742 a
1136 5687 1398 5746 fratribus
1443 5693 1834 5768 septemdecim

236 5788 409 5833 annos
443 5788 607 5833 natus
638 5778 999 5838 venumdatus
1025 5793 1127 5840 est.

305 5865 421 5925 Xll.
446 5868 669 5928 Interea
693 5871 853 5932 rebus
877 5875 929 5933 in
950 5872 1185 5951 .Egypto
1207 5878 1468 5940 adversus
1488 5885 1679 5943 famem
1700 5884 1838 5944 bene

1944 4761 2192 4818 tnergere
2241 4745 2419 4803 edicto
2466 4746 2619 4819 regio
2659 4744 3022 4817 cogebantur.
3062 4744 3175 4803 Nec
3212 4747 3546 4811 dissimulari

1942 4852 2231 4897 cruentum
2288 4842 2573 4911 imperium
2629 4841 2843 4897 licebat.
2894 4841 3009 4911 Qua
3062 4850 3386 4915 tempestate
3434 4844 3543 4903 filia

1944 4933 2242 4993 Pharaonis
2280 4934 2540 4992 infantem
2581 4935 2633 4991 itt
2673 4934 2899 4991 ﬂumine
2940 4946 3258 5009 repertum,
3298 4938 3544 4999 nutrien-

1942 5027 2069 5086 dum
2102 5045 2200 5105 pro
2235 5027 2347 5086 ftlio
2378 5028 2587 5087 curavit
2620 5048 2633 5086 :
2666 5044 2863 5086 nomen
2908 5044 3077 5100 puero
3121 5031 3333 5105 Moyses
3370 5030 3542 5089 dedit.

1944 5124 2156 5198 Moyses
2200 5122 2285 5181 hic
2308 5166 2322 5191 ,
2353 5138 2475 5180 cum
2507 5122 2693 5180 viriles
2722 5137 2896 5178 annos
2937 5134 3155 5195 ageret,
3189 5122 3544 5196 conspicatus

1946 5218 2232 5276 Hebraeum
2282 5218 2349 5275 ab
2390 5216 2643 5292 Aﬁgyptio
2688 5218 2932 5289 pulsari,
2984 5227 3261 5290 permotus
3308 5217 3501 5281 dolore
3530 5260 3543 5283 ,

1942 5317 2167 5372 fratrem
2207 5315 2277 5371 ab
2317 5314 2513 5387 injuria
2544 5314 2862 5384 vindicans,
2894 5314 3210 5387 Egyptian)
3241 5314 3393 5371 calce
3422 5327 3543 5384 pcr-

1944 5414 2152 5469 culsum
2181 5411 2480 5468 interemit.
2511 5412 2633 5467 Mox
2664 5411 2988 5482 supplicium
3014 5425 3045 5465 e
3076 5410 3219 5466 facto
3247 5416 3498 5464 metuens
3520 5445 3535 5471 ,

1946 5510 1997 5565 in
2030 5520 2228 5564 terram
2256 5506 2463 5561 Madian
2494 5504 2764 5575 profugit;
2799 5514 2854 5560 ct
2885 5504 3023 5575 apud
3058 5503 3250 5559 Jotltor
3276 5497 3540 5557 sacerdo-

1950 5618 2054 5662 tem
2087 5604 2328 5675 tegionis
2373 5603 2513 5658 illius
2544 5600 2887 5666 diversatus,
2926 5599 3094 5659 filiam
3136 5598 3252 5671 ejus
3294 5591 3542 5663 Semibo-

1949 5716 2062 5759 ram
2098 5698 2149 5754 in
2184 5696 2588 5754 matrimonium
2620 5693 2868 5763 accepit,
2904 5707 3078 5762 exque
3118 5705 3183 5749 ea
3222 5687 3358 5743 duos
3397 5684 3541 5771 filios

1945 5792 2170 5849 Gersam
2217 5799 2271 5847 et
2316 5787 2527 5851 Elieser
2565 5786 2807 5845 sustulit.
2860 5784 2971 5838 iloc
3012 5789 3188 5837 tractu
3233 5788 3541 5850 temporum

1945 5881 2046 5941 Job
2078 5881 2210 5951 fuit,
2246 5882 2363 5954 lege
2402 5888 2609 5938 naturae
2643 5886 2700 5935 et
2731 5875 3067 5948 agnitionem
3104 5871 3201 5930 Dei
3238 5879 3294 5929 et
3323 5882 3543 5928 omnem
