4106 6344
555 288 662 348 105

1889 276 2182 342 SULPICII
2223 272 2477 335 SEVERI

3754 269 3857 327 104

544 403 811 477 justitiam
843 400 1164 474 complexus
1183 441 1200 471 ,
1233 400 1511 473 praedives
1538 399 1768 469 opibus,
1799 408 1963 471 atque
1993 414 2059 455 eo
2088 398 2152 453 il-
2180 398 2235 459 Α
2258 393 2434 448 sinum
2464 390 2635 448 Rubri
2681 390 2851 447 maris
2873 432 2887 457 ,
2936 394 3137 460 prreter
3178 392 3380 445 terram
3428 383 3722 443 Philistiim
3770 387 3856 442 via

555 497 806 563 lustrior,
836 496 979 568 quod
1010 496 1095 551 bis
1127 510 1305 567 neque
1346 493 1574 565 integris
1612 502 1899 564 corruptus
1921 533 1935 557 ,
1978 506 2154 561 neque

550 589 775 645 amissis
803 588 1136 658 depravatus
1163 597 1267 643 est.
1293 586 1427 643 Nam
1456 602 1579 644 cum
1606 602 1706 658 per
1727 585 2007 641 diabolum
2026 600 2157 638 exu-

559 690 651 737 tus
681 681 841 738 bouis
861 724 876 748 ,
912 681 1041 738 filiis
1070 683 1234 739 etiam
1267 692 1414 737 esset
1444 682 1667 737 orbatus
1690 722 1704 746 ,
1745 679 1812 735 ad
1853 688 2156 735 extremum

558 774 696 831 diris
727 775 999 831 ulceribus
1030 774 1294 841 affectus,
1343 791 1450 830 non
1493 775 1667 844 potuit
1714 774 1890 841 vinci,
1947 782 2004 828 ut
2044 787 2157 843 pra:

556 866 767 923 doloris
798 868 1137 938 impatientia
1165 867 1346 939 aliqua
1379 867 1432 921 in
1468 875 1620 937 parte
1648 874 1923 937 peccaret.
1952 866 2157 921 Merce-

561 957 686 1015 dem
727 958 965 1030 denique
1003 959 1171 1014 divini
1216 958 1513 1014 testimonii
1544 968 1875 1014 consecutus
1897 1000 1912 1024 ,
1942 957 2160 1013 sanitati

561 1050 834 1120 redditus,
862 1052 1044 1107 omnia
1068 1067 1188 1123 qua:
1213 1052 1493 1117 amiserat,
1522 1052 1573 1105 in
1603 1050 1826 1122 duplum
1860 1051 2086 1120 recepit.

636 1144 776 1201 XIV.
808 1147 878 1202 At
905 1146 1119 1202 Hebraei
1150 1145 1511 1217 multiplicato
1535 1146 1817 1202 servitutis
1842 1146 1985 1200 malo
2012 1161 2163 1215 pres-

562 1238 606 1292 si
631 1280 645 1301 ,
678 1236 919 1307 querelis
951 1238 1003 1293 in
1034 1238 1237 1295 cmlum
1266 1239 1557 1305 conversi,
1588 1254 1739 1310 spem
1772 1238 1959 1293 auxilii
1991 1254 2021 1293 a
2052 1238 2163 1293 Deo

559 1333 972 1402 exspectabant.
987 1329 1123 1385 Tum
1144 1332 1315 1404 Moysi
1332 1334 1573 1402 pascenti
1595 1346 1723 1387 oves
1745 1340 1971 1402 repente
1997 1330 2163 1387 rubus

559 1424 753 1481 ardere
783 1424 899 1480 visa
925 1467 940 1493 ,
973 1424 1208 1482 flammis
1239 1435 1420 1482 tamen
1442 1467 1458 1494 ,
1492 1426 1636 1497 quod
1665 1438 1780 1481 erat
1824 1425 2162 1493 mirabilius,

561 1516 821 1573 innoxiis.
854 1518 971 1587 Qua
994 1520 1237 1575 novitate
1269 1518 1687 1591 obstupefactus
1710 1558 1724 1583 ,
1758 1518 1896 1573 rubo
1940 1517 2165 1587 prepius

564 1613 837 1682 accessit,
880 1616 1180 1684 statimque
1224 1614 1293 1669 ad
1338 1630 1462 1669 eum
1502 1613 1810 1668 istiusmodi
1840 1613 1954 1668 fere
1983 1612 2167 1668 verbis

568 1703 712 1761 Deus
744 1705 961 1761 locutus
990 1716 1111 1763 est:
1148 1707 1435 1762 Dominum
1468 1723 1529 1763 se
1559 1721 1681 1763 esse
1716 1708 1949 1762 Abraam
1970 1747 1985 1772 ,
2019 1706 2168 1760 Isaac

2259 486 2522 549 duceret;
2557 502 2626 541 ne
2658 495 2845 556 postea
2884 484 3127 541 Hebrmis
3160 499 3405 540 eremum
3437 480 3857 555 aspernantibus

2259 577 2524 633 redeundi
2582 579 2633 632 in
2690 575 2987 649 Egyptum
3043 576 3453 631 continentibus
3513 575 3675 630 terris
3728 581 3858 630 noto

2260 672 2459 728 itinere
2507 671 2740 729 facultas
2791 672 3146 743 panderetur,
3197 679 3334 727 nutu
3380 670 3478 726 Dei
3526 669 3750 737 aversi,
3803 667 3856 724 in

2261 765 2503 822 Rubrum
2548 779 2698 821 mare
2741 765 2876 821 illati
2918 775 3075 831 sunt,
3108 772 3397 835 castraque
3423 763 3497 819 ibi
3535 771 3857 820 cunctantes

2261 858 2687 913 constituerunt.
2732 857 2889 926 Quod
2940 857 3031 913 ubi
3058 858 3169 929 regi
3221 857 3531 912 nuntiatum
3579 865 3704 911 est:
3750 855 3854 911 He—

2263 949 2468 1005 brreum
2503 950 2759 1020 populum
2790 952 2890 1005 via:
2917 965 3103 1006 errore
3127 951 3179 1005 in
3211 950 3483 1019 objectum
3514 965 3665 1006 mare
3692 950 3858 1006 deve-

2264 1045 2448 1099 nisse:
2491 1045 2695 1099 nullum
2734 1044 2782 1100 ei
2813 1059 2935 1100 esse
2967 1044 3171 1101 exitum
3209 1043 3508 1099 obsistente
3543 1042 3855 1110 elemento;

2264 1136 2451 1193 furens
2496 1138 2701 1204 animi,
2739 1154 2848 1209 quo
2893 1138 3195 1209 angebatur
3234 1146 3315 1193 tot
3356 1138 3643 1193 hominum
3693 1138 3859 1193 millia

2264 1244 2435 1301 regno
2460 1244 2560 1287 suo
2592 1240 2646 1286 et
2681 1231 2939 1301 potestati
2978 1231 3275 1295 decedere,
3302 1231 3597 1286 exercitum
3630 1246 3862 1302 propere

2265 1324 2467 1379 educit.
2500 1324 2733 1395 Jamque
2768 1326 2980 1380 eminus
3016 1340 3166 1379 arma
3205 1325 3467 1394 signaque
3501 1334 3555 1378 et
3594 1333 3859 1394 protenta:

2267 1417 2579 1488 patentibus
2624 1417 2733 1473 late
2771 1418 2978 1489 campis
3022 1418 3168 1473 acies
3210 1416 3546 1484 visebantur,
3589 1431 3714 1472 cum
3755 1415 3861 1472 lle-

2268 1514 2433 1569 brteis
2465 1523 2609 1569 metu
2643 1513 2866 1584 trepidis
2896 1522 2952 1568 et
2980 1512 3174 1568 cmlum
3207 1512 3609 1581 aspectantibus
3650 1511 3863 1582 Moyses

2268 1626 2297 1665 a
2340 1611 2455 1666 Deo
2494 1610 2735 1665 monitus
2758 1624 3081 1681 percussum
3125 1609 3273 1679 virga
3318 1622 3467 1663 mare
3510 1605 3757 1661 discidit.
3787 1604 3862 1660 Ita

2272 1705 2505 1775 populo,
2535 1703 2855 1759 cedentibus
2887 1703 2940 1758 in
2982 1702 3153 1757 latera
3198 1700 3383 1772 aquis,
3427 1700 3578 1757 velut
3607 1700 3661 1753 in
3694 1698 3865 1755 conti-

565 1808 623 1855 et
659 1797 827 1854 Jacob
854 1815 869 1866 ;
899 1814 1130 1869 quorum
1172 1799 1521 1872 progeniem,
1567 1798 1949 1871 Egyptiorum
1990 1796 2165 1851 dumi-
2198 1788 2246 1848 B
2275 1796 2419 1851 neuti
2447 1796 2551 1852 iter
2570 1797 2814 1866 pervium
2848 1796 2967 1850 fuit.
2998 1794 3107 1850 Nec
3134 1802 3422 1849 cunctatus
3450 1809 3547 1849 rex
3572 1792 3865 1865 Egyptius

566 1894 791 1949 natione
820 1893 1173 1965 depressam,
1204 1903 1449 1965 ereptam
1478 1894 1637 1948 malis
1664 1896 1878 1964 cupiat:
1907 1892 2012 1947 iter
2037 1906 2169 1961 ergo

568 1988 875 2058 susciperet
896 1988 964 2044 ad
992 2004 1173 2061 regem
1198 1988 1421 2062 Egypti
1444 2032 1458 2056 ,
1486 1989 1793 2058 ducemque
1819 2002 1877 2043 se
1901 1987 2084 2059 populi
2116 1986 2168 2041 in

565 2078 878 2136 libertatem
912 2081 1232 2136 restituendi
1256 2092 1562 2151 praestaret.
1598 2082 1959 2137 CunCtantem
1983 2088 2170 2152 potes-

570 2179 685 2231 tate
724 2173 1051 2242 confirmat,
1097 2176 1350 2231 virtutem
1394 2175 1443 2229 ei
1487 2174 1763 2245 signorum
1799 2173 2169 2229 faciendorum

568 2265 913 2337 impertiens.
956 2266 1035 2323 Ita
1073 2268 1287 2340 Moyses
1328 2267 1379 2321 in
1412 2266 1706 2339 Egyptum
1747 2267 2055 2338 profectus,
2098 2266 2179 2345 si-b

569 2360 694 2431 gnis
726 2360 877 2429 prius
906 2359 1046 2431 apud
1076 2375 1206 2415 suos
1234 2359 1398 2416 editis
1422 2402 1436 2425 ,
1470 2370 1752 2429 assumpto
1782 2360 1951 2415 fratre
1988 2363 2170 2415 Aaron

568 2466 755 2524 regem
786 2452 961 2509 adiit:
992 2454 1220 2508 missum
1251 2469 1311 2509 se
1342 2468 1371 2507 a
1402 2453 1516 2510 Deo
1545 2453 1760 2525 prodit,
1796 2454 2086 2525 verbisque
2116 2468 2175 2509 se

571 2543 666 2601 Dei
695 2544 910 2614 dicere,
938 2546 1198 2617 populum
1214 2546 1503 2603 Hebrazum
1535 2549 1610 2602 uti
1641 2546 1968 2602 dimitteret.
1988 2550 2055 2602 At
2086 2546 2176 2602 ille

574 2652 781 2712 negans
818 2656 878 2696 se
921 2640 1209 2697 Dominum
1244 2656 1405 2697 nosse
1429 2683 1443 2707 ,
1475 2656 1670 2713 parere
1710 2641 1940 2713 imperio
1972 2641 2177 2695 abnue-

572 2731 693 2799 bat.
712 2732 961 2805 Cumque
1001 2733 1218 2806 Moyses
1266 2736 1318 2790 in
1369 2734 1740 2792 testimonium
1789 2733 2173 2790 mandatorum

574 2823 673 2882 Dei
707 2842 772 2882 ex
804 2827 955 2899 virga
980 2826 1277 2884 draconem
1321 2827 1569 2897 fecisset,
1611 2843 1735 2883 mox
1776 2843 1947 2898 aquas
1986 2842 2177 2884 omnes

572 2916 628 2973 in
660 2918 983 2991 sanguinem
1030 2920 1435 2989 convertisset,
1484 2930 1764 2993 totamque
1799 2932 2001 2979 terram
2030 2920 2179 2976 ranis

573 3011 890 3083 opplesset;
947 3013 1274 3072 facientibus
1326 3016 1527 3071 similia
1580 3015 1887 3085 Chaldmis,
1941 3016 2179 3088 magicas

572 3117 699 3159 esse
740 3113 886 3161 artes
928 3121 1290 3179 quaecumque
1330 3122 1428 3178 per
1469 3107 1691 3180 Moysen
1736 3109 1964 3176 fierent,
1999 3110 2180 3179 potius

571 3210 735 3267 quam
766 3195 866 3252 Dei
897 3198 1154 3254 virtutem
1176 3239 1191 3267 ,
1223 3200 1614 3269 pronuntiabat
1641 3217 1655 3267 ;
1686 3202 1861 3257 donec
1887 3201 2183 3271 superduc-
2209 3186 2255 3249 Ο

573 3289 645 3345 tis
670 3289 983 3361 cinipbibus
1010 3300 1155 3348 terra
1184 3294 1405 3363 Oppleta
1438 3304 1521 3351 est
1545 3336 1559 3359 ,
1588 3294 1859 3350 Cltaldaais
1887 3294 2184 3351 fatentibus

576 3383 865 3453 majestate
899 3384 1079 3441 divina
1113 3387 1213 3442 iSta
1246 3387 1387 3443 fieri.
1416 3387 1553 3443 Tum
1595 3403 1693 3443 rex
1733 3388 1881 3444 malo
1918 3396 2143 3444 coactus
2167 3431 2181 3455 ,

576 3477 846 3534 advocato
881 3478 948 3534 ad
984 3495 1043 3535 se
1073 3481 1262 3553 Moyse
1295 3490 1351 3537 et
1377 3482 1560 3537 Aaron
1586 3527 1601 3553 ,
1639 3481 1733 3536 dat
1771 3481 1970 3551 p0pulo
2007 3481 2186 3538 disce-

576 3572 743 3628 dendi
792 3580 1117 3643 potestatem
1148 3616 1162 3641 ,
1216 3575 1381 3631 modo
1434 3585 1491 3630 ut
1537 3574 1927 3645 superductam
1974 3574 2184 3631 cladem

578 3674 915 3722 averterent.
952 3666 1059 3723 Sed
1103 3668 1192 3723 ubi
1232 3668 1418 3723 clades
1457 3676 1710 3737 exempta
1751 3678 1870 3733 est,
1914 3667 2186 3737 impotens

575 3757 661 3813 sui
701 3757 921 3815 animus
964 3758 1019 3813 in
1060 3774 1119 3815 se
1164 3775 1457 3828 reversus,
1491 3760 1679 3825 exire,
1721 3768 1777 3813 ut
1808 3770 2182 3828 convenerat,

574 3848 853 3907 lsraelitas
892 3866 1000 3907 non
1034 3851 1362 3923 patiebatur.
1390 3850 1473 3907 Ad
1504 3863 1809 3909 extremum
1841 3854 2030 3909 decem
2074 3854 2188 3925 pla-

579 3942 666 4015 gis
692 3947 939 4017 corporis
970 3955 1025 4002 et
1052 3946 1209 4017 regni
1239 3947 1321 4002 sui
1352 3956 1617 4003 contusus
1650 3958 1705 4003 et
1735 3948 1945 4003 evictus
1973 3959 2075 4004 est.

653 4038 773 4097 XV.
820 4040 925 4097 Sed
959 4042 1136 4113 pridie
1166 4057 1331 4113 quam
1360 4039 1601 4114 [Egypto
1632 4042 1864 4112 pepulus
1890 4052 1974 4098 est
2002 4058 2187 4114 egres-

578 4142 673 4188 sus
690 4172 707 4200 ,
732 4132 1004 4190 mandatis
1022 4134 1241 4189 Domini
1266 4134 1576 4201 instruitur,
1602 4134 1755 4191 rudis
1775 4134 1952 4191 adhuc
1979 4145 2187 4207 tempo-

580 4247 702 4288 rum
732 4250 746 4287 :
781 4236 1019 4290 Mensem
1044 4234 1195 4290 illum
1226 4235 1319 4305 qui
1354 4243 1479 4290 tunc
1504 4244 1655 4302 erat,
1686 4235 1917 4305 primum
1942 4236 2183 4291 omnium

582 4327 852 4383 mensium
900 4343 1025 4383 esse
1070 4336 1473 4399 cognosceret:
1507 4327 1834 4384 sacrificium
1867 4341 2047 4395 autem
2079 4329 2184 4386 diei

579 4419 729 4478 illius
756 4421 810 4477 in
837 4422 1243 4478 solemnitatem
1276 4422 1728 4492 consequentium
1760 4423 2082 4477 szrculorutn
2114 4422 2185 4476 ita

580 4528 706 4570 esse
729 4513 1114 4569 celebrandum
1134 4555 1149 4581 ,
1171 4522 1231 4568 ut
1255 4513 1658 4583 quartadecima
1684 4512 1774 4568 die
1791 4513 1993 4568 mensis
2016 4527 2188 4584 agnus

584 4603 967 4662 immaculatus
992 4648 1007 4673 ,
1040 4605 1330 4661 anniculus
1358 4647 1371 4671 ,
1404 4606 1621 4659 victima
1665 4606 2001 4671 caederetur;
2043 4606 2188 4675 ejus-

584 4699 709 4755 dem
740 4698 1005 4770 sanguine
1055 4708 1238 4770 postes
1289 4698 1658 4753 illinirentur:
1702 4712 1920 4755 carnem
1972 4699 2187 4769 penitus

582 4789 962 4857 exedendam,
1012 4805 1076 4845 os
1120 4800 1301 4845 autem
1348 4804 1453 4843 non
1497 4789 1925 4847 conterendum:
1976 4800 2184 4862 septem

584 4882 779 4940 diebus
810 4884 1082 4940 fermento
1118 4883 1493 4951 abstinerent,
1535 4885 1739 4956 azymis
1774 4894 2077 4953 uterentur,
2113 4889 2188 4942 ri-

584 4986 811 5050 tumque
853 4976 999 5034 hunc
1039 4978 1273 5049 posteris
1304 4979 1601 5036 traderent.
1636 4979 1708 5034 Ita
1742 4981 1972 5051 populus
2002 4996 2186 5053 egres-

581 5086 677 5129 sus
700 5070 857 5127 dives
879 5073 995 5127 suis
1024 5071 1235 5143 copiis,
1268 5081 1323 5128 et
1352 5071 1573 5145 [Egypti
1601 5074 1792 5144 spoliis
1823 5076 2182 5131 cumulatior:

582 5164 737 5234 cujus
768 5179 1056 5229 numerus,
1087 5180 1154 5218 ex
1180 5166 1419 5236 quinque
1449 5178 1505 5222 et
1534 5168 1875 5237 septuaginta
1908 5168 2182 5237 Hebraeis,

581 5258 676 5330 qui
708 5257 942 5328 primum
973 5257 1270 5330 [Egyptum
1309 5258 1752 5326 descenderant,
1792 5263 1857 5317 ad
1901 5262 2068 5318 millia
2107 5265 2183 5319 vi-

580 5363 768 5405 rorum
815 5360 1075 5406 sexcenta
1127 5362 1450 5421 pervenerat
1481 5394 1493 5406 .
1526 5395 1539 5408 .
1574 5396 1588 5411 .
1622 5394 1635 5408 .
1671 5354 1739 5409 ab
1768 5374 1831 5410 eu
1864 5364 2044 5411 autem
2076 5370 2184 5424 quo

580 5442 820 5513 primum
862 5442 1099 5498 Abraam
1145 5452 1345 5500 terram
1390 5446 1821 5502 Cbauaumurum
1848 5458 2185 5513 accesserat,

580 5547 729 5589 anno
771 5535 1051 5606 trigesimo
1094 5546 1149 5592 et
1193 5536 1770 5610 quadringentesimo:
1805 5558 1830 5591 a
1860 5538 2069 5594 diluvio
2094 5555 2186 5594 au-

581 5635 694 5684 tem
728 5628 875 5685 mille
904 5630 1220 5703 quingentis
1252 5632 1499 5704 quinque
1529 5642 1582 5686 et
1616 5637 1977 5702 septuaginta.
2023 5630 2189 5702 Igitur

577 5735 812 5793 propere
839 5722 1075 5795 egressis
1096 5765 1110 5791 ,
1136 5726 1391 5780 columna
1421 5724 1581 5778 nubis
1608 5723 1873 5787 interdiu,
1908 5736 2068 5779 noctu
2096 5739 2189 5778 co.

578 5815 761 5875 lumna
794 5818 931 5890 ignis
957 5816 1525 5891 prteferebaturqSed
1551 5831 1675 5872 cum
1699 5857 1713 5881 ,
1742 5817 1813 5872 ob
1840 5815 2187 5887 interjectum

2272 1890 2533 1947 cedentes
2576 1890 2818 1959 insequi,
2868 1904 3051 1954 mare,
3099 1904 3201 1958 qua
3254 1887 3501 1957 patebat,
3550 1888 3865 1957 ingressus,

2276 1998 2399 2039 mox
2421 1984 2743 2040 coeuntibus
2766 1983 2919 2051 aquis
2941 1997 3064 2037 cum
3088 1981 3233 2035 onmi
3256 1981 3505 2036 exercitu
3524 1979 3738 2035 deletus
3766 1986 3865 2034 est.

2348 2078 2487 2133 XVI.
2534 2077 2687 2133 Tunc
2730 2078 2943 2149 Moyses
2988 2073 3361 2130 incolumitate
3399 2088 3664 2140 suorum,
3706 2070 3871 2127 exitio

2276 2170 2548 2236 hostium,
2598 2170 2903 2240 virtuteqne
2953 2167 3273 2234 exsultans,
3319 2166 3591 2222 canticum
3640 2164 3873 2219 Domino

2276 2264 2505 2333 cecinit,
2556 2264 2809 2327 idemque
2853 2262 3033 2318 omnis
3082 2262 3237 2317 turba
3272 2260 3450 2316 virilis
3488 2274 3553 2313 ac
3593 2256 3873 2313 muliebris

2278 2374 2437 2415 sexus
2470 2357 2621 2414 fecit.
2665 2357 2772 2413 Sed
2815 2357 3094 2429 ingressos
3133 2370 3378 2411 eremum
3404 2396 3418 2420 ,
3460 2368 3583 2409 cum
3622 2352 3734 2424 jam
3777 2366 3875 2422 per

2279 2454 2517 2509 triduum
2552 2453 2655 2508 iter
2683 2461 2939 2523 agerent,
2969 2466 3124 2521 aqua:
3150 2452 3372 2521 penuria
3404 2448 3660 2521 urgebat,
3692 2462 3875 2518 reper-

2280 2555 2446 2619 taque
2489 2547 2559 2603 ob
2605 2547 3009 2602 amaritudinen
3050 2546 3171 2602 usui
3204 2561 3311 2600 non
3342 2553 3480 2600 erat.
3511 2542 3588 2599 Ac
3623 2554 3735 2598 tum
3767 2543 3877 2613 pri-

2279 2658 2426 2698 mum
2460 2642 2777 2709 impotentis
2815 2642 3003 2713 populi
3032 2641 3373 2697 contumacia
3418 2640 3692 2710 apparuit.
3733 2638 3879 2694 Jam-

2279 2753 2385 2809 que
2414 2738 2469 2793 in
2499 2738 2719 2810 Moysen
2748 2737 3047 2805 ferebatur,
3074 2752 3197 2792 cum
3226 2735 3451 2791 edoctus
3478 2749 3508 2789 a
3536 2734 3649 2789 Deo
3676 2733 3878 2804 lignum

2281 2831 2434 2901 aquis
2463 2830 2673 2896 intulit,
2704 2830 2860 2901 cujus
2887 2832 3004 2886 haec
3032 2830 3116 2885 vis
3141 2829 3268 2896 fuit,
3300 2837 3359 2885 ut
3384 2828 3599 2883 dulcem
3627 2841 3878 2899 saporem

2282 2926 2499 2981 fluentis
2526 2925 2800 2981 redderet.
2828 2925 2963 2980 Exin
2991 2933 3299 2996 promotum
3326 2938 3545 2995 agmen,
3573 2922 3719 2994 apud
3745 2923 3878 2979 Elim

2281 3019 2569 3075 duodecim
2601 3020 2841 3075 fontibus
2862 3035 3126 3090 aquarum
3149 3030 3204 3076 et
3226 3020 3569 3090 septuaginta
3592 3019 3881 3076 arboribus

2286 3113 2582 3182 palmarum
2613 3112 2843 3183 repertis
2868 3112 3137 3168 consedit.
3170 3111 3402 3166 Rursum
3428 3110 3660 3181 populus
3687 3112 3879 3167 famem

2288 3220 2665 3275 conquerens,
2696 3204 2913 3276 Moysen
2953 3205 3305 3276 increpabat,
3336 3203 3554 3275 :Egypti
3598 3206 3881 3261 servitium

2286 3317 2408 3356 cum
2444 3301 2728 3355 saturitate
2760 3299 2969 3355 ventris
2994 3300 3337 3355 desiderans.
3372 3298 3508 3355 Tum
3537 3313 3670 3369 grex
3703 3307 3882 3355 cutur-

2289 3394 2467 3449 nicum
2488 3406 2721 3462 superne
2748 3391 2946 3446 missus
2973 3402 3148 3447 castra
3169 3391 3425 3462 Opplevit.
3450 3390 3681 3447 Postero
3703 3400 3882 3447 autem

2289 3486 2376 3540 die
2396 3485 2836 3541 animadvertunt
2851 3485 2941 3556 qui
2961 3497 3113 3542 extra
3132 3496 3309 3543 castra
3333 3494 3742 3557 processerant,
3764 3501 3887 3556 par-

2290 3578 2370 3633 vis
2388 3577 2709 3648 quibusdam
2734 3578 2945 3648 siliquis
2967 3579 3245 3649 oppletum
3268 3577 3442 3633 solum
3462 3595 3475 3643 ;
3503 3593 3738 3648 quarum
3760 3594 3884 3649 spe.

2288 3671 2402 3726 cies
2428 3669 2481 3726 in
2510 3670 2729 3726 modum
2755 3671 3035 3727 coriandri
3066 3671 3315 3739 seminis,
3342 3669 3559 3741 glaciali
3586 3670 3887 3727 albitudine

2291 3770 2409 3817 erat
2428 3804 2442 3823 ,
2475 3773 2535 3817 ut
2560 3762 2755 3819 crebro
2780 3762 3026 3820 hibernis
3056 3764 3335 3820 mensibus
3363 3764 3710 3834 superductis
3740 3765 3887 3833 prui-

2291 3857 2375 3911 nis
2405 3855 2513 3926 tegi
2546 3864 2745 3911 terram
2777 3856 3045 3912 videmus.
3080 3857 3217 3911 Tum
3257 3872 3355 3928 per
3386 3854 3609 3927 Moysen
3650 3856 3887 3927 populus

2292 3947 2639 4015 admonetur,
2671 3949 2870 4005 Panem
2904 3951 3047 4005 hunc
3076 3950 3154 4006 eis
3200 3964 3425 4005 munere
3471 3949 3699 4005 missum
3750 3948 3884 4004 Dei:

2292 4058 2739 4114 unumquemque
2786 4044 2838 4099 in
2887 4043 2939 4099 id
2980 4045 3187 4115 paratis
3217 4042 3453 4099 vasculis
3484 4051 3693 4098 tantum
3724 4058 3887 4099 usur-

2293 4152 2425 4208 pare
2454 4135 2688 4207 debere,
2720 4147 2977 4209 quantum
3022 4140 3074 4193 in
3117 4139 3260 4194 dit-m
3310 4153 3478 4193 unum
3519 4152 3618 4206 pro
3662 4153 3891 4193 numero

2292 4229 2521 4300 singulis
2554 4231 2685 4286 satis
2715 4242 2861 4288 esset
2888 4249 2900 4286 :
2933 4242 3094 4288 sexto
3127 4242 3305 4286 tamen
3335 4231 3453 4295 die,
3494 4230 3618 4302 quia
3660 4230 3889 4286 sabbato

2292 4322 2473 4394 colligi
2505 4338 2613 4380 non
2645 4324 2857 4393 liceret,
2884 4324 3106 4397 duplum
3128 4330 3542 4396 praesumerent.
3568 4323 3768 4381 Verum
3797 4339 3888 4393 po-

2294 4415 2489 4483 pulus,
2523 4426 2580 4471 ut
2610 4432 2846 4489 semper,
2879 4432 3070 4489 parum
3104 4418 3249 4473 dicto
3290 4417 3545 4485 audiens,
3594 4433 3748 4473 more
3794 4418 3891 4473 iiu-

2293 4510 2440 4564 mani
2472 4511 2709 4580 ingenii,
2735 4528 2838 4568 non
2869 4511 3165 4568 refrenavit
3189 4511 3573 4582 cupiditatem,
3602 4526 3672 4567 ex
3698 4526 3891 4568 recon-

2212 4568 2268 4630 Β
2293 4602 2422 4658 ditis
2452 4604 2507 4658 in
2537 4615 2810 4675 posterum
2833 4621 3049 4677 quoque
3075 4606 3220 4661 diem
3249 4605 3561 4661 consulens.
3596 4603 3707 4661 Sed
3734 4619 3891 4676 repo-

2290 4696 2393 4751 sita
2434 4697 2611 4754 fetore
2641 4698 2765 4754 diro
2798 4701 2851 4755 in
2891 4715 3107 4755 vermes
3139 4697 3604 4763 eﬂervescebant;
3649 4712 3773 4754 cum
3805 4699 3891 4755 die

2290 4798 2447 4846 sexto
2489 4792 2540 4845 in
2575 4790 2858 4848 sabbatum
2892 4803 3167 4847 reservata
3191 4834 3205 4858 ,
3238 4790 3444 4863 integra
3479 4801 3890 4861 permanerent.

2293 4881 2408 4938 Hoc
2438 4882 2650 4939 llebraei
2678 4900 2775 4955 per
2802 4901 2874 4941 xi.
2900 4899 3073 4939 annos
3098 4884 3221 4939 cibo
3246 4892 3374 4938 sunt
3400 4886 3481 4939 usi
3505 4925 3519 4949 ,
3545 4881 3703 4953 cujus
3731 4897 3893 4954 sapor

2291 4976 2441 5031 melli
2473 4977 2784 5047 proximus,
2816 4992 3014 5032 nomen
3046 4978 3242 5033 Manna
3270 4976 3525 5031 traditur.
3551 4976 3607 5031 ln
3642 4976 3892 5032 testimoo

2292 5071 2440 5126 nituu
2467 5083 2647 5127 autem
2672 5072 2837 5127 divini
2867 5073 3108 5127 muneris
3134 5085 3445 5128 reservasse
3467 5071 3679 5143 Moyses
3703 5086 3895 5143 gomor

2291 5164 2510 5234 plenum
2546 5166 2597 5219 in
2630 5180 2759 5221 vase
2789 5179 2954 5219 aureo
2982 5164 3202 5219 dicitur.

2362 5255 2525 5311 XVII.
2560 5254 2686 5310 Inde
2709 5268 3027 5327 progressus
3049 5254 3309 5325 populus,
3334 5271 3457 5312 cum
3485 5272 3640 5329 aqua:
3668 5259 3893 5328 penuria

2290 5358 2614 5415 tentaretur,
2656 5366 2800 5420 aegre
2839 5349 2908 5405 ab
2957 5349 3122 5404 exitio
3148 5350 3298 5404 ducis
3353 5352 3710 5421 temperabat.
3753 5354 3891 5408 Tum

2294 5443 2509 5513 Moyst's
2555 5442 2850 5497 mandante
2892 5440 3159 5508 Domino,
3206 5443 3349 5512 apud
3399 5445 3579 5500 locum
3617 5446 3705 5499 cui
3747 5444 3895 5500 Oreb

2294 5551 2493 5590 nomen
2541 5544 2655 5601 est,
2703 5536 2857 5606 virga
2894 5544 3106 5605 petram
3155 5538 3496 5606 percutiens,
3546 5539 3696 5609 large
3738 5552 3892 5609 aqua:

2290 5630 2503 5700 cupiam
2534 5629 2679 5682 fecit.
2709 5628 2817 5685 Sed
2848 5628 2937 5684 tibi
2967 5628 3253 5701 Rapltidim
3283 5644 3608 5702 perventum
3627 5676 3642 5700 ,
3670 5633 3893 5691 Amale-

2290 5722 2414 5778 citze
2460 5722 2715 5792 populum
2760 5723 3163 5780 incursionibus
3193 5726 3503 5782 vastabant.
3536 5726 3750 5797 Moyses
3780 5727 3895 5783 suis

2291 5816 2345 5870 in
2386 5816 2634 5887 pra-lium
2673 5817 2914 5885 eductis,
2956 5832 3081 5873 cum
3120 5819 3304 5875 .lesum
3336 5818 3669 5877 bellantibus
3697 5820 3895 5891 praefe-
