4106 6344
222 302 317 358 105

1448 295 1778 355 HISTORIA
1816 294 2068 353 SACRA.
2113 294 2241 352 LIB.
2286 296 2325 352 Ι.

3440 302 3543 359 I06

215 419 413 483 cisset,
447 424 753 488 assumpto
784 415 961 474 Aaron
989 422 1044 470 et
1070 412 1148 471 Ur
1187 420 1468 485 spectator
1508 430 1707 485 pugnae
1747 413 1831 467 fu-
1858 415 1912 474 Α
1940 427 2038 467 nes
2068 414 2379 468 abactorem
2414 424 2613 482 pecora
2645 412 3022 482 reperientur,
3055 412 3220 481 dupla
3262 415 3543 475 resdtuet.

216 521 399 578 turus,
448 511 619 568 simul
682 510 941 580 precandi
990 510 1278 565 Dominum
1327 511 1538 580 gratia,
1586 522 1829 565 montem

215 606 555 664 conscendit.
596 607 714 664 Sed
748 624 870 662 cum
901 606 1065 662 dubio
1088 614 1288 662 eventu
1329 607 1480 661 acies
1515 608 1832 663 conenrris-

214 711 329 757 sent
349 743 363 763 ,
392 700 571 772 Moysi
608 701 875 773 precibus
904 700 1078 755 victor
1104 698 1266 756 .lesus
1298 699 1489 755 hostes
1521 698 1575 753 in
1610 710 1829 755 noctem

215 795 440 852 catcidit.
475 795 587 851 Per
631 796 782 852 idem
823 806 1036 866 tempus
1072 795 1269 851 Jotltor
1296 795 1469 868 Moysi
1509 810 1671 851 socer
1704 810 1830 850 cum

216 886 314 942 lilia
351 887 652 959 Sepphora
696 888 863 959 (quae
900 888 1070 962 Moysi
1110 900 1310 959 nupta,
1353 888 1747 961 proficiscentc
1776 890 1827 944 in

213 979 502 1054 Egyptqu
536 984 665 1038 viro
694 982 842 1039 domi
872 982 1196 1053 resederat)
1226 982 1527 1054 liberisque
1554 982 1705 1054 ejus,
1732 997 1828 1037 co-

212 1078 369 1148 gnitis
408 1077 584 1135 rebus
623 1094 757 1151 quae
797 1094 892 1150 per
930 1079 1152 1150 Moysen
1192 1080 1551 1151 gerebantur,
1593 1078 1660 1133 ad
1702 1096 1827 1134 eum

216 1170 371 1225 venit.
416 1170 601 1241 llnjus
646 1172 889 1228 consilio
918 1170 1135 1244 Moyses
1163 1172 1391 1227 ordines
1426 1172 1610 1244 populi
1644 1171 1832 1227 distri-

214 1263 356 1319 buit:
391 1264 662 1321 tribunos
695 1266 1161 1332 centurionesque
1193 1276 1251 1321 et
1288 1266 1625 1322 decuriones
1652 1265 1831 1337 ιπηιῐί-

213 1358 355 1414 ciens
376 1400 389 1421 ,
422 1361 821 1416 necessarium
853 1359 1161 1429 disciplinac
1194 1364 1356 1416 ritutn
1391 1363 1628 1431 posteris
1661 1362 1831 1416 tradi-

212 1450 305 1508 dit.
350 1453 555 1509 .lothor
606 1454 667 1510 in
717 1456 946 1526 patriam
990 1471 1296 1526 regressus.
1345 1456 1484 1510 Exin
1528 1455 1595 1511 ad
1640 1456 1826 1512 Sinam

214 1558 447 1606 montem
483 1560 851 1621 perventum.
885 1550 959 1605 lbi
990 1550 1207 1623 Moyses
1234 1570 1261 1603 a
1281 1551 1517 1606 Domino
1548 1561 1826 1618 monetur,

214 1645 435 1715 pepulus
467 1656 528 1699 ut
555 1646 1040 1709 sanctilicaretur,
1069 1644 1356 1699 auditurus
1386 1644 1480 1699 Dei
1508 1659 1676 1699 voces
1704 1662 1717 1699 :
1750 1643 1832 1699 id—

215 1751 313 1807 que
346 1737 594 1793 solltcite
625 1745 907 1792 curatum.
937 1735 1041 1792 Sed
1078 1737 1167 1793 ubi
1206 1737 1348 1792 Deus
1380 1737 1552 1792 monti
1592 1736 1829 1804 institit,

1937 504 2272 560 Nocturnum
2312 504 2485 560 furem
2524 506 2698 560 occidi
2736 503 2902 570 licet,
2945 504 3204 562 diurnum
3242 525 3349 563 non
3392 510 3541 566 licet.

1935 603 1991 661 Si
2032 613 2189 673 cuius
2231 621 2428 675 pecora
2470 606 2699 661 alterius
2730 616 2847 660 sata
2890 604 3253 677 depaverint,
3287 608 3546 664 dominus

1936 701 2154 771 pecoris
2183 716 2372 757 eversa
2416 701 2689 755 restituet.
2732 699 2791 755 Si
2832 699 3148 768 depositum
3194 702 3455 771 perierit,
3499 704 3547 759 is

1933 811 2105 867 penes
2152 812 2313 866 quem
2355 795 2669 867 depositum
2714 796 2852 863 fuit,
2895 795 3103 865 jurabit
3142 797 3276 851 nihil
3322 813 3383 855 se
3424 799 3547 855 dolo

1935 890 2153 959 egisse:
2185 891 2272 945 fur
2300 891 2554 947 inventus
2575 932 2589 953 .
2622 890 2851 959 dutilnm
2882 889 3059 945 dabit.
3088 888 3546 950 Commendatum

1935 999 2103 1054 pecus
2130 999 2162 1039 a
2188 985 2357 1040 bestia
2386 986 2791 1055 interceptum,
2816 1000 2927 1039 non
2957 984 3305 1042 restituetur.
3335 986 3393 1044 Si
3425 989 3548 1058 quis

1935 1079 2202 1149 virginem
2246 1080 2486 1134 nondum
2528 1078 2919 1148 deSponsatam
2961 1080 3301 1145 corruperit,
3334 1081 3550 1138 dotabit

1934 1174 2199 1243 puellam,
2228 1186 2280 1230 et
2311 1175 2382 1229 ita
2407 1190 2524 1230 eam
2551 1190 2776 1230 uxorem
2802 1175 3059 1244 accipiet.
3085 1175 3141 1231 Si
3167 1185 3323 1247 pater
3350 1177 3547 1246 puella:

1934 1272 2155 1331 nuptias
2187 1270 2554 1334 recusaverit,
2585 1269 2768 1324 dotem
2803 1279 2998 1339 raptor
3023 1270 3197 1325 dabit.
3245 1270 3298 1325 Si
3334 1272 3459 1336 quis
3489 1285 3547 1325 se

1934 1360 2125 1431 pecudi
2163 1361 2477 1427 miscuerit,
2512 1363 2673 1417 morti
2702 1362 2946 1417 dabitur.
2982 1362 3313 1418 SacriIiCans
3343 1362 3505 1417 idolis
3527 1405 3541 1429 ,

1933 1462 2146 1523 pereat.
2180 1452 2412 1508 Viduam
2443 1465 2492 1509 ct
2524 1456 2833 1525 orpbanum
2868 1470 2973 1507 non
3007 1453 3375 1523 premendus:
3408 1454 3546 1509 Pau-

1935 1563 2121 1616 pcrem
2167 1548 2475 1604 debitorem
2526 1563 2631 1604 non
2681 1548 3129 1618 perurgendnm;
3174 1563 3277 1604 nec
3320 1565 3541 1603 usuram

1935 1642 2265 1712 poscendam
2298 1643 2738 1698 :VeStimentnm
2766 1645 3021 1713 pauperis
3051 1659 3146 1712 pro
3175 1646 3405 1713 pignore
3435 1660 3544 1700 non

1933 1740 2317 1811 accipiendum
2346 1760 2357 1795 :
2392 1742 2708 1812 Principcm
2746 1743 2931 1811 populi
2966 1757 3071 1795 non
3108 1742 3501 1812 increpandam
3533 1760 3545 1795 :

214 1829 399 1885 validis
447 1830 729 1886 tubarum
760 1830 1114 1902 clangoribus
1151 1845 1246 1885 aer
1272 1831 1647 1900 quatiebatur,
1677 1845 1828 1886 eras-
1864 1822 1909 1884 Β
1938 1833 2310 1906 Primogenita
2358 1837 2541 1891 omnia
2593 1836 2823 1891 Domino
2866 1836 3146 1892 offerenda
3178 1855 3189 1890 :
3237 1838 3467 1892 Carnem
3513 1852 3543 1891 a

214 1939 384 1995 seque
411 1928 598 1981 nubes
621 1925 846 1981 crebris
870 1941 991 1981 cum
1021 1925 1339 1980 fulminibus
1368 1926 1830 1981 advolvebantur.

215 2022 311 2080 Sed
342 2023 567 2096 Moyses
598 2032 663 2079 et
697 2024 881 2079 Aaron
912 2022 963 2077 in
986 2024 1189 2078 montis
1221 2020 1512 2077 cacumine
1539 2020 1831 2075 Dominum

215 2127 457 2188 propter,
495 2116 746 2187 papulus
778 2116 926 2171 circa
961 2115 1069 2171 ima
1101 2114 1303 2169 montis
1332 2113 1601 2169 constitit.
1636 2112 1713 2167 lia
1747 2115 1837 2168 lex

216 2208 316 2266 lata
347 2210 658 2279 multiplex
694 2219 753 2265 et
781 2210 1002 2280 copiosa
1036 2208 1133 2263 Dei
1166 2200 1381 2273 verbis,
1414 2216 1472 2263 et
1501 2221 1651 2277 sa'pe
1682 2221 1836 2275 repe-

217 2308 344 2361 tita:
394 2306 567 2376 cujus
615 2306 666 2361 si
720 2304 844 2376 quis
891 2305 1002 2359 erit
1047 2303 1346 2367 curiosior,
1399 2301 1606 2356 fontem
1655 2302 1833 2371 ipsum

217 2400 367 2458 adeat
392 2422 406 2457 :
444 2416 553 2457 nos
581 2416 710 2458 eam
745 2400 985 2455 breviter
1014 2398 1459 2469 perstringinius.
1487 2395 1605 2451 Non
1633 2407 1797 2451 erunt
1816 2436 1832 2459 ,

215 2495 417 2566 inquit.
455 2498 561 2553 tibi
609 2496 702 2551 dei
744 2494 911 2550 alieni
954 2504 1155 2565 praeter
1187 2508 1313 2547 me:
1357 2491 1478 2547 Non
1523 2489 1693 2546 facies
1736 2488 1835 2544 tibi

220 2588 415 2646 idolum
443 2607 459 2645 :
494 2590 619 2646 Non
647 2605 841 2644 sumes
868 2604 1068 2644 nomen
1098 2586 1195 2641 Dei
1227 2586 1301 2641 tui
1335 2588 1389 2640 in
1416 2601 1619 2640 vanum
1648 2602 1662 2639 :
1692 2584 1835 2641 Sab-

221 2682 338 2740 bato
378 2685 601 2739 nullum
644 2697 791 2754 opus
833 2681 1045 2737 facies:
1078 2678 1395 2735 Honoriflca
1436 2688 1648 2750 patrem
1683 2688 1835 2731 tuum

220 2788 276 2836 et
302 2788 541 2837 matrem
578 2790 739 2833 tuam
776 2794 790 2831 :
820 2775 940 2834 Non
973 2774 1238 2830 occides:
1268 2772 1384 2828 Non
1427 2768 1833 2828 mmchabet'is:

222 2872 334 2931 Non
374 2876 584 2932 furtum
632 2874 844 2930 facies:
884 2870 1001 2927 Non
1043 2870 1236 2925 lalsutn
1278 2865 1655 2924 testimonium
1684 2865 1837 2919 dices

225 2969 486 3026 adversus
524 2969 843 3040 proximum
886 2973 1084 3021 tuum:
1125 2964 1241 3019 Non
1283 2962 1650 3033 concupisces
1677 2957 1839 3031 quid-

228 3077 383 3135 quam
419 3063 655 3132 proximi
694 3062 797 3117 tui.

297 3155 477 3211 XVIII.
512 3156 610 3212 llis
640 3171 672 3209 a
710 3154 827 3210 Deo
853 3152 1018 3209 dictis
1039 3194 1055 3217 ,
1085 3166 1208 3207 cum
1238 3150 1383 3206 tubae
1410 3148 1840 3217 circumstrepe—

1938 1925 2051 1982 fera
2096 1937 2311 1996 captam
2360 1944 2467 1983 non
2508 1929 2821 1984 edendam:
2867 1927 3151 1986 Coitionos
3196 1932 3247 1985 in
3296 1930 3545 1986 testimo-

1939 2020 2085 2075 nium
2121 2020 2354 2087 falsum,
2390 2034 2485 2076 aut
2522 2023 2573 2077 in
2609 2038 2952 2094 quacumque
2982 2024 3232 2090 malitia,
3268 2042 3378 2080 non
3422 2040 3549 2081 esse

1938 2113 2240 2171 faciendas.
2271 2116 2481 2171 Inimici
2517 2132 2680 2187 pecus
2710 2133 2904 2174 errans
2934 2134 3039 2173 non
3072 2119 3380 2190 prteteribis
3402 2162 3415 2183 ,
3449 2120 3546 2176 sed

1939 2209 2196 2265 reduces.
2231 2210 2289 2266 Si
2323 2209 2524 2264 animal
2560 2212 2764 2266 inimici
2808 2214 3169 2270 succubuisse
3201 2216 3354 2270 oneri
3396 2216 3550 2271 inve-

1940 2306 2123 2371 neris,
2168 2305 2386 2374 crigere
2424 2305 2672 2362 debebis.
2716 2306 3075 2362 Innocentem
3105 2308 3394 2378 ctjusmm
3438 2324 3547 2363 non

1939 2398 2181 2453 occides.
2235 2396 2350 2453 Non
2397 2398 2729 2469 justilicabis
2778 2402 3002 2471 impium
3054 2417 3153 2472 pro
3201 2404 3546 2459 muneribus.

1939 2491 2167 2548 Munera
2212 2510 2318 2547 non
2362 2494 2682 2564 accipienda
2711 2513 2722 2546 :
2756 2494 3041 2549 Advenam
3072 2495 3312 2567 benigne
3343 2498 3549 2553 baben-

1939 2585 2067 2641 dum
2097 2605 2110 2641 :
2139 2586 2246 2643 Sex
2278 2587 2475 2641 diebus
2502 2603 2637 2658 opus
2671 2587 2979 2643 faciendum
3006 2631 3018 2654 ,
3044 2589 3277 2644 sabbato
3304 2592 3551 2660 requies-

1939 2680 2174 2735 cendum
2202 2697 2216 2734 :
2250 2678 2484 2735 Fructus
2512 2681 2733 2750 septimi
2764 2682 2890 2736 anni
2937 2698 3044 2738 non
3093 2684 3381 2739 metendos
3407 2725 3422 2752 ,
3455 2684 3551 2740 sed

1933 2774 2281 2845 pauperibus
2307 2786 2360 2829 et
2394 2775 2583 2845 egenis
2614 2775 3029 2843 relinquendos.

2014 2869 2159 2925 XIX.
2202 2870 2327 2925 llaec
2359 2868 2474 2925 fere
2504 2869 2721 2943 Moyses
2750 2870 2816 2927 ad
2854 2873 3110 2943 pepnlttm
3143 2873 3305 2929 verba
3336 2873 3435 2928 Dei
3464 2888 3550 2930 re-

1941 2965 2102 3032 tulit,
2130 2965 2498 3037 altariumque
2526 2982 2591 3021 ex
2619 2966 2907 3022 duodecim
2938 2968 3209 3038 lapidibus
3233 2969 3338 3025 sub
3364 2979 3551 3025 monte

1941 3062 2244 3115 constituit.
2294 3058 2371 3115 Ac
2417 3075 2633 3115 rursum
2687 3070 2926 3116 montem
2958 3104 2972 3127 ,
3024 3063 3074 3116 in
3123 3078 3231 3133 quo
3284 3064 3550 3119 Dominus

1941 3154 2315 3218 consistebat,
2364 3154 2730 3221 conscendit,
2781 3154 3027 3210 adhibito
3078 3172 3265 3211 secum
3318 3156 3547 3221 Aaron,

222 3260 386 3318 rent,
420 3248 711 3319 lampades
745 3245 1206 3310 inardescerent,
1242 3256 1483 3298 montem
1528 3241 1713 3296 fumus
1742 3240 1844 3293 0b-
1868 3231 1914 3294 Ο
1948 3246 2135 3302 Nadab
2184 3256 2240 3301 et
2287 3245 2465 3301 Abiud
2490 3287 2504 3311 ,
2557 3247 2964 3317 majoribusque
3007 3258 3134 3301 natu
3180 3247 3548 3316 septuaginta.

222 3351 469 3414 tegeret,
513 3342 759 3415 populus
799 3356 914 3412 pra:
953 3343 1151 3395 timore
1185 3337 1495 3399 inhorruit,
1535 3337 1699 3391 verba
1745 3334 1838 3390 Ι)θί

224 3452 327 3493 nOn
354 3436 642 3493 sustinens
667 3451 685 3500 ;
717 3433 1077 3504 poposcitque
1102 3447 1131 3485 a
1161 3430 1348 3503 Moyse
1370 3472 1385 3497 ,
1415 3437 1475 3484 ut
1497 3428 1599 3499 ipsi
1626 3438 1838 3483 tantum

224 3528 539 3599 loqueretur
583 3528 899 3593 Dominus,
942 3538 1106 3597 atque
1138 3525 1211 3578 ita
1241 3524 1424 3578 audita
1468 3522 1534 3577 ad
1579 3522 1838 3592 populum

223 3621 476 3679 referret.
534 3621 737 3677 Edicta
780 3629 963 3675 autem
1011 3619 1104 3673 Dei
1147 3617 1214 3672 ad
1260 3616 1487 3689 Moysen
1532 3613 1842 3670 istiusmodi

222 3728 383 3773 sunt:
414 3717 687 3773 Hebrmus
718 3730 857 3785 puer
889 3714 1114 3785 pen-unia
1144 3722 1382 3781 emptus,
1413 3727 1508 3767 sex
1536 3714 1697 3766 annis
1725 3726 1843 3765 scr-

223 3811 365 3879 viet,
397 3821 521 3882 post
548 3811 673 3866 haec
708 3809 846 3866 liber
874 3810 981 3865 erit
1009 3828 1023 3865 :
1056 3818 1255 3879 sponte
1278 3818 1460 3862 autem
1491 3805 1843 3877 permanenti

225 3904 278 3961 in
308 3908 584 3963 servitute
607 3947 623 3972 ,
658 3904 811 3960 auris
841 3903 1129 3959 forabitnr.
1164 3902 1266 3970 Qni
1310 3902 1591 3957 hominem
1628 3900 1847 3957 occide-

224 3999 327 4068 rit,
356 4003 537 4073 capite
568 4013 770 4070 ptenas
800 3997 916 4053 lunt
943 4014 956 4052 :
984 3998 1077 4066 qui
1108 3998 1461 4067 imprudens.
1492 3996 1596 4051 rite
1624 3994 1843 4051 exsule-

226 4094 313 4151 rit.
344 4096 444 4164 Qui
477 4105 699 4167 patrem
728 4103 1030 4147 matremve
1058 4080 1394 4162 pulsaverit,
1423 4090 1845 4159 conviciumque

229 4186 308 4242 eis
336 4189 580 4256 dixerit,
616 4185 848 4258 capitali
889 4186 1164 4255 supplicio
1194 4183 1454 4240 allicitor.
1497 4183 1553 4239 Si
1584 4188 1709 4254 quis
1742 4182 1847 4237 He-

230 4279 430 4340 braeutu
455 4284 800 4353 subreptum
825 4280 1164 4345 vendiderit,
1190 4280 1353 4334 morti
1377 4279 1621 4333 dabitur.
1643 4280 1698 4332 Si
1723 4276 1845 4347 quis

227 4390 439 4434 servum
484 4376 785 4448 proprium
827 4388 1113 4430 servamve
1156 4372 1522 4444 percusserit,
1568 4386 1747 4441 exque
1776 4385 1845 4427 eo

230 4470 327 4530 ictu
361 4474 614 4542 obierit,
660 4486 792 4527 reus
820 4471 1031 4541 judicio
1070 4471 1183 4527 fiet.
1222 4470 1279 4527 Si
1323 4469 1446 4541 quis
1481 4479 1697 4540 partum
1735 4484 1840 4524 non

230 4569 598 4632 deformatum
652 4571 876 4628 mulieri
927 4571 1269 4637 excusserit,
1322 4569 1442 4624 neci
1495 4568 1736 4623 dabitur.
1786 4567 1843 4623 Si

1942 3340 2051 3397 Sed
2086 3340 2135 3393 hi
2164 3355 2271 3394 non
2300 3339 2546 3395 valentes
2569 3340 2863 3395 Dominum
2894 3340 3126 3407 intueri,
3154 3340 3333 3396 locum
3364 3349 3546 3398 tamen

1943 3434 1996 3489 in
2039 3448 2149 3503 quo
2192 3433 2454 3489 Dominus
2495 3435 2711 3498 stabat,
2743 3434 3044 3490 viderunt:
3077 3434 3237 3505 cujus
3280 3435 3551 3491 mirabilis

1942 3527 2117 3585 forma
2158 3538 2214 3585 et
2254 3528 2523 3585 claritudo
2564 3528 2763 3585 eximia
2806 3528 3065 3586 refertur.
3110 3531 3327 3602 Moyses
3366 3541 3547 3585 autem

1943 3622 2245 3677 accersitus
2268 3638 2295 3673 a
2334 3622 2582 3687 Domino,
2616 3622 2934 3677 interiorem
2968 3623 3166 3678 nubem
3195 3637 3316 3694 qua:
3343 3623 3550 3678 circum

1947 3716 2237 3771 Dominum
2280 3724 2546 3781 steterat,
2593 3716 2910 3786 ingressus,
2953 3716 3314 3788 quadraginta
3354 3717 3552 3773 diebus

1944 3809 2282 3878 t0tidemque
2314 3809 2564 3865 noctibus
2590 3810 2660 3863 ibi
2688 3808 2857 3863 fuisse
2882 3809 3139 3865 traditur.
3166 3811 3284 3876 Quo
3308 3820 3553 3880 tempore

1942 3918 2111 3976 Super
2149 3904 2473 3959 :edilicando
2516 3903 2876 3959 tabernaculo
2918 3915 3081 3974 atque
3122 3919 3282 3969 arca,
3330 3904 3552 3973 rituque

1946 3996 2287 4053 sacrificandi
2330 3997 2556 4053 edoctus
2598 3996 2780 4051 verbis
2825 3996 2917 4051 Dei
2946 4006 3060 4050 est:
3090 4012 3213 4068 quae
3251 4011 3353 4067 ego
3378 4037 3391 4061 ,
3423 3997 3552 4067 quia

1943 4093 2155 4163 prolixa
2200 4092 2497 4147 admodum
2543 4092 2891 4154 videbantur,
2939 4091 3227 4146 inserenda
3275 4091 3401 4146 huic
3445 4101 3552 4145 tam

1948 4188 2179 4256 praeciso
2219 4186 2369 4257 operi
2420 4200 2527 4240 non
2575 4185 2781 4255 putavi.
2821 4183 2929 4239 Sed
2972 4185 3305 4238 immorante
3349 4182 3556 4237 diutius

1947 4278 2131 4350 Moyse
2153 4320 2167 4343 ,
2195 4278 2394 4347 quippe
2423 4278 2515 4347 qui
2548 4293 2619 4332 χι.
2644 4276 2763 4330 dies
2789 4276 2933 4343 apud
2965 4275 3253 4329 Dominum
3284 4274 3513 4329 duceret
3539 4319 3552 4340 ,

1946 4374 2179 4445 populus
2207 4373 2496 4444 deSperato
2524 4372 2643 4441 ejus
2670 4369 2849 4425 reditu
2880 4372 3058 4424 Aaron
3088 4369 3351 4439 compulit
3377 4368 3551 4423 sintu-

1948 4469 2094 4525 lacra
2128 4468 2329 4524 facere.
2358 4467 2510 4523 Tunc
2541 4483 2607 4523 ex
2642 4466 2880 4521 metallis
2911 4464 3165 4520 conﬂatis
3202 4462 3359 4518 vituli
3391 4474 3557 4533 caput

1948 4564 2189 4629 exstitit;
2217 4562 2306 4618 cui
2338 4579 2460 4618 cum
2502 4562 2740 4633 populus
2774 4561 2985 4616 Domini
3020 4561 3313 4615 immemor
3347 4559 3557 4617 hostias

227 4668 343 4735 quis
388 4683 566 4723 servo
615 4665 845 4721 oculum
890 4677 982 4720 aut
1026 4664 1251 4720 dentem
1290 4663 1587 4719 extorserit
1608 4705 1623 4729 ,
1654 4677 1847 4719 servus
1875 4631 1923 4693 θ
1950 4660 2271 4721 οὒιιιῖὶεςθι,
2300 4659 2536 4727 vinoque
2564 4672 2626 4712 se
2651 4666 2706 4712 et
2735 4656 2907 4710 ventri
2930 4653 3204 4721 dedisset,
3228 4654 3566 4725 despectans

232 4758 470 4815 vindicta
507 4757 870 4814 liberabitur.
904 4759 1123 4812 Taurus
1153 4756 1200 4812 si
1233 4756 1511 4813 hominem
1542 4755 1844 4822 occiderit,

234 4846 573 4922 Iapidabitur
607 4867 622 4905 τ
659 4850 706 4904 si
742 4850 1002 4906 dominus
1034 4850 1217 4906 sciens
1249 4848 1441 4905 besdze
1472 4849 1660 4904 vitium
1683 4892 1697 4916 ,
1738 4864 1845 4901 non

235 4950 618 5015 consuluerit,
649 4956 706 5002 et
730 4947 849 5018 ipse
881 4948 1251 5019 lapidabitur:
1282 4957 1375 5002 aut
1405 4947 1583 5016 pretio
1613 4960 1674 5000 se
1706 4944 1850 5001 redi-

241 5052 382 5110 mat,
422 5046 477 5098 in
514 5051 796 5114 quantum
834 5052 1123 5097 accusator
1162 5042 1498 5113 poposcerit.
1544 5041 1598 5096 Si
1631 5054 1845 5094 servum

242 5141 425 5191 taurus
476 5135 798 5198 Occiderit,
856 5136 910 5188 in
965 5135 1188 5207 triginta
1233 5132 1571 5189 didrachmis
1622 5132 1852 5201 pecunia

245 5231 465 5287 domino
503 5228 910 5287 numerabitur.
944 5230 998 5285 Si
1038 5232 1164 5301 quis
1203 5229 1478 5287 defossum
1525 5230 1703 5282 larum
1744 5242 1853 5281 non

1951 4752 2071 4809 haec
2092 4752 2242 4823 justo
2272 4752 2461 4807 dolore
2495 4752 2667 4814 Deus,
2706 4748 3018 4821 improbum
3057 4748 3355 4817 populum,
3392 4746 3493 4800 nisi
3527 4761 3559 4801 ε

1951 4850 2135 4921 Moyse
2189 4847 2386 4903 fuisset
2432 4856 2734 4911 exoratus,
2787 4844 3048 4899 delesset.
3109 4841 3216 4898 Sed
3276 4855 3560 4911 regressus

1949 4940 2167 5014 Moyses
2192 4982 2204 5005 ,
2232 4955 2354 4996 cum
2387 4939 2522 4994 duas
2550 4955 2614 4995 ex
2662 4937 2841 5007 lapide
2885 4937 3094 4991 tabulas
3137 4951 3300 4989 manu
3344 4934 3563 4990 llotnini

1951 5035 2190 5103 scriptas
2228 5034 2544 5097 detulisset,
2582 5032 2953 5103 populumque
2998 5030 3146 5083 luxui
3183 5039 3237 5082 et
3272 5025 3563 5096 sacrilegio

1957 5127 2201 5183 deditum
2252 5125 2750 5197 deprehendisset,
2802 5123 3014 5179 tabulas
3061 5121 3372 5192 cetifregit;
3426 5121 3566 5176 indi-

1955 5236 2117 5293 gnam
2146 5236 2266 5276 esse
2297 5234 2515 5288 gentem
2542 5219 2861 5275 existimans
2886 5260 2899 5283 ,
2946 5218 3028 5273 cui
3076 5218 3161 5272 lex
3206 5216 3423 5271 Domini
3458 5228 3567 5271 tra-

244 5328 598 5396 cooperuerit
619 5367 634 5393 ,
667 5338 951 5395 pocnstiue
980 5324 1034 5379 in
1068 5323 1246 5379 lacum
1277 5322 1583 5390 ceciderit,
1617 5320 1852 5391 pretium
1958 5314 2202 5371 deretur.
2235 5312 2417 5369 Multis
2447 5324 2625 5367 tamen
2660 5311 2941 5381 increpitis
2963 5352 2978 5375 ,
3011 5310 3237 5365 Levitas
3268 5311 3333 5363 ad
3368 5324 3427 5363 se
3472 5324 3540 5378 ag

246 5421 469 5490 pecudis
485 5419 720 5475 domino
742 5416 915 5473 dabit.
935 5416 995 5474 Si
1018 5430 1207 5473 taurus
1224 5418 1455 5472 alterius
1478 5426 1692 5472 taurum
1714 5415 1858 5470 occi-

248 5512 423 5581 derit,
451 5529 627 5585 pecus
649 5512 1103 5579 vennmdabitur,
1133 5513 1484 5583 pretiumque
1504 5511 1708 5566 domini
1735 5526 1860 5581 par-

234 5607 448 5665 tientur
471 5628 485 5663 :
505 5617 858 5681 peremptum
874 5609 1040 5664 etiam
1064 5608 1331 5663 divident.
1354 5606 1508 5675 Quod
1532 5607 1574 5660 si
1604 5607 1861 5661 dominus

248 5703 436 5761 vitium
466 5704 618 5760 tauri
644 5702 830 5759 sciens
852 5746 867 5771 ,
892 5719 1001 5759 non
1033 5704 1373 5759 consuluerit
1398 5718 1414 5769 ;
1451 5710 1665 5757 taurum
1690 5701 1861 5757 dabit.

249 5795 306 5854 Si
340 5801 461 5872 quis
499 5799 737 5855 vitulum
776 5798 1155 5871 subripuerit,
1198 5798 1440 5870 quinque
1479 5798 1777 5864 restituet;
1817 5796 1864 5853 si

247 5905 407 5951 ovem
434 5892 780 5968 subripuerit
800 5936 815 5960 ,
846 5892 1141 5965 quadrupli
1174 5908 1334 5964 poena
1366 5889 1509 5949 erit:
1539 5890 1588 5947 si
1619 5890 1739 5947 viva
1771 5905 1865 5962 pe-

707 5987 985 6051 PATROL.
1069 5986 1220 6049 XX.

1960 5409 2238 5480 gregavit,
2280 5408 2597 5477 eisdemque
2641 5410 2932 5478 prmi-epit,
2974 5417 3031 5461 ut
3076 5404 3340 5459 districtis
3370 5399 3565 5471 gladiis

1963 5508 2221 5577 populum
2254 5503 2531 5557 cmderent
2556 5519 2570 5568 ;
2598 5517 2704 5571 quo
2731 5500 2936 5568 impetu
2974 5514 3047 5553 xx
3086 5498 3185 5553 tria
3218 5495 3388 5550 millia
3421 5494 3566 5545 viro.

1964 5617 2084 5657 rum
2113 5610 2388 5671 perempta
2419 5598 2723 5653 traduntur.
2750 5594 2885 5649 Tum
2916 5595 3128 5662 Moyses
3156 5584 3569 5643 tabernaculum

1967 5710 2121 5753 exwa
2158 5707 2336 5750 castra
2366 5692 2649 5748 c0n5tituil
2678 5708 2690 5744 ι
2718 5689 2861 5759 quod
2888 5686 3108 5759 quoties
3140 5682 3331 5735 fuisset
3358 5678 3571 5747 ingres-

1968 5808 2097 5860 sus,
2142 5791 2394 5861 columna
2434 5788 2591 5844 nubis
2627 5786 2845 5839 adstare
2881 5798 2980 5851 pro
3019 5777 3227 5834 foribus
3265 5773 3569 5838 visebatur,

1969 5900 2263 5956 coramque
2291 5882 2359 5939 ad
2390 5880 2609 5952 Moysen
2641 5876 2905 5932 Dominus
2933 5870 3273 5944 loquebatur.
3304 5865 3576 5923 Poscente

2967 5963 3004 6025 1.
