  <div class='ocr_page' id='page_1' title='image "/cluster/home/n/w/nwhite01/storage/ocr_20150623/20/hvd.32044015471352/059.png"; bbox 0 0 4106 6344; ppageno 0'>
   <div class='ocr_carea' id='block_1_1' title="bbox 574 253 678 312">
    <p class='ocr_par' dir='ltr' id='par_1_1' title="bbox 574 253 678 312">
     <span class='ocr_line' id='line_1_1' title="bbox 574 253 678 312; baseline 0.01 -1"><span class='ocrx_word' id='word_1_1' title='bbox 574 253 678 312; x_wconf 75' lang='grc' dir='ltr'><strong>ιον</strong></span> 
     </span>
    </p>
   </div>
   <div class='ocr_carea' id='block_1_2' title="bbox 1935 250 2518 314">
    <p class='ocr_par' dir='ltr' id='par_1_2' title="bbox 1935 250 2518 314">
     <span class='ocr_line' id='line_1_2' title="bbox 1935 250 2518 314; baseline 0.009 -5"><span class='ocrx_word' id='word_1_2' title='bbox 1935 250 2226 311; x_wconf 83' lang='lat' dir='ltr'><strong>SULPICII</strong></span> <span class='ocrx_word' id='word_1_3' title='bbox 2265 252 2518 314; x_wconf 73' lang='lat' dir='ltr'><strong>SEVERI</strong></span> 
     </span>
    </p>
   </div>
   <div class='ocr_carea' id='block_1_3' title="bbox 3782 264 3884 328">
    <p class='ocr_par' dir='ltr' id='par_1_3' title="bbox 3782 264 3884 328">
     <span class='ocr_line' id='line_1_3' title="bbox 3782 264 3884 328; baseline 0.029 -3"><span class='ocrx_word' id='word_1_4' title='bbox 3782 264 3884 328; x_wconf 72' lang='grc' dir='ltr'><strong>ιω</strong></span> 
     </span>
    </p>
   </div>
   <div class='ocr_carea' id='block_1_4' title="bbox 566 367 3884 448">
    <p class='ocr_par' dir='ltr' id='par_1_4' title="bbox 566 367 3884 448">
     <span class='ocr_line' id='line_1_4' title="bbox 566 367 3884 448; baseline 0.001 -18"><span class='ocrx_word' id='word_1_5' title='bbox 566 385 746 432; x_wconf 84' lang='lat' dir='ltr'><strong>autem</strong></span> <span class='ocrx_word' id='word_1_6' title='bbox 777 373 962 446; x_wconf 86' lang='lat' dir='ltr'><strong>Moyse</strong></span> <span class='ocrx_word' id='word_1_7' title='bbox 983 415 997 439; x_wconf 85' lang='lat'><strong>,</strong></span> <span class='ocrx_word' id='word_1_8' title='bbox 1023 381 1087 430; x_wconf 85' lang='lat' dir='ltr'><strong>ut</strong></span> <span class='ocrx_word' id='word_1_9' title='bbox 1113 373 1401 429; x_wconf 86' lang='lat' dir='ltr'><strong>Dominum</strong></span> <span class='ocrx_word' id='word_1_10' title='bbox 1433 373 1488 428; x_wconf 93' lang='lat' dir='ltr'><strong>in</strong></span> <span class='ocrx_word' id='word_1_11' title='bbox 1520 373 1809 445; x_wconf 88' lang='lat' dir='ltr'><strong>majestate</strong></span> <span class='ocrx_word' id='word_1_12' title='bbox 1838 371 2058 441; x_wconf 87' lang='lat' dir='ltr'><strong>propria</strong></span> <span class='ocrx_word' id='word_1_13' title='bbox 2091 371 2172 426; x_wconf 90' lang='lat' dir='ltr'><strong>vi-</strong></span> <span class='ocrx_word' id='word_1_14' title='bbox 2201 367 2258 431; x_wconf 79' lang='grc' dir='ltr'><strong>Δ</strong></span> <span class='ocrx_word' id='word_1_15' title='bbox 2281 382 2574 442; x_wconf 89' lang='lat' dir='ltr'><strong>mentoque</strong></span> <span class='ocrx_word' id='word_1_16' title='bbox 2617 384 2810 427; x_wconf 88' lang='lat' dir='ltr'><strong>omnes</strong></span> <span class='ocrx_word' id='word_1_17' title='bbox 2859 371 3183 429; x_wconf 72' lang='lat' dir='ltr'><strong>interissent</strong></span> <span class='ocrx_word' id='word_1_18' title='bbox 3203 415 3217 439; x_wconf 90' lang='lat'><strong>,</strong></span> <span class='ocrx_word' id='word_1_19' title='bbox 3249 373 3355 430; x_wconf 87' lang='lat' dir='ltr'><strong>nisi</strong></span> <span class='ocrx_word' id='word_1_20' title='bbox 3411 375 3581 448; x_wconf 83' lang='lat' dir='ltr'><strong>Moysi</strong></span> <span class='ocrx_word' id='word_1_21' title='bbox 3625 379 3884 448; x_wconf 86' lang='lat' dir='ltr'><strong>precibus</strong></span> 
     </span>
    </p>
   </div>
   <div class='ocr_carea' id='block_1_5' title="bbox 568 464 2176 536">
    <p class='ocr_par' dir='ltr' id='par_1_5' title="bbox 568 464 2176 536">
     <span class='ocr_line' id='line_1_5' title="bbox 568 464 2176 536; baseline -0.002 -13"><span class='ocrx_word' id='word_1_22' title='bbox 568 467 765 532; x_wconf 80' lang='lat' dir='ltr'><strong>deret;</strong></span> <span class='ocrx_word' id='word_1_23' title='bbox 805 481 1126 536; x_wconf 68' lang='lat' dir='ltr'><strong>restionsum</strong></span> <span class='ocrx_word' id='word_1_24' title='bbox 1151 513 1163 535; x_wconf 88' lang='lat'><strong>,</strong></span> <span class='ocrx_word' id='word_1_25' title='bbox 1214 467 1468 523; x_wconf 85' lang='lat' dir='ltr'><strong>Formam</strong></span> <span class='ocrx_word' id='word_1_26' title='bbox 1501 467 1596 522; x_wconf 88' lang='lat' dir='ltr'><strong>Dei</strong></span> <span class='ocrx_word' id='word_1_27' title='bbox 1645 464 1970 520; x_wconf 75' lang='lat' dir='ltr'><strong>mortalibus</strong></span> <span class='ocrx_word' id='word_1_28' title='bbox 1999 465 2176 520; x_wconf 86' lang='lat' dir='ltr'><strong>oculis</strong></span> 
     </span>
    </p>
   </div>
   <div class='ocr_carea' id='block_1_6' title="bbox 568 556 2174 631">
    <p class='ocr_par' dir='ltr' id='par_1_6' title="bbox 568 556 2174 631">
     <span class='ocr_line' id='line_1_6' title="bbox 568 556 2174 631; baseline -0.002 -15"><span class='ocrx_word' id='word_1_29' title='bbox 568 563 806 631; x_wconf 79' lang='lat' dir='ltr'><strong>perSpici</strong></span> <span class='ocrx_word' id='word_1_30' title='bbox 849 577 955 616; x_wconf 92' lang='lat' dir='ltr'><strong>non</strong></span> <span class='ocrx_word' id='word_1_31' title='bbox 1000 575 1208 630; x_wconf 88' lang='lat' dir='ltr'><strong>posse;</strong></span> <span class='ocrx_word' id='word_1_32' title='bbox 1255 561 1559 630; x_wconf 86' lang='lat' dir='ltr'><strong>posteriora</strong></span> <span class='ocrx_word' id='word_1_33' title='bbox 1600 568 1780 612; x_wconf 83' lang='lat' dir='ltr'><strong>tamen</strong></span> <span class='ocrx_word' id='word_1_34' title='bbox 1825 556 1944 628; x_wconf 75' lang='lat' dir='ltr'><strong>ejus</strong></span> <span class='ocrx_word' id='word_1_35' title='bbox 1983 556 2174 612; x_wconf 87' lang='lat' dir='ltr'><strong>videre</strong></span> 
     </span>
    </p>
   </div>
   <div class='ocr_carea' id='block_1_7' title="bbox 567 652 2175 725">
    <p class='ocr_par' dir='ltr' id='par_1_7' title="bbox 567 652 2175 725">
     <span class='ocr_line' id='line_1_7' title="bbox 567 652 2175 725; baseline -0.003 -14"><span class='ocrx_word' id='word_1_36' title='bbox 567 670 926 722; x_wconf 87' lang='lat' dir='ltr'><strong>concessum;</strong></span> <span class='ocrx_word' id='word_1_37' title='bbox 959 655 1263 724; x_wconf 58' lang='lat' dir='ltr'><strong>tabulaeque</strong></span> <span class='ocrx_word' id='word_1_38' title='bbox 1291 669 1428 724; x_wconf 82' lang='lat' dir='ltr'><strong>quas</strong></span> <span class='ocrx_word' id='word_1_39' title='bbox 1455 652 1669 725; x_wconf 85' lang='lat' dir='ltr'><strong>Moyses</strong></span> <span class='ocrx_word' id='word_1_40' title='bbox 1699 652 1850 722; x_wconf 90' lang='lat' dir='ltr'><strong>prius</strong></span> <span class='ocrx_word' id='word_1_41' title='bbox 1889 652 2175 722; x_wconf 81' lang='lat' dir='ltr'><strong>confrege-</strong></span> 
     </span>
    </p>
   </div>
   <div class='ocr_carea' id='block_1_8' title="bbox 569 745 2177 817">
    <p class='ocr_par' dir='ltr' id='par_1_8' title="bbox 569 745 2177 817">
     <span class='ocr_line' id='line_1_8' title="bbox 569 745 2177 817; baseline -0.003 -12"><span class='ocrx_word' id='word_1_42' title='bbox 569 759 672 814; x_wconf 84' lang='lat' dir='ltr'><strong>rat,</strong></span> <span class='ocrx_word' id='word_1_43' title='bbox 709 750 960 815; x_wconf 68' lang='lat' dir='ltr'><strong>refectae;</strong></span> <span class='ocrx_word' id='word_1_44' title='bbox 993 749 1086 805; x_wconf 87' lang='lat' dir='ltr'><strong>sed</strong></span> <span class='ocrx_word' id='word_1_45' title='bbox 1117 750 1168 803; x_wconf 89' lang='lat' dir='ltr'><strong>in</strong></span> <span class='ocrx_word' id='word_1_46' title='bbox 1203 751 1308 804; x_wconf 89' lang='lat' dir='ltr'><strong>hoc</strong></span> <span class='ocrx_word' id='word_1_47' title='bbox 1337 747 1615 817; x_wconf 81' lang='lat' dir='ltr'><strong>colloquio</strong></span> <span class='ocrx_word' id='word_1_48' title='bbox 1643 747 1737 802; x_wconf 88' lang='lat' dir='ltr'><strong>Dei</strong></span> <span class='ocrx_word' id='word_1_49' title='bbox 1770 763 1837 802; x_wconf 75' lang='grc' dir='ltr'>η</span> <span class='ocrx_word' id='word_1_50' title='bbox 1867 746 2062 802; x_wconf 85' lang='lat' dir='ltr'><strong>diebus</strong></span> <span class='ocrx_word' id='word_1_51' title='bbox 2093 745 2177 801; x_wconf 89' lang='lat' dir='ltr'><strong>di-</strong></span> 
     </span>
    </p>
   </div>
   <div class='ocr_carea' id='block_1_9' title="bbox 567 842 2176 918">
    <p class='ocr_par' dir='ltr' id='par_1_9' title="bbox 567 842 2176 918">
     <span class='ocr_line' id='line_1_9' title="bbox 567 842 2176 918; baseline -0.003 -15"><span class='ocrx_word' id='word_1_52' title='bbox 567 855 822 902; x_wconf 83' lang='lat' dir='ltr'><strong>versatus</strong></span> <span class='ocrx_word' id='word_1_53' title='bbox 847 845 991 918; x_wconf 85' lang='lat' dir='ltr'><strong>apud</strong></span> <span class='ocrx_word' id='word_1_54' title='bbox 1039 845 1328 900; x_wconf 90' lang='lat' dir='ltr'><strong>Dominum</strong></span> <span class='ocrx_word' id='word_1_55' title='bbox 1367 843 1580 914; x_wconf 80' lang='lat' dir='ltr'><strong>Moyses</strong></span> <span class='ocrx_word' id='word_1_56' title='bbox 1623 842 1881 897; x_wconf 89' lang='lat' dir='ltr'><strong>traditur.</strong></span> <span class='ocrx_word' id='word_1_57' title='bbox 1927 843 2176 912; x_wconf 85' lang='lat' dir='ltr'><strong>Cumque</strong></span> 
     </span>
    </p>
   </div>
   <div class='ocr_carea' id='block_1_10' title="bbox 567 941 2177 1012">
    <p class='ocr_par' dir='ltr' id='par_1_10' title="bbox 567 941 2177 1012">
     <span class='ocr_line' id='line_1_10' title="bbox 567 941 2177 1012; baseline -0.004 -10"><span class='ocrx_word' id='word_1_58' title='bbox 567 946 638 1002; x_wconf 88' lang='lat' dir='ltr'><strong>de</strong></span> <span class='ocrx_word' id='word_1_59' title='bbox 664 954 853 1000; x_wconf 84' lang='lat' dir='ltr'><strong>monte</strong></span> <span class='ocrx_word' id='word_1_60' title='bbox 882 944 1248 1000; x_wconf 82' lang='lat' dir='ltr'><strong>descenderet</strong></span> <span class='ocrx_word' id='word_1_61' title='bbox 1277 942 1493 997; x_wconf 83' lang='lat' dir='ltr'><strong>tabulas</strong></span> <span class='ocrx_word' id='word_1_62' title='bbox 1523 942 1854 1012; x_wconf 66' lang='lat' dir='ltr'><strong>praeferens,</strong></span> <span class='ocrx_word' id='word_1_63' title='bbox 1889 949 2035 994; x_wconf 89' lang='lat' dir='ltr'><strong>tanta</strong></span> <span class='ocrx_word' id='word_1_64' title='bbox 2065 941 2177 996; x_wconf 86' lang='lat' dir='ltr'><strong>cla—</strong></span> 
     </span>
    </p>
   </div>
   <div class='ocr_carea' id='block_1_11' title="bbox 564 1036 2175 1110">
    <p class='ocr_par' dir='ltr' id='par_1_11' title="bbox 564 1036 2175 1110">
     <span class='ocr_line' id='line_1_11' title="bbox 564 1036 2175 1110; baseline -0.002 -14"><span class='ocrx_word' id='word_1_65' title='bbox 564 1041 808 1098; x_wconf 82' lang='lat' dir='ltr'><strong>ritudine</strong></span> <span class='ocrx_word' id='word_1_66' title='bbox 832 1041 996 1096; x_wconf 82' lang='lat' dir='ltr'><strong>facies</strong></span> <span class='ocrx_word' id='word_1_67' title='bbox 1019 1039 1136 1110; x_wconf 90' lang='lat' dir='ltr'><strong>ejus</strong></span> <span class='ocrx_word' id='word_1_68' title='bbox 1158 1037 1461 1100; x_wconf 84' lang='lat' dir='ltr'><strong>renidebat,</strong></span> <span class='ocrx_word' id='word_1_69' title='bbox 1488 1047 1544 1092; x_wconf 87' lang='lat' dir='ltr'><strong>ut</strong></span> <span class='ocrx_word' id='word_1_70' title='bbox 1574 1037 1769 1092; x_wconf 88' lang='lat' dir='ltr'><strong>intueri</strong></span> <span class='ocrx_word' id='word_1_71' title='bbox 1793 1051 1918 1092; x_wconf 91' lang='lat' dir='ltr'><strong>eum</strong></span> <span class='ocrx_word' id='word_1_72' title='bbox 1943 1036 2175 1106; x_wconf 89' lang='lat' dir='ltr'><strong>populus</strong></span> 
     </span>
    </p>
   </div>
   <div class='ocr_carea' id='block_1_12' title="bbox 571 1131 2172 1202">
    <p class='ocr_par' dir='ltr' id='par_1_12' title="bbox 571 1131 2172 1202">
     <span class='ocr_line' id='line_1_12' title="bbox 571 1131 2172 1202; baseline -0.003 -13"><span class='ocrx_word' id='word_1_73' title='bbox 571 1151 678 1191; x_wconf 91' lang='lat' dir='ltr'><strong>non</strong></span> <span class='ocrx_word' id='word_1_74' title='bbox 709 1135 941 1202; x_wconf 75' lang='lat' dir='ltr'><strong>valeret,</strong></span> <span class='ocrx_word' id='word_1_75' title='bbox 972 1133 1066 1190; x_wconf 87' lang='lat' dir='ltr'><strong>sed</strong></span> <span class='ocrx_word' id='word_1_76' title='bbox 1097 1149 1219 1191; x_wconf 91' lang='lat' dir='ltr'><strong>cum</strong></span> <span class='ocrx_word' id='word_1_77' title='bbox 1251 1132 1506 1188; x_wconf 89' lang='lat' dir='ltr'><strong>mandata</strong></span> <span class='ocrx_word' id='word_1_78' title='bbox 1543 1132 1636 1186; x_wconf 89' lang='lat' dir='ltr'><strong>Dei</strong></span> <span class='ocrx_word' id='word_1_79' title='bbox 1681 1131 1954 1187; x_wconf 80' lang='lat' dir='ltr'><strong>relaturus</strong></span> <span class='ocrx_word' id='word_1_80' title='bbox 1995 1140 2172 1198; x_wconf 80' lang='lat' dir='ltr'><strong>esset,</strong></span> 
     </span>
    </p>
   </div>
   <div class='ocr_carea' id='block_1_13' title="bbox 571 1225 2173 1307">
    <p class='ocr_par' dir='ltr' id='par_1_13' title="bbox 571 1225 2173 1307">
     <span class='ocr_line' id='line_1_13' title="bbox 571 1225 2173 1307; baseline -0.002 -24"><span class='ocrx_word' id='word_1_81' title='bbox 571 1229 776 1284; x_wconf 82' lang='lat' dir='ltr'><strong>vultum</strong></span> <span class='ocrx_word' id='word_1_82' title='bbox 825 1229 1139 1307; x_wconf 82' lang='lat' dir='ltr'><strong>velamento</strong></span> <span class='ocrx_word' id='word_1_83' title='bbox 1180 1226 1425 1291; x_wconf 86' lang='lat' dir='ltr'><strong>obtexit,</strong></span> <span class='ocrx_word' id='word_1_84' title='bbox 1475 1236 1639 1296; x_wconf 85' lang='lat' dir='ltr'><strong>atque</strong></span> <span class='ocrx_word' id='word_1_85' title='bbox 1679 1226 1754 1279; x_wconf 90' lang='lat' dir='ltr'><strong>ita</strong></span> <span class='ocrx_word' id='word_1_86' title='bbox 1799 1225 1866 1280; x_wconf 88' lang='lat' dir='ltr'><strong>ad</strong></span> <span class='ocrx_word' id='word_1_87' title='bbox 1915 1225 2173 1295; x_wconf 83' lang='lat' dir='ltr'><strong>populum</strong></span> 
     </span>
    </p>
   </div>
   <div class='ocr_carea' id='block_1_14' title="bbox 569 1318 2175 1381">
    <p class='ocr_par' dir='ltr' id='par_1_14' title="bbox 569 1318 2175 1381">
     <span class='ocr_line' id='line_1_14' title="bbox 569 1318 2175 1381; baseline -0.002 -4"><span class='ocrx_word' id='word_1_88' title='bbox 569 1324 754 1381; x_wconf 86' lang='lat' dir='ltr'><strong>verbis</strong></span> <span class='ocrx_word' id='word_1_89' title='bbox 801 1323 1014 1378; x_wconf 86' lang='lat' dir='ltr'><strong>Domini</strong></span> <span class='ocrx_word' id='word_1_90' title='bbox 1050 1325 1262 1377; x_wconf 81' lang='lat' dir='ltr'><strong>locutus</strong></span> <span class='ocrx_word' id='word_1_91' title='bbox 1290 1331 1394 1376; x_wconf 90' lang='lat' dir='ltr'><strong>est.</strong></span> <span class='ocrx_word' id='word_1_92' title='bbox 1427 1321 1543 1377; x_wconf 89' lang='lat' dir='ltr'><strong>Hoc</strong></span> <span class='ocrx_word' id='word_1_93' title='bbox 1580 1321 1635 1376; x_wconf 92' lang='lat' dir='ltr'><strong>in</strong></span> <span class='ocrx_word' id='word_1_94' title='bbox 1679 1321 1805 1376; x_wconf 89' lang='lat' dir='ltr'><strong>loco</strong></span> <span class='ocrx_word' id='word_1_95' title='bbox 1839 1318 2175 1375; x_wconf 81' lang='lat' dir='ltr'><strong>tabernaculi</strong></span> 
     </span>
    </p>
   </div>
   <div class='ocr_carea' id='block_1_15' title="bbox 568 1413 2176 1487">
    <p class='ocr_par' dir='ltr' id='par_1_15' title="bbox 568 1413 2176 1487">
     <span class='ocr_line' id='line_1_15' title="bbox 568 1413 2176 1487; baseline -0.003 -16"><span class='ocrx_word' id='word_1_96' title='bbox 568 1416 1002 1487; x_wconf 82' lang='lat' dir='ltr'><strong>interiorumque</strong></span> <span class='ocrx_word' id='word_1_97' title='bbox 1030 1416 1149 1486; x_wconf 85' lang='lat' dir='ltr'><strong>ejus</strong></span> <span class='ocrx_word' id='word_1_98' title='bbox 1179 1414 1469 1469; x_wconf 74' lang='lat' dir='ltr'><strong>aediﬁcatio</strong></span> <span class='ocrx_word' id='word_1_99' title='bbox 1499 1413 1756 1479; x_wconf 79' lang='lat' dir='ltr'><strong>refertur;</strong></span> <span class='ocrx_word' id='word_1_100' title='bbox 1783 1429 1896 1485; x_wconf 85' lang='lat' dir='ltr'><strong>quo</strong></span> <span class='ocrx_word' id='word_1_101' title='bbox 1923 1427 2176 1467; x_wconf 86' lang='lat' dir='ltr'><strong>consum-</strong></span> 
     </span>
    </p>
   </div>
   <div class='ocr_carea' id='block_1_16' title="bbox 563 1506 2176 1580">
    <p class='ocr_par' dir='ltr' id='par_1_16' title="bbox 563 1506 2176 1580">
     <span class='ocr_line' id='line_1_16' title="bbox 563 1506 2176 1580; baseline -0.005 -12"><span class='ocrx_word' id='word_1_102' title='bbox 563 1523 715 1568; x_wconf 82' lang='lat' dir='ltr'><strong>mato</strong></span> <span class='ocrx_word' id='word_1_103' title='bbox 739 1553 753 1576; x_wconf 87' lang='lat'><strong>,</strong></span> <span class='ocrx_word' id='word_1_104' title='bbox 787 1512 961 1568; x_wconf 89' lang='lat' dir='ltr'><strong>nubes</strong></span> <span class='ocrx_word' id='word_1_105' title='bbox 1004 1525 1245 1580; x_wconf 80' lang='lat' dir='ltr'><strong>superne</strong></span> <span class='ocrx_word' id='word_1_106' title='bbox 1276 1509 1512 1574; x_wconf 89' lang='lat' dir='ltr'><strong>decidit,</strong></span> <span class='ocrx_word' id='word_1_107' title='bbox 1543 1519 1711 1580; x_wconf 90' lang='lat' dir='ltr'><strong>atque</strong></span> <span class='ocrx_word' id='word_1_108' title='bbox 1741 1509 1812 1562; x_wconf 90' lang='lat' dir='ltr'><strong>ita</strong></span> <span class='ocrx_word' id='word_1_109' title='bbox 1854 1506 2176 1561; x_wconf 83' lang='lat' dir='ltr'><strong>tabernacu-</strong></span> 
     </span>
    </p>
   </div>
   <div class='ocr_carea' id='block_1_17' title="bbox 561 1599 2170 1674">
    <p class='ocr_par' dir='ltr' id='par_1_17' title="bbox 561 1599 2170 1674">
     <span class='ocr_line' id='line_1_17' title="bbox 561 1599 2170 1674; baseline -0.004 -15"><span class='ocrx_word' id='word_1_110' title='bbox 561 1606 674 1659; x_wconf 92' lang='lat' dir='ltr'><strong>lum</strong></span> <span class='ocrx_word' id='word_1_111' title='bbox 707 1604 1088 1669; x_wconf 87' lang='lat' dir='ltr'><strong>obumbravit,</strong></span> <span class='ocrx_word' id='word_1_112' title='bbox 1120 1611 1180 1656; x_wconf 83' lang='grc' dir='ltr'><strong>ιιι</strong></span> <span class='ocrx_word' id='word_1_113' title='bbox 1211 1603 1386 1672; x_wconf 90' lang='lat' dir='ltr'><strong>ipsum</strong></span> <span class='ocrx_word' id='word_1_114' title='bbox 1417 1601 1632 1674; x_wconf 81' lang='lat' dir='ltr'><strong>Moysen</strong></span> <span class='ocrx_word' id='word_1_115' title='bbox 1662 1600 1810 1655; x_wconf 82' lang='lat' dir='ltr'><strong>aditu</strong></span> <span class='ocrx_word' id='word_1_116' title='bbox 1837 1599 2170 1654; x_wconf 82' lang='lat' dir='ltr'><strong>excluderet.</strong></span> 
     </span>
    </p>
   </div>
   <div class='ocr_carea' id='block_1_18' title="bbox 563 1691 2174 1764">
    <p class='ocr_par' dir='ltr' id='par_1_18' title="bbox 563 1691 2174 1764">
     <span class='ocr_line' id='line_1_18' title="bbox 563 1691 2174 1764; baseline -0.004 -12"><span class='ocrx_word' id='word_1_117' title='bbox 563 1696 691 1752; x_wconf 71' lang='lat' dir='ltr'><strong>Hinc</strong></span> <span class='ocrx_word' id='word_1_118' title='bbox 719 1696 833 1752; x_wconf 86' lang='lat' dir='ltr'><strong>fere</strong></span> <span class='ocrx_word' id='word_1_119' title='bbox 863 1695 1074 1751; x_wconf 87' lang='lat' dir='ltr'><strong>duobus</strong></span> <span class='ocrx_word' id='word_1_120' title='bbox 1105 1694 1258 1750; x_wconf 88' lang='lat' dir='ltr'><strong>libris</strong></span> <span class='ocrx_word' id='word_1_121' title='bbox 1280 1734 1294 1760; x_wconf 90' lang='lat'><strong>,</strong></span> <span class='ocrx_word' id='word_1_122' title='bbox 1327 1694 1525 1750; x_wconf 82' lang='lat' dir='ltr'><strong>Genesi</strong></span> <span class='ocrx_word' id='word_1_123' title='bbox 1569 1703 1730 1764; x_wconf 91' lang='lat' dir='ltr'><strong>atque</strong></span> <span class='ocrx_word' id='word_1_124' title='bbox 1775 1691 2000 1758; x_wconf 87' lang='lat' dir='ltr'><strong>Exodo,</strong></span> <span class='ocrx_word' id='word_1_125' title='bbox 2044 1705 2174 1748; x_wconf 83' lang='lat' dir='ltr'><strong>con-</strong></span> 
     </span>
    </p>
   </div>
   <div class='ocr_carea' id='block_1_19' title="bbox 563 1789 833 1845">
    <p class='ocr_par' dir='ltr' id='par_1_19' title="bbox 563 1789 833 1845">
     <span class='ocr_line' id='line_1_19' title="bbox 563 1789 833 1845; baseline -0.007 -1"><span class='ocrx_word' id='word_1_126' title='bbox 563 1789 833 1845; x_wconf 79' lang='lat' dir='ltr'><strong>tinentur.</strong></span> 
     </span>
    </p>
   </div>
   <div class='ocr_carea' id='block_1_20' title="bbox 639 1879 2167 1950">
    <p class='ocr_par' dir='ltr' id='par_1_20' title="bbox 639 1879 2167 1950">
     <span class='ocr_line' id='line_1_20' title="bbox 639 1879 2167 1950; baseline -0.004 -12"><span class='ocrx_word' id='word_1_127' title='bbox 639 1881 759 1938; x_wconf 80' lang='lat' dir='ltr'><strong>XX.</strong></span> <span class='ocrx_word' id='word_1_128' title='bbox 796 1881 934 1937; x_wconf 86' lang='lat' dir='ltr'><strong>Exin</strong></span> <span class='ocrx_word' id='word_1_129' title='bbox 958 1881 1236 1937; x_wconf 86' lang='lat' dir='ltr'><strong>Levitictis</strong></span> <span class='ocrx_word' id='word_1_130' title='bbox 1271 1880 1410 1935; x_wconf 90' lang='lat' dir='ltr'><strong>liber</strong></span> <span class='ocrx_word' id='word_1_131' title='bbox 1450 1880 1715 1950; x_wconf 88' lang='lat' dir='ltr'><strong>sequitur,</strong></span> <span class='ocrx_word' id='word_1_132' title='bbox 1748 1880 1799 1934; x_wconf 92' lang='lat' dir='ltr'><strong>in</strong></span> <span class='ocrx_word' id='word_1_133' title='bbox 1832 1895 1938 1948; x_wconf 81' lang='lat' dir='ltr'><strong>quo</strong></span> <span class='ocrx_word' id='word_1_134' title='bbox 1979 1879 2167 1933; x_wconf 91' lang='lat' dir='ltr'><strong>litandi</strong></span> 
     </span>
    </p>
   </div>
   <div class='ocr_carea' id='block_1_21' title="bbox 566 1972 2168 2047">
    <p class='ocr_par' dir='ltr' id='par_1_21' title="bbox 566 1972 2168 2047">
     <span class='ocr_line' id='line_1_21' title="bbox 566 1972 2168 2047; baseline -0.002 -17"><span class='ocrx_word' id='word_1_135' title='bbox 566 1983 839 2047; x_wconf 72' lang='lat' dir='ltr'><strong>prmcepta</strong></span> <span class='ocrx_word' id='word_1_136' title='bbox 867 1975 1170 2038; x_wconf 86' lang='lat' dir='ltr'><strong>traduntur;</strong></span> <span class='ocrx_word' id='word_1_137' title='bbox 1189 1974 1442 2028; x_wconf 86' lang='lat' dir='ltr'><strong>mandata</strong></span> <span class='ocrx_word' id='word_1_138' title='bbox 1461 1973 1626 2028; x_wconf 90' lang='lat' dir='ltr'><strong>etiam</strong></span> <span class='ocrx_word' id='word_1_139' title='bbox 1648 1973 1769 2028; x_wconf 84' lang='lat' dir='ltr'><strong>latae</strong></span> <span class='ocrx_word' id='word_1_140' title='bbox 1788 1973 2040 2043; x_wconf 79' lang='lat' dir='ltr'><strong>superius</strong></span> <span class='ocrx_word' id='word_1_141' title='bbox 2063 1972 2168 2043; x_wconf 91' lang='lat' dir='ltr'><strong>legi</strong></span> 
     </span>
    </p>
   </div>
   <div class='ocr_carea' id='block_1_22' title="bbox 558 2066 2170 2139">
    <p class='ocr_par' dir='ltr' id='par_1_22' title="bbox 558 2066 2170 2139">
     <span class='ocr_line' id='line_1_22' title="bbox 558 2066 2170 2139; baseline -0.004 -13"><span class='ocrx_word' id='word_1_142' title='bbox 558 2069 856 2133; x_wconf 76' lang='lat' dir='ltr'><strong>adduntur,</strong></span> <span class='ocrx_word' id='word_1_143' title='bbox 876 2069 1033 2139; x_wconf 85' lang='lat' dir='ltr'><strong>plena</strong></span> <span class='ocrx_word' id='word_1_144' title='bbox 1061 2069 1242 2123; x_wconf 86' lang='lat' dir='ltr'><strong>omnia</strong></span> <span class='ocrx_word' id='word_1_145' title='bbox 1267 2067 1702 2123; x_wconf 83' lang='lat' dir='ltr'><strong>sacerdotalibus</strong></span> <span class='ocrx_word' id='word_1_146' title='bbox 1727 2066 2024 2121; x_wconf 89' lang='lat' dir='ltr'><strong>institutis:</strong></span> <span class='ocrx_word' id='word_1_147' title='bbox 2048 2077 2170 2137; x_wconf 71' lang='lat' dir='ltr'><strong>qua:</strong></span> 
     </span>
    </p>
   </div>
   <div class='ocr_carea' id='block_1_23' title="bbox 566 2159 2168 2234">
    <p class='ocr_par' dir='ltr' id='par_1_23' title="bbox 566 2159 2168 2234">
     <span class='ocr_line' id='line_1_23' title="bbox 566 2159 2168 2234; baseline -0.004 -14"><span class='ocrx_word' id='word_1_148' title='bbox 566 2166 611 2220; x_wconf 88' lang='lat' dir='ltr'><strong>si</strong></span> <span class='ocrx_word' id='word_1_149' title='bbox 631 2164 756 2234; x_wconf 83' lang='lat' dir='ltr'><strong>quis</strong></span> <span class='ocrx_word' id='word_1_150' title='bbox 785 2178 1118 2234; x_wconf 76' lang='lat' dir='ltr'><strong>cognoscere</strong></span> <span class='ocrx_word' id='word_1_151' title='bbox 1149 2164 1318 2228; x_wconf 91' lang='lat' dir='ltr'><strong>volet,</strong></span> <span class='ocrx_word' id='word_1_152' title='bbox 1344 2160 1640 2231; x_wconf 83' lang='lat' dir='ltr'><strong>perfectius</strong></span> <span class='ocrx_word' id='word_1_153' title='bbox 1667 2161 1794 2215; x_wconf 87' lang='lat' dir='ltr'><strong>inde</strong></span> <span class='ocrx_word' id='word_1_154' title='bbox 1825 2159 2039 2230; x_wconf 81' lang='lat' dir='ltr'><strong>rapiet;</strong></span> <span class='ocrx_word' id='word_1_155' title='bbox 2069 2173 2168 2213; x_wconf 92' lang='lat' dir='ltr'><strong>nos</strong></span> 
     </span>
    </p>
   </div>
   <div class='ocr_carea' id='block_1_24' title="bbox 563 2251 2170 2327">
    <p class='ocr_par' dir='ltr' id='par_1_24' title="bbox 563 2251 2170 2327">
     <span class='ocr_line' id='line_1_24' title="bbox 563 2251 2170 2327; baseline -0.005 -14"><span class='ocrx_word' id='word_1_156' title='bbox 563 2258 708 2313; x_wconf 88' lang='lat' dir='ltr'><strong>enim</strong></span> <span class='ocrx_word' id='word_1_157' title='bbox 741 2256 981 2327; x_wconf 90' lang='lat' dir='ltr'><strong>suscepti</strong></span> <span class='ocrx_word' id='word_1_158' title='bbox 1010 2257 1191 2327; x_wconf 91' lang='lat' dir='ltr'><strong>operis</strong></span> <span class='ocrx_word' id='word_1_159' title='bbox 1215 2255 1436 2310; x_wconf 90' lang='lat' dir='ltr'><strong>modum</strong></span> <span class='ocrx_word' id='word_1_160' title='bbox 1469 2253 1864 2319; x_wconf 86' lang='lat' dir='ltr'><strong>custodientes,</strong></span> <span class='ocrx_word' id='word_1_161' title='bbox 1892 2253 2060 2308; x_wconf 85' lang='lat' dir='ltr'><strong>solam</strong></span> <span class='ocrx_word' id='word_1_162' title='bbox 2089 2251 2170 2306; x_wconf 84' lang='lat' dir='ltr'><strong>Iti-</strong></span> 
     </span>
    </p>
   </div>
   <div class='ocr_carea' id='block_1_25' title="bbox 566 2343 2169 2422">
    <p class='ocr_par' dir='ltr' id='par_1_25' title="bbox 566 2343 2169 2422">
     <span class='ocr_line' id='line_1_25' title="bbox 566 2343 2169 2422; baseline -0.006 -14"><span class='ocrx_word' id='word_1_163' title='bbox 566 2352 791 2408; x_wconf 85' lang='lat' dir='ltr'><strong>storiam</strong></span> <span class='ocrx_word' id='word_1_164' title='bbox 831 2351 1234 2422; x_wconf 83' lang='lat' dir='ltr'><strong>persequimur.</strong></span> <span class='ocrx_word' id='word_1_165' title='bbox 1263 2343 1435 2420; x_wconf 80' lang='lat' dir='ltr'><strong>Igitur</strong></span> <span class='ocrx_word' id='word_1_166' title='bbox 1463 2347 1594 2403; x_wconf 86' lang='lat' dir='ltr'><strong>Levi</strong></span> <span class='ocrx_word' id='word_1_167' title='bbox 1639 2348 1781 2402; x_wconf 90' lang='lat' dir='ltr'><strong>tribu</strong></span> <span class='ocrx_word' id='word_1_168' title='bbox 1825 2349 1879 2400; x_wconf 92' lang='lat' dir='ltr'><strong>in</strong></span> <span class='ocrx_word' id='word_1_169' title='bbox 1913 2346 2169 2401; x_wconf 88' lang='lat' dir='ltr'><strong>sacerdo-</strong></span> 
     </span>
    </p>
   </div>
   <div class='ocr_carea' id='block_1_26' title="bbox 563 2440 2170 2516">
    <p class='ocr_par' dir='ltr' id='par_1_26' title="bbox 563 2440 2170 2516">
     <span class='ocr_line' id='line_1_26' title="bbox 563 2440 2170 2516; baseline -0.006 -15"><span class='ocrx_word' id='word_1_170' title='bbox 563 2447 696 2502; x_wconf 90' lang='lat' dir='ltr'><strong>tittm</strong></span> <span class='ocrx_word' id='word_1_171' title='bbox 729 2454 1037 2516; x_wconf 80' lang='lat' dir='ltr'><strong>segregata,</strong></span> <span class='ocrx_word' id='word_1_172' title='bbox 1061 2443 1290 2513; x_wconf 78' lang='lat' dir='ltr'><strong>reliqua:</strong></span> <span class='ocrx_word' id='word_1_173' title='bbox 1322 2442 1498 2498; x_wconf 88' lang='lat' dir='ltr'><strong>tribus</strong></span> <span class='ocrx_word' id='word_1_174' title='bbox 1521 2440 1902 2504; x_wconf 69' lang='lat' dir='ltr'><strong>dinumeratm,</strong></span> <span class='ocrx_word' id='word_1_175' title='bbox 1931 2450 2170 2509; x_wconf 83' lang='lat' dir='ltr'><strong>reperta-</strong></span> 
     </span>
    </p>
   </div>
   <div class='ocr_carea' id='block_1_27' title="bbox 563 2532 2169 2607">
    <p class='ocr_par' dir='ltr' id='par_1_27' title="bbox 563 2532 2169 2607">
     <span class='ocr_line' id='line_1_27' title="bbox 563 2532 2169 2607; baseline -0.004 -15"><span class='ocrx_word' id='word_1_176' title='bbox 563 2554 670 2607; x_wconf 88' lang='lat' dir='ltr'><strong>que</strong></span> <span class='ocrx_word' id='word_1_177' title='bbox 698 2537 978 2592; x_wconf 86' lang='lat' dir='ltr'><strong>hominum</strong></span> <span class='ocrx_word' id='word_1_178' title='bbox 997 2552 1078 2592; x_wconf 77' lang='lat' dir='ltr'><strong>[ac</strong></span> <span class='ocrx_word' id='word_1_179' title='bbox 1098 2544 1152 2591; x_wconf 91' lang='lat' dir='ltr'><strong>et</strong></span> <span class='ocrx_word' id='word_1_180' title='bbox 1170 2551 1350 2590; x_wconf 78' lang='lat' dir='ltr'><strong>IIICIO.</strong></span> <span class='ocrx_word' id='word_1_181' title='bbox 1380 2533 1517 2588; x_wconf 85' lang='lat' dir='ltr'><strong>Cum</strong></span> <span class='ocrx_word' id='word_1_182' title='bbox 1541 2549 1670 2602; x_wconf 80' lang='lat' dir='ltr'><strong>ergo</strong></span> <span class='ocrx_word' id='word_1_183' title='bbox 1699 2532 1930 2604; x_wconf 85' lang='lat' dir='ltr'><strong>pepulus</strong></span> <span class='ocrx_word' id='word_1_184' title='bbox 1957 2547 2169 2586; x_wconf 69' lang='lat' dir='ltr'><strong>manum</strong></span> 
     </span>
    </p>
   </div>
   <div class='ocr_carea' id='block_1_28' title="bbox 561 2626 2169 2700">
    <p class='ocr_par' dir='ltr' id='par_1_28' title="bbox 561 2626 2169 2700">
     <span class='ocr_line' id='line_1_28' title="bbox 561 2626 2169 2700; baseline -0.004 -12"><span class='ocrx_word' id='word_1_185' title='bbox 561 2632 709 2695; x_wconf 86' lang='lat' dir='ltr'><strong>cibo,</strong></span> <span class='ocrx_word' id='word_1_186' title='bbox 750 2641 808 2686; x_wconf 93' lang='lat' dir='ltr'><strong>ut</strong></span> <span class='ocrx_word' id='word_1_187' title='bbox 853 2645 1018 2700; x_wconf 85' lang='lat' dir='ltr'><strong>supra</strong></span> <span class='ocrx_word' id='word_1_188' title='bbox 1073 2630 1399 2692; x_wconf 82' lang='lat' dir='ltr'><strong>retulimus,</strong></span> <span class='ocrx_word' id='word_1_189' title='bbox 1451 2636 1718 2691; x_wconf 87' lang='lat' dir='ltr'><strong>ttteretur,</strong></span> <span class='ocrx_word' id='word_1_190' title='bbox 1763 2633 1844 2680; x_wconf 91' lang='lat' dir='ltr'><strong>tot</strong></span> <span class='ocrx_word' id='word_1_191' title='bbox 1893 2626 2169 2696; x_wconf 83' lang='lat' dir='ltr'><strong>tantisque</strong></span> 
     </span>
    </p>
   </div>
   <div class='ocr_carea' id='block_1_29' title="bbox 566 2719 2166 2792">
    <p class='ocr_par' dir='ltr' id='par_1_29' title="bbox 566 2719 2166 2792">
     <span class='ocr_line' id='line_1_29' title="bbox 566 2719 2166 2792; baseline -0.003 -12"><span class='ocrx_word' id='word_1_192' title='bbox 566 2725 847 2781; x_wconf 79' lang='lat' dir='ltr'><strong>beneficiis</strong></span> <span class='ocrx_word' id='word_1_193' title='bbox 883 2725 1000 2786; x_wconf 88' lang='lat' dir='ltr'><strong>Dei,</strong></span> <span class='ocrx_word' id='word_1_194' title='bbox 1036 2733 1095 2778; x_wconf 84' lang='lat' dir='ltr'><strong>tit</strong></span> <span class='ocrx_word' id='word_1_195' title='bbox 1125 2739 1367 2792; x_wconf 87' lang='lat' dir='ltr'><strong>semper,</strong></span> <span class='ocrx_word' id='word_1_196' title='bbox 1411 2723 1688 2792; x_wconf 76' lang='lat' dir='ltr'><strong>ingratus,</strong></span> <span class='ocrx_word' id='word_1_197' title='bbox 1725 2721 1862 2775; x_wconf 85' lang='lat' dir='ltr'><strong>viles</strong></span> <span class='ocrx_word' id='word_1_198' title='bbox 1889 2719 2082 2792; x_wconf 83' lang='lat' dir='ltr'><strong>quibus</strong></span> <span class='ocrx_word' id='word_1_199' title='bbox 2115 2720 2166 2775; x_wconf 90' lang='lat' dir='ltr'><strong>in</strong></span> 
     </span>
    </p>
   </div>
   <div class='ocr_carea' id='block_1_30' title="bbox 569 2814 2170 2893">
    <p class='ocr_par' dir='ltr' id='par_1_30' title="bbox 569 2814 2170 2893">
     <span class='ocr_line' id='line_1_30' title="bbox 569 2814 2170 2893; baseline -0.005 -17"><span class='ocrx_word' id='word_1_200' title='bbox 569 2821 806 2893; x_wconf 64' lang='lat' dir='ltr'><strong>Egypto</strong></span> <span class='ocrx_word' id='word_1_201' title='bbox 835 2829 1180 2882; x_wconf 85' lang='lat' dir='ltr'><strong>assueverat,</strong></span> <span class='ocrx_word' id='word_1_202' title='bbox 1209 2817 1380 2887; x_wconf 81' lang='lat' dir='ltr'><strong>dapes</strong></span> <span class='ocrx_word' id='word_1_203' title='bbox 1411 2816 1781 2871; x_wconf 74' lang='lat' dir='ltr'><strong>desiderabat.</strong></span> <span class='ocrx_word' id='word_1_204' title='bbox 1817 2815 1952 2868; x_wconf 85' lang='lat' dir='ltr'><strong>Tum</strong></span> <span class='ocrx_word' id='word_1_205' title='bbox 1987 2814 2170 2868; x_wconf 87' lang='lat' dir='ltr'><strong>Domi-</strong></span> 
     </span>
    </p>
   </div>
   <div class='ocr_carea' id='block_1_31' title="bbox 567 2908 2164 2982">
    <p class='ocr_par' dir='ltr' id='par_1_31' title="bbox 567 2908 2164 2982">
     <span class='ocr_line' id='line_1_31' title="bbox 567 2908 2164 2982; baseline -0.006 -12"><span class='ocrx_word' id='word_1_206' title='bbox 567 2933 667 2970; x_wconf 88' lang='lat' dir='ltr'><strong>nus</strong></span> <span class='ocrx_word' id='word_1_207' title='bbox 710 2916 1031 2970; x_wconf 82' lang='lat' dir='ltr'><strong>intmensam</strong></span> <span class='ocrx_word' id='word_1_208' title='bbox 1065 2914 1279 2982; x_wconf 89' lang='lat' dir='ltr'><strong>copiam</strong></span> <span class='ocrx_word' id='word_1_209' title='bbox 1325 2913 1668 2967; x_wconf 86' lang='lat' dir='ltr'><strong>coturnicum</strong></span> <span class='ocrx_word' id='word_1_210' title='bbox 1706 2908 1902 2963; x_wconf 84' lang='lat' dir='ltr'><strong>castris</strong></span> <span class='ocrx_word' id='word_1_211' title='bbox 1945 2908 2164 2972; x_wconf 89' lang='lat' dir='ltr'><strong>intulit;</strong></span> 
     </span>
    </p>
   </div>
   <div class='ocr_carea' id='block_1_32' title="bbox 563 3002 2170 3078">
    <p class='ocr_par' dir='ltr' id='par_1_32' title="bbox 563 3002 2170 3078">
     <span class='ocr_line' id='line_1_32' title="bbox 563 3002 2170 3078; baseline -0.003 -16"><span class='ocrx_word' id='word_1_212' title='bbox 563 3024 700 3078; x_wconf 85' lang='lat' dir='ltr'><strong>quas</strong></span> <span class='ocrx_word' id='word_1_213' title='bbox 727 3023 848 3062; x_wconf 91' lang='lat' dir='ltr'><strong>cum</strong></span> <span class='ocrx_word' id='word_1_214' title='bbox 882 3007 1037 3062; x_wconf 90' lang='lat' dir='ltr'><strong>avide</strong></span> <span class='ocrx_word' id='word_1_215' title='bbox 1063 3006 1384 3076; x_wconf 87' lang='lat' dir='ltr'><strong>diriperent,</strong></span> <span class='ocrx_word' id='word_1_216' title='bbox 1422 3005 1753 3075; x_wconf 87' lang='lat' dir='ltr'><strong>primoribus</strong></span> <span class='ocrx_word' id='word_1_217' title='bbox 1791 3002 1949 3059; x_wconf 78' lang='lat' dir='ltr'><strong>labiis</strong></span> <span class='ocrx_word' id='word_1_218' title='bbox 1979 3003 2170 3057; x_wconf 85' lang='lat' dir='ltr'><strong>admo-</strong></span> 
     </span>
    </p>
   </div>
   <div class='ocr_carea' id='block_1_33' title="bbox 564 3097 2165 3168">
    <p class='ocr_par' dir='ltr' id='par_1_33' title="bbox 564 3097 2165 3168">
     <span class='ocr_line' id='line_1_33' title="bbox 564 3097 2165 3168; baseline -0.003 -13"><span class='ocrx_word' id='word_1_219' title='bbox 564 3101 628 3156; x_wconf 86' lang='lat' dir='ltr'><strong>tis</strong></span> <span class='ocrx_word' id='word_1_220' title='bbox 677 3101 938 3156; x_wconf 83' lang='lat' dir='ltr'><strong>carnibus</strong></span> <span class='ocrx_word' id='word_1_221' title='bbox 969 3099 1266 3154; x_wconf 85' lang='lat' dir='ltr'><strong>interibant</strong></span> <span class='ocrx_word' id='word_1_222' title='bbox 1300 3117 1312 3153; x_wconf 87' lang='lat'><strong>:</strong></span> <span class='ocrx_word' id='word_1_223' title='bbox 1345 3113 1647 3168; x_wconf 79' lang='lat' dir='ltr'><strong>magnaque</strong></span> <span class='ocrx_word' id='word_1_224' title='bbox 1677 3113 1742 3153; x_wconf 87' lang='lat' dir='ltr'><strong>eo</strong></span> <span class='ocrx_word' id='word_1_225' title='bbox 1773 3098 1861 3151; x_wconf 83' lang='lat' dir='ltr'><strong>die</strong></span> <span class='ocrx_word' id='word_1_226' title='bbox 1895 3097 2081 3151; x_wconf 84' lang='lat' dir='ltr'><strong>clades</strong></span> <span class='ocrx_word' id='word_1_227' title='bbox 2112 3097 2165 3150; x_wconf 88' lang='lat' dir='ltr'><strong>in</strong></span> 
     </span>
    </p>
   </div>
   <div class='ocr_carea' id='block_1_34' title="bbox 2200 1777 3107 1840">
    <p class='ocr_par' dir='ltr' id='par_1_34' title="bbox 2200 1777 3107 1840">
     <span class='ocr_line' id='line_1_34' title="bbox 2200 1777 3107 1840; baseline 0.003 -3"><span class='ocrx_word' id='word_1_228' title='bbox 2200 1777 2249 1837; x_wconf 89' lang='lat' dir='ltr'><strong>B</strong></span> <span class='ocrx_word' id='word_1_229' title='bbox 2279 1782 2419 1837; x_wconf 89' lang='lat' dir='ltr'><strong>bello</strong></span> <span class='ocrx_word' id='word_1_230' title='bbox 2466 1783 2852 1838; x_wconf 88' lang='lat' dir='ltr'><strong>abstinendum</strong></span> <span class='ocrx_word' id='word_1_231' title='bbox 2901 1793 3052 1838; x_wconf 89' lang='lat' dir='ltr'><strong>ratus</strong></span> <span class='ocrx_word' id='word_1_232' title='bbox 3094 1804 3107 1840; x_wconf 94' lang='lat'><strong>:</strong></span> 
     </span>
    </p>
   </div>
   <div class='ocr_carea' id='block_1_35' title="bbox 2276 467 3882 536">
    <p class='ocr_par' dir='ltr' id='par_1_35' title="bbox 2276 467 3882 536">
     <span class='ocr_line' id='line_1_35' title="bbox 2276 467 3882 536; baseline 0.007 -18"><span class='ocrx_word' id='word_1_233' title='bbox 2276 467 2522 536; x_wconf 69' lang='lat' dir='ltr'><strong>placatus</strong></span> <span class='ocrx_word' id='word_1_234' title='bbox 2550 467 2813 522; x_wconf 88' lang='lat' dir='ltr'><strong>Dominus</strong></span> <span class='ocrx_word' id='word_1_235' title='bbox 2836 467 3050 523; x_wconf 75' lang='lat' dir='ltr'><strong>cladem</strong></span> <span class='ocrx_word' id='word_1_236' title='bbox 3074 471 3387 535; x_wconf 80' lang='lat' dir='ltr'><strong>avertisset;</strong></span> <span class='ocrx_word' id='word_1_237' title='bbox 3415 485 3682 526; x_wconf 85' lang='lat' dir='ltr'><strong>numerus</strong></span> <span class='ocrx_word' id='word_1_238' title='bbox 3701 477 3882 530; x_wconf 83' lang='lat' dir='ltr'><strong>tameh</strong></span> 
     </span>
    </p>
   </div>
   <div class='ocr_carea' id='block_1_36' title="bbox 2281 564 3883 635">
    <p class='ocr_par' dir='ltr' id='par_1_36' title="bbox 2281 564 3883 635">
     <span class='ocr_line' id='line_1_36' title="bbox 2281 564 3883 635; baseline 0.004 -18"><span class='ocrx_word' id='word_1_239' title='bbox 2281 572 2688 632; x_wconf 86' lang='lat' dir='ltr'><strong>peremptorum</strong></span> <span class='ocrx_word' id='word_1_240' title='bbox 2744 564 3078 635; x_wconf 90' lang='lat' dir='ltr'><strong>septingenti</strong></span> <span class='ocrx_word' id='word_1_241' title='bbox 3126 573 3181 620; x_wconf 91' lang='lat' dir='ltr'><strong>et</strong></span> <span class='ocrx_word' id='word_1_242' title='bbox 3231 581 3321 620; x_wconf 87' lang='lat' dir='ltr'><strong>xtv</strong></span> <span class='ocrx_word' id='word_1_243' title='bbox 3373 566 3540 620; x_wconf 88' lang='lat' dir='ltr'><strong>millia</strong></span> <span class='ocrx_word' id='word_1_244' title='bbox 3601 566 3723 620; x_wconf 88' lang='lat' dir='ltr'><strong>fttit.</strong></span> <span class='ocrx_word' id='word_1_245' title='bbox 3772 567 3883 624; x_wconf 86' lang='lat' dir='ltr'><strong>Nec</strong></span> 
     </span>
    </p>
   </div>
   <div class='ocr_carea' id='block_1_37' title="bbox 2280 655 3882 731">
    <p class='ocr_par' dir='ltr' id='par_1_37' title="bbox 2280 655 3882 731">
     <span class='ocr_line' id='line_1_37' title="bbox 2280 655 3882 731; baseline 0.002 -21"><span class='ocrx_word' id='word_1_246' title='bbox 2280 655 2454 710; x_wconf 91' lang='lat' dir='ltr'><strong>multo</strong></span> <span class='ocrx_word' id='word_1_247' title='bbox 2489 663 2616 725; x_wconf 91' lang='lat' dir='ltr'><strong>post</strong></span> <span class='ocrx_word' id='word_1_248' title='bbox 2645 656 2717 711; x_wconf 94' lang='lat' dir='ltr'><strong>ob</strong></span> <span class='ocrx_word' id='word_1_249' title='bbox 2754 671 2910 726; x_wconf 70' lang='lat' dir='ltr'><strong>aqua:</strong></span> <span class='ocrx_word' id='word_1_250' title='bbox 2943 658 3250 726; x_wconf 83' lang='lat' dir='ltr'><strong>penuriam,</strong></span> <span class='ocrx_word' id='word_1_251' title='bbox 3291 667 3352 712; x_wconf 88' lang='lat' dir='ltr'><strong>ut</strong></span> <span class='ocrx_word' id='word_1_252' title='bbox 3383 658 3495 727; x_wconf 86' lang='lat' dir='ltr'><strong>jam</strong></span> <span class='ocrx_word' id='word_1_253' title='bbox 3528 661 3755 729; x_wconf 83' lang='lat' dir='ltr'><strong>saepius,</strong></span> <span class='ocrx_word' id='word_1_254' title='bbox 3789 673 3882 731; x_wconf 83' lang='lat' dir='ltr'><strong>po-</strong></span> 
     </span>
    </p>
   </div>
   <div class='ocr_carea' id='block_1_38' title="bbox 2281 749 3882 822">
    <p class='ocr_par' dir='ltr' id='par_1_38' title="bbox 2281 749 3882 822">
     <span class='ocr_line' id='line_1_38' title="bbox 2281 749 3882 822; baseline 0.003 -19"><span class='ocrx_word' id='word_1_255' title='bbox 2281 749 2390 820; x_wconf 91' lang='lat' dir='ltr'><strong>puli</strong></span> <span class='ocrx_word' id='word_1_256' title='bbox 2425 759 2614 805; x_wconf 88' lang='lat' dir='ltr'><strong>exorta</strong></span> <span class='ocrx_word' id='word_1_257' title='bbox 2647 749 2844 805; x_wconf 83' lang='lat' dir='ltr'><strong>seditio</strong></span> <span class='ocrx_word' id='word_1_258' title='bbox 2875 761 2978 804; x_wconf 89' lang='lat' dir='ltr'><strong>est.</strong></span> <span class='ocrx_word' id='word_1_259' title='bbox 3012 750 3164 806; x_wconf 85' lang='lat' dir='ltr'><strong>Tunc</strong></span> <span class='ocrx_word' id='word_1_260' title='bbox 3191 752 3405 822; x_wconf 84' lang='lat' dir='ltr'><strong>Moyses</strong></span> <span class='ocrx_word' id='word_1_261' title='bbox 3431 768 3458 806; x_wconf 67' lang='grc' dir='ltr'><strong>τι</strong></span> <span class='ocrx_word' id='word_1_262' title='bbox 3493 753 3732 809; x_wconf 85' lang='lat' dir='ltr'><strong>Domino</strong></span> <span class='ocrx_word' id='word_1_263' title='bbox 3763 768 3882 808; x_wconf 90' lang='lat' dir='ltr'><strong>mo-</strong></span> 
     </span>
    </p>
   </div>
   <div class='ocr_carea' id='block_1_39' title="bbox 2278 843 3882 917">
    <p class='ocr_par' dir='ltr' id='par_1_39' title="bbox 2278 843 3882 917">
     <span class='ocr_line' id='line_1_39' title="bbox 2278 843 3882 917; baseline 0.002 -18"><span class='ocrx_word' id='word_1_264' title='bbox 2278 844 2425 899; x_wconf 90' lang='lat' dir='ltr'><strong>nitus</strong></span> <span class='ocrx_word' id='word_1_265' title='bbox 2455 854 2514 898; x_wconf 92' lang='lat' dir='ltr'><strong>ut</strong></span> <span class='ocrx_word' id='word_1_266' title='bbox 2547 853 2758 912; x_wconf 86' lang='lat' dir='ltr'><strong>petram</strong></span> <span class='ocrx_word' id='word_1_267' title='bbox 2793 845 2942 914; x_wconf 90' lang='lat' dir='ltr'><strong>virga</strong></span> <span class='ocrx_word' id='word_1_268' title='bbox 2978 843 3165 900; x_wconf 85' lang='lat' dir='ltr'><strong>feriret</strong></span> <span class='ocrx_word' id='word_1_269' title='bbox 3196 843 3476 916; x_wconf 84' lang='lat' dir='ltr'><strong>(familiari</strong></span> <span class='ocrx_word' id='word_1_270' title='bbox 3514 847 3618 901; x_wconf 84' lang='lat' dir='ltr'><strong>sibi</strong></span> <span class='ocrx_word' id='word_1_271' title='bbox 3661 848 3882 917; x_wconf 80' lang='lat' dir='ltr'><strong>experi-</strong></span> 
     </span>
    </p>
   </div>
   <div class='ocr_carea' id='block_1_40' title="bbox 2279 937 3975 1021">
    <p class='ocr_par' dir='ltr' id='par_1_40' title="bbox 2279 937 3975 1021">
     <span class='ocr_line' id='line_1_40' title="bbox 2279 937 3975 1021; baseline 0.004 -29"><span class='ocrx_word' id='word_1_272' title='bbox 2279 937 2535 1002; x_wconf 88' lang='lat' dir='ltr'><strong>rimento,</strong></span> <span class='ocrx_word' id='word_1_273' title='bbox 2565 937 2836 1008; x_wconf 87' lang='lat' dir='ltr'><strong>siquidem</strong></span> <span class='ocrx_word' id='word_1_274' title='bbox 2866 939 2915 993; x_wconf 90' lang='lat' dir='ltr'><strong>id</strong></span> <span class='ocrx_word' id='word_1_275' title='bbox 2941 939 3052 1009; x_wconf 89' lang='lat' dir='ltr'><strong>jam</strong></span> <span class='ocrx_word' id='word_1_276' title='bbox 3081 939 3492 1012; x_wconf 67' lang='lat' dir='ltr'><strong>antefecisset),</strong></span> <span class='ocrx_word' id='word_1_277' title='bbox 3517 943 3688 998; x_wconf 86' lang='lat' dir='ltr'><strong>semel</strong></span> <span class='ocrx_word' id='word_1_278' title='bbox 3721 953 3882 1012; x_wconf 84' lang='lat' dir='ltr'><strong>atque</strong></span> <span class='ocrx_word' id='word_1_279' title='bbox 3966 1012 3975 1021; x_wconf 28' lang='grc' dir='ltr'>δ</span> 
     </span>
    </p>
   </div>
   <div class='ocr_carea' id='block_1_41' title="bbox 2281 1034 3882 1106">
    <p class='ocr_par' dir='ltr' id='par_1_41' title="bbox 2281 1034 3882 1106">
     <span class='ocr_line' id='line_1_41' title="bbox 2281 1034 3882 1106; baseline 0.004 -19"><span class='ocrx_word' id='word_1_280' title='bbox 2281 1034 2474 1089; x_wconf 91' lang='lat' dir='ltr'><strong>iterum</strong></span> <span class='ocrx_word' id='word_1_281' title='bbox 2507 1044 2716 1103; x_wconf 87' lang='lat' dir='ltr'><strong>petram</strong></span> <span class='ocrx_word' id='word_1_282' title='bbox 2745 1035 3039 1104; x_wconf 75' lang='lat' dir='ltr'><strong>percussit,</strong></span> <span class='ocrx_word' id='word_1_283' title='bbox 3069 1044 3233 1105; x_wconf 84' lang='lat' dir='ltr'><strong>atque</strong></span> <span class='ocrx_word' id='word_1_284' title='bbox 3265 1035 3342 1090; x_wconf 88' lang='lat' dir='ltr'><strong>ita</strong></span> <span class='ocrx_word' id='word_1_285' title='bbox 3383 1051 3520 1106; x_wconf 81' lang='lat' dir='ltr'><strong>aqua</strong></span> <span class='ocrx_word' id='word_1_286' title='bbox 3549 1037 3792 1093; x_wconf 72' lang='lat' dir='ltr'><strong>efﬂuxit.</strong></span> <span class='ocrx_word' id='word_1_287' title='bbox 3825 1038 3882 1094; x_wconf 85' lang='lat' dir='ltr'><strong>tn</strong></span> 
     </span>
    </p>
   </div>
   <div class='ocr_carea' id='block_1_42' title="bbox 2278 1127 3879 1201">
    <p class='ocr_par' dir='ltr' id='par_1_42' title="bbox 2278 1127 3879 1201">
     <span class='ocr_line' id='line_1_42' title="bbox 2278 1127 3879 1201; baseline 0.005 -22"><span class='ocrx_word' id='word_1_288' title='bbox 2278 1141 2387 1195; x_wconf 90' lang='lat' dir='ltr'><strong>quo</strong></span> <span class='ocrx_word' id='word_1_289' title='bbox 2437 1127 2660 1197; x_wconf 89' lang='lat' dir='ltr'><strong>quidem</strong></span> <span class='ocrx_word' id='word_1_290' title='bbox 2719 1135 2941 1182; x_wconf 86' lang='lat' dir='ltr'><strong>notatus</strong></span> <span class='ocrx_word' id='word_1_291' title='bbox 2989 1144 3017 1180; x_wconf 93' lang='lat' dir='ltr'><strong>a</strong></span> <span class='ocrx_word' id='word_1_292' title='bbox 3067 1129 3301 1184; x_wconf 77' lang='lat' dir='ltr'><strong>Domino</strong></span> <span class='ocrx_word' id='word_1_293' title='bbox 3351 1129 3565 1201; x_wconf 84' lang='lat' dir='ltr'><strong>Moyses</strong></span> <span class='ocrx_word' id='word_1_294' title='bbox 3617 1131 3879 1199; x_wconf 79' lang='lat' dir='ltr'><strong>refertur,</strong></span> 
     </span>
    </p>
   </div>
   <div class='ocr_carea' id='block_1_43' title="bbox 2279 1219 3880 1296">
    <p class='ocr_par' dir='ltr' id='par_1_43' title="bbox 2279 1219 3880 1296">
     <span class='ocr_line' id='line_1_43' title="bbox 2279 1219 3880 1296; baseline 0.007 -25"><span class='ocrx_word' id='word_1_295' title='bbox 2279 1219 2423 1290; x_wconf 90' lang='lat' dir='ltr'><strong>quod</strong></span> <span class='ocrx_word' id='word_1_296' title='bbox 2457 1235 2551 1290; x_wconf 89' lang='lat' dir='ltr'><strong>per</strong></span> <span class='ocrx_word' id='word_1_297' title='bbox 2579 1219 2939 1275; x_wconf 77' lang='lat' dir='ltr'><strong>difﬁdentiam</strong></span> <span class='ocrx_word' id='word_1_298' title='bbox 2975 1236 3081 1276; x_wconf 89' lang='lat' dir='ltr'><strong>non</strong></span> <span class='ocrx_word' id='word_1_299' title='bbox 3124 1222 3230 1276; x_wconf 88' lang='lat' dir='ltr'><strong>nisi</strong></span> <span class='ocrx_word' id='word_1_300' title='bbox 3275 1223 3480 1278; x_wconf 88' lang='lat' dir='ltr'><strong>iterato</strong></span> <span class='ocrx_word' id='word_1_301' title='bbox 3527 1225 3638 1280; x_wconf 89' lang='lat' dir='ltr'><strong>ictu</strong></span> <span class='ocrx_word' id='word_1_302' title='bbox 3684 1235 3880 1296; x_wconf 86' lang='lat' dir='ltr'><strong>aquam</strong></span> 
     </span>
    </p>
   </div>
   <div class='ocr_carea' id='block_1_44' title="bbox 2279 1314 3880 1390">
    <p class='ocr_par' dir='ltr' id='par_1_44' title="bbox 2279 1314 3880 1390">
     <span class='ocr_line' id='line_1_44' title="bbox 2279 1314 3880 1390; baseline 0.004 -21"><span class='ocrx_word' id='word_1_303' title='bbox 2279 1314 2560 1380; x_wconf 79' lang='lat' dir='ltr'><strong>eduxerit;</strong></span> <span class='ocrx_word' id='word_1_304' title='bbox 2590 1315 2825 1387; x_wconf 90' lang='lat' dir='ltr'><strong>denique</strong></span> <span class='ocrx_word' id='word_1_305' title='bbox 2851 1315 2920 1369; x_wconf 93' lang='lat' dir='ltr'><strong>ob</strong></span> <span class='ocrx_word' id='word_1_306' title='bbox 2955 1314 3059 1370; x_wconf 88' lang='lat' dir='ltr'><strong>hoc</strong></span> <span class='ocrx_word' id='word_1_307' title='bbox 3101 1325 3386 1387; x_wconf 88' lang='lat' dir='ltr'><strong>peccatum</strong></span> <span class='ocrx_word' id='word_1_308' title='bbox 3421 1318 3748 1390; x_wconf 85' lang='lat' dir='ltr'><strong>promissam</strong></span> <span class='ocrx_word' id='word_1_309' title='bbox 3779 1321 3880 1376; x_wconf 85' lang='lat' dir='ltr'><strong>sibi</strong></span> 
     </span>
    </p>
   </div>
   <div class='ocr_carea' id='block_1_45' title="bbox 2281 1410 3877 1480">
    <p class='ocr_par' dir='ltr' id='par_1_45' title="bbox 2281 1410 3877 1480">
     <span class='ocr_line' id='line_1_45' title="bbox 2281 1410 3877 1480; baseline 0.004 -18"><span class='ocrx_word' id='word_1_310' title='bbox 2281 1417 2485 1464; x_wconf 89' lang='lat' dir='ltr'><strong>terram</strong></span> <span class='ocrx_word' id='word_1_311' title='bbox 2520 1425 2626 1463; x_wconf 90' lang='lat' dir='ltr'><strong>non</strong></span> <span class='ocrx_word' id='word_1_312' title='bbox 2655 1410 2934 1480; x_wconf 58' lang='lat' dir='ltr'><strong>ingressus</strong></span> <span class='ocrx_word' id='word_1_313' title='bbox 2971 1420 3078 1476; x_wconf 88' lang='lat' dir='ltr'><strong>est,</strong></span> <span class='ocrx_word' id='word_1_314' title='bbox 3105 1411 3248 1464; x_wconf 86' lang='lat' dir='ltr'><strong>sicut</strong></span> <span class='ocrx_word' id='word_1_315' title='bbox 3299 1411 3532 1467; x_wconf 77' lang='lat' dir='ltr'><strong>inferius</strong></span> <span class='ocrx_word' id='word_1_316' title='bbox 3569 1412 3877 1468; x_wconf 78' lang='lat' dir='ltr'><strong>ostendam.</strong></span> 
     </span>
    </p>
   </div>
   <div class='ocr_carea' id='block_1_46' title="bbox 2281 1501 3880 1577">
    <p class='ocr_par' dir='ltr' id='par_1_46' title="bbox 2281 1501 3880 1577">
     <span class='ocr_line' id='line_1_46' title="bbox 2281 1501 3880 1577; baseline 0.005 -23"><span class='ocrx_word' id='word_1_317' title='bbox 2281 1501 2446 1572; x_wconf 70' lang='lat' dir='ltr'><strong>Igitur</strong></span> <span class='ocrx_word' id='word_1_318' title='bbox 2483 1501 2695 1574; x_wconf 83' lang='lat' dir='ltr'><strong>Moyses</strong></span> <span class='ocrx_word' id='word_1_319' title='bbox 2739 1510 2804 1557; x_wconf 79' lang='lat' dir='ltr'><strong>ex</strong></span> <span class='ocrx_word' id='word_1_320' title='bbox 2847 1519 2914 1559; x_wconf 93' lang='lat' dir='ltr'><strong>eo</strong></span> <span class='ocrx_word' id='word_1_321' title='bbox 2957 1505 3078 1558; x_wconf 90' lang='lat' dir='ltr'><strong>loco</strong></span> <span class='ocrx_word' id='word_1_322' title='bbox 3127 1519 3479 1574; x_wconf 84' lang='lat' dir='ltr'><strong>promovens,</strong></span> <span class='ocrx_word' id='word_1_323' title='bbox 3518 1521 3641 1560; x_wconf 84' lang='lat' dir='ltr'><strong>cum</strong></span> <span class='ocrx_word' id='word_1_324' title='bbox 3682 1518 3880 1577; x_wconf 79' lang='lat' dir='ltr'><strong>praeter</strong></span> 
     </span>
    </p>
   </div>
   <div class='ocr_carea' id='block_1_47' title="bbox 2279 1593 3880 1670">
    <p class='ocr_par' dir='ltr' id='par_1_47' title="bbox 2279 1593 3880 1670">
     <span class='ocr_line' id='line_1_47' title="bbox 2279 1593 3880 1670; baseline 0.002 -20"><span class='ocrx_word' id='word_1_325' title='bbox 2279 1593 2454 1650; x_wconf 82' lang='lat' dir='ltr'><strong>Edoni</strong></span> <span class='ocrx_word' id='word_1_326' title='bbox 2483 1610 2675 1666; x_wconf 87' lang='lat' dir='ltr'><strong>agmen</strong></span> <span class='ocrx_word' id='word_1_327' title='bbox 2709 1595 2944 1652; x_wconf 89' lang='lat' dir='ltr'><strong>educere</strong></span> <span class='ocrx_word' id='word_1_328' title='bbox 2974 1608 3215 1666; x_wconf 86' lang='lat' dir='ltr'><strong>pararet,</strong></span> <span class='ocrx_word' id='word_1_329' title='bbox 3249 1599 3436 1652; x_wconf 84' lang='lat' dir='ltr'><strong>mlssis</strong></span> <span class='ocrx_word' id='word_1_330' title='bbox 3464 1597 3531 1652; x_wconf 91' lang='lat' dir='ltr'><strong>ad</strong></span> <span class='ocrx_word' id='word_1_331' title='bbox 3572 1614 3761 1670; x_wconf 70' lang='lat' dir='ltr'><strong>ring</strong></span> <span class='ocrx_word' id='word_1_332' title='bbox 3802 1599 3880 1655; x_wconf 83' lang='lat' dir='ltr'><strong>le-</strong></span> 
     </span>
    </p>
   </div>
   <div class='ocr_carea' id='block_1_48' title="bbox 2277 1687 3878 1764">
    <p class='ocr_par' dir='ltr' id='par_1_48' title="bbox 2277 1687 3878 1764">
     <span class='ocr_line' id='line_1_48' title="bbox 2277 1687 3878 1764; baseline 0.007 -26"><span class='ocrx_word' id='word_1_333' title='bbox 2277 1687 2418 1758; x_wconf 59' lang='lat' dir='ltr'><strong>gatis</strong></span> <span class='ocrx_word' id='word_1_334' title='bbox 2465 1688 2786 1744; x_wconf 80' lang='lat' dir='ltr'><strong>transeundi</strong></span> <span class='ocrx_word' id='word_1_335' title='bbox 2817 1690 3030 1761; x_wconf 86' lang='lat' dir='ltr'><strong>eopiam</strong></span> <span class='ocrx_word' id='word_1_336' title='bbox 3068 1690 3343 1761; x_wconf 78' lang='lat' dir='ltr'><strong>peposcit,</strong></span> <span class='ocrx_word' id='word_1_337' title='bbox 3373 1691 3445 1747; x_wconf 91' lang='lat' dir='ltr'><strong>ob</strong></span> <span class='ocrx_word' id='word_1_338' title='bbox 3478 1691 3567 1762; x_wconf 85' lang='lat' dir='ltr'><strong>jus</strong></span> <span class='ocrx_word' id='word_1_339' title='bbox 3599 1692 3878 1764; x_wconf 79' lang='lat' dir='ltr'><strong>sanguinis</strong></span> 
     </span>
    </p>
   </div>
   <div class='ocr_carea' id='block_1_49' title="bbox 3149 1785 3878 1856">
    <p class='ocr_par' dir='ltr' id='par_1_49' title="bbox 3149 1785 3878 1856">
     <span class='ocr_line' id='line_1_49' title="bbox 3149 1785 3878 1856; baseline 0.005 -18"><span class='ocrx_word' id='word_1_340' title='bbox 3149 1785 3351 1839; x_wconf 88' lang='lat' dir='ltr'><strong>etenim</strong></span> <span class='ocrx_word' id='word_1_341' title='bbox 3401 1800 3538 1856; x_wconf 85' lang='lat' dir='ltr'><strong>gens</strong></span> <span class='ocrx_word' id='word_1_342' title='bbox 3583 1786 3677 1841; x_wconf 79' lang='lat' dir='ltr'><strong>illa</strong></span> <span class='ocrx_word' id='word_1_343' title='bbox 3733 1786 3878 1842; x_wconf 84' lang='lat' dir='ltr'><strong>Esau</strong></span> 
     </span>
    </p>
   </div>
   <div class='ocr_carea' id='block_1_50' title="bbox 2275 1877 3880 1950">
    <p class='ocr_par' dir='ltr' id='par_1_50' title="bbox 2275 1877 3880 1950">
     <span class='ocr_line' id='line_1_50' title="bbox 2275 1877 3880 1950; baseline 0.002 -18"><span class='ocrx_word' id='word_1_344' title='bbox 2275 1878 2562 1948; x_wconf 81' lang='lat' dir='ltr'><strong>progenies</strong></span> <span class='ocrx_word' id='word_1_345' title='bbox 2590 1887 2739 1943; x_wconf 88' lang='lat' dir='ltr'><strong>erat;</strong></span> <span class='ocrx_word' id='word_1_346' title='bbox 2767 1877 2863 1933; x_wconf 88' lang='lat' dir='ltr'><strong>sed</strong></span> <span class='ocrx_word' id='word_1_347' title='bbox 2893 1894 2989 1933; x_wconf 85' lang='lat' dir='ltr'><strong>rex</strong></span> <span class='ocrx_word' id='word_1_348' title='bbox 3015 1879 3291 1949; x_wconf 88' lang='lat' dir='ltr'><strong>supplices</strong></span> <span class='ocrx_word' id='word_1_349' title='bbox 3323 1887 3670 1950; x_wconf 87' lang='lat' dir='ltr'><strong>aspernatus,</strong></span> <span class='ocrx_word' id='word_1_350' title='bbox 3703 1890 3880 1937; x_wconf 83' lang='lat' dir='ltr'><strong>trans-</strong></span> 
     </span>
    </p>
   </div>
   <div class='ocr_carea' id='block_1_51' title="bbox 2275 1969 3879 2040">
    <p class='ocr_par' dir='ltr' id='par_1_51' title="bbox 2275 1969 3879 2040">
     <span class='ocr_line' id='line_1_51' title="bbox 2275 1969 3879 2040; baseline 0.004 -16"><span class='ocrx_word' id='word_1_351' title='bbox 2275 1969 2407 2024; x_wconf 90' lang='lat' dir='ltr'><strong>itum</strong></span> <span class='ocrx_word' id='word_1_352' title='bbox 2475 1971 2734 2040; x_wconf 78' lang='lat' dir='ltr'><strong>negavit,</strong></span> <span class='ocrx_word' id='word_1_353' title='bbox 2791 1980 3017 2040; x_wconf 85' lang='lat' dir='ltr'><strong>paratus</strong></span> <span class='ocrx_word' id='word_1_354' title='bbox 3079 1972 3251 2027; x_wconf 86' lang='lat' dir='ltr'><strong>armis</strong></span> <span class='ocrx_word' id='word_1_355' title='bbox 3318 1973 3681 2030; x_wconf 86' lang='lat' dir='ltr'><strong>contendere.</strong></span> <span class='ocrx_word' id='word_1_356' title='bbox 3743 1973 3879 2030; x_wconf 82' lang='lat' dir='ltr'><strong>Tum</strong></span> 
     </span>
    </p>
   </div>
   <div class='ocr_carea' id='block_1_52' title="bbox 2273 2064 3880 2136">
    <p class='ocr_par' dir='ltr' id='par_1_52' title="bbox 2273 2064 3880 2136">
     <span class='ocr_line' id='line_1_52' title="bbox 2273 2064 3880 2136; baseline 0.003 -17"><span class='ocrx_word' id='word_1_357' title='bbox 2273 2064 2488 2136; x_wconf 87' lang='lat' dir='ltr'><strong>Moyses</strong></span> <span class='ocrx_word' id='word_1_358' title='bbox 2517 2066 2566 2119; x_wconf 89' lang='lat' dir='ltr'><strong>itt</strong></span> <span class='ocrx_word' id='word_1_359' title='bbox 2597 2064 2672 2121; x_wconf 87' lang='lat' dir='ltr'><strong>0r</strong></span> <span class='ocrx_word' id='word_1_360' title='bbox 2693 2075 2933 2122; x_wconf 88' lang='lat' dir='ltr'><strong>montem</strong></span> <span class='ocrx_word' id='word_1_361' title='bbox 2969 2069 3072 2121; x_wconf 91' lang='lat' dir='ltr'><strong>iter</strong></span> <span class='ocrx_word' id='word_1_362' title='bbox 3099 2070 3408 2134; x_wconf 89' lang='lat' dir='ltr'><strong>convertit,</strong></span> <span class='ocrx_word' id='word_1_363' title='bbox 3443 2072 3607 2123; x_wconf 88' lang='lat' dir='ltr'><strong>vetita</strong></span> <span class='ocrx_word' id='word_1_364' title='bbox 3640 2069 3723 2123; x_wconf 88' lang='lat' dir='ltr'><strong>via</strong></span> <span class='ocrx_word' id='word_1_365' title='bbox 3751 2071 3880 2124; x_wconf 83' lang='lat' dir='ltr'><strong>abs-</strong></span> 
     </span>
    </p>
   </div>
   <div class='ocr_carea' id='block_1_53' title="bbox 2273 2160 3881 2231">
    <p class='ocr_par' dir='ltr' id='par_1_53' title="bbox 2273 2160 3881 2231">
     <span class='ocr_line' id='line_1_53' title="bbox 2273 2160 3881 2231; baseline 0.003 -19"><span class='ocrx_word' id='word_1_366' title='bbox 2273 2160 2451 2215; x_wconf 91' lang='lat' dir='ltr'><strong>tinens</strong></span> <span class='ocrx_word' id='word_1_367' title='bbox 2472 2201 2486 2224; x_wconf 95' lang='lat'><strong>,</strong></span> <span class='ocrx_word' id='word_1_368' title='bbox 2535 2175 2604 2216; x_wconf 89' lang='lat' dir='ltr'><strong>ne</strong></span> <span class='ocrx_word' id='word_1_369' title='bbox 2646 2176 2808 2230; x_wconf 86' lang='lat' dir='ltr'><strong>quam</strong></span> <span class='ocrx_word' id='word_1_370' title='bbox 2853 2161 2998 2214; x_wconf 86' lang='lat' dir='ltr'><strong>inter</strong></span> <span class='ocrx_word' id='word_1_371' title='bbox 3029 2161 3466 2231; x_wconf 87' lang='lat' dir='ltr'><strong>consanguineos</strong></span> <span class='ocrx_word' id='word_1_372' title='bbox 3498 2175 3720 2216; x_wconf 78' lang='lat' dir='ltr'><strong>causam</strong></span> <span class='ocrx_word' id='word_1_373' title='bbox 3751 2162 3881 2218; x_wconf 83' lang='lat' dir='ltr'><strong>belli</strong></span> 
     </span>
    </p>
   </div>
   <div class='ocr_carea' id='block_1_54' title="bbox 2275 2252 3882 2325">
    <p class='ocr_par' dir='ltr' id='par_1_54' title="bbox 2275 2252 3882 2325">
     <span class='ocr_line' id='line_1_54' title="bbox 2275 2252 3882 2325; baseline 0.003 -19"><span class='ocrx_word' id='word_1_374' title='bbox 2275 2254 2577 2321; x_wconf 69' lang='lat' dir='ltr'><strong>prtcbet‘et;</strong></span> <span class='ocrx_word' id='word_1_375' title='bbox 2614 2254 2666 2307; x_wconf 90' lang='lat' dir='ltr'><strong>in</strong></span> <span class='ocrx_word' id='word_1_376' title='bbox 2699 2270 2765 2309; x_wconf 91' lang='lat' dir='ltr'><strong>eo</strong></span> <span class='ocrx_word' id='word_1_377' title='bbox 2795 2263 3016 2325; x_wconf 88' lang='lat' dir='ltr'><strong>quoque</strong></span> <span class='ocrx_word' id='word_1_378' title='bbox 3047 2270 3214 2309; x_wconf 90' lang='lat' dir='ltr'><strong>cursu</strong></span> <span class='ocrx_word' id='word_1_379' title='bbox 3247 2271 3428 2324; x_wconf 82' lang='lat' dir='ltr'><strong>regem</strong></span> <span class='ocrx_word' id='word_1_380' title='bbox 3459 2256 3642 2324; x_wconf 82' lang='lat' dir='ltr'><strong>gentis</strong></span> <span class='ocrx_word' id='word_1_381' title='bbox 3667 2252 3882 2311; x_wconf 79' lang='lat' dir='ltr'><strong>Chana-</strong></span> 
     </span>
    </p>
   </div>
   <div class='ocr_carea' id='block_1_55' title="bbox 2273 2347 3879 2420">
    <p class='ocr_par' dir='ltr' id='par_1_55' title="bbox 2273 2347 3879 2420">
     <span class='ocr_line' id='line_1_55' title="bbox 2273 2347 3879 2420; baseline 0.002 -18"><span class='ocrx_word' id='word_1_382' title='bbox 2273 2363 2516 2403; x_wconf 71' lang='lat' dir='ltr'><strong>ttatorum</strong></span> <span class='ocrx_word' id='word_1_383' title='bbox 2548 2348 2771 2403; x_wconf 85' lang='lat' dir='ltr'><strong>d‘elevit.</strong></span> <span class='ocrx_word' id='word_1_384' title='bbox 2797 2347 2938 2404; x_wconf 87' lang='lat' dir='ltr'><strong>Seon</strong></span> <span class='ocrx_word' id='word_1_385' title='bbox 2968 2363 3187 2420; x_wconf 87' lang='lat' dir='ltr'><strong>quoque</strong></span> <span class='ocrx_word' id='word_1_386' title='bbox 3216 2363 3400 2419; x_wconf 86' lang='lat' dir='ltr'><strong>regem</strong></span> <span class='ocrx_word' id='word_1_387' title='bbox 3430 2348 3879 2405; x_wconf 70' lang='lat' dir='ltr'><strong>Amorrlttcorum</strong></span> 
     </span>
    </p>
   </div>
   <div class='ocr_carea' id='block_1_56' title="bbox 2273 2441 3877 2513">
    <p class='ocr_par' dir='ltr' id='par_1_56' title="bbox 2273 2441 3877 2513">
     <span class='ocr_line' id='line_1_56' title="bbox 2273 2441 3877 2513; baseline 0 -19"><span class='ocrx_word' id='word_1_388' title='bbox 2273 2442 2524 2512; x_wconf 83' lang='lat' dir='ltr'><strong>perculit,</strong></span> <span class='ocrx_word' id='word_1_389' title='bbox 2581 2443 2934 2511; x_wconf 80' lang='lat' dir='ltr'><strong>omniumque</strong></span> <span class='ocrx_word' id='word_1_390' title='bbox 2977 2458 3168 2496; x_wconf 85' lang='lat' dir='ltr'><strong>eorum</strong></span> <span class='ocrx_word' id='word_1_391' title='bbox 3221 2443 3442 2513; x_wconf 85' lang='lat' dir='ltr'><strong>oppidis</strong></span> <span class='ocrx_word' id='word_1_392' title='bbox 3508 2441 3716 2512; x_wconf 90' lang='lat' dir='ltr'><strong>potitus</strong></span> <span class='ocrx_word' id='word_1_393' title='bbox 3775 2452 3877 2497; x_wconf 85' lang='lat' dir='ltr'><strong>est.</strong></span> 
     </span>
    </p>
   </div>
   <div class='ocr_carea' id='block_1_57' title="bbox 2273 2534 3882 2608">
    <p class='ocr_par' dir='ltr' id='par_1_57' title="bbox 2273 2534 3882 2608">
     <span class='ocr_line' id='line_1_57' title="bbox 2273 2534 3882 2608; baseline 0.002 -18"><span class='ocrx_word' id='word_1_394' title='bbox 2273 2534 2448 2590; x_wconf 83' lang='lat' dir='ltr'><strong>Basan</strong></span> <span class='ocrx_word' id='word_1_395' title='bbox 2479 2535 2642 2590; x_wconf 86' lang='lat' dir='ltr'><strong>etiam</strong></span> <span class='ocrx_word' id='word_1_396' title='bbox 2675 2546 2730 2589; x_wconf 92' lang='lat' dir='ltr'><strong>et</strong></span> <span class='ocrx_word' id='word_1_397' title='bbox 2764 2535 2925 2591; x_wconf 85' lang='lat' dir='ltr'><strong>Balac</strong></span> <span class='ocrx_word' id='word_1_398' title='bbox 2960 2547 3123 2607; x_wconf 87' lang='lat' dir='ltr'><strong>reges</strong></span> <span class='ocrx_word' id='word_1_399' title='bbox 3154 2535 3381 2604; x_wconf 83' lang='lat' dir='ltr'><strong>devicit,</strong></span> <span class='ocrx_word' id='word_1_400' title='bbox 3413 2549 3468 2592; x_wconf 91' lang='lat' dir='ltr'><strong>et</strong></span> <span class='ocrx_word' id='word_1_401' title='bbox 3505 2547 3686 2592; x_wconf 84' lang='lat' dir='ltr'><strong>castra</strong></span> <span class='ocrx_word' id='word_1_402' title='bbox 3717 2544 3882 2608; x_wconf 80' lang='lat' dir='ltr'><strong>super</strong></span> 
     </span>
    </p>
   </div>
   <div class='ocr_carea' id='block_1_58' title="bbox 2271 2627 3883 2700">
    <p class='ocr_par' dir='ltr' id='par_1_58' title="bbox 2271 2627 3883 2700">
     <span class='ocr_line' id='line_1_58' title="bbox 2271 2627 3883 2700; baseline 0.002 -16"><span class='ocrx_word' id='word_1_403' title='bbox 2271 2627 2561 2684; x_wconf 79' lang='lat' dir='ltr'><strong>Jordanem</strong></span> <span class='ocrx_word' id='word_1_404' title='bbox 2594 2627 2736 2682; x_wconf 88' lang='lat' dir='ltr'><strong>haud</strong></span> <span class='ocrx_word' id='word_1_405' title='bbox 2766 2629 2930 2700; x_wconf 83' lang='lat' dir='ltr'><strong>longe</strong></span> <span class='ocrx_word' id='word_1_406' title='bbox 2955 2632 3022 2685; x_wconf 76' lang='grc' dir='ltr'><strong>ιιι)</strong></span> <span class='ocrx_word' id='word_1_407' title='bbox 3053 2629 3309 2685; x_wconf 79' lang='lat' dir='ltr'><strong>Hiericho</strong></span> <span class='ocrx_word' id='word_1_408' title='bbox 3339 2630 3564 2685; x_wconf 86' lang='lat' dir='ltr'><strong>molitus</strong></span> <span class='ocrx_word' id='word_1_409' title='bbox 3597 2642 3704 2686; x_wconf 88' lang='lat' dir='ltr'><strong>est.</strong></span> <span class='ocrx_word' id='word_1_410' title='bbox 3731 2631 3883 2687; x_wconf 84' lang='lat' dir='ltr'><strong>Tunc</strong></span> 
     </span>
    </p>
   </div>
   <div class='ocr_carea' id='block_1_59' title="bbox 2273 2723 3881 2797">
    <p class='ocr_par' dir='ltr' id='par_1_59' title="bbox 2273 2723 3881 2797">
     <span class='ocr_line' id='line_1_59' title="bbox 2273 2723 3881 2797; baseline 0.002 -19"><span class='ocrx_word' id='word_1_411' title='bbox 2273 2725 2535 2778; x_wconf 84' lang='lat' dir='ltr'><strong>adversus</strong></span> <span class='ocrx_word' id='word_1_412' title='bbox 2580 2723 2900 2780; x_wconf 78' lang='lat' dir='ltr'><strong>Madianitas</strong></span> <span class='ocrx_word' id='word_1_413' title='bbox 2943 2736 3236 2790; x_wconf 77' lang='lat' dir='ltr'><strong>certatum,</strong></span> <span class='ocrx_word' id='word_1_414' title='bbox 3279 2727 3515 2797; x_wconf 85' lang='lat' dir='ltr'><strong>victique</strong></span> <span class='ocrx_word' id='word_1_415' title='bbox 3566 2737 3621 2783; x_wconf 88' lang='lat' dir='ltr'><strong>et</strong></span> <span class='ocrx_word' id='word_1_416' title='bbox 3669 2728 3881 2784; x_wconf 82' lang='lat' dir='ltr'><strong>subacti</strong></span> 
     </span>
    </p>
   </div>
   <div class='ocr_carea' id='block_1_60' title="bbox 2272 2819 3881 2890">
    <p class='ocr_par' dir='ltr' id='par_1_60' title="bbox 2272 2819 3881 2890">
     <span class='ocr_line' id='line_1_60' title="bbox 2272 2819 3881 2890; baseline 0.004 -18"><span class='ocrx_word' id='word_1_417' title='bbox 2272 2825 2417 2872; x_wconf 86' lang='lat' dir='ltr'><strong>sunt.</strong></span> <span class='ocrx_word' id='word_1_418' title='bbox 2453 2819 2671 2890; x_wconf 78' lang='lat' dir='ltr'><strong>Moyses</strong></span> <span class='ocrx_word' id='word_1_419' title='bbox 2703 2831 2955 2875; x_wconf 88' lang='lat' dir='ltr'><strong>mortuus</strong></span> <span class='ocrx_word' id='word_1_420' title='bbox 2982 2829 3090 2887; x_wconf 90' lang='lat' dir='ltr'><strong>est,</strong></span> <span class='ocrx_word' id='word_1_421' title='bbox 3119 2829 3242 2876; x_wconf 85' lang='lat' dir='ltr'><strong>cum</strong></span> <span class='ocrx_word' id='word_1_422' title='bbox 3269 2836 3338 2875; x_wconf 84' lang='lat' dir='ltr'><strong>xt.</strong></span> <span class='ocrx_word' id='word_1_423' title='bbox 3370 2822 3423 2874; x_wconf 90' lang='lat' dir='ltr'><strong>in</strong></span> <span class='ocrx_word' id='word_1_424' title='bbox 3454 2820 3677 2877; x_wconf 90' lang='lat' dir='ltr'><strong>deserto</strong></span> <span class='ocrx_word' id='word_1_425' title='bbox 3709 2831 3881 2878; x_wconf 83' lang='lat' dir='ltr'><strong>annos</strong></span> 
     </span>
    </p>
   </div>
   <div class='ocr_carea' id='block_1_61' title="bbox 2275 2911 3876 2982">
    <p class='ocr_par' dir='ltr' id='par_1_61' title="bbox 2275 2911 3876 2982">
     <span class='ocr_line' id='line_1_61' title="bbox 2275 2911 3876 2982; baseline 0.004 -18"><span class='ocrx_word' id='word_1_426' title='bbox 2275 2911 2474 2982; x_wconf 90' lang='lat' dir='ltr'><strong>popqu</strong></span> <span class='ocrx_word' id='word_1_427' title='bbox 2503 2912 2830 2981; x_wconf 69' lang='lat' dir='ltr'><strong>praefuisset.</strong></span> <span class='ocrx_word' id='word_1_428' title='bbox 2859 2911 3129 2968; x_wconf 76' lang='lat' dir='ltr'><strong>Caeterum</strong></span> <span class='ocrx_word' id='word_1_429' title='bbox 3153 2913 3371 2969; x_wconf 81' lang='lat' dir='ltr'><strong>Hebrtei</strong></span> <span class='ocrx_word' id='word_1_430' title='bbox 3394 2914 3466 2968; x_wconf 90' lang='lat' dir='ltr'><strong>ob</strong></span> <span class='ocrx_word' id='word_1_431' title='bbox 3494 2914 3633 2969; x_wconf 86' lang='lat' dir='ltr'><strong>hanc</strong></span> <span class='ocrx_word' id='word_1_432' title='bbox 3657 2930 3876 2971; x_wconf 83' lang='lat' dir='ltr'><strong>causam</strong></span> 
     </span>
    </p>
   </div>
   <div class='ocr_carea' id='block_1_62' title="bbox 2275 3006 3878 3073">
    <p class='ocr_par' dir='ltr' id='par_1_62' title="bbox 2275 3006 3878 3073">
     <span class='ocr_line' id='line_1_62' title="bbox 2275 3006 3878 3073; baseline 0.006 -18"><span class='ocrx_word' id='word_1_433' title='bbox 2275 3014 2425 3058; x_wconf 87' lang='lat' dir='ltr'><strong>tanto</strong></span> <span class='ocrx_word' id='word_1_434' title='bbox 2457 3015 2699 3073; x_wconf 86' lang='lat' dir='ltr'><strong>tempore</strong></span> <span class='ocrx_word' id='word_1_435' title='bbox 2726 3007 2778 3059; x_wconf 91' lang='lat' dir='ltr'><strong>in</strong></span> <span class='ocrx_word' id='word_1_436' title='bbox 2809 3021 2996 3060; x_wconf 90' lang='lat' dir='ltr'><strong>eremo</strong></span> <span class='ocrx_word' id='word_1_437' title='bbox 3024 3009 3191 3062; x_wconf 76' lang='lat' dir='ltr'><strong>fuisse</strong></span> <span class='ocrx_word' id='word_1_438' title='bbox 3217 3006 3534 3073; x_wconf 88' lang='lat' dir='ltr'><strong>traduntur,</strong></span> <span class='ocrx_word' id='word_1_439' title='bbox 3557 3007 3735 3064; x_wconf 90' lang='lat' dir='ltr'><strong>donec</strong></span> <span class='ocrx_word' id='word_1_440' title='bbox 3762 3025 3878 3065; x_wconf 88' lang='lat' dir='ltr'><strong>om-</strong></span> 
     </span>
    </p>
   </div>
   <div class='ocr_carea' id='block_1_63' title="bbox 2274 3098 3878 3168">
    <p class='ocr_par' dir='ltr' id='par_1_63' title="bbox 2274 3098 3878 3168">
     <span class='ocr_line' id='line_1_63' title="bbox 2274 3098 3878 3168; baseline 0.002 -17"><span class='ocrx_word' id='word_1_441' title='bbox 2274 3113 2370 3153; x_wconf 91' lang='lat' dir='ltr'><strong>nes</strong></span> <span class='ocrx_word' id='word_1_442' title='bbox 2399 3098 2493 3168; x_wconf 90' lang='lat' dir='ltr'><strong>qui</strong></span> <span class='ocrx_word' id='word_1_443' title='bbox 2537 3099 2717 3153; x_wconf 83' lang='lat' dir='ltr'><strong>verbis</strong></span> <span class='ocrx_word' id='word_1_444' title='bbox 2743 3099 2838 3152; x_wconf 84' lang='lat' dir='ltr'><strong>Dei</strong></span> <span class='ocrx_word' id='word_1_445' title='bbox 2873 3115 2980 3153; x_wconf 84' lang='lat' dir='ltr'><strong>non</strong></span> <span class='ocrx_word' id='word_1_446' title='bbox 3010 3101 3380 3164; x_wconf 82' lang='lat' dir='ltr'><strong>crediderant,</strong></span> <span class='ocrx_word' id='word_1_447' title='bbox 3415 3099 3708 3157; x_wconf 88' lang='lat' dir='ltr'><strong>interirent</strong></span> <span class='ocrx_word' id='word_1_448' title='bbox 3742 3119 3756 3157; x_wconf 89' lang='lat'><strong>:</strong></span> <span class='ocrx_word' id='word_1_449' title='bbox 3786 3117 3878 3156; x_wconf 83' lang='lat' dir='ltr'><strong>ex-</strong></span> 
     </span>
    </p>
   </div>
   <div class='ocr_carea' id='block_1_64' title="bbox 563 3182 3876 3263">
    <p class='ocr_par' dir='ltr' id='par_1_64' title="bbox 563 3182 3876 3263">
     <span class='ocr_line' id='line_1_64' title="bbox 563 3182 3876 3263; baseline -0 -13"><span class='ocrx_word' id='word_1_450' title='bbox 563 3195 760 3250; x_wconf 89' lang='lat' dir='ltr'><strong>castris</strong></span> <span class='ocrx_word' id='word_1_451' title='bbox 793 3193 912 3257; x_wconf 86' lang='lat' dir='ltr'><strong>fuit.</strong></span> <span class='ocrx_word' id='word_1_452' title='bbox 939 3193 1077 3249; x_wconf 89' lang='lat' dir='ltr'><strong>adeo</strong></span> <span class='ocrx_word' id='word_1_453' title='bbox 1106 3201 1258 3248; x_wconf 84' lang='lat' dir='ltr'><strong>utxx</strong></span> <span class='ocrx_word' id='word_1_454' title='bbox 1291 3202 1344 3248; x_wconf 94' lang='lat' dir='ltr'><strong>et</strong></span> <span class='ocrx_word' id='word_1_455' title='bbox 1376 3209 1434 3247; x_wconf 91' lang='grc' dir='ltr'><strong>ιιι</strong></span> <span class='ocrx_word' id='word_1_456' title='bbox 1462 3193 1706 3247; x_wconf 87' lang='lat' dir='ltr'><strong>virorum</strong></span> <span class='ocrx_word' id='word_1_457' title='bbox 1735 3191 1902 3245; x_wconf 90' lang='lat' dir='ltr'><strong>millia</strong></span> <span class='ocrx_word' id='word_1_458' title='bbox 1935 3189 2165 3261; x_wconf 87' lang='lat' dir='ltr'><strong>periisse</strong></span> <span class='ocrx_word' id='word_1_459' title='bbox 2193 3182 2236 3243; x_wconf 85' lang='lat' dir='ltr'><strong><em>C</em></strong></span> <span class='ocrx_word' id='word_1_460' title='bbox 2273 3201 2434 3263; x_wconf 78' lang='lat' dir='ltr'><strong>cepto</strong></span> <span class='ocrx_word' id='word_1_461' title='bbox 2481 3192 2623 3247; x_wconf 87' lang='lat' dir='ltr'><strong>enim</strong></span> <span class='ocrx_word' id='word_1_462' title='bbox 2665 3191 2792 3248; x_wconf 76' lang='lat' dir='ltr'><strong>Jesu</strong></span> <span class='ocrx_word' id='word_1_463' title='bbox 2839 3204 2893 3247; x_wconf 90' lang='lat' dir='ltr'><strong>et</strong></span> <span class='ocrx_word' id='word_1_464' title='bbox 2935 3193 3160 3261; x_wconf 78' lang='lat' dir='ltr'><strong>Chaleb,</strong></span> <span class='ocrx_word' id='word_1_465' title='bbox 3209 3210 3372 3249; x_wconf 87' lang='lat' dir='ltr'><strong>nemo</strong></span> <span class='ocrx_word' id='word_1_466' title='bbox 3413 3195 3552 3250; x_wconf 87' lang='lat' dir='ltr'><strong>ultra</strong></span> <span class='ocrx_word' id='word_1_467' title='bbox 3599 3211 3667 3249; x_wconf 85' lang='lat' dir='ltr'><strong>xx</strong></span> <span class='ocrx_word' id='word_1_468' title='bbox 3705 3209 3876 3250; x_wconf 89' lang='lat' dir='ltr'><strong>annos</strong></span> 
     </span>
    </p>
   </div>
   <div class='ocr_carea' id='block_1_65' title="bbox 563 3283 2164 3357">
    <p class='ocr_par' dir='ltr' id='par_1_65' title="bbox 563 3283 2164 3357">
     <span class='ocr_line' id='line_1_65' title="bbox 563 3283 2164 3357; baseline -0.002 -15"><span class='ocrx_word' id='word_1_469' title='bbox 563 3288 869 3342; x_wconf 87' lang='lat' dir='ltr'><strong>tradantur.</strong></span> <span class='ocrx_word' id='word_1_470' title='bbox 929 3287 1006 3342; x_wconf 90' lang='lat' dir='ltr'><strong>Ita</strong></span> <span class='ocrx_word' id='word_1_471' title='bbox 1056 3289 1289 3357; x_wconf 88' lang='lat' dir='ltr'><strong>populus</strong></span> <span class='ocrx_word' id='word_1_472' title='bbox 1334 3302 1400 3342; x_wconf 88' lang='lat' dir='ltr'><strong>eo</strong></span> <span class='ocrx_word' id='word_1_473' title='bbox 1431 3301 1593 3357; x_wconf 85' lang='lat' dir='ltr'><strong>quem</strong></span> <span class='ocrx_word' id='word_1_474' title='bbox 1638 3284 1994 3340; x_wconf 88' lang='lat' dir='ltr'><strong>desiderabat</strong></span> <span class='ocrx_word' id='word_1_475' title='bbox 2040 3283 2164 3339; x_wconf 88' lang='lat' dir='ltr'><strong>cibo</strong></span> 
     </span>
    </p>
   </div>
   <div class='ocr_carea' id='block_1_66' title="bbox 564 3376 2162 3449">
    <p class='ocr_par' dir='ltr' id='par_1_66' title="bbox 564 3376 2162 3449">
     <span class='ocr_line' id='line_1_66' title="bbox 564 3376 2162 3449; baseline -0.003 -15"><span class='ocrx_word' id='word_1_476' title='bbox 564 3380 784 3449; x_wconf 86' lang='lat' dir='ltr'><strong>punitus</strong></span> <span class='ocrx_word' id='word_1_477' title='bbox 811 3388 912 3435; x_wconf 91' lang='lat' dir='ltr'><strong>est.</strong></span> <span class='ocrx_word' id='word_1_478' title='bbox 945 3379 1075 3435; x_wconf 93' lang='lat' dir='ltr'><strong>Inde</strong></span> <span class='ocrx_word' id='word_1_479' title='bbox 1099 3386 1410 3448; x_wconf 89' lang='lat' dir='ltr'><strong>promotum</strong></span> <span class='ocrx_word' id='word_1_480' title='bbox 1437 3395 1654 3449; x_wconf 87' lang='lat' dir='ltr'><strong>agmen,</strong></span> <span class='ocrx_word' id='word_1_481' title='bbox 1681 3390 1735 3434; x_wconf 91' lang='lat' dir='ltr'><strong>et</strong></span> <span class='ocrx_word' id='word_1_482' title='bbox 1759 3379 1812 3432; x_wconf 93' lang='lat' dir='ltr'><strong>in</strong></span> <span class='ocrx_word' id='word_1_483' title='bbox 1839 3376 2017 3432; x_wconf 87' lang='lat' dir='ltr'><strong>Farau</strong></span> <span class='ocrx_word' id='word_1_484' title='bbox 2040 3393 2162 3431; x_wconf 83' lang='lat' dir='ltr'><strong>ven-</strong></span> 
     </span>
    </p>
   </div>
   <div class='ocr_carea' id='block_1_67' title="bbox 566 3472 2163 3544">
    <p class='ocr_par' dir='ltr' id='par_1_67' title="bbox 566 3472 2163 3544">
     <span class='ocr_line' id='line_1_67' title="bbox 566 3472 2163 3544; baseline 0 -18"><span class='ocrx_word' id='word_1_485' title='bbox 566 3483 677 3527; x_wconf 89' lang='lat' dir='ltr'><strong>tum</strong></span> <span class='ocrx_word' id='word_1_486' title='bbox 701 3481 816 3529; x_wconf 88' lang='lat' dir='ltr'><strong>est:</strong></span> <span class='ocrx_word' id='word_1_487' title='bbox 842 3473 1178 3543; x_wconf 67' lang='lat' dir='ltr'><strong>edoctusijue</strong></span> <span class='ocrx_word' id='word_1_488' title='bbox 1207 3487 1236 3528; x_wconf 70' lang='grc' dir='ltr'><strong>ιι</strong></span> <span class='ocrx_word' id='word_1_489' title='bbox 1269 3474 1500 3528; x_wconf 91' lang='lat' dir='ltr'><strong>Domino</strong></span> <span class='ocrx_word' id='word_1_490' title='bbox 1535 3474 1745 3544; x_wconf 74' lang='lat' dir='ltr'><strong>Moyses</strong></span> <span class='ocrx_word' id='word_1_491' title='bbox 1777 3472 2009 3525; x_wconf 75' lang='lat' dir='ltr'><strong>vicinam</strong></span> <span class='ocrx_word' id='word_1_492' title='bbox 2042 3485 2163 3526; x_wconf 87' lang='lat' dir='ltr'><strong>esse</strong></span> 
     </span>
    </p>
   </div>
   <div class='ocr_carea' id='block_1_68' title="bbox 567 3563 2166 3636">
    <p class='ocr_par' dir='ltr' id='par_1_68' title="bbox 567 3563 2166 3636">
     <span class='ocr_line' id='line_1_68' title="bbox 567 3563 2166 3636; baseline -0.001 -17"><span class='ocrx_word' id='word_1_493' title='bbox 567 3576 797 3629; x_wconf 89' lang='lat' dir='ltr'><strong>terram,</strong></span> <span class='ocrx_word' id='word_1_494' title='bbox 842 3565 997 3636; x_wconf 90' lang='lat' dir='ltr'><strong>cujus</strong></span> <span class='ocrx_word' id='word_1_495' title='bbox 1030 3575 1436 3636; x_wconf 70' lang='lat' dir='ltr'><strong>possessionem</strong></span> <span class='ocrx_word' id='word_1_496' title='bbox 1477 3566 1559 3620; x_wconf 88' lang='lat' dir='ltr'><strong>eis</strong></span> <span class='ocrx_word' id='word_1_497' title='bbox 1602 3566 1937 3634; x_wconf 88' lang='lat' dir='ltr'><strong>promiserat</strong></span> <span class='ocrx_word' id='word_1_498' title='bbox 1980 3563 2166 3618; x_wconf 89' lang='lat' dir='ltr'><strong>Domi-</strong></span> 
     </span>
    </p>
   </div>
   <div class='ocr_carea' id='block_1_69' title="bbox 565 3660 2162 3732">
    <p class='ocr_par' dir='ltr' id='par_1_69' title="bbox 565 3660 2162 3732">
     <span class='ocr_line' id='line_1_69' title="bbox 565 3660 2162 3732; baseline -0.003 -15"><span class='ocrx_word' id='word_1_499' title='bbox 565 3677 705 3727; x_wconf 89' lang='lat' dir='ltr'><strong>nus;</strong></span> <span class='ocrx_word' id='word_1_500' title='bbox 738 3663 1178 3732; x_wconf 78' lang='lat' dir='ltr'><strong>exploratoribus</strong></span> <span class='ocrx_word' id='word_1_501' title='bbox 1208 3663 1258 3716; x_wconf 93' lang='lat' dir='ltr'><strong>in</strong></span> <span class='ocrx_word' id='word_1_502' title='bbox 1289 3677 1406 3718; x_wconf 88' lang='lat' dir='ltr'><strong>eam</strong></span> <span class='ocrx_word' id='word_1_503' title='bbox 1441 3662 1621 3716; x_wconf 88' lang='lat' dir='ltr'><strong>missis</strong></span> <span class='ocrx_word' id='word_1_504' title='bbox 1650 3662 2013 3725; x_wconf 79' lang='lat' dir='ltr'><strong>renuntiatur,</strong></span> <span class='ocrx_word' id='word_1_505' title='bbox 2047 3660 2162 3713; x_wconf 81' lang='lat' dir='ltr'><strong>reli-</strong></span> 
     </span>
    </p>
   </div>
   <div class='ocr_carea' id='block_1_70' title="bbox 557 3755 2156 3828">
    <p class='ocr_par' dir='ltr' id='par_1_70' title="bbox 557 3755 2156 3828">
     <span class='ocr_line' id='line_1_70' title="bbox 557 3755 2156 3828; baseline -0.006 -14"><span class='ocrx_word' id='word_1_506' title='bbox 557 3773 675 3814; x_wconf 86' lang='lat' dir='ltr'><strong>cem</strong></span> <span class='ocrx_word' id='word_1_507' title='bbox 721 3757 868 3812; x_wconf 91' lang='lat' dir='ltr'><strong>omni</strong></span> <span class='ocrx_word' id='word_1_508' title='bbox 906 3760 1060 3828; x_wconf 84' lang='lat' dir='ltr'><strong>copia</strong></span> <span class='ocrx_word' id='word_1_509' title='bbox 1088 3771 1209 3812; x_wconf 84' lang='lat' dir='ltr'><strong>esse</strong></span> <span class='ocrx_word' id='word_1_510' title='bbox 1241 3757 1546 3827; x_wconf 81' lang='lat' dir='ltr'><strong>regionem,</strong></span> <span class='ocrx_word' id='word_1_511' title='bbox 1578 3755 1674 3810; x_wconf 86' lang='lat' dir='ltr'><strong>sed</strong></span> <span class='ocrx_word' id='word_1_512' title='bbox 1704 3765 1899 3824; x_wconf 83' lang='lat' dir='ltr'><strong>gentes</strong></span> <span class='ocrx_word' id='word_1_513' title='bbox 1931 3755 2156 3818; x_wconf 82' lang='lat' dir='ltr'><strong>validas,</strong></span> 
     </span>
    </p>
   </div>
   <div class='ocr_carea' id='block_1_71' title="bbox 557 3846 2160 3919">
    <p class='ocr_par' dir='ltr' id='par_1_71' title="bbox 557 3846 2160 3919">
     <span class='ocr_line' id='line_1_71' title="bbox 557 3846 2160 3919; baseline -0.003 -13"><span class='ocrx_word' id='word_1_514' title='bbox 557 3859 613 3906; x_wconf 90' lang='lat' dir='ltr'><strong>et</strong></span> <span class='ocrx_word' id='word_1_515' title='bbox 635 3850 839 3905; x_wconf 92' lang='lat' dir='ltr'><strong>munita</strong></span> <span class='ocrx_word' id='word_1_516' title='bbox 866 3849 1174 3919; x_wconf 87' lang='lat' dir='ltr'><strong>ingentibus</strong></span> <span class='ocrx_word' id='word_1_517' title='bbox 1203 3851 1372 3903; x_wconf 90' lang='lat' dir='ltr'><strong>muris</strong></span> <span class='ocrx_word' id='word_1_518' title='bbox 1402 3848 1622 3918; x_wconf 87' lang='lat' dir='ltr'><strong>oppida.</strong></span> <span class='ocrx_word' id='word_1_519' title='bbox 1655 3846 1810 3916; x_wconf 83' lang='lat' dir='ltr'><strong>Quod</strong></span> <span class='ocrx_word' id='word_1_520' title='bbox 1837 3847 1927 3901; x_wconf 91' lang='lat' dir='ltr'><strong>ubi</strong></span> <span class='ocrx_word' id='word_1_521' title='bbox 1957 3847 2160 3917; x_wconf 86' lang='lat' dir='ltr'><strong>pOpnlo</strong></span> 
     </span>
    </p>
   </div>
   <div class='ocr_carea' id='block_1_72' title="bbox 554 3939 2160 4014">
    <p class='ocr_par' dir='ltr' id='par_1_72' title="bbox 554 3939 2160 4014">
     <span class='ocr_line' id='line_1_72' title="bbox 554 3939 2160 4014; baseline -0.002 -14"><span class='ocrx_word' id='word_1_522' title='bbox 554 3954 918 4014; x_wconf 87' lang='lat' dir='ltr'><strong>compertum,</strong></span> <span class='ocrx_word' id='word_1_523' title='bbox 959 3959 1152 4012; x_wconf 82' lang='lat' dir='ltr'><strong>magna</strong></span> <span class='ocrx_word' id='word_1_524' title='bbox 1193 3950 1405 3997; x_wconf 90' lang='lat' dir='ltr'><strong>mentes</strong></span> <span class='ocrx_word' id='word_1_525' title='bbox 1434 3944 1675 3995; x_wconf 90' lang='lat' dir='ltr'><strong>omnium</strong></span> <span class='ocrx_word' id='word_1_526' title='bbox 1722 3939 1957 3996; x_wconf 90' lang='lat' dir='ltr'><strong>formido</strong></span> <span class='ocrx_word' id='word_1_527' title='bbox 1982 3942 2160 3997; x_wconf 90' lang='lat' dir='ltr'><strong>inces-</strong></span> 
     </span>
    </p>
   </div>
   <div class='ocr_carea' id='block_1_73' title="bbox 557 4035 2157 4108">
    <p class='ocr_par' dir='ltr' id='par_1_73' title="bbox 557 4035 2157 4108">
     <span class='ocr_line' id='line_1_73' title="bbox 557 4035 2157 4108; baseline -0.001 -14"><span class='ocrx_word' id='word_1_528' title='bbox 557 4047 723 4105; x_wconf 86' lang='lat' dir='ltr'><strong>serat,</strong></span> <span class='ocrx_word' id='word_1_529' title='bbox 757 4053 932 4108; x_wconf 86' lang='lat' dir='ltr'><strong>eoqtte</strong></span> <span class='ocrx_word' id='word_1_530' title='bbox 959 4037 1084 4091; x_wconf 86' lang='lat' dir='ltr'><strong>ntali</strong></span> <span class='ocrx_word' id='word_1_531' title='bbox 1121 4045 1369 4100; x_wconf 86' lang='lat' dir='ltr'><strong>ventum,</strong></span> <span class='ocrx_word' id='word_1_532' title='bbox 1405 4043 1464 4088; x_wconf 83' lang='grc' dir='ltr'><strong>ιιι</strong></span> <span class='ocrx_word' id='word_1_533' title='bbox 1494 4046 1681 4104; x_wconf 82' lang='lat' dir='ltr'><strong>spreto</strong></span> <span class='ocrx_word' id='word_1_534' title='bbox 1722 4035 1892 4106; x_wconf 87' lang='lat' dir='ltr'><strong>Moysi</strong></span> <span class='ocrx_word' id='word_1_535' title='bbox 1925 4035 2157 4107; x_wconf 89' lang='lat' dir='ltr'><strong>imperio</strong></span> 
     </span>
    </p>
   </div>
   <div class='ocr_carea' id='block_1_74' title="bbox 553 4127 2155 4197">
    <p class='ocr_par' dir='ltr' id='par_1_74' title="bbox 553 4127 2155 4197">
     <span class='ocr_line' id='line_1_74' title="bbox 553 4127 2155 4197; baseline -0.001 -11"><span class='ocrx_word' id='word_1_536' title='bbox 553 4131 749 4186; x_wconf 91' lang='lat' dir='ltr'><strong>ducem</strong></span> <span class='ocrx_word' id='word_1_537' title='bbox 807 4129 908 4184; x_wconf 87' lang='lat' dir='ltr'><strong>sibi</strong></span> <span class='ocrx_word' id='word_1_538' title='bbox 955 4129 1295 4184; x_wconf 87' lang='lat' dir='ltr'><strong>constituere</strong></span> <span class='ocrx_word' id='word_1_539' title='bbox 1350 4136 1628 4197; x_wconf 88' lang='lat' dir='ltr'><strong>pararent,</strong></span> <span class='ocrx_word' id='word_1_540' title='bbox 1679 4132 1835 4197; x_wconf 90' lang='lat' dir='ltr'><strong>cujus</strong></span> <span class='ocrx_word' id='word_1_541' title='bbox 1887 4127 2049 4185; x_wconf 89' lang='lat' dir='ltr'><strong>ductu</strong></span> <span class='ocrx_word' id='word_1_542' title='bbox 2102 4131 2155 4185; x_wconf 92' lang='lat' dir='ltr'><strong>in</strong></span> 
     </span>
    </p>
   </div>
   <div class='ocr_carea' id='block_1_75' title="bbox 553 4220 2154 4295">
    <p class='ocr_par' dir='ltr' id='par_1_75' title="bbox 553 4220 2154 4295">
     <span class='ocr_line' id='line_1_75' title="bbox 553 4220 2154 4295; baseline -0.001 -15"><span class='ocrx_word' id='word_1_543' title='bbox 553 4223 850 4295; x_wconf 68' lang='lat' dir='ltr'><strong>Egyptum</strong></span> <span class='ocrx_word' id='word_1_544' title='bbox 881 4230 1305 4278; x_wconf 80' lang='lat' dir='ltr'><strong>reverterentur.</strong></span> <span class='ocrx_word' id='word_1_545' title='bbox 1339 4220 1488 4275; x_wconf 83' lang='lat' dir='ltr'><strong>Tunc</strong></span> <span class='ocrx_word' id='word_1_546' title='bbox 1514 4220 1672 4276; x_wconf 86' lang='lat' dir='ltr'><strong>Jesus</strong></span> <span class='ocrx_word' id='word_1_547' title='bbox 1703 4234 1756 4277; x_wconf 89' lang='lat' dir='ltr'><strong>et</strong></span> <span class='ocrx_word' id='word_1_548' title='bbox 1786 4221 1995 4278; x_wconf 86' lang='lat' dir='ltr'><strong>Chaleb</strong></span> <span class='ocrx_word' id='word_1_549' title='bbox 2016 4265 2030 4288; x_wconf 96' lang='lat'><strong>,</strong></span> <span class='ocrx_word' id='word_1_550' title='bbox 2063 4224 2154 4294; x_wconf 89' lang='lat' dir='ltr'><strong>qui</strong></span> 
     </span>
    </p>
   </div>
   <div class='ocr_carea' id='block_1_76' title="bbox 555 4313 2156 4388">
    <p class='ocr_par' dir='ltr' id='par_1_76' title="bbox 555 4313 2156 4388">
     <span class='ocr_line' id='line_1_76' title="bbox 555 4313 2156 4388; baseline -0.001 -14"><span class='ocrx_word' id='word_1_551' title='bbox 555 4318 696 4374; x_wconf 90' lang='lat' dir='ltr'><strong>inter</strong></span> <span class='ocrx_word' id='word_1_552' title='bbox 725 4317 1104 4388; x_wconf 79' lang='lat' dir='ltr'><strong>exploratores</strong></span> <span class='ocrx_word' id='word_1_553' title='bbox 1129 4324 1292 4370; x_wconf 79' lang='lat' dir='ltr'><strong>teme</strong></span> <span class='ocrx_word' id='word_1_554' title='bbox 1319 4313 1555 4381; x_wconf 91' lang='lat' dir='ltr'><strong>fuerant,</strong></span> <span class='ocrx_word' id='word_1_555' title='bbox 1581 4318 1879 4371; x_wconf 87' lang='lat' dir='ltr'><strong>conscissis</strong></span> <span class='ocrx_word' id='word_1_556' title='bbox 1907 4319 2156 4373; x_wconf 87' lang='lat' dir='ltr'><strong>vestibus</strong></span> 
     </span>
    </p>
   </div>
   <div class='ocr_carea' id='block_1_77' title="bbox 555 4407 2155 4478">
    <p class='ocr_par' dir='ltr' id='par_1_77' title="bbox 555 4407 2155 4478">
     <span class='ocr_line' id='line_1_77' title="bbox 555 4407 2155 4478; baseline -0.001 -11"><span class='ocrx_word' id='word_1_557' title='bbox 555 4412 785 4474; x_wconf 81' lang='lat' dir='ltr'><strong>ﬂentes,</strong></span> <span class='ocrx_word' id='word_1_558' title='bbox 843 4408 1100 4478; x_wconf 80' lang='lat' dir='ltr'><strong>pupulum</strong></span> <span class='ocrx_word' id='word_1_559' title='bbox 1157 4407 1516 4472; x_wconf 81' lang='lat' dir='ltr'><strong>obtesmntur,</strong></span> <span class='ocrx_word' id='word_1_560' title='bbox 1582 4423 1648 4462; x_wconf 93' lang='lat' dir='ltr'><strong>ne</strong></span> <span class='ocrx_word' id='word_1_561' title='bbox 1713 4407 2155 4478; x_wconf 83' lang='lat' dir='ltr'><strong>exploratoribus</strong></span> 
     </span>
    </p>
   </div>
   <div class='ocr_carea' id='block_1_78' title="bbox 549 4499 2148 4570">
    <p class='ocr_par' dir='ltr' id='par_1_78' title="bbox 549 4499 2148 4570">
     <span class='ocr_line' id='line_1_78' title="bbox 549 4499 2148 4570; baseline -0.002 -11"><span class='ocrx_word' id='word_1_562' title='bbox 549 4503 780 4560; x_wconf 87' lang='lat' dir='ltr'><strong>credant</strong></span> <span class='ocrx_word' id='word_1_563' title='bbox 821 4499 1172 4554; x_wconf 82' lang='lat' dir='ltr'><strong>formidolosa</strong></span> <span class='ocrx_word' id='word_1_564' title='bbox 1218 4499 1584 4554; x_wconf 90' lang='lat' dir='ltr'><strong>referentibus</strong></span> <span class='ocrx_word' id='word_1_565' title='bbox 1627 4515 1641 4552; x_wconf 90' lang='lat'><strong>:</strong></span> <span class='ocrx_word' id='word_1_566' title='bbox 1676 4515 1736 4553; x_wconf 91' lang='lat' dir='ltr'><strong>se</strong></span> <span class='ocrx_word' id='word_1_567' title='bbox 1781 4516 2000 4570; x_wconf 88' lang='lat' dir='ltr'><strong>quoque</strong></span> <span class='ocrx_word' id='word_1_568' title='bbox 2045 4518 2148 4556; x_wconf 89' lang='lat' dir='ltr'><strong>una</strong></span> 
     </span>
    </p>
   </div>
   <div class='ocr_carea' id='block_1_79' title="bbox 2273 3287 3877 3361">
    <p class='ocr_par' dir='ltr' id='par_1_79' title="bbox 2273 3287 3877 3361">
     <span class='ocr_line' id='line_1_79' title="bbox 2273 3287 3877 3361; baseline 0.003 -21"><span class='ocrx_word' id='word_1_569' title='bbox 2273 3297 2433 3340; x_wconf 84' lang='lat' dir='ltr'><strong>natus</strong></span> <span class='ocrx_word' id='word_1_570' title='bbox 2483 3287 2722 3358; x_wconf 61' lang='lat' dir='ltr'><strong>Egypto</strong></span> <span class='ocrx_word' id='word_1_571' title='bbox 2777 3288 3074 3356; x_wconf 85' lang='lat' dir='ltr'><strong>profectus,</strong></span> <span class='ocrx_word' id='word_1_572' title='bbox 3126 3289 3418 3344; x_wconf 89' lang='lat' dir='ltr'><strong>Jordanetn</strong></span> <span class='ocrx_word' id='word_1_573' title='bbox 3473 3290 3710 3344; x_wconf 89' lang='lat' dir='ltr'><strong>transiit.</strong></span> <span class='ocrx_word' id='word_1_574' title='bbox 3761 3291 3877 3361; x_wconf 86' lang='lat' dir='ltr'><strong>Ipse</strong></span> 
     </span>
    </p>
   </div>
   <div class='ocr_carea' id='block_1_80' title="bbox 2271 3381 3876 3453">
    <p class='ocr_par' dir='ltr' id='par_1_80' title="bbox 2271 3381 3876 3453">
     <span class='ocr_line' id='line_1_80' title="bbox 2271 3381 3876 3453; baseline 0.002 -19"><span class='ocrx_word' id='word_1_575' title='bbox 2271 3381 2479 3452; x_wconf 82' lang='lat' dir='ltr'><strong>Moyses</strong></span> <span class='ocrx_word' id='word_1_576' title='bbox 2529 3393 2584 3434; x_wconf 86' lang='lat' dir='ltr'><strong>tit</strong></span> <span class='ocrx_word' id='word_1_577' title='bbox 2634 3391 2836 3437; x_wconf 88' lang='lat' dir='ltr'><strong>terram</strong></span> <span class='ocrx_word' id='word_1_578' title='bbox 2871 3385 3198 3453; x_wconf 80' lang='lat' dir='ltr'><strong>promissam</strong></span> <span class='ocrx_word' id='word_1_579' title='bbox 3245 3382 3444 3438; x_wconf 87' lang='lat' dir='ltr'><strong>viderit</strong></span> <span class='ocrx_word' id='word_1_580' title='bbox 3495 3392 3733 3447; x_wconf 85' lang='lat' dir='ltr'><strong>tantum,</strong></span> <span class='ocrx_word' id='word_1_581' title='bbox 3779 3397 3876 3438; x_wconf 88' lang='lat' dir='ltr'><strong>nec</strong></span> 
     </span>
    </p>
   </div>
   <div class='ocr_carea' id='block_1_81' title="bbox 2269 3478 3875 3550">
    <p class='ocr_par' dir='ltr' id='par_1_81' title="bbox 2269 3478 3875 3550">
     <span class='ocr_line' id='line_1_81' title="bbox 2269 3478 3875 3550; baseline 0.003 -20"><span class='ocrx_word' id='word_1_582' title='bbox 2269 3478 2635 3545; x_wconf 77' lang='lat' dir='ltr'><strong>contingeret,</strong></span> <span class='ocrx_word' id='word_1_583' title='bbox 2667 3488 2892 3545; x_wconf 89' lang='lat' dir='ltr'><strong>peccato</strong></span> <span class='ocrx_word' id='word_1_584' title='bbox 2939 3479 3060 3548; x_wconf 89' lang='lat' dir='ltr'><strong>ejus</strong></span> <span class='ocrx_word' id='word_1_585' title='bbox 3089 3479 3383 3534; x_wconf 86' lang='lat' dir='ltr'><strong>ascribitnr</strong></span> <span class='ocrx_word' id='word_1_586' title='bbox 3413 3496 3426 3530; x_wconf 90' lang='lat'><strong>:</strong></span> <span class='ocrx_word' id='word_1_587' title='bbox 3456 3478 3602 3550; x_wconf 85' lang='lat' dir='ltr'><strong>quod</strong></span> <span class='ocrx_word' id='word_1_588' title='bbox 3643 3495 3710 3534; x_wconf 88' lang='lat' dir='ltr'><strong>eo</strong></span> <span class='ocrx_word' id='word_1_589' title='bbox 3738 3487 3875 3534; x_wconf 86' lang='lat' dir='ltr'><strong>tem-</strong></span> 
     </span>
    </p>
   </div>
   <div class='ocr_carea' id='block_1_82' title="bbox 2271 3570 3872 3642">
    <p class='ocr_par' dir='ltr' id='par_1_82' title="bbox 2271 3570 3872 3642">
     <span class='ocr_line' id='line_1_82' title="bbox 2271 3570 3872 3642; baseline 0.007 -25"><span class='ocrx_word' id='word_1_590' title='bbox 2271 3582 2400 3635; x_wconf 86' lang='lat' dir='ltr'><strong>pore</strong></span> <span class='ocrx_word' id='word_1_591' title='bbox 2417 3572 2524 3637; x_wconf 86' lang='lat' dir='ltr'><strong>quo</strong></span> <span class='ocrx_word' id='word_1_592' title='bbox 2551 3583 2740 3623; x_wconf 79' lang='lat' dir='ltr'><strong>saxum</strong></span> <span class='ocrx_word' id='word_1_593' title='bbox 2762 3570 2924 3628; x_wconf 89' lang='lat' dir='ltr'><strong>ferire</strong></span> <span class='ocrx_word' id='word_1_594' title='bbox 2946 3579 2999 3626; x_wconf 89' lang='lat' dir='ltr'><strong>et</strong></span> <span class='ocrx_word' id='word_1_595' title='bbox 3023 3587 3214 3642; x_wconf 87' lang='lat' dir='ltr'><strong>aquam</strong></span> <span class='ocrx_word' id='word_1_596' title='bbox 3237 3571 3542 3642; x_wconf 89' lang='lat' dir='ltr'><strong>producere</strong></span> <span class='ocrx_word' id='word_1_597' title='bbox 3568 3582 3872 3641; x_wconf 69' lang='lat' dir='ltr'><strong>prmceptus</strong></span> 
     </span>
    </p>
   </div>
   <div class='ocr_carea' id='block_1_83' title="bbox 2269 3663 3873 3733">
    <p class='ocr_par' dir='ltr' id='par_1_83' title="bbox 2269 3663 3873 3733">
     <span class='ocr_line' id='line_1_83' title="bbox 2269 3663 3873 3733; baseline 0.002 -19"><span class='ocrx_word' id='word_1_598' title='bbox 2269 3670 2371 3724; x_wconf 86' lang='lat' dir='ltr'><strong>est,</strong></span> <span class='ocrx_word' id='word_1_599' title='bbox 2403 3671 2528 3730; x_wconf 89' lang='lat' dir='ltr'><strong>post</strong></span> <span class='ocrx_word' id='word_1_600' title='bbox 2558 3672 2636 3716; x_wconf 89' lang='lat' dir='ltr'><strong>tot</strong></span> <span class='ocrx_word' id='word_1_601' title='bbox 2675 3664 2939 3718; x_wconf 90' lang='lat' dir='ltr'><strong>virtutum</strong></span> <span class='ocrx_word' id='word_1_602' title='bbox 2981 3679 3203 3718; x_wconf 83' lang='lat' dir='ltr'><strong>suarum</strong></span> <span class='ocrx_word' id='word_1_603' title='bbox 3234 3663 3613 3733; x_wconf 80' lang='lat' dir='ltr'><strong>experimenta</strong></span> <span class='ocrx_word' id='word_1_604' title='bbox 3653 3664 3873 3720; x_wconf 82' lang='lat' dir='ltr'><strong>dubita-</strong></span> 
     </span>
    </p>
   </div>
   <div class='ocr_carea' id='block_1_84' title="bbox 2270 3754 3872 3827">
    <p class='ocr_par' dir='ltr' id='par_1_84' title="bbox 2270 3754 3872 3827">
     <span class='ocr_line' id='line_1_84' title="bbox 2270 3754 3872 3827; baseline 0.006 -22"><span class='ocrx_word' id='word_1_605' title='bbox 2270 3755 2428 3808; x_wconf 89' lang='lat' dir='ltr'><strong>verit.</strong></span> <span class='ocrx_word' id='word_1_606' title='bbox 2453 3754 2906 3811; x_wconf 86' lang='lat' dir='ltr'><strong>Decessitautem</strong></span> <span class='ocrx_word' id='word_1_607' title='bbox 2937 3772 3082 3812; x_wconf 87' lang='lat' dir='ltr'><strong>anno</strong></span> <span class='ocrx_word' id='word_1_608' title='bbox 3110 3759 3287 3812; x_wconf 73' lang='lat' dir='ltr'><strong>:etatis</strong></span> <span class='ocrx_word' id='word_1_609' title='bbox 3313 3757 3574 3827; x_wconf 82' lang='lat' dir='ltr'><strong>vigesimo</strong></span> <span class='ocrx_word' id='word_1_610' title='bbox 3603 3768 3659 3813; x_wconf 89' lang='lat' dir='ltr'><strong>et</strong></span> <span class='ocrx_word' id='word_1_611' title='bbox 3689 3770 3872 3815; x_wconf 88' lang='lat' dir='ltr'><strong>cente-</strong></span> 
     </span>
    </p>
   </div>
   <div class='ocr_carea' id='block_1_85' title="bbox 2265 3847 3570 3920">
    <p class='ocr_par' dir='ltr' id='par_1_85' title="bbox 2265 3847 3570 3920">
     <span class='ocr_line' id='line_1_85' title="bbox 2265 3847 3570 3920; baseline 0.005 -19"><span class='ocrx_word' id='word_1_612' title='bbox 2265 3847 2440 3912; x_wconf 85' lang='lat' dir='ltr'><strong>simo;</strong></span> <span class='ocrx_word' id='word_1_613' title='bbox 2470 3847 2539 3903; x_wconf 90' lang='lat' dir='ltr'><strong>de</strong></span> <span class='ocrx_word' id='word_1_614' title='bbox 2568 3851 2810 3918; x_wconf 89' lang='lat' dir='ltr'><strong>sepulcri</strong></span> <span class='ocrx_word' id='word_1_615' title='bbox 2843 3849 2965 3905; x_wconf 90' lang='lat' dir='ltr'><strong>loco</strong></span> <span class='ocrx_word' id='word_1_616' title='bbox 2995 3865 3186 3920; x_wconf 87' lang='lat' dir='ltr'><strong>parum</strong></span> <span class='ocrx_word' id='word_1_617' title='bbox 3205 3861 3570 3920; x_wconf 83' lang='lat' dir='ltr'><strong>compertum.</strong></span> 
     </span>
    </p>
   </div>
   <div class='ocr_carea' id='block_1_86' title="bbox 2337 3939 3866 4016">
    <p class='ocr_par' dir='ltr' id='par_1_86' title="bbox 2337 3939 3866 4016">
     <span class='ocr_line' id='line_1_86' title="bbox 2337 3939 3866 4016; baseline 0.005 -22"><span class='ocrx_word' id='word_1_618' title='bbox 2337 3939 2502 3995; x_wconf 92' lang='lat' dir='ltr'><strong>XXII.</strong></span> <span class='ocrx_word' id='word_1_619' title='bbox 2535 3942 2721 4014; x_wconf 89' lang='lat' dir='ltr'><strong>Moyse</strong></span> <span class='ocrx_word' id='word_1_620' title='bbox 2751 3955 2967 3999; x_wconf 90' lang='lat' dir='ltr'><strong>mortuo</strong></span> <span class='ocrx_word' id='word_1_621' title='bbox 3011 3957 3224 4001; x_wconf 89' lang='lat' dir='ltr'><strong>summa</strong></span> <span class='ocrx_word' id='word_1_622' title='bbox 3255 3960 3435 4001; x_wconf 86' lang='lat' dir='ltr'><strong>rerum</strong></span> <span class='ocrx_word' id='word_1_623' title='bbox 3475 3961 3650 4016; x_wconf 89' lang='lat' dir='ltr'><strong>penes</strong></span> <span class='ocrx_word' id='word_1_624' title='bbox 3683 3947 3866 4003; x_wconf 83' lang='lat' dir='ltr'><strong>Jesnm</strong></span> 
     </span>
    </p>
   </div>
   <div class='ocr_carea' id='block_1_87' title="bbox 2265 4033 3866 4113">
    <p class='ocr_par' dir='ltr' id='par_1_87' title="bbox 2265 4033 3866 4113">
     <span class='ocr_line' id='line_1_87' title="bbox 2265 4033 3866 4113; baseline 0.006 -26"><span class='ocrx_word' id='word_1_625' title='bbox 2265 4033 2408 4091; x_wconf 81' lang='lat' dir='ltr'><strong>Nave</strong></span> <span class='ocrx_word' id='word_1_626' title='bbox 2438 4037 2606 4092; x_wconf 85' lang='lat' dir='ltr'><strong>lilium</strong></span> <span class='ocrx_word' id='word_1_627' title='bbox 2637 4048 2758 4093; x_wconf 87' lang='lat' dir='ltr'><strong>erat</strong></span> <span class='ocrx_word' id='word_1_628' title='bbox 2786 4057 2798 4093; x_wconf 91' lang='lat'><strong>:</strong></span> <span class='ocrx_word' id='word_1_629' title='bbox 2831 4038 3037 4094; x_wconf 85' lang='lat' dir='ltr'><strong>etenim</strong></span> <span class='ocrx_word' id='word_1_630' title='bbox 3073 4040 3224 4094; x_wconf 90' lang='lat' dir='ltr'><strong>illum</strong></span> <span class='ocrx_word' id='word_1_631' title='bbox 3256 4038 3359 4094; x_wconf 89' lang='lat' dir='ltr'><strong>sibi</strong></span> <span class='ocrx_word' id='word_1_632' title='bbox 3394 4039 3612 4113; x_wconf 83' lang='lat' dir='ltr'><strong>Moyses</strong></span> <span class='ocrx_word' id='word_1_633' title='bbox 3648 4051 3866 4096; x_wconf 84' lang='lat' dir='ltr'><strong>succes-</strong></span> 
     </span>
    </p>
   </div>
   <div class='ocr_carea' id='block_1_88' title="bbox 2261 4132 3859 4198">
    <p class='ocr_par' dir='ltr' id='par_1_88' title="bbox 2261 4132 3859 4198">
     <span class='ocr_line' id='line_1_88' title="bbox 2261 4132 3859 4198; baseline 0.003 -15"><span class='ocrx_word' id='word_1_634' title='bbox 2261 4141 2444 4185; x_wconf 85' lang='lat' dir='ltr'><strong>sorem</strong></span> <span class='ocrx_word' id='word_1_635' title='bbox 2463 4132 2842 4198; x_wconf 81' lang='lat' dir='ltr'><strong>constituerat,</strong></span> <span class='ocrx_word' id='word_1_636' title='bbox 2862 4135 3035 4188; x_wconf 88' lang='lat' dir='ltr'><strong>virum</strong></span> <span class='ocrx_word' id='word_1_637' title='bbox 3052 4133 3341 4188; x_wconf 87' lang='lat' dir='ltr'><strong>virtutibus</strong></span> <span class='ocrx_word' id='word_1_638' title='bbox 3363 4136 3476 4188; x_wconf 90' lang='lat' dir='ltr'><strong>suis</strong></span> <span class='ocrx_word' id='word_1_639' title='bbox 3498 4134 3859 4189; x_wconf 88' lang='lat' dir='ltr'><strong>simillimum.</strong></span> 
     </span>
    </p>
   </div>
   <div class='ocr_carea' id='block_1_89' title="bbox 2263 4221 3864 4300">
    <p class='ocr_par' dir='ltr' id='par_1_89' title="bbox 2263 4221 3864 4300">
     <span class='ocr_line' id='line_1_89' title="bbox 2263 4221 3864 4300; baseline 0.005 -23"><span class='ocrx_word' id='word_1_640' title='bbox 2263 4221 2537 4294; x_wconf 88' lang='lat' dir='ltr'><strong>Principio</strong></span> <span class='ocrx_word' id='word_1_641' title='bbox 2591 4238 2774 4285; x_wconf 88' lang='lat' dir='ltr'><strong>autem</strong></span> <span class='ocrx_word' id='word_1_642' title='bbox 2830 4227 3073 4297; x_wconf 87' lang='lat' dir='ltr'><strong>suscepti</strong></span> <span class='ocrx_word' id='word_1_643' title='bbox 3139 4225 3399 4296; x_wconf 89' lang='lat' dir='ltr'><strong>imperii,</strong></span> <span class='ocrx_word' id='word_1_644' title='bbox 3459 4227 3708 4284; x_wconf 88' lang='lat' dir='ltr'><strong>dimissis</strong></span> <span class='ocrx_word' id='word_1_645' title='bbox 3767 4235 3864 4300; x_wconf 80' lang='lat' dir='ltr'><strong>per</strong></span> 
     </span>
    </p>
   </div>
   <div class='ocr_carea' id='block_1_90' title="bbox 2259 4318 3859 4390">
    <p class='ocr_par' dir='ltr' id='par_1_90' title="bbox 2259 4318 3859 4390">
     <span class='ocr_line' id='line_1_90' title="bbox 2259 4318 3859 4390; baseline 0.004 -19"><span class='ocrx_word' id='word_1_646' title='bbox 2259 4331 2433 4371; x_wconf 82' lang='lat' dir='ltr'><strong>castra</strong></span> <span class='ocrx_word' id='word_1_647' title='bbox 2469 4320 2673 4374; x_wconf 90' lang='lat' dir='ltr'><strong>nuntiis</strong></span> <span class='ocrx_word' id='word_1_648' title='bbox 2705 4319 2967 4390; x_wconf 87' lang='lat' dir='ltr'><strong>populum</strong></span> <span class='ocrx_word' id='word_1_649' title='bbox 3002 4321 3296 4374; x_wconf 88' lang='lat' dir='ltr'><strong>certiorem</strong></span> <span class='ocrx_word' id='word_1_650' title='bbox 3330 4318 3491 4386; x_wconf 84' lang='lat' dir='ltr'><strong>facit,</strong></span> <span class='ocrx_word' id='word_1_651' title='bbox 3527 4321 3859 4378; x_wconf 85' lang='lat' dir='ltr'><strong>frumentum</strong></span> 
     </span>
    </p>
   </div>
   <div class='ocr_carea' id='block_1_91' title="bbox 2260 4413 3855 4484">
    <p class='ocr_par' dir='ltr' id='par_1_91' title="bbox 2260 4413 3855 4484">
     <span class='ocr_line' id='line_1_91' title="bbox 2260 4413 3855 4484; baseline 0.001 -19"><span class='ocrx_word' id='word_1_652' title='bbox 2260 4414 2334 4465; x_wconf 89' lang='lat' dir='ltr'><strong>ttti</strong></span> <span class='ocrx_word' id='word_1_653' title='bbox 2389 4423 2661 4481; x_wconf 76' lang='lat' dir='ltr'><strong>pararent,</strong></span> <span class='ocrx_word' id='word_1_654' title='bbox 2713 4413 3002 4484; x_wconf 82' lang='lat' dir='ltr'><strong>triduoque</strong></span> <span class='ocrx_word' id='word_1_655' title='bbox 3053 4413 3305 4482; x_wconf 86' lang='lat' dir='ltr'><strong>proximo</strong></span> <span class='ocrx_word' id='word_1_656' title='bbox 3357 4414 3462 4468; x_wconf 88' lang='lat' dir='ltr'><strong>iter</strong></span> <span class='ocrx_word' id='word_1_657' title='bbox 3515 4417 3855 4483; x_wconf 84' lang='lat' dir='ltr'><strong>pronuntiat.</strong></span> 
     </span>
    </p>
   </div>
   <div class='ocr_carea' id='block_1_92' title="bbox 2259 4504 3859 4579">
    <p class='ocr_par' dir='ltr' id='par_1_92' title="bbox 2259 4504 3859 4579">
     <span class='ocr_line' id='line_1_92' title="bbox 2259 4504 3859 4579; baseline -0.001 -19"><span class='ocrx_word' id='word_1_658' title='bbox 2259 4504 2367 4560; x_wconf 90' lang='lat' dir='ltr'><strong>Sed</strong></span> <span class='ocrx_word' id='word_1_659' title='bbox 2408 4505 2664 4561; x_wconf 81' lang='lat' dir='ltr'><strong>Jordanis</strong></span> <span class='ocrx_word' id='word_1_660' title='bbox 2688 4505 2890 4562; x_wconf 84' lang='lat' dir='ltr'><strong>ﬂumen</strong></span> <span class='ocrx_word' id='word_1_661' title='bbox 2922 4506 3313 4561; x_wconf 77' lang='lat' dir='ltr'><strong>validissimum</strong></span> <span class='ocrx_word' id='word_1_662' title='bbox 3351 4507 3641 4562; x_wconf 87' lang='lat' dir='ltr'><strong>transitum</strong></span> <span class='ocrx_word' id='word_1_663' title='bbox 3679 4505 3859 4579; x_wconf 90' lang='lat' dir='ltr'><strong>prohi-</strong></span> 
     </span>
    </p>
   </div>
   <div class='ocr_carea' id='block_1_93' title="bbox 550 4577 3854 4673">
    <p class='ocr_par' dir='ltr' id='par_1_93' title="bbox 550 4577 3854 4673">
     <span class='ocr_line' id='line_1_93' title="bbox 550 4577 3854 4673; baseline 0.001 -21"><span class='ocrx_word' id='word_1_664' title='bbox 550 4615 674 4654; x_wconf 92' lang='lat' dir='ltr'><strong>cum</strong></span> <span class='ocrx_word' id='word_1_665' title='bbox 706 4596 789 4650; x_wconf 91' lang='lat' dir='ltr'><strong>bis</strong></span> <span class='ocrx_word' id='word_1_666' title='bbox 820 4595 1002 4659; x_wconf 87' lang='lat' dir='ltr'><strong>fuisse,</strong></span> <span class='ocrx_word' id='word_1_667' title='bbox 1042 4594 1176 4648; x_wconf 87' lang='lat' dir='ltr'><strong>nihil</strong></span> <span class='ocrx_word' id='word_1_668' title='bbox 1216 4595 1567 4648; x_wconf 78' lang='lat' dir='ltr'><strong>metuendum</strong></span> <span class='ocrx_word' id='word_1_669' title='bbox 1597 4596 1649 4649; x_wconf 90' lang='lat' dir='ltr'><strong>in</strong></span> <span class='ocrx_word' id='word_1_670' title='bbox 1692 4597 1812 4652; x_wconf 88' lang='lat' dir='ltr'><strong>solo</strong></span> <span class='ocrx_word' id='word_1_671' title='bbox 1853 4596 1950 4651; x_wconf 91' lang='lat' dir='ltr'><strong>illo</strong></span> <span class='ocrx_word' id='word_1_672' title='bbox 1996 4615 2157 4669; x_wconf 89' lang='lat' dir='ltr'><strong>repe-</strong></span> <span class='ocrx_word' id='word_1_673' title='bbox 2184 4577 2236 4638; x_wconf 83' lang='lat' dir='ltr'><strong>D</strong></span> <span class='ocrx_word' id='word_1_674' title='bbox 2263 4600 2424 4655; x_wconf 87' lang='lat' dir='ltr'><strong>bcbat</strong></span> <span class='ocrx_word' id='word_1_675' title='bbox 2459 4621 2470 4656; x_wconf 87' lang='lat'><strong>:</strong></span> <span class='ocrx_word' id='word_1_676' title='bbox 2502 4604 2625 4672; x_wconf 89' lang='lat' dir='ltr'><strong>quia</strong></span> <span class='ocrx_word' id='word_1_677' title='bbox 2653 4619 2831 4672; x_wconf 90' lang='lat' dir='ltr'><strong>neque</strong></span> <span class='ocrx_word' id='word_1_678' title='bbox 2873 4603 3086 4657; x_wconf 56' lang='lat' dir='ltr'><strong>nat-ium</strong></span> <span class='ocrx_word' id='word_1_679' title='bbox 3117 4603 3273 4673; x_wconf 87' lang='lat' dir='ltr'><strong>copia</strong></span> <span class='ocrx_word' id='word_1_680' title='bbox 3309 4618 3406 4672; x_wconf 86' lang='lat' dir='ltr'><strong>pro</strong></span> <span class='ocrx_word' id='word_1_681' title='bbox 3440 4612 3688 4670; x_wconf 87' lang='lat' dir='ltr'><strong>tempore</strong></span> <span class='ocrx_word' id='word_1_682' title='bbox 3715 4610 3854 4667; x_wconf 88' lang='lat' dir='ltr'><strong>erat,</strong></span> 
     </span>
    </p>
   </div>
   <div class='ocr_carea' id='block_1_94' title="bbox 551 4689 2152 4760">
    <p class='ocr_par' dir='ltr' id='par_1_94' title="bbox 551 4689 2152 4760">
     <span class='ocr_line' id='line_1_94' title="bbox 551 4689 2152 4760; baseline 0.001 -12"><span class='ocrx_word' id='word_1_683' title='bbox 551 4695 692 4748; x_wconf 91' lang='lat' dir='ltr'><strong>risse</strong></span> <span class='ocrx_word' id='word_1_684' title='bbox 717 4708 730 4745; x_wconf 91' lang='lat'><strong>:</strong></span> <span class='ocrx_word' id='word_1_685' title='bbox 767 4691 1053 4760; x_wconf 87' lang='lat' dir='ltr'><strong>promissis</strong></span> <span class='ocrx_word' id='word_1_686' title='bbox 1079 4691 1199 4744; x_wconf 91' lang='lat' dir='ltr'><strong>illos</strong></span> <span class='ocrx_word' id='word_1_687' title='bbox 1222 4689 1316 4743; x_wconf 86' lang='lat' dir='ltr'><strong>Dei</strong></span> <span class='ocrx_word' id='word_1_688' title='bbox 1339 4689 1617 4745; x_wconf 85' lang='lat' dir='ltr'><strong>conlidere</strong></span> <span class='ocrx_word' id='word_1_689' title='bbox 1639 4700 1900 4758; x_wconf 86' lang='lat' dir='ltr'><strong>oportere</strong></span> <span class='ocrx_word' id='word_1_690' title='bbox 1925 4710 1937 4744; x_wconf 95' lang='lat'><strong>:</strong></span> <span class='ocrx_word' id='word_1_691' title='bbox 1962 4693 2152 4749; x_wconf 84' lang='lat' dir='ltr'><strong>hostes</strong></span> 
     </span>
    </p>
   </div>
   <div class='ocr_carea' id='block_1_95' title="bbox 552 4771 2148 4857">
    <p class='ocr_par' dir='ltr' id='par_1_95' title="bbox 552 4771 2148 4857">
     <span class='ocr_line' id='line_1_95' title="bbox 552 4771 2148 4857; baseline 0.003 -18"><span class='ocrx_word' id='word_1_692' title='bbox 552 4771 748 4856; x_wconf 69' lang='lat' dir='ltr'><strong>praedic</strong></span> <span class='ocrx_word' id='word_1_693' title='bbox 781 4785 960 4853; x_wconf 88' lang='lat' dir='ltr'><strong>potius</strong></span> <span class='ocrx_word' id='word_1_694' title='bbox 991 4799 1148 4852; x_wconf 87' lang='lat' dir='ltr'><strong>quam</strong></span> <span class='ocrx_word' id='word_1_695' title='bbox 1177 4783 1344 4836; x_wconf 88' lang='lat' dir='ltr'><strong>exitio</strong></span> <span class='ocrx_word' id='word_1_696' title='bbox 1377 4782 1516 4836; x_wconf 89' lang='lat' dir='ltr'><strong>fore.</strong></span> <span class='ocrx_word' id='word_1_697' title='bbox 1544 4782 1651 4838; x_wconf 90' lang='lat' dir='ltr'><strong>Sed</strong></span> <span class='ocrx_word' id='word_1_698' title='bbox 1689 4799 1824 4854; x_wconf 86' lang='lat' dir='ltr'><strong>gens</strong></span> <span class='ocrx_word' id='word_1_699' title='bbox 1864 4785 2148 4857; x_wconf 88' lang='lat' dir='ltr'><strong>indomita,</strong></span> 
     </span>
    </p>
   </div>
   <div class='ocr_carea' id='block_1_96' title="bbox 548 4878 2148 4947">
    <p class='ocr_par' dir='ltr' id='par_1_96' title="bbox 548 4878 2148 4947">
     <span class='ocr_line' id='line_1_96' title="bbox 548 4878 2148 4947; baseline 0.003 -12"><span class='ocrx_word' id='word_1_700' title='bbox 548 4883 699 4935; x_wconf 88' lang='lat' dir='ltr'><strong>sanis</strong></span> <span class='ocrx_word' id='word_1_701' title='bbox 727 4880 971 4935; x_wconf 81' lang='lat' dir='ltr'><strong>consiliis</strong></span> <span class='ocrx_word' id='word_1_702' title='bbox 1015 4879 1156 4933; x_wconf 89' lang='lat' dir='ltr'><strong>male</strong></span> <span class='ocrx_word' id='word_1_703' title='bbox 1203 4879 1466 4942; x_wconf 89' lang='lat' dir='ltr'><strong>renitens,</strong></span> <span class='ocrx_word' id='word_1_704' title='bbox 1515 4878 1566 4932; x_wconf 91' lang='lat' dir='ltr'><strong>in</strong></span> <span class='ocrx_word' id='word_1_705' title='bbox 1623 4880 1918 4947; x_wconf 87' lang='lat' dir='ltr'><strong>perniciem</strong></span> <span class='ocrx_word' id='word_1_706' title='bbox 1959 4898 2148 4940; x_wconf 90' lang='lat' dir='ltr'><strong>eorum</strong></span> 
     </span>
    </p>
   </div>
   <div class='ocr_carea' id='block_1_97' title="bbox 549 4971 2148 5044">
    <p class='ocr_par' dir='ltr' id='par_1_97' title="bbox 549 4971 2148 5044">
     <span class='ocr_line' id='line_1_97' title="bbox 549 4971 2148 5044; baseline 0.004 -18"><span class='ocrx_word' id='word_1_707' title='bbox 549 4972 854 5028; x_wconf 88' lang='lat' dir='ltr'><strong>ferebatur:</strong></span> <span class='ocrx_word' id='word_1_708' title='bbox 888 4972 1043 5040; x_wconf 84' lang='lat' dir='ltr'><strong>queis</strong></span> <span class='ocrx_word' id='word_1_709' title='bbox 1072 4971 1233 5026; x_wconf 88' lang='lat' dir='ltr'><strong>rebus</strong></span> <span class='ocrx_word' id='word_1_710' title='bbox 1279 4982 1591 5025; x_wconf 90' lang='lat' dir='ltr'><strong>commotus</strong></span> <span class='ocrx_word' id='word_1_711' title='bbox 1627 4971 1887 5028; x_wconf 86' lang='lat' dir='ltr'><strong>Dominus</strong></span> <span class='ocrx_word' id='word_1_712' title='bbox 1939 4987 2148 5044; x_wconf 82' lang='lat' dir='ltr'><strong>partem</strong></span> 
     </span>
    </p>
   </div>
   <div class='ocr_carea' id='block_1_98' title="bbox 523 5063 2148 5137">
    <p class='ocr_par' dir='ltr' id='par_1_98' title="bbox 523 5063 2148 5137">
     <span class='ocr_line' id='line_1_98' title="bbox 523 5063 2148 5137; baseline 0.006 -17"><span class='ocrx_word' id='word_1_713' title='bbox 523 5064 732 5135; x_wconf 85' lang='lat' dir='ltr'><strong>,populi</strong></span> <span class='ocrx_word' id='word_1_714' title='bbox 783 5065 1031 5119; x_wconf 80' lang='lat' dir='ltr'><strong>ilttSlithS</strong></span> <span class='ocrx_word' id='word_1_715' title='bbox 1062 5063 1379 5118; x_wconf 77' lang='lat' dir='ltr'><strong>credendam</strong></span> <span class='ocrx_word' id='word_1_716' title='bbox 1430 5063 1655 5134; x_wconf 84' lang='lat' dir='ltr'><strong>objecit,</strong></span> <span class='ocrx_word' id='word_1_717' title='bbox 1703 5068 2148 5137; x_wconf 79' lang='lat' dir='ltr'><strong>exploratoribus</strong></span> 
     </span>
    </p>
   </div>
   <div class='ocr_carea' id='block_1_99' title="bbox 545 5156 1512 5228">
    <p class='ocr_par' dir='ltr' id='par_1_99' title="bbox 545 5156 1512 5228">
     <span class='ocr_line' id='line_1_99' title="bbox 545 5156 1512 5228; baseline -0.004 -14"><span class='ocrx_word' id='word_1_718' title='bbox 545 5157 848 5214; x_wconf 83' lang='lat' dir='ltr'><strong>interfectis</strong></span> <span class='ocrx_word' id='word_1_719' title='bbox 883 5157 949 5211; x_wconf 90' lang='lat' dir='ltr'><strong>ad</strong></span> <span class='ocrx_word' id='word_1_720' title='bbox 975 5157 1115 5228; x_wconf 89' lang='lat' dir='ltr'><strong>vulgi</strong></span> <span class='ocrx_word' id='word_1_721' title='bbox 1146 5156 1512 5212; x_wconf 88' lang='lat' dir='ltr'><strong>formidinem.</strong></span> 
     </span>
    </p>
   </div>
   <div class='ocr_carea' id='block_1_100' title="bbox 615 5252 2142 5324">
    <p class='ocr_par' dir='ltr' id='par_1_100' title="bbox 615 5252 2142 5324">
     <span class='ocr_line' id='line_1_100' title="bbox 615 5252 2142 5324; baseline 0.005 -17"><span class='ocrx_word' id='word_1_722' title='bbox 615 5252 758 5307; x_wconf 82' lang='lat' dir='ltr'><strong>XXI.</strong></span> <span class='ocrx_word' id='word_1_723' title='bbox 792 5252 986 5308; x_wconf 89' lang='lat' dir='ltr'><strong>Secuta</strong></span> <span class='ocrx_word' id='word_1_724' title='bbox 1015 5260 1098 5306; x_wconf 85' lang='lat' dir='ltr'><strong>est</strong></span> <span class='ocrx_word' id='word_1_725' title='bbox 1121 5267 1308 5306; x_wconf 90' lang='lat' dir='ltr'><strong>eorum</strong></span> <span class='ocrx_word' id='word_1_726' title='bbox 1332 5252 1695 5318; x_wconf 89' lang='lat' dir='ltr'><strong>contumacia,</strong></span> <span class='ocrx_word' id='word_1_727' title='bbox 1721 5255 1812 5324; x_wconf 88' lang='lat' dir='ltr'><strong>qui</strong></span> <span class='ocrx_word' id='word_1_728' title='bbox 1837 5271 1896 5309; x_wconf 89' lang='lat' dir='ltr'><strong>se</strong></span> <span class='ocrx_word' id='word_1_729' title='bbox 1933 5257 2142 5315; x_wconf 87' lang='lat' dir='ltr'><strong>Dathan</strong></span> 
     </span>
    </p>
   </div>
   <div class='ocr_carea' id='block_1_101' title="bbox 543 5344 2145 5418">
    <p class='ocr_par' dir='ltr' id='par_1_101' title="bbox 543 5344 2145 5418">
     <span class='ocr_line' id='line_1_101' title="bbox 543 5344 2145 5418; baseline 0.003 -15"><span class='ocrx_word' id='word_1_730' title='bbox 543 5357 596 5403; x_wconf 85' lang='lat' dir='ltr'><strong>et</strong></span> <span class='ocrx_word' id='word_1_731' title='bbox 632 5346 836 5401; x_wconf 81' lang='lat' dir='ltr'><strong>Abit-on</strong></span> <span class='ocrx_word' id='word_1_732' title='bbox 869 5344 1098 5401; x_wconf 88' lang='lat' dir='ltr'><strong>ducibus</strong></span> <span class='ocrx_word' id='word_1_733' title='bbox 1145 5345 1434 5402; x_wconf 83' lang='lat' dir='ltr'><strong>adversum</strong></span> <span class='ocrx_word' id='word_1_734' title='bbox 1465 5345 1686 5418; x_wconf 86' lang='lat' dir='ltr'><strong>Moysen</strong></span> <span class='ocrx_word' id='word_1_735' title='bbox 1731 5358 1785 5403; x_wconf 89' lang='lat' dir='ltr'><strong>et</strong></span> <span class='ocrx_word' id='word_1_736' title='bbox 1821 5348 2001 5406; x_wconf 82' lang='lat' dir='ltr'><strong>Aaron</strong></span> <span class='ocrx_word' id='word_1_737' title='bbox 2035 5353 2145 5408; x_wconf 86' lang='lat' dir='ltr'><strong>eri-</strong></span> 
     </span>
    </p>
   </div>
   <div class='ocr_carea' id='block_1_102' title="bbox 540 5440 2141 5511">
    <p class='ocr_par' dir='ltr' id='par_1_102' title="bbox 540 5440 2141 5511">
     <span class='ocr_line' id='line_1_102' title="bbox 540 5440 2141 5511; baseline 0.004 -15"><span class='ocrx_word' id='word_1_738' title='bbox 540 5457 670 5511; x_wconf 83' lang='lat' dir='ltr'><strong>gere</strong></span> <span class='ocrx_word' id='word_1_739' title='bbox 695 5440 872 5492; x_wconf 83' lang='lat' dir='ltr'><strong>conati</strong></span> <span class='ocrx_word' id='word_1_740' title='bbox 905 5440 1180 5503; x_wconf 69' lang='lat' dir='ltr'><strong>suiit,{sed</strong></span> <span class='ocrx_word' id='word_1_741' title='bbox 1211 5456 1307 5496; x_wconf 88' lang='lat' dir='ltr'><strong>eos</strong></span> <span class='ocrx_word' id='word_1_742' title='bbox 1338 5443 1490 5495; x_wconf 90' lang='lat' dir='ltr'><strong>vivos</strong></span> <span class='ocrx_word' id='word_1_743' title='bbox 1538 5441 1685 5497; x_wconf 89' lang='lat' dir='ltr'><strong>hiatu</strong></span> <span class='ocrx_word' id='word_1_744' title='bbox 1721 5459 1818 5497; x_wconf 89' lang='lat' dir='ltr'><strong>suo</strong></span> <span class='ocrx_word' id='word_1_745' title='bbox 1863 5453 2005 5500; x_wconf 87' lang='lat' dir='ltr'><strong>terra</strong></span> <span class='ocrx_word' id='word_1_746' title='bbox 2045 5449 2141 5503; x_wconf 89' lang='lat' dir='ltr'><strong>ab-</strong></span> 
     </span>
    </p>
   </div>
   <div class='ocr_carea' id='block_1_103' title="bbox 540 5531 2140 5608">
    <p class='ocr_par' dir='ltr' id='par_1_103' title="bbox 540 5531 2140 5608">
     <span class='ocr_line' id='line_1_103' title="bbox 540 5531 2140 5608; baseline 0.004 -21"><span class='ocrx_word' id='word_1_747' title='bbox 540 5532 775 5587; x_wconf 88' lang='lat' dir='ltr'><strong>sorbuit.</strong></span> <span class='ocrx_word' id='word_1_748' title='bbox 804 5531 914 5586; x_wconf 84' lang='lat' dir='ltr'><strong>Nec</strong></span> <span class='ocrx_word' id='word_1_749' title='bbox 954 5532 1123 5586; x_wconf 89' lang='lat' dir='ltr'><strong>multo</strong></span> <span class='ocrx_word' id='word_1_750' title='bbox 1154 5545 1276 5602; x_wconf 88' lang='lat' dir='ltr'><strong>post</strong></span> <span class='ocrx_word' id='word_1_751' title='bbox 1305 5535 1470 5590; x_wconf 88' lang='lat' dir='ltr'><strong>totius</strong></span> <span class='ocrx_word' id='word_1_752' title='bbox 1519 5537 1700 5605; x_wconf 85' lang='lat' dir='ltr'><strong>populi</strong></span> <span class='ocrx_word' id='word_1_753' title='bbox 1735 5539 1786 5591; x_wconf 91' lang='lat' dir='ltr'><strong>in</strong></span> <span class='ocrx_word' id='word_1_754' title='bbox 1823 5538 2040 5608; x_wconf 80' lang='lat' dir='ltr'><strong>Moysen</strong></span> <span class='ocrx_word' id='word_1_755' title='bbox 2086 5549 2140 5595; x_wconf 87' lang='lat' dir='ltr'><strong>et</strong></span> 
     </span>
    </p>
   </div>
   <div class='ocr_carea' id='block_1_104' title="bbox 536 5627 2134 5704">
    <p class='ocr_par' dir='ltr' id='par_1_104' title="bbox 536 5627 2134 5704">
     <span class='ocr_line' id='line_1_104' title="bbox 536 5627 2134 5704; baseline 0.008 -25"><span class='ocrx_word' id='word_1_756' title='bbox 536 5627 717 5680; x_wconf 86' lang='lat' dir='ltr'><strong>Aaron</strong></span> <span class='ocrx_word' id='word_1_757' title='bbox 750 5637 865 5680; x_wconf 88' lang='lat' dir='ltr'><strong>orta</strong></span> <span class='ocrx_word' id='word_1_758' title='bbox 898 5627 1094 5680; x_wconf 87' lang='lat' dir='ltr'><strong>seditio</strong></span> <span class='ocrx_word' id='word_1_759' title='bbox 1120 5638 1221 5692; x_wconf 89' lang='lat' dir='ltr'><strong>est,</strong></span> <span class='ocrx_word' id='word_1_760' title='bbox 1264 5627 1399 5683; x_wconf 84' lang='lat' dir='ltr'><strong>adeo</strong></span> <span class='ocrx_word' id='word_1_761' title='bbox 1425 5641 1481 5684; x_wconf 92' lang='lat' dir='ltr'><strong>ut</strong></span> <span class='ocrx_word' id='word_1_762' title='bbox 1514 5632 1930 5686; x_wconf 86' lang='lat' dir='ltr'><strong>tabernaculum</strong></span> <span class='ocrx_word' id='word_1_763' title='bbox 1966 5632 2134 5704; x_wconf 72' lang='lat' dir='ltr'><strong>(quod</strong></span> 
     </span>
    </p>
   </div>
   <div class='ocr_carea' id='block_1_105' title="bbox 530 5718 2131 5796">
    <p class='ocr_par' dir='ltr' id='par_1_105' title="bbox 530 5718 2131 5796">
     <span class='ocr_line' id='line_1_105' title="bbox 530 5718 2131 5796; baseline 0.005 -21"><span class='ocrx_word' id='word_1_764' title='bbox 530 5729 648 5775; x_wconf 86' lang='lat' dir='ltr'><strong>erat</strong></span> <span class='ocrx_word' id='word_1_765' title='bbox 678 5718 832 5774; x_wconf 89' lang='lat' dir='ltr'><strong>nefas</strong></span> <span class='ocrx_word' id='word_1_766' title='bbox 877 5721 978 5774; x_wconf 85' lang='lat' dir='ltr'><strong>nisi</strong></span> <span class='ocrx_word' id='word_1_767' title='bbox 1012 5720 1394 5776; x_wconf 72' lang='lat' dir='ltr'><strong>sacerdonhus</strong></span> <span class='ocrx_word' id='word_1_768' title='bbox 1436 5722 1690 5796; x_wconf 86' lang='lat' dir='ltr'><strong>introire)</strong></span> <span class='ocrx_word' id='word_1_769' title='bbox 1723 5725 2131 5794; x_wconf 86' lang='lat' dir='ltr'><strong>irrumperent:</strong></span> 
     </span>
    </p>
   </div>
   <div class='ocr_carea' id='block_1_106' title="bbox 529 5813 2132 5889">
    <p class='ocr_par' dir='ltr' id='par_1_106' title="bbox 529 5813 2132 5889">
     <span class='ocr_line' id='line_1_106' title="bbox 529 5813 2132 5889; baseline 0.006 -21"><span class='ocrx_word' id='word_1_770' title='bbox 529 5822 642 5868; x_wconf 87' lang='lat' dir='ltr'><strong>tum</strong></span> <span class='ocrx_word' id='word_1_771' title='bbox 675 5825 807 5869; x_wconf 86' lang='lat' dir='ltr'><strong>vero</strong></span> <span class='ocrx_word' id='word_1_772' title='bbox 835 5813 1157 5870; x_wconf 83' lang='lat' dir='ltr'><strong>catervatim</strong></span> <span class='ocrx_word' id='word_1_773' title='bbox 1185 5813 1240 5871; x_wconf 91' lang='lat' dir='ltr'><strong>in</strong></span> <span class='ocrx_word' id='word_1_774' title='bbox 1273 5829 1370 5872; x_wconf 87' lang='lat' dir='ltr'><strong>eos</strong></span> <span class='ocrx_word' id='word_1_775' title='bbox 1396 5827 1644 5889; x_wconf 74' lang='lat' dir='ltr'><strong>grassata</strong></span> <span class='ocrx_word' id='word_1_776' title='bbox 1677 5833 1828 5873; x_wconf 90' lang='lat' dir='ltr'><strong>mors</strong></span> <span class='ocrx_word' id='word_1_777' title='bbox 1857 5829 1962 5886; x_wconf 81' lang='lat' dir='ltr'><strong>est,</strong></span> <span class='ocrx_word' id='word_1_778' title='bbox 2017 5837 2132 5878; x_wconf 92' lang='lat' dir='ltr'><strong>mo-</strong></span> 
     </span>
    </p>
   </div>
   <div class='ocr_carea' id='block_1_107' title="bbox 2261 4699 3858 4770">
    <p class='ocr_par' dir='ltr' id='par_1_107' title="bbox 2261 4699 3858 4770">
     <span class='ocr_line' id='line_1_107' title="bbox 2261 4699 3858 4770; baseline 0.002 -18"><span class='ocrx_word' id='word_1_779' title='bbox 2261 4715 2437 4770; x_wconf 85' lang='lat' dir='ltr'><strong>neque</strong></span> <span class='ocrx_word' id='word_1_780' title='bbox 2462 4700 2644 4756; x_wconf 88' lang='lat' dir='ltr'><strong>vadari</strong></span> <span class='ocrx_word' id='word_1_781' title='bbox 2678 4699 2884 4755; x_wconf 83' lang='lat' dir='ltr'><strong>ﬂuvius</strong></span> <span class='ocrx_word' id='word_1_782' title='bbox 2915 4708 3150 4770; x_wconf 89' lang='lat' dir='ltr'><strong>p0terat,</strong></span> <span class='ocrx_word' id='word_1_783' title='bbox 3189 4701 3280 4765; x_wconf 91' lang='lat' dir='ltr'><strong>qui</strong></span> <span class='ocrx_word' id='word_1_784' title='bbox 3327 4709 3437 4753; x_wconf 91' lang='lat' dir='ltr'><strong>tum</strong></span> <span class='ocrx_word' id='word_1_785' title='bbox 3482 4699 3653 4768; x_wconf 90' lang='lat' dir='ltr'><strong>pleno</strong></span> <span class='ocrx_word' id='word_1_786' title='bbox 3699 4700 3858 4755; x_wconf 81' lang='lat' dir='ltr'><strong>alveo</strong></span> 
     </span>
    </p>
   </div>
   <div class='ocr_carea' id='block_1_108' title="bbox 2256 4792 3854 4865">
    <p class='ocr_par' dir='ltr' id='par_1_108' title="bbox 2256 4792 3854 4865">
     <span class='ocr_line' id='line_1_108' title="bbox 2256 4792 3854 4865; baseline 0 -18"><span class='ocrx_word' id='word_1_787' title='bbox 2256 4792 2556 4849; x_wconf 89' lang='lat' dir='ltr'><strong>ferebatur.</strong></span> <span class='ocrx_word' id='word_1_788' title='bbox 2608 4793 2772 4865; x_wconf 81' lang='lat' dir='ltr'><strong>Igitur</strong></span> <span class='ocrx_word' id='word_1_789' title='bbox 2821 4808 3006 4849; x_wconf 86' lang='lat' dir='ltr'><strong>arcam</strong></span> <span class='ocrx_word' id='word_1_790' title='bbox 3057 4793 3306 4862; x_wconf 73' lang='lat' dir='ltr'><strong>prmferri</strong></span> <span class='ocrx_word' id='word_1_791' title='bbox 3360 4808 3386 4844; x_wconf 90' lang='lat' dir='ltr'><strong>a</strong></span> <span class='ocrx_word' id='word_1_792' title='bbox 3437 4792 3854 4859; x_wconf 85' lang='lat' dir='ltr'><strong>sacerd0tibtts,</strong></span> 
     </span>
    </p>
   </div>
   <div class='ocr_carea' id='block_1_109' title="bbox 2254 4886 3853 4959">
    <p class='ocr_par' dir='ltr' id='par_1_109' title="bbox 2254 4886 3853 4959">
     <span class='ocr_line' id='line_1_109' title="bbox 2254 4886 3853 4959; baseline 0.001 -18"><span class='ocrx_word' id='word_1_793' title='bbox 2254 4887 2584 4959; x_wconf 87' lang='lat' dir='ltr'><strong>eosdemque</strong></span> <span class='ocrx_word' id='word_1_794' title='bbox 2627 4888 2858 4943; x_wconf 79' lang='lat' dir='ltr'><strong>adverso</strong></span> <span class='ocrx_word' id='word_1_795' title='bbox 2889 4886 3112 4941; x_wconf 84' lang='lat' dir='ltr'><strong>ﬂumine</strong></span> <span class='ocrx_word' id='word_1_796' title='bbox 3163 4887 3468 4941; x_wconf 89' lang='lat' dir='ltr'><strong>consistere</strong></span> <span class='ocrx_word' id='word_1_797' title='bbox 3508 4887 3713 4956; x_wconf 88' lang='lat' dir='ltr'><strong>jubet;</strong></span> <span class='ocrx_word' id='word_1_798' title='bbox 3745 4901 3853 4957; x_wconf 86' lang='lat' dir='ltr'><strong>quo</strong></span> 
     </span>
    </p>
   </div>
   <div class='ocr_carea' id='block_1_110' title="bbox 2257 4979 3856 5053">
    <p class='ocr_par' dir='ltr' id='par_1_110' title="bbox 2257 4979 3856 5053">
     <span class='ocr_line' id='line_1_110' title="bbox 2257 4979 3856 5053; baseline 0.003 -19"><span class='ocrx_word' id='word_1_799' title='bbox 2257 4979 2396 5036; x_wconf 85' lang='lat' dir='ltr'><strong>facto</strong></span> <span class='ocrx_word' id='word_1_800' title='bbox 2430 4983 2634 5037; x_wconf 87' lang='lat' dir='ltr'><strong>incisus</strong></span> <span class='ocrx_word' id='word_1_801' title='bbox 2651 4981 2902 5038; x_wconf 82' lang='lat' dir='ltr'><strong>Jordanis</strong></span> <span class='ocrx_word' id='word_1_802' title='bbox 2929 4981 3188 5036; x_wconf 88' lang='lat' dir='ltr'><strong>traditur:</strong></span> <span class='ocrx_word' id='word_1_803' title='bbox 3223 4983 3292 5035; x_wconf 87' lang='lat' dir='ltr'><strong>ita</strong></span> <span class='ocrx_word' id='word_1_804' title='bbox 3325 4997 3420 5052; x_wconf 89' lang='lat' dir='ltr'><strong>per</strong></span> <span class='ocrx_word' id='word_1_805' title='bbox 3447 4983 3653 5036; x_wconf 88' lang='lat' dir='ltr'><strong>siccum</strong></span> <span class='ocrx_word' id='word_1_806' title='bbox 3685 4983 3856 5053; x_wconf 74' lang='lat' dir='ltr'><strong>copia)</strong></span> 
     </span>
    </p>
   </div>
   <div class='ocr_carea' id='block_1_111' title="bbox 2257 5074 3854 5146">
    <p class='ocr_par' dir='ltr' id='par_1_111' title="bbox 2257 5074 3854 5146">
     <span class='ocr_line' id='line_1_111' title="bbox 2257 5074 3854 5146; baseline 0.001 -16"><span class='ocrx_word' id='word_1_807' title='bbox 2257 5075 2538 5133; x_wconf 63' lang='lat' dir='ltr'><strong>traductio.</strong></span> <span class='ocrx_word' id='word_1_808' title='bbox 2575 5078 2704 5132; x_wconf 87' lang='lat' dir='ltr'><strong>Erat</strong></span> <span class='ocrx_word' id='word_1_809' title='bbox 2733 5078 2785 5131; x_wconf 89' lang='lat' dir='ltr'><strong>itt</strong></span> <span class='ocrx_word' id='word_1_810' title='bbox 2821 5077 2903 5131; x_wconf 91' lang='lat' dir='ltr'><strong>his</strong></span> <span class='ocrx_word' id='word_1_811' title='bbox 2947 5078 3081 5131; x_wconf 84' lang='lat' dir='ltr'><strong>locis</strong></span> <span class='ocrx_word' id='word_1_812' title='bbox 3119 5077 3375 5146; x_wconf 89' lang='lat' dir='ltr'><strong>oppidum</strong></span> <span class='ocrx_word' id='word_1_813' title='bbox 3425 5074 3649 5130; x_wconf 88' lang='lat' dir='ltr'><strong>nomine</strong></span> <span class='ocrx_word' id='word_1_814' title='bbox 3681 5077 3854 5132; x_wconf 85' lang='lat' dir='ltr'><strong>llieri-</strong></span> 
     </span>
    </p>
   </div>
   <div class='ocr_carea' id='block_1_112' title="bbox 2250 5167 3852 5240">
    <p class='ocr_par' dir='ltr' id='par_1_112' title="bbox 2250 5167 3852 5240">
     <span class='ocr_line' id='line_1_112' title="bbox 2250 5167 3852 5240; baseline 0 -16"><span class='ocrx_word' id='word_1_815' title='bbox 2250 5167 2376 5233; x_wconf 87' lang='lat' dir='ltr'><strong>cbo,</strong></span> <span class='ocrx_word' id='word_1_816' title='bbox 2409 5170 2577 5226; x_wconf 82' lang='lat' dir='ltr'><strong>muris</strong></span> <span class='ocrx_word' id='word_1_817' title='bbox 2621 5170 2972 5224; x_wconf 85' lang='lat' dir='ltr'><strong>validissimis</strong></span> <span class='ocrx_word' id='word_1_818' title='bbox 3019 5169 3310 5232; x_wconf 87' lang='lat' dir='ltr'><strong>munitum,</strong></span> <span class='ocrx_word' id='word_1_819' title='bbox 3346 5184 3526 5240; x_wconf 88' lang='lat' dir='ltr'><strong>neque</strong></span> <span class='ocrx_word' id='word_1_820' title='bbox 3575 5184 3852 5240; x_wconf 79' lang='lat' dir='ltr'><strong>expugna-</strong></span> 
     </span>
    </p>
   </div>
   <div class='ocr_carea' id='block_1_113' title="bbox 2251 5259 3852 5331">
    <p class='ocr_par' dir='ltr' id='par_1_113' title="bbox 2251 5259 3852 5331">
     <span class='ocr_line' id='line_1_113' title="bbox 2251 5259 3852 5331; baseline 0 -15"><span class='ocrx_word' id='word_1_821' title='bbox 2251 5262 2380 5316; x_wconf 88' lang='lat' dir='ltr'><strong>tioni</strong></span> <span class='ocrx_word' id='word_1_822' title='bbox 2415 5277 2588 5331; x_wconf 77' lang='lat' dir='ltr'><strong>neque</strong></span> <span class='ocrx_word' id='word_1_823' title='bbox 2629 5261 2896 5315; x_wconf 88' lang='lat' dir='ltr'><strong>obsidioni</strong></span> <span class='ocrx_word' id='word_1_824' title='bbox 2929 5259 3123 5323; x_wconf 87' lang='lat' dir='ltr'><strong>facile;</strong></span> <span class='ocrx_word' id='word_1_825' title='bbox 3154 5259 3245 5313; x_wconf 89' lang='lat' dir='ltr'><strong>sed</strong></span> <span class='ocrx_word' id='word_1_826' title='bbox 3277 5259 3436 5320; x_wconf 85' lang='lat' dir='ltr'><strong>Jesus</strong></span> <span class='ocrx_word' id='word_1_827' title='bbox 3466 5261 3706 5318; x_wconf 92' lang='lat' dir='ltr'><strong>Domino</strong></span> <span class='ocrx_word' id='word_1_828' title='bbox 3746 5261 3852 5316; x_wconf 81' lang='lat' dir='ltr'><strong>frc-</strong></span> 
     </span>
    </p>
   </div>
   <div class='ocr_carea' id='block_1_114' title="bbox 2249 5352 3849 5424">
    <p class='ocr_par' dir='ltr' id='par_1_114' title="bbox 2249 5352 3849 5424">
     <span class='ocr_line' id='line_1_114' title="bbox 2249 5352 3849 5424; baseline 0.001 -17"><span class='ocrx_word' id='word_1_829' title='bbox 2249 5364 2355 5418; x_wconf 89' lang='lat' dir='ltr'><strong>tus,</strong></span> <span class='ocrx_word' id='word_1_830' title='bbox 2394 5372 2496 5407; x_wconf 88' lang='lat' dir='ltr'><strong>non</strong></span> <span class='ocrx_word' id='word_1_831' title='bbox 2530 5355 2695 5408; x_wconf 80' lang='lat' dir='ltr'><strong>armis</strong></span> <span class='ocrx_word' id='word_1_832' title='bbox 2729 5361 2824 5405; x_wconf 86' lang='lat' dir='ltr'><strong>aut</strong></span> <span class='ocrx_word' id='word_1_833' title='bbox 2863 5352 3107 5419; x_wconf 87' lang='lat' dir='ltr'><strong>viribus,</strong></span> <span class='ocrx_word' id='word_1_834' title='bbox 3147 5352 3339 5408; x_wconf 83' lang='lat' dir='ltr'><strong>urbem</strong></span> <span class='ocrx_word' id='word_1_835' title='bbox 3379 5370 3678 5424; x_wconf 84' lang='lat' dir='ltr'><strong>aggressus</strong></span> <span class='ocrx_word' id='word_1_836' title='bbox 3723 5354 3849 5411; x_wconf 86' lang='lat' dir='ltr'><strong>ferri</strong></span> 
     </span>
    </p>
   </div>
   <div class='ocr_carea' id='block_1_115' title="bbox 2243 5446 3842 5519">
    <p class='ocr_par' dir='ltr' id='par_1_115' title="bbox 2243 5446 3842 5519">
     <span class='ocr_line' id='line_1_115' title="bbox 2243 5446 3842 5519; baseline 0.002 -16"><span class='ocrx_word' id='word_1_837' title='bbox 2243 5463 2425 5504; x_wconf 85' lang='lat' dir='ltr'><strong>arcam</strong></span> <span class='ocrx_word' id='word_1_838' title='bbox 2457 5449 2550 5502; x_wconf 91' lang='lat' dir='ltr'><strong>Dei</strong></span> <span class='ocrx_word' id='word_1_839' title='bbox 2593 5449 2737 5502; x_wconf 88' lang='lat' dir='ltr'><strong>circa</strong></span> <span class='ocrx_word' id='word_1_840' title='bbox 2773 5461 2957 5501; x_wconf 90' lang='lat' dir='ltr'><strong>muros</strong></span> <span class='ocrx_word' id='word_1_841' title='bbox 2983 5446 3159 5517; x_wconf 88' lang='lat' dir='ltr'><strong>jubet,</strong></span> <span class='ocrx_word' id='word_1_842' title='bbox 3191 5448 3616 5518; x_wconf 83' lang='lat' dir='ltr'><strong>sacerdotesque</strong></span> <span class='ocrx_word' id='word_1_843' title='bbox 3647 5450 3842 5519; x_wconf 61' lang='lat' dir='ltr'><strong>praeire</strong></span> 
     </span>
    </p>
   </div>
   <div class='ocr_carea' id='block_1_116' title="bbox 2243 5542 3846 5614">
    <p class='ocr_par' dir='ltr' id='par_1_116' title="bbox 2243 5542 3846 5614">
     <span class='ocr_line' id='line_1_116' title="bbox 2243 5542 3846 5614; baseline 0.003 -18"><span class='ocrx_word' id='word_1_844' title='bbox 2243 5558 2367 5597; x_wconf 88' lang='lat' dir='ltr'><strong>arca</strong></span> <span class='ocrx_word' id='word_1_845' title='bbox 2379 5559 2452 5603; x_wconf 88' lang='lat' dir='ltr'><strong>m.</strong></span> <span class='ocrx_word' id='word_1_846' title='bbox 2479 5552 2535 5597; x_wconf 90' lang='lat' dir='ltr'><strong>et</strong></span> <span class='ocrx_word' id='word_1_847' title='bbox 2564 5542 2687 5597; x_wconf 89' lang='lat' dir='ltr'><strong>tttba</strong></span> <span class='ocrx_word' id='word_1_848' title='bbox 2713 5556 2906 5598; x_wconf 84' lang='lat' dir='ltr'><strong>canere</strong></span> <span class='ocrx_word' id='word_1_849' title='bbox 2923 5559 2935 5595; x_wconf 92' lang='lat'><strong>:</strong></span> <span class='ocrx_word' id='word_1_850' title='bbox 2955 5542 3050 5596; x_wconf 79' lang='lat' dir='ltr'><strong>Sed</strong></span> <span class='ocrx_word' id='word_1_851' title='bbox 3078 5558 3199 5596; x_wconf 89' lang='lat' dir='ltr'><strong>cum</strong></span> <span class='ocrx_word' id='word_1_852' title='bbox 3228 5558 3356 5598; x_wconf 85' lang='lat' dir='ltr'><strong>arca</strong></span> <span class='ocrx_word' id='word_1_853' title='bbox 3381 5545 3588 5614; x_wconf 85' lang='lat' dir='ltr'><strong>septies</strong></span> <span class='ocrx_word' id='word_1_854' title='bbox 3609 5547 3846 5601; x_wconf 83' lang='lat' dir='ltr'><strong>circum-</strong></span> 
     </span>
    </p>
   </div>
   <div class='ocr_carea' id='block_1_117' title="bbox 2240 5634 3846 5709">
    <p class='ocr_par' dir='ltr' id='par_1_117' title="bbox 2240 5634 3846 5709">
     <span class='ocr_line' id='line_1_117' title="bbox 2240 5634 3846 5709; baseline 0.003 -21"><span class='ocrx_word' id='word_1_855' title='bbox 2240 5635 2348 5688; x_wconf 84' lang='lat' dir='ltr'><strong>lata</strong></span> <span class='ocrx_word' id='word_1_856' title='bbox 2388 5641 2556 5697; x_wconf 61' lang='lat' dir='ltr'><strong>esset,</strong></span> <span class='ocrx_word' id='word_1_857' title='bbox 2609 5634 2748 5687; x_wconf 92' lang='lat' dir='ltr'><strong>muri</strong></span> <span class='ocrx_word' id='word_1_858' title='bbox 2797 5649 2858 5688; x_wconf 86' lang='lat' dir='ltr'><strong>ac</strong></span> <span class='ocrx_word' id='word_1_859' title='bbox 2909 5643 3089 5689; x_wconf 86' lang='lat' dir='ltr'><strong>turres</strong></span> <span class='ocrx_word' id='word_1_860' title='bbox 3137 5637 3516 5702; x_wconf 87' lang='lat' dir='ltr'><strong>conciderunt,</strong></span> <span class='ocrx_word' id='word_1_861' title='bbox 3569 5638 3846 5709; x_wconf 72' lang='lat' dir='ltr'><strong>direptum</strong></span> 
     </span>
    </p>
   </div>
   <div class='ocr_carea' id='block_1_118' title="bbox 2237 5726 3848 5797">
    <p class='ocr_par' dir='ltr' id='par_1_118' title="bbox 2237 5726 3848 5797">
     <span class='ocr_line' id='line_1_118' title="bbox 2237 5726 3848 5797; baseline 0.001 -14"><span class='ocrx_word' id='word_1_862' title='bbox 2237 5726 2499 5797; x_wconf 86' lang='lat' dir='ltr'><strong>Oppidum</strong></span> <span class='ocrx_word' id='word_1_863' title='bbox 2531 5737 2696 5797; x_wconf 86' lang='lat' dir='ltr'><strong>atque</strong></span> <span class='ocrx_word' id='word_1_864' title='bbox 2729 5727 3030 5782; x_wconf 89' lang='lat' dir='ltr'><strong>incensum.</strong></span> <span class='ocrx_word' id='word_1_865' title='bbox 3057 5727 3192 5782; x_wconf 90' lang='lat' dir='ltr'><strong>Tum</strong></span> <span class='ocrx_word' id='word_1_866' title='bbox 3223 5727 3384 5784; x_wconf 84' lang='lat' dir='ltr'><strong>Jesus</strong></span> <span class='ocrx_word' id='word_1_867' title='bbox 3414 5728 3712 5787; x_wconf 89' lang='lat' dir='ltr'><strong>Dominum</strong></span> <span class='ocrx_word' id='word_1_868' title='bbox 3741 5744 3848 5786; x_wconf 81' lang='lat' dir='ltr'><strong>tra-</strong></span> 
     </span>
    </p>
   </div>
   <div class='ocr_carea' id='block_1_119' title="bbox 2236 5821 3657 5881">
    <p class='ocr_par' dir='ltr' id='par_1_119' title="bbox 2236 5821 3657 5881">
     <span class='ocr_line' id='line_1_119' title="bbox 2236 5821 3657 5881; baseline 0.002 -5"><span class='ocrx_word' id='word_1_869' title='bbox 2236 5821 2455 5877; x_wconf 89' lang='lat' dir='ltr'><strong>ditur...</strong></span> <span class='ocrx_word' id='word_1_870' title='bbox 2489 5822 2617 5880; x_wconf 88' lang='lat' dir='ltr'><strong>Inde</strong></span> <span class='ocrx_word' id='word_1_871' title='bbox 2646 5822 2908 5880; x_wconf 85' lang='lat' dir='ltr'><strong>adversus</strong></span> <span class='ocrx_word' id='word_1_872' title='bbox 2948 5822 3045 5880; x_wconf 84' lang='lat' dir='ltr'><strong>Gai</strong></span> <span class='ocrx_word' id='word_1_873' title='bbox 3085 5821 3284 5878; x_wconf 89' lang='lat' dir='ltr'><strong>ductus</strong></span> <span class='ocrx_word' id='word_1_874' title='bbox 3327 5824 3604 5881; x_wconf 85' lang='lat' dir='ltr'><strong>exercitus</strong></span> <span class='ocrx_word' id='word_1_875' title='bbox 3645 5843 3657 5879; x_wconf 91' lang='lat'><strong>:</strong></span> 
     </span>
    </p>
   </div>
   <div class='ocr_carea' id='block_1_120' title="bbox 3703 5824 3846 5882">
    <p class='ocr_par' dir='ltr' id='par_1_120' title="bbox 3703 5824 3846 5882">
     <span class='ocr_line' id='line_1_120' title="bbox 3703 5824 3846 5882; baseline -0.014 -1"><span class='ocrx_word' id='word_1_876' title='bbox 3703 5824 3846 5882; x_wconf 84' lang='lat' dir='ltr'><strong>loca-</strong></span> 
     </span>
    </p>
   </div>
  </div>
