4106 6344
240 358 333 417 109

1464 344 1787 405 HISTORIA
1832 338 2083 400 SACRA.
2122 339 2257 400 LIB.
2298 342 2343 397 I.

3489 364 3594 426 HO

237 479 409 545 tisque
436 488 467 527 a
503 481 670 544 tergo
703 472 858 529 urbis
886 472 1119 538 insidiis,
1144 473 1302 528 Iesus
1342 481 1550 526 metum
1582 467 1851 523 sinnitans
1879 468 1929 525 Α
1955 460 2117 527 solet,
2153 475 2368 515 morum
2400 457 2829 533 disciplinaeque
2861 463 3187 539 immemor,
3226 476 3591 535 matrimonia

237 578 382 638 terga
406 566 564 622 boeti
598 566 757 622 dedit
786 586 799 622 :
826 583 933 637 quo
964 567 1103 632 viso,
1128 565 1219 636 qui
1252 566 1303 619 in
1336 562 1536 633 oppido
1566 572 1725 616 erant
1751 574 1850 629 pa-

236 660 471 716 tentibus
507 661 696 731 portis
714 660 1044 716 cedentibus
1076 660 1300 715 instare.
1336 658 1412 712 Ita
1444 658 1497 710 hi
1539 656 1631 727 qui
1668 656 1724 708 iu
1764 654 1851 707 iu-

237 755 379 810 sidiis
435 753 713 821 fuerant,
765 768 991 809 vacuam
1040 754 1230 809 urbem
1292 766 1491 823 cepere
1541 768 1554 804 :
1611 749 1852 816 caesique

237 862 419 903 omnes
452 848 676 918 absque
714 848 876 903 ullius
905 846 1123 919 eﬂ‘ugio,
1156 862 1257 902 rex
1288 853 1481 917 captus
1521 856 1853 913 summoque

234 940 501 1011 supplicio
527 940 794 997 aﬂectus.

302 1032 491 1089 XXIII.
526 1034 695 1101 Quod
726 1036 818 1090 ubi
845 1034 1148 1091 vicinarum
1181 1034 1426 1105 gentium
1456 1034 1681 1104 regibus
1704 1046 1856 1087 com-

237 1140 444 1201 pertum
486 1140 600 1196 est,
657 1130 709 1183 in
760 1130 962 1185 bellum
1011 1129 1333 1200 conspirant
1381 1127 1644 1183 Hebraeos
1682 1125 1853 1180 armis

236 1224 535 1295 depellere.
577 1240 775 1279 verum
816 1223 1157 1289 Gabaonita‘,
1202 1237 1333 1294 gens
1376 1221 1559 1277 valida
1608 1236 1675 1275 ex
1722 1220 1855 1274 urbe

235 1319 514 1389 opulenta,
544 1318 709 1373 nltro
742 1334 803 1373 se
829 1316 1070 1373 Hebraeis
1103 1316 1394 1381 dederunt,
1423 1316 1571 1385 jussu
1603 1314 1854 1369 facturos

236 1412 567 1483 pollicentes
602 1429 616 1465 :
650 1412 972 1481 receptique
1002 1412 1052 1465 iu
1090 1410 1284 1475 (idem;
1313 1422 1368 1461 ut
1399 1409 1543 1479 ligna
1569 1418 1623 1462 et
1651 1422 1855 1477 aquam

234 1508 627 1563 conveherent
671 1508 1023 1577 imperatum.
1058 1505 1166 1561 Sed
1208 1504 1434 1576 regibus
1478 1502 1854 1573 preximarum

232 1602 447 1656 urbium
474 1599 694 1656 deditio
724 1615 917 1654 eorum
948 1601 1056 1653 iras
1083 1599 1417 1654 conciverat.
1452 1598 1638 1666 Itaque
1666 1598 1857 1650 admo-

237 1697 301 1751 tis
352 1694 561 1767 copiis,
604 1694 876 1765 oppidum
920 1710 1110 1750 eorum
1148 1694 1378 1749 Gabaou
1418 1693 1667 1753 nomine,
1708 1692 1860 1745 obsi-

238 1790 402 1845 dione
430 1787 881 1845 circumsismnt.
932 1789 1092 1859 Igitur
1144 1787 1423 1858 oppidani,
1482 1788 1650 1841 arctis
1693 1786 1856 1839 rebus

1956 567 2024 606 ex
2077 553 2239 607 victis
2290 567 2592 619 assumere,
2646 554 3031 629 paulatimque
3080 571 3344 621 externos
3402 586 3586 627 mores

1958 649 2201 715 trahere,
2243 664 2307 705 ac
2339 666 2467 706 mox
2501 650 2735 721 profano
2780 653 2896 707 ritu
2926 653 3092 712 idolis
3134 660 3457 718 sacrificare
3495 681 3591 722 oc-

1957 743 2123 812 cmpit
2142 760 2153 796 :
2173 743 2314 799 adeo
2344 753 2542 801 cuncta
2575 760 2698 801 cum
2718 750 2972 805 externis
3002 752 3244 809 societas
3268 757 3585 825 perniciosa

1957 847 2061 891 est.
2091 835 2228 903 Quae.
2261 837 2405 892 Deus
2452 839 2616 910 longe
2649 848 2779 897 ante
2813 845 3186 916 prospiciens,
3219 848 3427 905 salubri
3475 852 3585 909 He-

1958 930 2139 985 braeos
2169 945 2442 999 responso
2476 930 2839 1001 instruxerat,
2872 937 3124 994 devictas
3152 950 3351 1012 gentes
3398 954 3455 999 ut
3500 945 3585 1000 in—

1958 1022 2514 1089 ternec-iouidarent;
2547 1025 2643 1080 sed
2672 1026 2823 1096 plebs
2855 1030 3056 1101 cupida
3084 1032 3437 1103 dominandi,
3474 1038 3583 1092 iiii-

1957 1129 2158 1184 perare
2206 1114 2368 1170 victis
2420 1129 2546 1171 cum
2602 1120 2851 1188 pernicie
2909 1124 3172 1180 malebat.
3236 1126 3406 1198 Igitur
3453 1146 3578 1186 cum

1958 1211 2157 1266 relicto
2192 1210 2304 1264 Deo
2333 1210 2476 1265 idola
2501 1212 2771 1281 colerent,
2804 1216 3061 1275 destituti
3090 1220 3278 1278 divino
3306 1226 3517 1281 auxilio
3549 1246 3579 1283 a

1962 1320 2090 1373 rege
2152 1304 2566 1374 Mesopotamia:
2624 1309 2785 1363 evicti
2843 1320 2901 1366 et
2956 1313 3214 1381 subacti,
3268 1334 3363 1373 vin
3422 1322 3580 1376 anuis

1960 1398 2336 1468 captivitatem
2389 1400 2767 1470 pependerunt
2809 1422 2823 1458 :
2865 1405 3041 1462 donec
3096 1408 3391 1468 Gothoniel
3438 1415 3578 1470 duce

1963 1491 2016 1546 iu
2046 1492 2355 1548 libertatem
2380 1497 2618 1550 restituti
2645 1512 2741 1566 per
2766 1498 3170 1571 quinquaginta
3188 1518 3367 1559 annos
3393 1522 3577 1562 rerum

1964 1588 2123 1656 potiti
2154 1596 2306 1642 sunt.
2342 1587 2692 1662 Rursumque
2721 1596 2966 1667 corrupti
2998 1597 3176 1669 longae
3219 1602 3368 1671 pacis
3400 1603 3571 1669 malo,

1962 1682 2127 1737 idolis
2160 1682 2475 1738 Iitavcrunt.
2506 1684 2735 1756 Moxque
2760 1686 2961 1743 aderat
2988 1704 3147 1761 poena
3175 1695 3530 1762 peccantibus
3559 1716 3573 1751 :

1962 1776 2031 1829 ab
2060 1776 2249 1845 Eglom
2278 1778 2427 1832 enim
2459 1792 2592 1849 rege
2632 1779 3000 1837 Moabitarum
3046 1785 3277 1853 devicti,
3311 1786 3579 1844 duodevi-

239 1884 371 1948 suis,
404 1885 636 1936 nuntios
668 1883 736 1936 ad
768 1881 952 1937 Iesum
978 1880 1218 1947 mittunt,
1247 1881 1489 1935 obsessis
1522 1881 1599 1934 uti
1633 1895 1857 1934 succur-

1971 1867 2104 1940 giuti
2160 1870 2322 1924 anuis
2375 1874 2710 1939 servierunt,
2763 1874 2945 1931 donec
2994 1877 3254 1934 instinctu
3311 1880 3407 1937 Dei
3458 1883 3574 1938 Aod

240 1985 404 2031 reret.
438 1974 521 2029 Ita
551 1975 650 2030 ille
682 1983 956 2029 maturato
988 1974 1187 2029 itinere
1220 1972 1634 2044 inopinantibus
1662 1985 1855 2041 super—

242 2072 425 2137 reuit,
473 2084 738 2140 cwsaque
790 2068 860 2123 ad
913 2068 1344 2124 internecionem
1392 2068 1563 2121 multa
1618 2066 1857 2121 hostium

240 2164 434 2219 millia.
467 2161 609 2217 Cum
649 2163 774 2218 dies
810 2162 1088 2219 euadentes
1120 2161 1401 2226 deﬁceret,
1437 2177 1655 2231 noxque
1700 2160 1860 2215 vietis

222 2235 423 2314 Iutura
458 2258 729 2325 praesidio
754 2258 1059 2325 videretur,
1087 2259 1279 2312 merito
1311 2257 1433 2311 tidei
1457 2257 1564 2311 dux
1598 2256 1862 2311 IIebrtcus

248 2363 462 2410 noctem
493 2353 740 2407 avertit:
771 2351 889 2408 dies
922 2351 1313 2422 perseveravit.
1339 2352 1412 2407 Ita
1446 2352 1652 2406 nullum
1684 2350 1859 2404 hosti-

248 2450 345 2504 bus
387 2449 653 2519 eﬂ'ugium
707 2447 848 2514 fuit;
886 2448 1127 2518 quinque
1175 2463 1328 2518 reges
1377 2449 1544 2517 capti,
1592 2446 1861 2500 interiecti

249 2553 404 2607 sunt;
434 2543 636 2597 eodem
674 2543 889 2613 impetu
937 2543 1130 2597 vicina:
1157 2557 1377 2613 quoque
1419 2542 1584 2595 urbes
1630 2541 1863 2609 imperio

248 2638 501 2704 adjectae,
548 2652 829 2708 regesque
876 2652 1064 2691 earum
1120 2639 1412 2705 perempti.
1460 2637 1686 2702 Verum,
1730 2638 1861 2706 quia

251 2732 428 2784 omnia
458 2734 575 2785 lucc
619 2732 673 2784 in
710 2731 963 2785 ordinem
1000 2731 1253 2801 persequi
1284 2746 1391 2785 nun
1421 2732 1518 2786 I'uit
1548 2730 1860 2796 cortsilium,

250 2824 376 2878 dum
407 2824 665 2879 brevitati
697 2825 1020 2890 studemus,
1067 2824 1119 2877 id
1161 2826 1323 2880 modo
1360 2825 1735 2879 annotandum
1768 2840 1863 2879 cu-

256 2918 511 2984 ravimus,
548 2934 617 2973 xx
660 2926 711 2971 et
764 2934 961 2973 novem
1010 2933 1173 2989 regna
1226 2919 1458 2989 imperio
1503 2918 1859 2973 Ilehrtcorum

262 3010 518 3080 subjecta,
551 3028 795 3082 quorum
830 3023 968 3068 terra
1016 3029 1110 3083 per
1149 3014 1403 3069 undecim
1444 3014 1620 3068 tribus
1660 3014 1861 3068 viritim

259 3101 542 3158 distributa
572 3113 682 3159 est.
707 3102 917 3159 Levitis
936 3106 1087 3160 enim
1110 3106 1159 3159 in
1182 3107 1546 3161 sacerdotium
1571 3108 1865 3175 assumptis

259 3198 398 3252 nulla
426 3200 609 3269 portio
637 3202 793 3265 data,
824 3216 933 3270 quo
966 3200 1195 3255 liberius
1228 3201 1499 3256 servirent
1530 3200 1664 3255 Deo.
1700 3201 1865 3270 Equi-

1966 1978 2150 2033 regem
2204 1963 2442 2019 hostium
2496 1965 2625 2021 dolo
2672 1968 2992 2034 interemit,
3048 1984 3446 2045 contractaque
3488 1989 3577 2031 tu-

1966 2057 2260 2111 multuario
2323 2059 2570 2114 exercitu
2645 2060 2962 2119 libertatem
3022 2067 3195 2122 armis
3251 2070 3571 2127 vindicavit.

1965 2147 2109 2204 Idem
2165 2166 2265 2221 per
2320 2168 2461 2208 ωαχ
2509 2169 2685 2209 annos
2740 2159 2793 2210 in
2844 2172 2982 2227 pace
3022 2161 3275 2218 Hebraeis
3328 2167 3571 2236 przcl'uit.

1964 2244 2101 2298 Iluic
2139 2243 2389 2317 Semigar
2420 2250 2687 2303 successit
2719 2268 2731 2302 :
2775 2251 2974 2322 hicque
3006 2254 3274 2311 adversus
3316 2259 3571 2331 allophy-

1965 2338 2046 2392 los
2076 2354 2428 2410 congreSs-us,
2462 2343 2706 2397 secundo
2739 2355 2940 2400 eventu
2970 2348 3221 2416 praelium
3254 2350 3400 2406 fecit.
3434 2353 3575 2408 Rur-

1965 2446 2195 2501 sumque
2226 2433 2487 2487 tlebr.eos
2516 2446 2795 2493 sectantes
2826 2438 2974 2494 idola
3008 2458 3104 2496 rex
3134 2444 3571 2502 Chanaiucoruni

1964 2522 2122 2579 Jabiu
2174 2527 2396 2582 nomine
2437 2529 2779 2601 subjugavit,
2827 2536 3322 2608 gravissimamque
3371 2540 3423 2594 iu
3476 2557 3577 2597 eos

1967 2635 2064 2690 per
2095 2638 2163 2675 xx
2192 2637 2366 2677 annos
2398 2623 2825 2681 dominationem
2856 2631 3135 2697 exercuit,
3164 2633 3344 2689 donec
3384 2636 3574 2704 pristi-

1969 2732 2097 2770 num
2149 2716 2398 2772 Debbora
2439 2720 2635 2775 mulier
2673 2731 2873 2777 statum
2927 2725 3167 2782 reddidit
3208 2728 3385 2784 :adeo
3438 2734 3575 2787 nihil

1967 2811 2083 2878 spei
2138 2812 2188 2864 in
2239 2826 2434 2866 eorum
2486 2813 2716 2870 ducibus
2765 2827 2903 2884 erat,
2962 2830 3016 2874 ut
3068 2823 3319 2879 muliebri
3366 2830 3576 2883 auxilio

1966 2899 2426 2971 defenderentur;
2463 2923 2792 2979 quamquam
2825 2912 2943 2967 hznc
2988 2915 3042 2968 in
3086 2924 3269 2987 typum
3305 2919 3576 2978 Ecclesia:

1969 2999 2141 3054 I'orma
2172 3004 2455 3070 praemissa
2490 3002 2582 3071 sit,
2617 3006 2774 3075 cujus
2803 3010 3008 3063 auxilio
3042 3012 3328 3082 captivitas
3363 3031 3451 3072 est
3474 3019 3575 3075 de-

1970 3094 2146 3162 pulsa.
2204 3094 2316 3151 Sub
2363 3096 2463 3151 hac
2506 3098 2649 3155 duce
2693 3103 2775 3157 vel
2814 3104 3001 3171 judice
3048 3123 3116 3162 xt.
3165 3110 3324 3165 annis
3358 3113 3575 3171 ΗυὺΓεΡὶ

1972 3185 2213 3241 fuerunt.
2255 3187 2605 3262 Rursumque
2648 3194 2719 3248 ob
2754 3206 2979 3264 peccata
3010 3198 3320 3258 Madiauitis
3362 3208 3573 3275 traditi,

256 3291 373 3346 dem
404 3291 509 3347 hoc
538 3292 861 3361 exemplum
896 3308 1002 3348 non
1035 3295 1231 3347 tacitus
1263 3294 1646 3363 praeterierim,
1680 3294 1865 3363 legen-

1972 3279 2111 3336 duro
2160 3283 2397 3354 imperio
2447 3284 2810 3356 habebantur,
2865 3292 3165 3366 afﬂictique
3212 3300 3355 3354 malo
3397 3305 3576 3359 servi-

256 3383 487 3455 dttmquc
530 3386 803 3441 ministris
838 3387 1198 3441 ecclesiarum
1241 3388 1480 3444 libenter
1508 3388 1863 3458 ingesserint;

256 3478 454 3532 etenim
492 3479 758 3549 przecepti
793 3479 954 3549 hujus
997 3498 1107 3535 non
1153 3482 1327 3537 solum
1360 3483 1738 3547 immemores,
1768 3480 1866 3536 sed

257 3572 412 3626 etiam
445 3573 621 3643 ignari
660 3575 795 3628 mihi
830 3574 1082 3630 videntur
1112 3592 1123 3629 :
1160 3585 1307 3632 tanta
1337 3577 1440 3633 hoc
1472 3590 1718 3647 tempore
1751 3577 1868 3631 aui-

261 3678 371 3717 mos
400 3680 591 3720 eorum
630 3664 867 3722 habendi
896 3667 1091 3736 cupido
1118 3668 1283 3724 veluti
1316 3671 1472 3725 tabes
1496 3671 1741 3726 incessit.
1778 3669 1867 3724 III-

260 3759 431 3816 hiaut,
460 3760 927 3831 possessionibus,
977 3763 1178 3833 praedia
1220 3764 1496 3830 excolunt,
1539 3779 1674 3819 auro
1716 3765 1867 3819 incu-

260 3852 401 3918 bant,
426 3862 620 3909 emuut
643 3853 1248 3925 venduntque,qn:cstui
1280 3875 1375 3927 per
1397 3858 1577 3912 omnia
1607 3856 1826 3912 student
1851 3873 1865 3911 :

260 3956 310 4001 at
344 3946 391 4001 si
420 3947 516 4017 qui
557 3948 807 4002 melioris
850 3948 1117 4019 prepositi
1160 3951 1434 4019 videntur,
1475 3967 1649 4021 neque
1696 3951 1871 4022 possi-

258 4040 444 4096 dentes
478 4058 662 4113 ueque
691 4044 1034 4114 negotiantes
1076 4045 1245 4118 (quod
1290 4058 1374 4103 est
1410 4048 1586 4102 multo
1630 4046 1868 4120 turpius)

261 4134 512 4191 sedentes
540 4151 772 4190 munera
804 4146 1143 4207 exspectant,
1172 4148 1332 4210 atque
1359 4156 1525 4196 omne
1550 4142 1676 4195 vitae
1704 4141 1872 4197 decus

263 4228 509 4284 mercede
565 4239 887 4299 corruptum
949 4230 1183 4296 habent,
1243 4233 1370 4289 dum
1424 4234 1581 4305 quasi
1621 4235 1869 4289 venalem

260 4322 561 4393 prmfemut
616 4325 999 4381 sanctitatem.
1060 4326 1171 4383 Sed
1231 4328 1447 4401 longius
1500 4343 1665 4399 quam
1723 4328 1873 4384 volui

260 4428 511 4486 egressus
538 4430 689 4482 sum,
724 4416 851 4471 dum
885 4434 971 4474 tne
1001 4430 1315 4489 temporum
1351 4434 1678 4477 nostrorum
1723 4423 1874 4493 piget

263 4507 531 4578 tradetque
556 4526 569 4562 :
597 4508 667 4563 ad
700 4509 980 4579 inceptum
1015 4511 1202 4567 redeo.
1236 4513 1424 4584 Igitur,
1457 4523 1515 4569 ut
1544 4528 1709 4583 supra
1735 4514 1870 4581 dixi,

262 4598 431 4655 diviso
465 4616 560 4671 per
590 4602 770 4657 tribus
811 4608 1032 4671 captivo
1062 4606 1183 4660 Solo
1215 4622 1348 4677 pace
1390 4623 1609 4663 summa
1650 4606 1871 4663 Hebraei

264 4677 705 4762 perfruebautur,
752 4694 1000 4751 ﬁnitimis
1046 4698 1186 4753 bello
1221 4702 1463 4768 territis,
1501 4708 1584 4756 tot
1620 4702 1873 4757 victoriis

266 4788 473 4845 nobiles
533 4792 709 4845 armis
772 4793 991 4847 nemine
1062 4795 1299 4852 audente
1363 4805 1603 4852 tentare.
1666 4797 1871 4853 Eodem

265 4886 436 4936 tractu
485 4884 618 4939 Jesu
673 4894 926 4940 mortuus
981 4895 1085 4953 est,
1134 4904 1277 4944 anno
1328 4892 1510 4945 uitatis
1559 4891 1775 4946 decimo
1822 4900 1877 4948 et

264 4977 603 5042 centesimo;
633 4976 707 5031 de
753 4977 970 5049 imperii
1002 4990 1182 5035 autem
1217 4984 1337 5052 ejus
1384 4992 1637 5054 tempore
1683 5000 1874 5055 parum

263 5064 466 5123 delinio
498 5087 511 5122 :
549 5071 814 5140 frequens
845 5080 1023 5128 tamen
1052 5075 1237 5144 Opinio
1270 5089 1357 5134 est
1404 5094 1474 5132 xx
1514 5086 1572 5132 et
1602 5094 1675 5135 vn
1714 5080 1877 5135 annis

266 5175 384 5217 eum
421 5165 674 5221 Ilebrwis
716 5166 1033 5235 prznfuisse;
1060 5170 1201 5240 quod
1244 5173 1287 5225 si
1339 5174 1411 5227 ita
1455 5183 1563 5237 est,
1609 5189 1637 5227 a
1690 5174 1877 5230 mundi

266 5253 490 5308 exordio
540 5254 595 5308 in
639 5268 930 5310 excessum
980 5257 1098 5326 ejus
1148 5258 1274 5313 anui
1322 5269 1451 5316 sunt
1479 5254 1873 5321 ttt'tocccutxx

266 5355 317 5399 Θῐ
348 5362 448 5401 IIII.

335 5438 531 5495 XXIV.
564 5438 696 5495 Jesu
728 5452 939 5496 mortuo
965 5444 1198 5512 pepulus
1227 5446 1346 5502 sine
1376 5445 1515 5502 duce
1538 5450 1758 5520 agebat.
1784 5451 1878 5507 sed

268 5545 385 5585 cum
413 5535 688 5588 adversus
712 5532 1056 5591 Chananros
1080 5537 1395 5594 bellandqu
1419 5552 1589 5607 esset,
1616 5543 1724 5598 dux
1751 5546 1878 5601 belli

267 5622 432 5681 Iudas
486 5636 811 5696 assumptus
868 5640 971 5684 est.
1034 5630 1204 5702 llujus
1258 5633 1421 5689 ductu
1478 5651 1565 5692 res
1617 5652 1882 5706 prospere

266 5732 432 5790 gestu:
464 5740 477 5775 :
514 5723 666 5776 domi
703 5724 1027 5795 tniliti:cque
1063 5741 1339 5783 summum
1382 5730 1553 5785 otium
1597 5750 1610 5785 :
1646 5734 1881 5805 populus

268 5823 361 5867 aut
406 5816 656 5871 subactis
690 5826 782 5869 aut
827 5833 923 5886 per
962 5817 1297 5875 deditionem
1340 5825 1586 5893 acceptis
1626 5826 1881 5894 gentibus

272 5904 649 5977 imperitabat.
702 5905 853 5975 Inde,
892 5919 948 5965 ιιι
993 5928 1211 5983 semper
1258 5914 1371 5970 fieri
1414 5916 1671 5971 secundis
1715 5919 1881 5976 rebus

1976 3379 2106 3432 tutis
2148 3378 2393 3435 divinum
2426 3383 2687 3438 auxilium
2732 3386 3185 3456 imploraveruut.
3230 3394 3302 3449 Ita
3350 3413 3574 3469 semper

1973 3471 2028 3526 in
2076 3474 2333 3530 secundis
2382 3477 2568 3544 rebus,
2615 3480 2965 3539 immemores
3012 3488 3319 3546 cmlestium
3368 3493 3576 3549 beneﬁ-

1972 3567 2209 3635 ciorum,
2243 3570 2404 3625 idolis
2432 3574 2844 3644 snppliCabant;
2873 3580 2926 3633 in
2955 3581 3221 3652 adversis,
3252 3585 3387 3641 Deo.
3417 3587 3573 3645 Unde

1972 3676 2095 3717 cum
2140 3673 2399 3735 reputare
2443 3667 2497 3719 iu
2536 3670 2718 3722 animo
2760 3672 2936 3739 soleo,
2976 3677 3236 3745 pupulum
3285 3689 3361 3733 tot
3406 3681 3574 3738 bene-

1974 3756 2111 3811 Ilciis
2167 3757 2263 3813 Dei
2319 3757 2652 3829 obligatum,
2712 3771 2786 3817 tot
2847 3765 3094 3822 cladibus
3142 3784 3262 3824 cum
3318 3784 3576 3842 peccaret

1973 3852 2304 3916 coercitum,
2333 3862 2736 3924 expertumque
2775 3866 2827 3911 et
2862 3858 3295 3917 misericordiam
3327 3874 3383 3919 et
3419 3883 3579 3924 sevc-

1975 3943 2194 3999 ritateiu
2230 3944 2351 4012 Dei,
2386 3962 2725 4018 nequaquam
2758 3954 3144 4021 emendatum;
3179 3966 3388 4013 etcum
3431 3976 3575 4016 sem-

1976 4054 2074 4107 per
2102 4040 2313 4093 veniam
2343 4043 2549 4096 erroris
2578 4044 2872 4114 acciperet,
2902 4063 3122 4119 semper
3154 4066 3411 4121 peccasse
3454 4065 3579 4125 post

1979 4134 2230 4197 veniam;
2281 4131 2419 4186 nihil
2469 4133 2666 4189 mirum
2713 4138 2888 4193 videri
2943 4150 3145 4209 potest,
3184 4142 3461 4202 Christum
3508 4150 3579 4206 ab

1979 4221 2065 4275 his
2112 4239 2221 4277 non
2281 4240 2401 4278 esse
2447 4240 2751 4298 receptum,
2805 4248 2926 4285 cum
2970 4233 3083 4303 jatn
3135 4236 3260 4292 inde
3305 4240 3374 4293 ab
3421 4240 3579 4298 initio

1980 4317 2142 4372 toties
2176 4318 2226 4371 in
2264 4318 2494 4375 Domino
2535 4324 2767 4378 rebelles
2797 4324 3285 4395 deprehendantur
3328 4352 3340 4386 :
3376 4338 3578 4406 magis-

1977 4428 2085 4484 que
2117 4414 2310 4468 mirum
2342 4425 2447 4483 est,
2481 4417 2596 4471 illis
2633 4433 2851 4490 semper
2891 4425 3245 4491 peccantibus
3279 4445 3576 4500 numquam

1983 4508 2100 4574 Dei,
2144 4509 2187 4562 si
2233 4510 2451 4579 quando
2491 4528 2616 4567 eum
2650 4513 3131 4587 imploraveruut,
3181 4521 3422 4580 doluisse
3466 4526 3579 4583 cle-

1983 4613 2261 4657 incutiam.

2052 4694 2219 4750 XXV.
2252 4696 2422 4768 Igitur
2446 4713 2570 4754 cum
2599 4701 2701 4766 eis,
2739 4712 2797 4757 ut
2828 4720 2992 4776 supra
3029 4710 3338 4778 retulimus,
3369 4713 3576 4771 Madia-

1983 4790 2106 4842 uitae
2137 4789 2574 4860 dominarentur,
2618 4799 2873 4852 conversi
2916 4799 2984 4854 ad
3030 4801 3318 4859 Dominum
3365 4810 3579 4866 miseri-

1979 4882 2218 4937 cordiam
2252 4886 2471 4940 solitam
2502 4885 2835 4957 ﬂagitantes,
2879 4892 3333 4963 impetraverunt.
3365 4901 3495 4957 Erat
3524 4907 3581 4962 iu

1983 4976 2460 5034 IlebrteisGedeou
2482 4981 2699 5050 quidam
2724 4986 2965 5051 nomine,
2994 4986 3075 5041 vir
3095 4991 3278 5058 justus
3298 5003 3354 5047 et
3375 4993 3580 5055 chartis

1986 5072 2210 5125 llomiuo
2232 5082 2632 5145 acceptusque;
2670 5076 2792 5131 huic
2819 5080 3051 5149 angelus
3070 5083 3357 5156 «decampo
3383 5093 3581 5147 messis

1982 5165 2206 5221 domum
2235 5172 2533 5223 revertenti
2568 5173 2739 5226 astitit
2764 5190 2779 5227 :
2808 5174 3076 5232 Dominus
3102 5221 3116 5244 ,
3148 5181 3338 5252 inquit,
3374 5193 3578 5257 tecum,

1988 5270 2178 5331 potens
2200 5260 2250 5315 in
2283 5263 2507 5319 virtute.
2534 5268 2603 5322 At
2634 5267 2725 5323 ille
2758 5283 2891 5325 voce
2922 5270 3140 5341 humili,
3174 5294 3277 5331 non
3297 5295 3421 5335 esse
3445 5282 3495 5335 in
3520 5299 3582 5340 se

1990 5356 2277 5411 Dominum
2332 5359 2724 5430 ingemiscehat
2765 5366 3082 5436 :siquidem
3124 5373 3267 5442 quod
3320 5378 3580 5444 papulum

1988 5452 2273 5522 captivitas
2321 5467 2614 5526 premeret,
2654 5460 3022 5534 virtutumque
3070 5470 3307 5535 Domini,
3354 5473 3443 5540 qui
3486 5489 3582 5530 eos

1988 5545 2057 5601 de
2089 5556 2228 5601 terra
2259 5546 2479 5620 Egypti
2514 5554 2808 5621 eduxerat,
2836 5556 2973 5614 ﬂens
2997 5563 3407 5618 rerordabatur.
3444 5566 3585 5625 Tum

1987 5641 2215 5712 angelus
2250 5661 2261 5695 :
2298 5643 2460 5710 Vade,
2501 5647 2698 5719 inquit,
2745 5651 2796 5704 in
2845 5652 2950 5708 hoc
2979 5656 3175 5724 spiritu
3220 5673 3327 5727 quo
3369 5660 3584 5721 locutus

1987 5750 2067 5799 es,
2113 5745 2169 5790 et
2211 5739 2468 5807 populum
2511 5741 2579 5796 de
2615 5745 2925 5811 captivitate
2969 5749 3140 5816 eripe.
3176 5750 3279 5804 dlle
3321 5769 3448 5809 vero
3489 5758 3586 5814 abs

1980 5845 2176 5897 tutere,
2218 5844 2278 5885 se
2320 5832 2567 5889 infractis
2600 5850 2827 5890 suorum
2858 5840 3081 5905 viribus,
3116 5856 3238 5895 outn
3274 5844 3390 5913 ipse
3420 5850 3586 5906 mini-

1990 5936 2108 5976 mus
2151 5933 2329 5991 esset,
2369 5933 2575 5981 tantum
2621 5930 3091 5999 onussuseiper-e;
3116 5946 3368 6004 perstare
3396 5948 3591 5999 contra
