4106 6344
1920 336 2209 401 SULPICII
2249 338 2501 399 SEVERI

3714 328 3861 401 II!

556 477 807 548 angelus,
848 474 928 531 Ne
965 473 1242 530 dubitaret
1273 483 1436 541 posse
1474 466 1593 523 fieri
1620 479 1741 537 qua:
1783 463 2045 519 Dominus
2076 461 2156 515 lo-
2188 459 2236 521 Α
2262 460 2455 517 dolore
2479 458 2776 515 conscissis
2807 456 3077 524 vestibus,
3122 454 3328 513 indicat
3356 452 3483 510 lilizc
3523 451 3634 508 voti
3672 464 3866 506 neces-

556 573 848 643 quebatur.
895 568 1146 625 Perfecto
1190 564 1355 636 igitur
1395 561 1691 618 Sacriﬁcio.
1729 558 2019 626 dirutaque
2064 569 2158 609 ara

555 680 720 736 quam
759 662 939 716 Baalis
981 660 1129 715 idolo
1161 656 1467 712 Madianitie
1509 659 1889 715 sacraverant,
1922 646 1989 702 ad
2030 661 2159 700 suos

558 756 860 829 profectus,
885 763 1067 809 castra
1097 752 1296 806 castris
1324 746 1563 803 linstium
1592 742 1843 800 contulit.
1891 739 2005 794 Sed
2050 737 2158 792 Ma-

558 850 782 908 dianitis
806 850 971 905 etiam
996 863 1131 918 gens
1159 843 1415 901 Amalech
1441 857 1501 895 se
1518 838 1911 911 conjunxerat;
1935 834 2159 891 Gedeon

561 962 695 1002 vero
752 960 856 1000 non
913 943 1151 1011 amplius
1206 955 1367 1010 quam
1415 937 1481 991 ad
1531 935 1750 1004 triginta
1799 941 1857 987 et
1903 947 1941 986 11
1989 927 2159 985 millia

558 1050 861 1097 exercuum
918 1042 1225 1109 paraverat.
1266 1031 1373 1088 Sed
1427 1028 1743 1100 priusquam
1798 1023 2155 1094 confligeret,

557 1140 705 1196 Deus
733 1137 799 1193 ad
831 1152 955 1191 eum
1000 1134 1213 1189 loculus
1241 1138 1346 1195 est,
1386 1126 1619 1183 Nimiam
1650 1139 1772 1180 esse
1805 1123 1945 1177 hanc
1975 1118 2159 1175 multi-

552 1233 827 1298 tudinem,
860 1245 1019 1303 quam
1046 1230 1096 1282 in
1127 1225 1376 1297 prmlium
1408 1222 1573 1277 vellet
1598 1219 1830 1275 educere
1857 1234 1869 1269 :
1902 1214 2160 1270 Hebrwos

557 1344 660 1399 pro
702 1328 863 1383 solita
911 1321 1143 1397 perfidia
1181 1330 1435 1377 eventum
1489 1332 1683 1389 pugna:
1730 1329 1835 1368 nun
1888 1311 2020 1376 Deo,
2064 1305 2158 1363 sed

553 1425 742 1480 virtuti
774 1437 885 1477 sua:
915 1420 1139 1473 daturos
1172 1435 1185 1471 :
1217 1416 1399 1483 itaque
1424 1412 1583 1467 daret
1626 1405 1939 1463 volentibus
1976 1403 2160 1457 disce-

555 1519 720 1577 dendi
773 1525 1131 1587 potestatem;
1161 1508 1303 1577 quod
1336 1507 1425 1561 ubi
1470 1504 1668 1576 popqu
1698 1502 2055 1570 divulgatum,
2089 1510 2158 1549 xx

553 1624 611 1671 et
642 1625 744 1669 IIM
770 1630 799 1667 a
831 1611 1031 1665 castris
1056 1615 1428 1662 recesserunt.
1463 1602 1567 1656 Sed
1598 1616 1663 1655 ex
1696 1615 1726 1652 x
1758 1596 1997 1651 millibus
2038 1606 2159 1663 qua:

553 1707 899 1769 resederunt,
930 1700 1243 1756 admonitus
1265 1714 1293 1750 a
1320 1694 1572 1759 Domino,
1598 1708 1705 1745 non
1737 1689 1972 1758 amplius
1996 1700 2158 1758 quam

551 1809 833 1857 trecentos
884 1794 1059 1851 tenuit
1101 1811 1114 1847 :
1166 1791 1413 1857 reliquos
1469 1788 1538 1842 ab
1589 1785 1761 1841 armis
1804 1781 2032 1837 dimisu.
2080 1776 2157 1832 Ita

2263 557 2499 610 sitatcm.
2534 556 2603 609 At
2633 553 2757 619 illa,
2786 567 2894 607 non
2925 552 3162 607 feminea
3190 548 3533 615 constantia,
3569 545 3708 601 mori
3756 559 3861 598 non

2264 663 2547 712 recusans,
2584 646 2724 702 duos
2752 656 2959 701 tantum
2993 657 3174 701 tamen
3205 658 3424 700 menses
3470 642 3596 697 vita:
3624 639 3862 712 spatium

2261 743 2423 812 petit,
2472 749 2534 795 ut
2562 740 2803 811 aequales
2848 755 2977 795 suas
3008 739 3157 809 prius
3190 734 3675 805 videretzquibus
3725 731 3865 785 actis

2264 836 2409 889 ultro
2452 834 2520 889 ad
2566 844 2780 906 patrem
2831 833 2994 901 redit,
3039 842 3338 897 votumque
3392 828 3618 883 Domino
3658 824 3860 879 reddit.

2263 927 2419 999 Jepta
2468 928 2831 999 principatum
2884 942 2981 983 sex
3032 925 3195 980 anuis
3230 922 3424 979 tenuit.
3459 920 3596 976 Huic
3645 916 3865 973 Esebun

2263 1019 2551 1087 succc~sit,
2574 1032 2629 1075 et
2663 1020 2985 1091 tranquillis
3014 1018 3179 1075 rebus
3203 1027 3398 1072 exacto
3428 1011 3684 1083 imperio,
3718 1025 3866 1067 anno

2263 1118 2498 1188 septimo
2544 1114 2787 1171 decessit
2818 1122 3089 1185 :postque
3117 1128 3243 1169 eum
3293 1110 3454 1166 Allon
3506 1104 3866 1163 Zabuloniles

2262 1214 2423 1269 annis
2448 1229 2500 1277 x,
2537 1212 2778 1281 itemque
2808 1209 2998 1264 Abdou
3026 1208 3185 1263 annis
3217 1222 3309 1260 viii
3343 1219 3527 1261 reruni
3564 1200 3746 1273 potiti,
3775 1216 3868 1271 pa-

2262 1306 2341 1362 cis
2391 1314 2642 1375 tempore
2681 1302 2814 1358 nihil
2867 1300 3013 1373 quod
3068 1300 3295 1356 historia
3346 1298 3694 1369 loqueretur,
3749 1291 3865 1349 edi-

2263 1400 2485 1457 derunt.

2337 1493 2553 1550 XXVII.
2596 1494 2829 1549 Rursum
2860 1492 3120 1548 Israelita:
3156 1489 3223 1545 ad
3268 1488 3410 1544 idola
3448 1485 3731 1551 conversi,
3779 1483 3865 1540 di-

2263 1592 2389 1647 vino
2434 1589 2677 1647 destituti
2708 1587 2983 1660 praesidio,
3032 1584 3263 1655 subjecti
3291 1579 3610 1654 all0phylis,
3658 1594 3758 1648 per
3801 1594 3868 1633 xi.

2263 1685 2598 1757 captivitatis
2656 1699 2832 1738 annos
2888 1695 3079 1752 pmnas
3124 1678 3369 1750 perfidia:
3456 1674 3863 1745 pependerunt.

2266 1779 2336 1834 Ea
2369 1785 2695 1849 tempestate
2748 1775 3023 1846 Sinipson
3059 1783 3222 1828 natus
3261 1769 3515 1826 traditur.
3545 1767 3726 1838 Hujus
3754 1779 3869 1818 ma-

553 1894 733 1950 niedia
763 1890 942 1963 vigilia
973 1898 1149 1946 castra
1183 1883 1425 1940 hostium
1459 1884 1766 1951 ingressiis,
1794 1877 1965 1947 jussis
1987 1871 2162 1926 11111111-
2192 1872 2238 1932 Β
2268 1883 2347 1926 ter
2376 1871 2468 1926 diu
2498 1870 2723 1935 slt‘l‘lils,
2772 1870 3031 1939 angelum
3073 1865 3238 1930 vidit;
3288 1864 3611 1932 dictumque
3645 1860 3696 1913 ei
3742 1865 3865 1912 est:

552 1988 658 2045 bus
696 1986 819 2040 tuba
851 1997 1067 2045 canere,
1108 1993 1361 2051 magnum
1406 1986 1670 2030 terrorem
1716 1970 1935 2040 injecit;
1980 1982 2156 2034 neque

551 2078 808 2147 Cuiquam
863 2073 1153 2130 rcs'SIendi
1210 2084 1427 2125 animus
1482 2066 1581 2122 fuit
1616 2083 1628 2119 :
1660 2063 1805 2133 turpi
1860 2062 1999 2133 fugi,
2050 2075 2155 2131 qua

550 2174 783 2244 quisque
812 2169 1010 2241 potuit,
1046 2164 1276 2233 dilap~i;
1318 2162 1436 2227 St‘d,
1470 2160 1882 2215 occurrentibus
1910 2155 2057 2211 omni
2087 2170 2155 2209 ex

550 2280 709 2335 parte
757 2260 1018 2328 Hebrgeis,
1056 2273 1260 2329 passuri
1294 2255 1567 2325 fugientes
1603 2253 1832 2317 radunt;
1866 2265 2021 2321 rcges
2050 2249 2155 2304 Gc-

549 2356 692 2412 deon
720 2366 1043 2425 per~eciitus
1072 2352 1211 2405 ultra
1236 2348 1553 2405 ,111-1111110111.
1580 2362 1719 2407 cum.
1745 2346 2008 2399 relieiiSos
2033 2342 2150 2397 ncci

546 2449 720 2506 dedit.
758 2449 830 2502 Ea
864 2462 1039 2519 pugna
1082 2455 1301 2501 Centum
1330 2454 1385 2499 et
1416 2459 1483 2498 xx
1520 2458 1555 2497 11
1586 2457 1650 2495 ex
1695 2440 1946 2495 hostibus
1985 2451 2150 2502 Cil‘Sa,

548 2562 619 2601 xv
665 2555 823 2614 capta
874 2542 1185 2597 traduntur.
1239 2538 1390 2593 Tunc
1435 2550 1709 2591 consensu
1757 2534 2002 2588 omnium
2043 2529 2152 2585 Ge-

548 2641 710 2696 deoni
732 2680 747 2703 ,
772 2651 827 2693 111
860 2637 1114 2708 princeps
1148 2634 1329 2705 populi
1361 2642 1527 2692 esset,
1558 2631 1795 2684 delatum
1829 2642 1843 2681 :
1875 2624 2019 2697 quod
2064 2624 2153 2679 ille

546 2743 898 2806 aSpet‘ttattts,
924 2732 1197 2785 communi
1220 2730 1346 2799 jure
1372 2742 1495 2782 cum
1519 2725 1734 2781 civibus
1757 2726 1962 2786 vivere,
1992 2735 2150 2791 quam

550 2843 794 2903 praeesse
824 2842 937 2883 suis
968 2825 1177 2880 maluit.

623 2920 816 2977 XXVI.
859 2920 1099 2990 Depulsa
1169 2918 1331 2986 igitur
1379 2914 1716 2986 captivitate,
1764 2927 1883 2982 qua:
1936 2917 2152 2980 septeni

548 3032 723 3074 annos
756 3017 1012 3083 populum
1047 3011 1416 3073 continuerat,
1457 3024 1558 3078 pax
1593 3023 1688 3075 pt'l'
1720 3021 1786 3060 xl.
1826 3019 1999 3058 anii0s
2029 3003 2148 3056 luit.

546 3110 656 3168 Sed
684 3109 943 3165 defuncto
963 3106 1210 3164 Gedeon,
1242 3105 1382 3157 1111118
1411 3103 1529 3172 t-jiis
1560 3100 1900 3163 Abimelecli,
1932 3113 1997 3152 ex
2024 3111 2155 3151 con-

547 3206 742 3261 ciibiiia
768 3214 943 3266 ortus,
974 3199 1232 3255 fratribus
1256 3196 1619 3262 interemptis,
1646 3193 1901 3264 pessimis
1925 3192 2153 3259 quibus-

2261 1967 2401 2022 Vino
2449 1976 2502 2022 et
2542 1965 2714 2021 siccra
2770 1976 2933 2035 atque
2990 1960 3282 2017 immundis
3322 1959 3673 2013 abstineret:
3724 1954 3865 2020 fore,

2260 2061 2335 2116 uti
2367 2075 2592 2130 puerum
2639 2060 2823 2113 ederet
2870 2057 3139 2111 libertatis
3192 2053 3459 2108 vindicem
3513 2061 3567 2105 et
3622 2048 3866 2103 hostium

2260 2158 2517 2212 ultorem.
2556 2156 2631 2210 Ita
2660 2154 2854 2210 mulier
2883 2155 3042 2209 enixa
3073 2166 3326 2223 puerum,
3350 2149 3625 2218 Sampson
3654 2158 3864 2199 nomen

2257 2254 2305 2308 ci
2358 2242 2573 2307 indidit.
2624 2251 2674 2306 Is
2720 2252 2937 2305 intonso
2969 2248 3169 2319 capite,
3226 2247 3376 2300 mira:
3408 2243 3635 2297 virtutis
3692 2239 3867 2295 fuisse

2260 2348 2491 2403 traditur
2521 2364 2535 2401 :
2570 2344 2703 2400 adeo
2734 2353 2791 2399 ut
2822 2344 3040 2400 leonem
3090 2341 3145 2396 in
3180 2342 3262 2394 via
3295 2338 3513 2393 obvium
3547 2350 3714 2390 manu
3746 2332 3865 2387 dis-

2257 2451 2528 2511 cerperet.
2578 2439 2812 2496 Uxorem
2858 2455 2922 2493 ex
2976 2433 3269 2507 allopliylis
3319 2432 3541 2495 habuit;
3580 2445 3703 2497 quae
3739 2442 3863 2483 cum

2256 2539 2483 2593 absente
2525 2538 2641 2590 viro
2672 2535 2725 2589 in
2758 2534 2983 2589 alterius
3034 2527 3441 2586 matrimonium
3474 2524 3860 2586 convenisset,

2257 2634 2448 2688 dolore
2475 2641 2679 2703 erepta?
2707 2630 2955 2700 conjugis
2984 2627 3283 2699 perniciem
3328 2620 3475 2694 genti
3506 2619 3735 2674 molitus
3780 2621 3867 2670 est

2257 2726 2462 2799 (fretus
2514 2726 2740 2781 1101111110
2789 2735 2842 2779 01
2891 2722 3121 2790 viribus,
3169 2719 3350 2792 palam
3405 2716 3650 2771 victores
3704 2709 3865 2766 clade

2257 2819 2563 2891 afficiebat)
2593 2838 2604 2873 :
2632 2836 2728 2875 ccc
2758 2816 3031 2889 siquidem
3083 2813 3338 2885 vulpibus
3365 2809 3563 2881 captis,
3597 2806 3865 2862 ardentes

2257 2914 2539 2985 lampades
2587 2929 2771 2969 earnm
2822 2910 3048 2983 illigavit
3085 2908 3307 2974 01111118,
3352 2914 3517 2975 atque
3567 2916 3663 2958 eas
3718 2899 3867 2970 agris

2258 3008 2493 3064 hostium
2546 3007 2774 3062 immisit
2803 3024 2815 3060 :
2849 3021 2910 3060 ac
2938 3014 3049 3059 tum
3105 3002 3245 3057 forte
3294 3000 3530 3053 maturis
3584 2994 3866 3052 messibus

2259 3104 2415 3158 facile
2444 3102 2754 3157 incendium
2787 3101 2907 3166 l'iiit,
2941 3098 3223 3166 vineaeque
3246 3104 3300 3151 et
3322 3095 3597 3149 olivarum
3631 3093 3867 3147 arbores

2259 3208 2490 3251 exusuc.
2523 3192 2728 3248 Grandi
2758 3190 3163 3262 allopltyIOrum
3194 3188 3370 3244 exitio
3398 3188 3643 3255 abreptie
3674 3185 3867 3240 uxoris

545 3319 657 3374 que
683 3298 1160 3356 coiisentieiitibus
1188 3305 1245 3348 et
1278 3294 1515 3348 maxime
1544 3290 1915 3347 Sichimoruui
1953 3287 2152 3356 111-11101-
2179 3277 2222 3338 C
2258 3292 2516 3361 injttrinm
2550 3290 2694 3344 ullus
2726 3286 3013 3342 videbatur
3042 3299 3184 3355 :quo
3215 3283 3412 3339 dolore
3440 3280 3707 3353 allaphyli
3742 3295 3868 3350 per-

549 3395 711 3467 pibus
758 3406 985 3460 Operam
1030 3390 1080 3443 ei
1124 3388 1470 3447 navaiitibtis,
1527 3398 1758 3454 regnum
1811 3380 2150 3448 occupavit:

550 3488 710 3558 isque
737 3481 1034 3539 discordiis
1060 3482 1325 3536 civilibus
1356 3479 1655 3542 exercitus,
1699 3491 1821 3531 cum
1854 3488 1981 3529 suos
2011 3473 2156 3528 bello

555 3588 855 3652 premeret,
887 3575 1084 3632 turrim
1111 3574 1427 3646 quamdam,
1462 3573 1517 3627 in
1552 3586 1712 3638 qttattt
1742 3585 1801 3626 se
1828 3570 2030 3623 amiSso
2062 3584 2156 3638 op-

552 3676 683 3747 pido
728 3672 1005 3745 fugientes
1070 3676 1425 3739 receperant,
1474 3679 1789 3736 expugnare
1840 3675 2155 3733 aggressus,

552 3772 683 3829 dum
733 3769 1012 3824 ineantius
1057 3766 1228 3831 subit,
1277 3780 1410 3819 saxo
1450 3778 1479 3815 a
1525 3765 1756 3816 muliere
1790 3759 1932 3812 ictus
1974 3755 2156 3827 periit,

550 3879 674 3921 011111
720 3863 954 3917 triennio
1008 3859 1304 3931 imperium
1360 3854 1651 3912 tenuisset.
1708 3852 1843 3905 l'luic
1896 3848 2162 3903 successit

555 3958 758 4024 Tliola,
813 3956 905 4027 qui
937 3955 1155 4009 duobus
1186 3962 1240 4008 et
1284 3967 1357 4007 xx
1392 3952 1552 4003 annis
1607 3960 1776 4017 regno
1819 3942 2023 4011 potitus
2052 3950 2157 3996 est.

552 4053 688 4110 Post
723 4056 866 4108 hunc
896 4050 1013 4107 ,11111-
1045 4048 1170 4115 11111,
1221 4046 1468 4118 quicum
1518 4055 1676 4111 aeque
1725 4036 1915 4109 viginti
1941 4045 1994 4091 ct
2022 4033 2161 4090 duos

554 4160 734 4203 annos
777 4146 1145 4215 principatum
1173 4139 1524 4198 obtinuisset,
1571 4131 1803 4204 populus
1836 4130 2028 4184 relicto
2052 4128 2159 4182 Do—

555 4240 708 4295 mino
741 4237 902 4293 idolis
933 4251 994 4291 se
1027 4231 1363 4303 mancipavit
1390 4247 1402 4284 :
1434 4229 1613 4297 obque
1643 4224 1697 4279 id
1730 4222 1996 4278 Israelita:
2029 4219 2159 4275 sub-

554 4337 662 4393 acti
704 4346 835 4391 sunt
873 4334 942 4388 ab
981 4328 1282 4401 allopliylis
1335 4334 1390 4380 et
1435 4320 1797 4385 Ammoiiiiis,
1838 4317 2056 4387 duoque
2096 4314 2163 4369 de

553 4447 628 4487 xx
659 4432 823 4484 antiis
856 4428 962 4482 stili
988 4439 1183 4479 eorum
1217 4417 1447 4488 imperio
1480 4418 1718 4469 fuerunt.
1751 4412 1871 4479 Quo
1921 4419 2165 4477 tempore

557 4526 640 4582 eis
667 4523 962 4577 Dominum
992 4513 1379 4571 invocantibus
1409 4508 1656 4563 divinum
1690 4504 1907 4559 scilicet
1932 4516 2164 4570 respou—

555 4633 678 4674 suni
725 4613 999 4669 redditum
1045 4617 1131 4663 est
1165 4623 1179 4659 :
1219 4603 1529 4660 Simulacra
1572 4599 1756 4670 potius
1801 4597 2160 4649 invocarent:

2261 3385 2428 3450 111011,
2472 3384 2755 3437 mulierem
2798 3380 2931 3433 tanti
2979 3378 3109 3433 mali
3162 3392 3383 3432 causam
3433 3392 3557 3430 cum
3600 3374 3769 3429 domo
3812 3383 3869 3429 et

2260 3486 2410 3548 patre
2442 3476 2697 3530 inccndio
2726 3482 3205 3541 consumpserunt.
3226 3471 3334 3526 Sed
3365 3472 3635 3539 Sampson
3670 3482 3867 3538 parum

2259 3585 2318 3625 se
2347 3568 2679 3623 vindicatum
2716 3577 2892 3630 ratus,
2937 3579 3138 3634 urgere
3187 3562 3443 3619 omnibus
3495 3560 3870 3616 incommodis

2262 3667 2545 3734 prolatiam
2578 3670 2795 3733 gentem
2828 3674 2935 3714 non
2967 3658 3274 3714 desinebat.
3300 3656 3437 3710 Tum
3468 3653 3739 3721 compulsi
3769 3653 3870 3709 Ju-

2259 3755 2385 3823 diei,
2419 3757 2673 3810 vinctum
2694 3769 2818 3811 enm
2844 3754 3140 3826 allopliylis
3169 3751 3534 3808 tradiderunt.
3554 3750 3663 3807 Sed
3690 3749 3871 3804 tradi-

2264 3858 2371 3915 tus,
2433 3851 2609 3919 ruptis
2670 3848 2921 3915 vinculis,
2988 3860 3207 3918 arrepto
3283 3860 3409 3901 osse
3484 3844 3645 3909 asini,
3718 3842 3870 3914 quod

2262 3958 2419 4000 casus
2450 3944 2615 3998 telum
2650 3944 2899 4008 dederat,
2933 3943 3084 3997 mille
3122 3957 3191 3998 ex
3240 3939 3493 3996 hostibus
3542 3939 3868 4009 prostravit.

2264 4038 2684 4108 Ingravescente
2732 4050 2913 4092 autem
2963 4045 3101 4091 aestu
3144 4050 3265 4090 cum
3300 4035 3389 4091 siti
3437 4033 3670 4089 allectus
3692 4041 3869 4101 esset,

2265 4131 2515 4187 invocato
2565 4130 2815 4196 Domino,
2868 4144 2934 4184 ex
2979 4143 3106 4185 0880
3185 4127 3329 4199 quod
3398 4143 3563 4182 manu
3618 4129 3871 4197 tenebat,

2265 4241 2401 4298 aqua
2432 4226 2606 4281 ﬂuxit.

2338 4320 2576 4378 XXVIII.
2620 4321 2695 4377 Ea
2750 4327 3075 4391 tempestate
3123 4319 3392 4390 Sampson
3444 4318 3694 4376 Hebraeis
3724 4336 3876 4390 praa~

2268 4428 2405 4482 erat,
2453 4417 2748 4488 allapliylis
2798 4416 2959 4471 unius
3009 4415 3208 4470 virtute
3238 4414 3483 4470 domitis.
3539 4415 3711 4484 Igitur
3740 4416 3880 4472 insi-

2266 4510 2481 4565 diantes
2510 4511 2637 4563 vita:
2667 4508 2806 4579 ejtts,
2835 4523 2934 4563 nec
2962 4508 3139 4578 palatii
3175 4524 3296 4563 eum
3326 4517 3539 4564 tentare
3579 4509 3877 4575 audentes,

2271 4618 2497 4658 uxorem
2546 4603 2688 4673 ejus,
2730 4618 2891 4673 qnam
2940 4602 3034 4657 ille
3060 4612 3247 4674 postea
3280 4612 3593 4674 acceperat,
3628 4602 3873 4672 pecunia

560 4727 622 4769 se
645 4724 754 4765 non
801 4708 947 4762 ultra
997 4697 1435 4758 misericordiam
1483 4693 1715 4764 ingratis
1769 4690 2159 4760 praestiturutii.

2270 4705 2650 4765 corrumpunt,
2696 4698 2953 4751 virtutem
3006 4696 3105 4750 viri
3151 4695 3228 4750 uti
3275 4695 3556 4766 proderet.
3611 4695 3711 4751 Illa
3746 4711 3879 4751 eum

563 4807 635 4859 Al.
681 4801 761 4856 illi
793 4800 989 4853 11011108
1035 4794 1250 4863 culpam
1304 4786 1490 4851 fateri,
1537 4794 1593 4840 et
1639 4782 1853 4854 precari
1912 4781 2165 4844 veniam;

558 4896 902 4967 abjectisque
924 4889 1087 4945 idolis
1123 4889 1292 4943 Deum
1326 4882 1709 4952 implorantes,
1756 4885 2008 4946 negatam
2040 4874 2168 4929 lieet

560 4985 1001 5048 misericordiam
1035 4983 1495 5052 impetraverunt.
1526 4974 1699 5043 Igitur
1723 4970 1885 5041 Jepta
1916 4973 2056 5024 duce
2102 4968 2169 5023 ad

564 5087 879 5143 libertatem
952 5078 1121 5133 armis
1190 5069 1575 5129 vindicandam
1650 5065 1968 5136 frequentes
2031 5078 2166 5118 cnn-

560 5192 824 5242 veniunt;
880 5172 1062 5231 missis
1108 5168 1262 5240 prius
1308 5164 1377 5221 ad
1427 5162 1664 5219 Ammon
1714 5176 1897 5231 regem
1950 5158 2164 5230 legatis,

566 5283 630 5332 ut
667 5274 866 5328 liinlius
896 5269 1014 5324 suis
1054 5272 1371 5324 contentus,
1405 5258 1552 5314 bello
1604 5257 1929 5311 abstineret.
1960 5262 2022 5308 At
2073 5253 2168 5309 ille

565 5370 815 5442 praelium
852 5380 958 5417 non
991 5362 1263 5423 abnuens,
1296 5352 1473 5410 aciem
1504 5350 1784 5407 instruxit.
1819 5349 1957 5404 Tum
1989 5348 2167 5418 Jcpta,

567 5467 723 5537 prius
753 5475 919 5535 quam
947 5458 1165 5527 signum
1199 5466 1391 5523 pugna:
1419 5450 1666 5509 daretur,
1701 5444 1913 5501 vovisse
1941 5444 2161 5508 dicitur,

562 5563 608 5617 si
643 5572 906 5631 prospere
937 5559 1254 5625 pugnasset,
1285 5562 1409 5603 cum
1452 5544 1547 5616 qui
1577 5542 1683 5598 sibi
1726 5544 1936 5613 primus
1976 5554 2167 5595 rever-

558 5659 697 5712 tenti
727 5652 920 5709 obvius
948 5648 1169 5712 fuisset,
1200 5644 1438 5699 hostiam
1466 5641 1582 5696 Deo
1604 5640 1865 5695 dandum.
1902 5636 1975 5690 lia
2007 5636 2167 5689 victis

561 5752 837 5815 b0stibiis,
880 5760 1003 5803 cum
1054 5744 1279 5798 domum
1328 5737 1557 5802 rediret,
1604 5735 1716 5789 lilia
1756 5734 1808 5789 ei
1839 5731 2055 5787 obviam
2086 5732 2165 5795 111,

560 5862 681 5917 quae
724 5851 934 5917 patrem
968 5848 1268 5909 exceptura
1316 5833 1608 5896 victorem,
1641 5843 1766 5885 cum
1811 5824 2085 5899 tympanis
2115 5829 2171 5879 et

561 5941 746 6002 choris
800 5939 935 6009 laeta,
958 5941 1324 6010 processerat.
1373 5929 1509 5987 Tum
1540 5926 1699 5998 11οριο
1742 5927 2166 5985 consternatus,

2268 4787 2637 4845 blandimento
2692 4790 2951 4847 muliebri
2997 4805 3275 4861 aggressa,
3309 4790 3403 4844 diu
3450 4790 3776 4845 eludentem
3827 4799 3883 4846 et

2270 4885 2499 4938 multum
2527 4894 2877 4941 cunctantem
2910 4885 3152 4955 perpulit
3180 4892 3237 4939 ut
3264 4885 3559 4954 indicaret,
3618 4888 3673 4942 111
3709 4886 3885 4942 crini-

2270 4977 2374 5033 bus
2396 4978 2588 5049 capitis
2610 4981 2867 5034 virtutem
2889 4994 3044 5033 suam
3067 4978 3397 5035 subsistere.
3424 4979 3547 5034 Mox
3572 4979 3883 5035 dormienti

2272 5071 2551 5139 insidiata,
2597 5074 2803 5127 crinem
2834 5073 2957 5141 ejus
2984 5070 3231 5137 absmlit,
3267 5079 3431 5141 atque
3462 5074 3533 5127 ita
3571 5088 3698 5127 eum
3731 5072 3882 5139 allo-

2272 5168 2453 5241 phylis
2516 5167 2784 5222 tradidit:
2827 5182 2949 5221 nam
2998 5180 3143 5236 saepe
3195 5166 3351 5235 prius
3405 5167 3667 5222 traditum
3725 5184 3888 5225 com-

2274 5263 2616 5336 prehendere
2650 5262 3035 5333 nequiverant.
3093 5258 3231 5314 Tum
3264 5259 3371 5329 illi,
3421 5260 3640 5317 effossis
3671 5262 3884 5332 oculis,

2271 5359 2515 5414 vinctum
2551 5356 2916 5425 compedibus
2946 5353 2999 5406 in
3034 5368 3314 5409 carcerem
3344 5356 3737 5425 conjecerunt.
3772 5356 3887 5413 Sed

2270 5453 2451 5524 spatio
2478 5451 2741 5518 temporis
2769 5449 2987 5503 accisos
3016 5448 3201 5503 eiiues
3227 5464 3510 5514 crescere,
3541 5458 3598 5505 et
3627 5466 3755 5504 cum
3804 5451 3888 5506 eis

2270 5546 2448 5602 virtus
2472 5544 2654 5600 redire
2682 5553 3003 5613 occeperat
3029 5559 3041 5595 :
3063 5543 3289 5613 jamque
3321 5542 3595 5610 Sampson
3620 5543 3888 5600 eoiiSiius

2271 5638 2479 5709 reci-pii
2510 5637 2753 5707 roboris,
2781 5652 2994 5706 tempus
3030 5640 3190 5692 modo
3216 5637 3384 5704 justa:
3432 5637 3665 5691 ultionis
3705 5653 3890 5707 uppe-

2270 5733 2545 5789 riebatur.
2602 5731 2738 5787 Erat
2781 5729 3085 5801 allophylis
3139 5729 3332 5792 moris,
3369 5743 3498 5784 cum
3551 5729 3675 5784 dics
3706 5729 3892 5788 festos

2271 5834 2525 5897 agerent,
2559 5824 2830 5895 Sampson
2862 5824 3015 5894 quasi
3041 5823 3092 5876 iii
3139 5837 3395 5893 pompam
3428 5822 3712 5894 publicani
3751 5842 3891 5898 pro.

2271 5917 2507 5989 ducere,
2558 5928 2719 5989 capto
2773 5916 3127 5973 insultantes.
3179 5914 3253 5970 Ita
3296 5914 3387 5972 die
3438 5916 3710 5989 quodam,
3759 5936 3895 5980 cum
