4106 6344
230 306 334 361 113

1467 311 1796 369 HISTORIA
1840 312 2091 371 SACRA.
2134 316 2267 374 LIB.
2309 319 2346 376 I.

3472 333 3577 391 III»

220 421 515 494 publicum
550 425 787 495 epulum
820 426 874 495 in
904 426 1169 483 honorem
1198 426 1330 482 idoli
1362 425 1668 494 dedissem,
1695 427 1852 484 Sam-
1880 432 1931 493 Α
1959 440 2054 485 aut
2096 430 2235 489 duce
2276 433 2410 502 ullo,
2445 440 2671 508 proprio
2713 440 2944 498 arbitrio
2987 444 3311 514 agebantur.
3344 448 3464 505 Heli
3492 464 3581 507 sa-

220 529 362 584 pson
391 516 673 572 exhiberi
709 517 909 587 jubent
934 535 946 572 :
974 519 1233 591 templum
1268 528 1480 586 autem,
1514 520 1568 573 in
1602 534 1713 588 quo
1735 534 1855 573 om-

220 607 312 662 uis
394 610 651 680 populus
722 625 1025 682 omnesque
1095 611 1499 684 allophylormn
1569 612 1858 684 principes

219 702 634 773 epulabantur,
715 704 932 760 duabus
994 706 1285 761 subnixum
1348 707 1624 761 columnis
1703 704 1859 759 mirae

220 796 641 865 magnitudinis
692 807 840 854 erat.
888 798 1196 854 Productus
1230 799 1524 868 Sampson,
1556 799 1706 853 inter
1757 812 1856 853 co—

220 889 435 945 lumnas
468 892 802 947 statuitur:
837 903 951 948 tum
987 893 1081 948 ille
1110 904 1359 964 tempore
1400 906 1647 962 arrepto,
1696 891 1857 946 invo-

218 996 341 1041 cato
394 988 559 1053 prius
616 988 885 1057 Domino,
934 989 1225 1045 columnas
1275 990 1526 1060 disjei-it;
1582 972 1858 1059 turbaque

218 1079 411 1153 omnis
452 1082 625 1137 ruina
662 1083 868 1139 domus
897 1083 1090 1140 obruta
1116 1102 1130 1151 ;
1158 1087 1278 1156 ipse
1300 1101 1424 1141 cum
1455 1086 1711 1141 hostibus
1744 1102 1854 1141 non

216 1177 424 1230 inultus
458 1177 772 1241 occubuit,
800 1194 924 1234 cum
956 1197 1025 1235 xx
1052 1182 1212 1235 annis
1244 1182 1483 1236 llclil'u'is
1518 1181 1851 1252 pra~fui~set.

222 1270 363 1327 Huic
410 1270 773 1328 Simmicbar
821 1275 1108 1339 successit,
1156 1275 1225 1331 de
1271 1292 1381 1345 quo
1435 1276 1571 1331 nihil
1619 1275 1859 1348 amplius

220 1362 521 1437 Scriptura
565 1366 856 1436 prodidit:
892 1383 1015 1422 nam
1052 1385 1236 1440 neque
1271 1368 1434 1424 linem
1472 1368 1693 1439 imperii
1734 1369 1857 1439 ejus

218 1459 435 1528 reperi,
484 1471 544 1513 et
586 1459 770 1517 fuisse
817 1464 1078 1535 p0pnlum
1108 1465 1231 1519 sine
1254 1464 1392 1520 duce
1428 1465 1688 1531 invenio;
1728 1464 1854 1521 ideo

218 1568 353 1609 Cum
386 1554 676 1610 adversus
713 1556 998 1627 Benjatuiu
1048 1559 1249 1613 tribum
1284 1558 1445 1615 civde
1488 1558 1694 1614 bellum
1728 1559 1852 1625 fuit,

218 1647 398 1703 Iudas
450 1650 838 1720 temporarius
895 1651 1001 1706 dux
1054 1652 1182 1707 belli
1232 1664 1551 1724 assumptus
1602 1666 1706 1708 est.
1745 1651 1854 1709 Sed

224 1742 508 1815 plerique.
558 1746 657 1813 qui
711 1746 781 1801 de
832 1748 1169 1816 temporibus
1216 1752 1580 1819 scripserunt,
1638 1764 1849 1803 annum

1960 528 2157 582 cerdos
2188 541 2310 584 erat
2340 549 2353 585 :
2386 532 2489 587 sub
2519 532 2625 589 hoc
2652 535 2875 592 Samuel
2903 548 3065 595 natus
3094 550 3200 597 est.
3235 543 3375 601 Huic
3426 556 3581 616 pater

1960 617 2186 687 Eleana,
2234 633 2410 678 mater
2450 627 2629 682 Anna.
2663 628 2788 685 [hec
2817 632 2909 686 diu
2940 635 3185 703 sterilis,
3219 652 3344 693 cum
3378 656 3579 697 enuce-

1959 723 2110 785 ptmn
2138 734 2167 768 ει
2196 716 2311 772 Deo
2342 727 2574 789 peteret.
2601 722 2818 779 vovisse
2849 725 3107 794 traditur,
3140 729 3186 784 si
3213 747 3349 799 puer
3382 748 3583 791 nasce-

1960 819 2132 874 retur,
2167 814 2495 869 sacrandnin
2531 810 2789 872 Domino.
2814 817 2894 875 Ita
2924 824 3147 878 enixum
3180 840 3409 891 puerum
3464 828 3581 885 lleli

1959 905 2232 960 sacerdou
2267 908 2512 964 tradidit.
2550 910 2694 977 Mox,
2747 927 2876 969 cum
2905 915 3266 983 adolevisset,
3318 920 3581 978 Dominus

1960 998 2026 1053 ad
2058 1014 2183 1054 eum
2220 999 2431 1057 locutus
2462 1012 2569 1070 est,
2606 1004 2727 1060 Heli
2759 1008 3035 1063 sacerdoti
3070 1008 3205 1065 itam
3248 1012 3581 1070 denmnians

1960 1092 2032 1146 ob
2062 1093 2193 1149 vitia
2222 1093 2483 1164 filiorum,
2515 1099 2609 1169 qui
2632 1102 3005 1157 sacerdotium
3032 1105 3207 1172 patris
3231 1106 3282 1160 in
3308 1119 3575 1175 qua:stunt
3636 1146 3649 1157 ς

1959 1200 2263 1253 verterant.
2291 1209 2516 1249 munera
2546 1209 2575 1248 a
2599 1194 3039 1255 sacrificantibus
3060 1204 3364 1269 exigentes,
3389 1218 3575 1272 qnam-

1960 1301 2122 1356 qurim
2170 1286 2491 1355 plerumque
2536 1303 2631 1342 eos
2684 1298 2840 1358 pater
2892 1289 3207 1363 iiicrep.tSse
3256 1292 3571 1350 referatur:

1960 1379 2054 1434 sed
2101 1378 2274 1435 levior
2319 1380 2630 1451 objurgatio
2683 1394 2791 1435 non
2848 1383 3191 1439 satisl'ecerat
3240 1387 3566 1459 disciplinae.

1964 1472 2129 1543 Igitur
2183 1473 2478 1545 allopltylis
2530 1475 2582 1529 in
2648 1474 2902 1531 Iudaeam
2960 1479 3299 1534 irruentibus
3355 1482 3568 1536 obviam

1960 1566 2118 1621 itum.
2174 1567 2279 1623 Sed
2330 1570 2461 1624 victi
2511 1569 2731 1625 Hebrai
2780 1582 2975 1641 parant
3016 1576 3189 1629 aciem
3235 1577 3564 1633 restituere:

1958 1674 2146 1715 arcam
2183 1661 2388 1716 Domini
2420 1678 2610 1718 secum
2647 1665 2699 1719 in
2755 1680 2988 1736 pugnam
3040 1668 3299 1732 ellernnt,
3351 1680 3404 1725 et
3437 1686 3563 1726 cum

1960 1770 2023 1809 ca
2057 1755 2151 1810 lilii
2177 1759 2482 1811 sacerdotis
2510 1758 2783 1827 prodeunt
2818 1758 2978 1829 :qnia
3015 1761 3127 1830 ipse
3158 1766 3316 1817 annis
3351 1764 3568 1834 gravior

222 1854 389 1893 unum
424 1837 667 1903 imperii
714 1839 833 1910 ejus
876 1852 1307 1897 annotaverunt:
1330 1845 1582 1914 plerique
1620 1843 1695 1898 ita
1728 1858 1853 1898 eun:
1889 1844 1935 1904 Β
1962 1847 2536 1925 luminilnisiibdnctis
2558 1851 3081 1907 satisl‘acereollicio
3112 1855 3566 1925 nequiverat.Sed

224 1934 657 2006 prteterierunt,
721 1946 777 1991 ut
834 1947 955 2007 post
1006 1938 1277 2009 Sampson
1333 1940 1450 1995 Heli
1507 1940 1857 1995 sacerdmetn

225 2026 658 2094 subjunxeiiut.
696 2028 811 2085 Nos
840 2046 964 2087 eam
997 2042 1211 2101 rem,ut
1252 2049 1454 2103 parum
1487 2045 1857 2105 compertam,

228 2120 280 2175 in
317 2123 507 2179 medio
537 2124 952 2194 relinquemus.

302 2215 503 2272 XXIX.
548 2218 665 2274 Per
703 2220 821 2275 hcce
852 2230 1099 2290 tempora
1129 2221 1320 2289 civile,
1352 2230 1414 2277 ut
1446 2220 1711 2288 diximus,
1741 2221 1861 2277 bel-

232 2311 347 2367 lum
378 2325 680 2389 exarserat
724 2332 741 2368 :
775 2330 941 2371 causa
987 2327 1172 2372 autem
1224 2328 1407 2372 motus
1443 2317 1561 2372 ha-e
1594 2318 1715 2371 luit.
1751 2316 1857 2372 Le-

230 2410 369 2465 vites
413 2410 646 2481 quidam
689 2425 815 2466 cum
864 2413 1170 2467 concubina
1218 2415 1323 2469 iter
1361 2413 1590 2479 faciens,
1624 2423 1859 2485 urgente

233 2515 389 2558 nocte
413 2504 774 2573 compulsus,
812 2503 866 2559 Ill
898 2504 1101 2575 Oppido
1130 2504 1333 2572 Gabaa,
1382 2508 1529 2578 quod
1559 2507 1628 2561 ab
1662 2506 1860 2574 Benja-

234 2596 381 2653 mitis
416 2599 804 2662 incolebatnr,
830 2613 1163 2656 secesserat.
1197 2601 1333 2657 Cum
1364 2618 1488 2657 cum
1534 2617 1704 2658 senex
1736 2602 1859 2671 qui-

235 2691 355 2747 dam
389 2693 643 2763 hospitio
675 2693 916 2765 benigne
938 2696 1243 2763 recepisset
1268 2739 1283 2762 ,
1302 2696 1537 2767 juvenes
1565 2714 1630 2752 ex
1656 2696 1860 2767 Oppido

236 2783 514 2857 hospitem
568 2788 1024 2851 circumsistunt.
1071 2800 1267 2859 stupro
1320 2806 1443 2846 eum
1477 2791 1720 2847 subdere
1768 2806 1862 2856 pa-

237 2894 446 2937 rantes.
480 2879 720 2935 Multum
749 2898 776 2931 a
809 2896 943 2937 sene
964 2882 1242 2954 increpiti,
1265 2900 1522 2951 mareque
1547 2884 1857 2947 exhortati,

240 2974 450 3029 vicario
468 2974 697 3029 demum
722 2976 1048 3030 concubina:
1071 2978 1194 3044 ejus
1214 2991 1450 3048 corpore
1482 2979 1533 3031 in
1561 2977 1856 3031 ludibrium

244 3076 494 3137 accepto,
543 3068 784 3125 advenae
833 3076 1200 3138 pepercerunt
1254 3087 1265 3119 :
1317 3070 1642 3139 illus:imque
1694 3077 1860 3124 nocte

240 3170 373 3231 tota,
420 3173 655 3235 postero
685 3163 778 3219 die
808 3165 1186 3221 reddiderunt.
1222 3165 1328 3222 Sed
1382 3167 1474 3220 illa
1508 3164 1721 3236 (stupri
1775 3166 1856 3219 in-

1962 1924 2210 1997 ubi'aica
2242 1943 2294 1998 in
2322 1956 2676 2014 conspectum
2705 1944 2943 2000 hostium
2968 1947 3196 2003 deducta
3232 1961 3339 2017 est,
3369 1951 3571 2019 majes-

1962 2047 2073 2092 tate
2104 2039 2337 2108 quadam
2373 2044 2661 2110 przcsentis
2695 2041 2911 2097 Domini
2944 2046 3141 2111 teriitt,
3179 2044 3361 2115 fugam
3412 2061 3572 2118 para-

1961 2131 2545 2202 baut:a~sumpt.ique
2588 2149 2803 2189 rursum
2838 2138 3175 2206 consuintia,
3203 2148 3259 2192 et
3299 2155 3404 2193 non
3447 2140 3567 2193 sine

1961 2226 2193 2280 Domino
2242 2228 2465 2281 mutatis
2496 2228 2714 2293 animis,
2765 2229 2898 2283 totis
2948 2228 3157 2282 vitibus
3203 2242 3564 2287 concurrunt.

1963 2320 2103 2377 Victi
2140 2322 2349 2379 llebra-i
2378 2340 2389 2375 :
2417 2337 2539 2376 arca
2569 2322 2819 2389 capitur:
2850 2322 2942 2377 lilii
2991 2325 3297 2379 sacerdotis
3344 2328 3563 2380 radunt.

1963 2415 2083 2471 Heli
2112 2416 2295 2471 delato
2324 2415 2390 2471 ad
2424 2430 2484 2468 se
2517 2415 2643 2469 mali
2669 2418 2861 2469 nuntio
2890 2414 3297 2482 coiisternatth,
3326 2416 3566 2471 animum

1965 2511 2287 2579 exspiravit,
2338 2524 2459 2563 cum
2495 2524 2592 2579 per
2622 2523 2796 2564 annos
2852 2524 2922 2563 ax
2973 2509 3342 2565 sacerdutiutn
3390 2511 3572 2566 admi-

1966 2601 2273 2658 ItistraSSet.

2039 2696 2233 2752 XXXI.
2281 2697 2530 2754 Victores
2557 2698 2799 2754 secundo
2833 2699 3021 2767 PI‘il‘iIl)
3052 2699 3334 2772 allophyli,
3381 2714 3566 2757 arcam

1967 2791 2061 2851 Dei
2113 2811 2235 2867 qum
2292 2797 2342 2850 in
2392 2804 2720 2865 potestati-III
2777 2808 3005 2851 \‘Cttet'at
3078 2813 3293 2863 t'ttrttttt,
3366 2799 3572 2867 oppido

1961 2892 2145 2949 Azuto
2190 2894 2241 2946 iti
2294 2893 2555 2962 templum
2606 2893 2791 2963 Dagon
2829 2892 3155 2948 intulerunt.
3205 2892 3311 2949 Sed
3345 2896 3569 2951 simula-

1964 3001 2121 3041 crum
2152 2986 2388 3039 (Ιίυιιιιιιιί
2421 2986 2689 3051 dicatum,
2725 2985 2815 3039 uhi
2850 3001 2975 3040 atca
3007 2988 3152 3041 illata
3184 2999 3288 3054 νει,
3317 2988 3568 3045 corruit:

1964 3097 2201 3152 cumque
2228 3081 2430 3135 idolum
2482 3081 2605 3135 loco
2667 3081 3065 3147 t‘e~lituis~enl,
3112 3092 3273 3137 nocte
3327 3084 3569 3139 insecuta

1965 3175 2303 3244 discerptum
2352 3182 2457 3229 est.
2502 3173 2632 3228 Imle
2677 3190 2858 3228 mures
2886 3191 2981 3243 per
3026 3190 3242 3230 onmem
3285 3178 3567 3247 regionem

232 3256 397 3327 juria,
449 3274 518 3312 an
576 3257 935 3321 verecundia,
995 3273 1185 3325 parum
1240 3257 1493 3330 deliuio)
1550 3260 1672 3312 viso
1730 3257 1850 3311 viro
1880 3251 1924 3314 C
1960 3270 2162 3331 exiirti,
2197 3267 2373 3322 nonis
2407 3266 2686 3321 morsibus
2715 3272 2880 3321 multa
2912 3267 3193 3322 hominum
3221 3269 3565 3325 toilltaletbo

238 3354 480 3408 animam
531 3352 770 3410 efﬂavit.
821 3351 960 3408 Tum
995 3353 1190 3409 Levita
1240 3355 1291 3409 in
1326 3353 1706 3409 testimonium
1746 3353 1853 3408 diri

239 3446 520 3514 facinoris,
557 3448 807 3503 membra
833 3447 955 3517 ejus
985 3450 1037 3503 in
1070 3447 1367 3505 duodecim
1403 3448 1634 3504 discissa
1670 3457 1857 3519 partes

242 3556 335 3610 per
379 3540 684 3596 duodecim
736 3539 913 3596 tribus
948 3542 1117 3606 misit,
1170 3558 1282 3613 quo
1315 3545 1630 3613 promptius
1660 3558 1858 3599 omnes

238 3636 365 3693 facti
400 3638 617 3693 invidia
642 3648 1027 3695 commereret
1059 3657 1073 3694 :
1106 3640 1251 3713 quod
1286 3643 1376 3697 ubi
1420 3644 1680 3699 omnibus
1709 3658 1857 3698 com-

238 3740 485 3801 pertum,
520 3731 783 3789 undecim
814 3732 1044 3804 reliquie
1070 3733 1248 3788 tribus
1274 3735 1543 3791 adversus
1569 3735 1854 3806 Benjatnin

241 3824 293 3881 in
322 3826 532 3881 bellum
566 3827 910 3897 conspirant.
941 3826 1080 3882 Huic
1108 3828 1253 3884 bello
1273 3828 1467 3895 Iudas,
1501 3840 1557 3885 nt
1582 3830 1853 3895 diximus,

240 3919 349 3975 dux
378 3922 514 3975 fuit:
539 3921 643 3976 sed
669 3920 888 3977 duobus
918 3922 1130 3990 przcliis
1160 3923 1303 3979 male
1326 3933 1660 3994 pugnatum;
1694 3922 1858 3978 tertio

238 4014 465 4071 demum
498 4015 835 4087 Benjamita:
856 4014 1009 4083 vieti,
1038 4016 1275 4087 cmsique
1297 4019 1363 4071 ad
1399 4017 1853 4073 internecionem.

239 4109 317 4167 Ita
346 4126 658 4182 paucorum
708 4110 893 4165 scelus
933 4110 1158 4181 publico
1214 4111 1387 4166 exitio
1422 4112 1697 4181 punitum.
1730 4110 1858 4165 Haec

242 4219 460 4275 quoque
491 4203 756 4259 Indicum
781 4203 1060 4258 volumine
1090 4203 1469 4258 continentur.
1503 4205 1710 4273 [legum
1734 4203 1860 4257 libri

243 4306 575 4367 sequuntur.
630 4294 740 4352 Sed
790 4296 922 4349 ntibi
975 4312 1247 4351 annorum
1284 4296 1533 4351 ordinem
1564 4307 1621 4351 et
1659 4295 1859 4350 seriem

246 4401 558 4463 temporum
617 4391 997 4463 persequenti,
1046 4406 1238 4461 parum
1287 4391 1609 4445 continuata
1644 4389 1862 4445 videtur

247 4485 681 4548 historiaznam,
713 4500 838 4540 cum
873 4494 997 4555 post
1026 4483 1299 4554 Sampson
1329 4482 1579 4539 Iudicem
1610 4481 1863 4551 Semigar

248 4582 433 4647 fuerit,
472 4582 756 4652 pauloque
790 4591 913 4648 post
947 4578 1175 4633 historia
1227 4578 1545 4647 consignet,
1601 4577 1861 4648 populum

1960 3362 2187 3418 dabant.
2218 3361 2337 3430 Qut)
2372 3361 2518 3415 malo
2545 3359 2815 3430 Cumltttisi
2850 3362 3053 3426 Azotii,
3085 3363 3152 3416 ad
3179 3363 3566 3419 declinandam

1962 3458 2362 3519 Calamitatem,
2388 3471 2575 3510 arcam
2608 3453 2705 3509 Dei
2740 3453 2806 3509 ad
2836 3453 3095 3510 Gellia-os
3127 3457 3560 3523 transtulerunt;

1961 3550 2202 3623 quicum
2232 3549 2401 3604 simili
2432 3549 2589 3603 clade
2618 3547 2994 3614 afficerentur,
3031 3550 3083 3603 in
3106 3549 3369 3619 Oppidum
3396 3548 3569 3605 Asca-

1964 3643 2284 3699 lonensium
2317 3657 2505 3697 arcam
2560 3651 3012 3698 transvexrtunt.
3050 3641 3146 3696 llis
3196 3657 3363 3706 vero,
3396 3644 3568 3697 advo-

1961 3738 2100 3793 catis
2172 3733 2353 3805 gentis
2420 3732 2537 3805 ejus
2614 3733 2976 3802 primoribus,
3052 3734 3350 3790 consilium
3436 3736 3563 3803 fuit,

1961 3847 2145 3888 arcam
2182 3830 2398 3886 Domini
2448 3829 2702 3885 Hebraeis
2751 3829 2992 3885 reddere
3022 3845 3037 3896 ;
3068 3830 3138 3884 ita
3168 3845 3235 3885 ex
3287 3830 3564 3886 sententia

1964 3925 2275 3996 principum
2326 3937 2706 3994 augurumque
2755 3931 2811 3978 et
2858 3922 3230 3989 sacerdotum,
3306 3922 3565 3994 imposita

1963 4018 2216 4074 vehiculo
2264 4017 2451 4070 multis
2494 4030 2617 4070 cum
2668 4015 2996 4070 muneribus
3042 4018 3364 4071 remittitur.
3427 4015 3569 4072 Illud

1963 4110 2238 4178 mirabile,
2265 4110 2414 4181 quod
2445 4125 2569 4164 cum
2604 4110 2761 4165 oneri
2808 4110 2977 4165 boves
3004 4108 3242 4165 feminas
3289 4109 3567 4181 sulijecis-

1963 4216 2109 4271 sent,
2145 4205 2460 4275 vitulosque
2482 4219 2669 4259 earum
2697 4204 2847 4259 domi
2871 4204 3259 4270 retinuissent,
3285 4204 3390 4260 iter
3412 4203 3565 4260 nullo

1963 4299 2103 4355 duce
2132 4301 2184 4354 in
2211 4297 2453 4353 Iuda-am
2487 4297 2721 4366 pecudes
2744 4296 3093 4361 direxerunt,
3124 4313 3233 4351 non
3266 4305 3565 4353 revocante

1965 4396 2160 4452 all'eetu
2196 4397 2336 4451 fetus
2368 4394 2544 4449 relicti
2579 4412 2593 4447 :
2623 4393 2779 4463 cujus
2810 4392 2890 4447 rei
2915 4392 3179 4447 miraculo
3212 4393 3385 4463 reguli
3418 4391 3563 4447 allo-

1964 4492 2259 4563 pliylornm
2294 4505 2467 4561 usque
2496 4489 2549 4543 in
2584 4490 2718 4543 lines
2747 4487 3102 4544 Hebra‘orum
3129 4502 3314 4543 arcam
3360 4487 3562 4553 Secuti,

1966 4585 2287 4657 religiosum
2340 4582 2583 4638 ol‘lieium
2657 4582 3055 4651 przrstiterunt.
3114 4580 3289 4637 Judaei
3350 4590 3562 4647 autem,

245 4678 364 4734 sine
406 4677 691 4746 judicibns
723 4676 935 4744 egisse;
994 4673 1116 4728 IIeli
1162 4671 1331 4728 etiam
1389 4672 1654 4728 sacerdos
1702 4659 2057 4735 librisDubi
2113 4677 2305 4733 referri
2355 4692 2537 4732 arcam
2595 4675 2874 4739 viderunt,
2931 4676 3187 4729 certatim
3241 4689 3306 4731 ex
3355 4672 3561 4744 oppido

250 4772 569 4844 Regnorum
622 4769 795 4825 fuisse
845 4767 1122 4823 referatur
1155 4784 1168 4820 :
1199 4766 1296 4821 sed
1352 4781 1500 4833 eum,
1553 4774 1683 4835 quot
1729 4766 1859 4820 anni

251 4870 387 4925 inter
434 4868 553 4923 Heli
605 4875 663 4921 et
688 4866 959 4934 Sampson
1008 4862 1236 4928 fuerint,
1293 4861 1523 4915 minime
1572 4858 1860 4929 Scriptura

252 4961 603 5032 prodiderit:
636 4958 798 5013 video
831 4957 999 5012 medii
1047 4954 1307 5027 quiddam
1352 4954 1524 5009 fuisse
1571 4953 1860 5023 temporis,

251 5056 391 5127 quod
423 5056 645 5110 laboret
672 5053 947 5122 ambiguo.
995 5049 1274 5107 Czeternm
1306 5066 1336 5104 a
1369 5050 1458 5105 die
1496 5049 1691 5104 mortis
1731 5048 1860 5105 Iesu

255 5165 423 5221 usque
462 5151 519 5205 in
572 5149 626 5203 id
684 5157 901 5217 tempus
956 5162 1065 5215 quo
1109 5146 1380 5215 Sampson
1430 5143 1724 5199 defunctus
1750 5154 1857 5211 est,

257 5257 634 5301 numerantur
660 5242 790 5297 anni
819 5257 950 5299 cccc
978 5250 1035 5297 et
1063 5256 1154 5296 xix
1185 5257 1251 5295 :a
1275 5240 1461 5295 mundi
1485 5249 1666 5293 autem
1701 5254 1864 5294 exor-

257 5338 348 5395 dio
398 5337 534 5395 anni
585 5336 656 5394 ῐῦῖ
698 5351 795 5391 ccc
825 5346 878 5391 et
910 5350 1002 5403 ιιι,
1035 5348 1364 5405 quamquam
1422 5334 1491 5387 ab
1521 5331 1622 5388 hac
1654 5346 1867 5402 suppu-

260 5434 466 5490 tatione
520 5439 719 5487 nostra
769 5440 1000 5485 caeteros
1051 5427 1373 5483 discordare
1425 5442 1531 5481 non
1585 5427 1864 5481 nesciam:

259 5529 352 5585 sed
387 5528 531 5584 mihi
560 5524 824 5582 conscius
856 5539 1001 5589 sum,
1037 5538 1125 5578 me
1164 5537 1272 5578 non
1307 5522 1581 5576 incuriose
1605 5520 1867 5575 latentem

261 5639 531 5679 annorum
583 5618 839 5675 ordinem
883 5618 1209 5687 protulisse,
1253 5617 1427 5672 donec
1484 5616 1536 5669 in
1589 5615 1704 5670 lnee
1733 5625 1869 5669 tem-

264 5734 395 5790 pora
430 5715 627 5781 incidi,
684 5712 755 5769 de
778 5713 977 5784 quibus
1006 5712 1259 5767 dubitare
1317 5726 1404 5767 me
1462 5696 1657 5767 fateor.
1713 5711 1867 5766 Nunc

262 5813 469 5884 reliqua
500 5823 797 5878 exsequar.

332 5904 507 5961 XXX.
555 5889 749 5973 Igitur,
794 5908 849 5955 ut
876 5910 1041 5973 supra
1065 5900 1249 5961 retuli,
1280 5899 1497 5955 llebrrei
1528 5901 1646 5955 sine
1690 5899 1870 5970 judice

1967 4772 2275 4828 Betbsamis
2321 4787 2445 4825 cum
2492 4768 2692 4840 gaudio
2742 4769 2961 4823 obviam
3017 4784 3199 4831 ruere,
3274 4767 3563 4833 feSIinare,

1967 4866 2269 4929 exsultare,
2292 4875 2481 4936 grates
2506 4863 2741 4918 Domino
2765 4862 2992 4918 referre.
3023 4862 3145 4917 Mox
3176 4861 3408 4925 Levita'.
3431 4875 3571 4932 quo-

1969 4977 2088 5015 rmn
2123 4959 2224 5014 hoc
2255 4961 2529 5029 negotium
2556 4968 2695 5023 erat,
2726 4958 3055 5014 sacriﬁcium
3108 4958 3221 5013 Deo
3260 4958 3568 5025 celebrant,

1967 5052 2250 5124 bovesque
2300 5068 2395 5109 eas
2433 5068 2556 5124 qnze
2603 5067 2785 5107 arcam
2835 5051 3209 5120 adduxerant,
3255 5051 3570 5108 immolant.

1972 5148 2080 5205 Sed
2114 5150 2166 5203 in
2197 5149 2400 5218 oppido
2429 5148 2574 5218 quod
2607 5162 2770 5217 supra
2796 5147 3061 5213 diximus,
3096 5146 3271 5204 teneri
3297 5162 3423 5203 area
3459 5163 3572 5203 non

1973 5243 2198 5313 potuit:
2236 5243 2423 5313 itaque
2451 5241 2652 5313 passim
2713 5241 2808 5298 Dei
2842 5254 2981 5297 nutu
3036 5256 3134 5312 per
3174 5252 3343 5297 totam
3378 5243 3575 5297 urbem

1975 5334 2247 5390 servitum.
2297 5335 2441 5391 Area
2478 5336 2533 5389 in
2574 5333 2957 5389 Cariatbiarim
3001 5333 3265 5406 Oppidum
3312 5336 3573 5390 translata

1982 5439 2089 5494 est,
2123 5428 2308 5497 ibique
2339 5444 2438 5499 per
2459 5428 2653 5498 viginti
2683 5442 2862 5483 annos
2880 5427 2999 5481 fuit.

2063 5520 2282 5585 XXXII.
2328 5522 2402 5576 Ea
2436 5530 2767 5592 tempestate
2794 5521 3016 5576 Samuel
3050 5518 3307 5575 sacerdos
3336 5516 3584 5573 Hehrtris

1982 5628 2251 5685 praeerat;
2308 5616 2511 5686 quietis
2556 5631 2585 5669 a
2632 5616 2777 5670 bello
2799 5616 2963 5671 rebus
2990 5613 3224 5686 populus
3251 5614 3307 5665 in
3340 5609 3453 5664 otio
3481 5609 3580 5667 de-

1980 5711 2142 5783 gebat
2172 5727 2186 5777 ;
2219 5725 2318 5779 pax
2341 5709 2542 5765 deinde
2570 5709 2977 5780 allapbylorom
3008 5706 3313 5773 irruptioue
3335 5704 3575 5759 turbata.

1980 5803 2408 5875 Trepidantibus
2437 5803 2646 5859 cunctis
2668 5803 2738 5858 ob
2774 5800 3172 5857 conscientiam
3213 5800 3447 5867 peccati,
3478 5784 3578 5875 sai:

1992 5874 2162 5962 mucl,
2198 5912 2339 5954 caesa
2386 5897 2540 5969 prius
2589 5896 2788 5960 Irostir,
2835 5890 3065 5946 Donlno
3124 5876 3294 5946 fretus
3346 5874 3475 5947 suos
3524 5874 3577 5945 in
