4106 6344
524 334 632 391 “5

1890 321 2181 381 SULPICN
2221 320 2475 379 SEVERI

3736 319 3841 379 H6

524 453 776 522 prmlium
825 451 1049 516 eduxit;
1085 450 1374 520 primoque
1417 448 1627 514 impetu
1662 446 1797 501 fusis
1840 441 2123 507 hostibus,
2157 446 2205 503 Α
2236 441 2325 495 ubi
2361 441 2469 509 regi
2500 457 2565 495 ex
2607 439 2819 495 Domini
2848 442 2923 495 ira
2950 448 3289 511 compertum
3322 450 3422 504 est,
3466 450 3704 495 mortem
3757 439 3835 495 af-

529 545 757 599 victoria
784 560 951 615 penes
984 544 1243 598 llebrzeos
1274 542 1446 597 stetit.
1480 541 1588 596 Sed
1632 538 1814 595 hostili
1851 544 1999 591 metu
2042 552 2130 589 re-

527 648 700 701 moto,
727 638 984 693 secundis
1016 636 1438 707 tranquillisque
1468 635 1651 698 rebus,
1683 630 1959 697 corruptis
1990 642 2125 683 con-

525 733 665 787 siliis
708 732 895 801 (more
943 732 1112 802 vulgi,
1161 730 1249 784 eui
1282 728 1576 801 pra‘sentia
1619 725 1861 791 fastidio,
1910 725 2124 778 insueta

531 824 806 881 desiderio
833 824 999 895 sunt)
1030 823 1242 894 regium
1274 836 1499 881 nomen.
1538 820 1755 875 eunetis
1780 821 1897 873 fere
1940 816 2130 871 liberis

529 918 783 987 gentibus
812 932 1034 988 semper
1064 916 1324 981 invisum,
1356 915 1586 985 populus
1619 912 1990 977 desiderabat,
2022 912 2131 980 pla-

528 1024 710 1077 neque
740 1024 846 1063 non
879 1010 998 1063 sine
1023 1010 1277 1078 exemplo
1306 1007 1564 1061 amentia:
1595 1006 1935 1076 praeoptabat
1964 1004 2132 1057 liber-

530 1112 701 1157 tatem
725 1103 949 1157 servitio
981 1112 1216 1156 mutare.
1248 1100 1417 1171 lgitur
1461 1101 1785 1168 frequentes
1816 1097 2128 1152 Samuelem

530 1196 978 1261 circumsistunt,
1010 1204 1089 1261 ut,
1119 1196 1241 1264 quia
1278 1195 1390 1266 jam
1436 1196 1552 1265 ipse
1597 1195 1897 1259 senuisset,
1947 1207 2131 1263 regem

532 1290 611 1343 eis
637 1289 1021 1345 constitueret.
1052 1289 1114 1343 At
1146 1290 1239 1345 ille
1266 1289 1501 1360 placide.
1522 1289 1729 1343 salubri
1758 1290 2030 1352 oratione,
2062 1287 2132 1340 ab

527 1382 719 1434 insana
743 1383 1021 1436 voluntate
1044 1381 1382 1451 detorquere
1409 1381 1628 1451 plebem
1655 1398 1668 1433 :
1690 1380 2130 1435 dominationem

528 1476 739 1546 regiam
787 1484 843 1530 et
886 1476 1119 1545 superba
1172 1476 1398 1543 imperia
1454 1490 1779 1544 exponere:
1820 1473 2133 1528 libertatem

530 1570 815 1633 extollere,
853 1568 1177 1623 servitutem
1232 1568 1495 1622 detestari
1525 1586 1537 1623 :
1567 1577 1845 1637 postremo
1888 1566 2130 1621 divinam

530 1663 613 1718 eis
645 1665 776 1717 iram
810 1664 1162 1725 denuntiare,
1202 1662 1472 1731 siquidem
1514 1662 1766 1717 homines
1798 1670 1978 1716 mente
2008 1676 2132 1716 cor-

530 1758 703 1826 rupti,
738 1756 907 1811 Deum
943 1772 1124 1827 regem
1152 1755 1439 1820 habentes,
1465 1770 1647 1824 regem
1676 1754 1776 1808 sibi
1810 1770 1875 1809 ex
1902 1753 2132 1808 ltomini-

2242 535 2327 589 ﬁci
2357 534 2522 589 filium
2551 536 2714 604 jussit
2746 553 2757 588 :
2787 536 2879 589 sed
2914 536 3097 605 p0puli
3127 536 3329 590 auxilio
3360 536 3427 590 ab
3458 535 3627 590 exitio
3653 536 3837 590 vindi-

2238 639 2390 685 catus
2434 640 2533 685 est.
2567 629 2642 685 Ea
2674 639 2994 697 tempestate
3046 630 3263 686 Samuel
3309 646 3337 684 a
3365 629 3600 685 Domino
3658 629 3838 684 moni-

2239 730 2344 785 tus,
2383 738 2563 793 regem
2592 722 2743 787 adiit,
2772 723 2953 777 verbis
2987 723 3199 777 Domini
3238 723 3517 790 nuntians,
3578 723 3654 777 uti
3692 723 3841 792 genti

2240 813 2484 880 Amalec,
2522 831 2643 886 qua!
2684 818 2815 871 olim
2853 814 3110 870 "Cllt‘ﬂ‘OS
3160 831 3225 871 ex
3274 815 3511 886 IEgypto
3554 816 3842 872 venientes

2242 910 2473 969 transitu
2507 908 2884 978 prohibuerat,
2916 908 3115 963 bellum
3152 907 3409 973 inferret;
3439 906 3625 962 addito
3675 907 3844 962 inter-

2240 1002 2406 1065 dicto,
2445 1018 2510 1055 ne
2537 1001 2664 1071 quid
2695 1017 2759 1056 ex
2790 1001 2983 1071 spoliis
3020 1000 3363 1055 devictorum
3400 1000 3839 1069 concupisceret.

2242 1095 2315 1149 lia
2362 1094 2415 1149 in
2462 1098 2595 1151 lines
2625 1096 2861 1150 hostium
2894 1095 3093 1151 ductus
3135 1097 3434 1157 exercitus,
3474 1109 3569 1147 rex
3621 1101 3838 1163 captus,

2238 1207 2371 1262 gens
2398 1192 2639 1246 subacta.
2674 1191 2806 1246 Saul
2842 1191 3014 1245 victus
3046 1190 3242 1260 pra-dae
3272 1187 3669 1258 magnitudine,
3697 1202 3842 1256 pra:-

2238 1287 2378 1355 cepti
2428 1286 2593 1340 divini
2627 1286 2939 1349 immemor,
2972 1294 3127 1354 capta
3160 1282 3368 1337 servari
3408 1291 3461 1335 et
3514 1279 3642 1336 ferri
3666 1278 3840 1350 jubet.

2238 1380 2359 1447 Quo
2388 1380 2530 1434 facto
2553 1379 2793 1434 oll‘ensus
2825 1379 3110 1441 Dominus,
3145 1376 3458 1430 Samuelen‘.
3498 1374 3800 1444 alloquitur
3827 1392 3842 1427 :

2240 1475 2514 1531 Pmnitere
2546 1490 2625 1539 se,
2654 1470 2797 1542 quod
2826 1472 2949 1527 Saul
2984 1485 3166 1540 regem
3192 1468 3563 1524 constituerit.

2313 1566 2552 1622 XXXIV.
2590 1566 2798 1621 Dictum
2828 1564 3085 1618 sacerdos
3116 1564 3228 1633 regi
3264 1561 3453 1617 refert.
3487 1561 3610 1616 Mox
3660 1576 3687 1611 a
3735 1558 3845 1613 Do-

2240 1661 2388 1717 mino
2411 1664 2668 1727 tnonittts,
2698 1660 2862 1715 David
2896 1659 3062 1730 regali
3110 1668 3385 1728 unguento
3416 1656 3671 1727 perlinit,
3729 1670 3849 1725 par-

2238 1774 2364 1812 vum
2418 1757 2714 1812 etiamnum
2744 1770 3000 1826 puerum,
3044 1754 3145 1808 sub
3185 1762 3335 1822 patre
3359 1763 3636 1823 agentem,
3666 1760 3847 1819 pasto-

532 1849 636 1902 bus
681 1848 1005 1918 ﬂagitarent.
1060 1847 1157 1901 His
1205 1858 1369 1916 atque
1414 1848 1535 1899 aliis
1570 1844 1883 1899 istiusmodi
1933 1845 2130 1899 frustra
2164 1858 2211 1917 Β
2238 1868 2351 1905 rem
2370 1850 2573 1913 ovium,
2598 1855 2875 1903 assuetum
2894 1847 3097 1916 Saepius
3117 1844 3325 1900 cithara
3353 1860 3552 1899 canere
3576 1859 3589 1897 :
3612 1845 3684 1898 ob
3703 1842 3847 1912 quod

531 1939 715 2003 dictis,
750 1956 872 1993 eum
905 1940 1136 2009 populus
1170 1940 1223 1995 in
1255 1940 1526 1993 sententia
1559 1945 1968 2008 perseveraret,
2024 1936 2134 1990 Do-

532 2036 741 2089 minum
792 2036 1076 2089 consulit:
1120 2036 1212 2104 qui
1264 2045 1547 2104 permotus
1618 2031 1871 2088 vecordia
1928 2032 2137 2086 insana

532 2128 735 2197 gentis,
789 2125 929 2181 nihil
992 2127 1286 2182 adversum
1334 2141 1395 2181 se
1443 2126 1754 2195 petentibus
1824 2125 2133 2195 negandum

536 2222 843 2290 respondit.

607 2312 845 2369 XXXIII.
891 2312 1057 2385 Igitur
1089 2313 1239 2381 Saul,
1275 2312 1602 2369 sacerdotali
1638 2312 1788 2382 prius
1816 2330 1843 2365 a
1878 2312 2139 2367 Samttele

534 2420 814 2479 unguento
848 2412 1117 2480 perfusus,
1149 2426 1243 2465 rex
1272 2412 1607 2465 constitutus
1633 2417 1736 2464 est.
1764 2408 1864 2463 llic
1888 2426 1952 2462 ex
1987 2408 2138 2464 tribu

535 2503 846 2572 Benjamin,
876 2504 967 2558 Cis
1000 2515 1152 2572 patre
1181 2513 1357 2569 ortus,
1406 2503 1688 2557 modestus
1717 2503 1909 2566 animi,
1959 2502 2133 2556 forma

536 2597 825 2653 excellenti
854 2608 1003 2661 erat;
1030 2604 1089 2650 ιιι
1118 2597 1314 2651 merito
1338 2597 1583 2667 dignitas
1611 2598 1862 2666 e0rporis
1880 2597 2137 2668 dignitati

538 2688 702 2759 regia:
754 2689 1091 2744 conveniret.
1150 2688 1258 2744 Sed
1309 2690 1577 2759 principio
1632 2692 1782 2760 regni
1836 2688 2000 2761 hujus
2037 2691 2137 2746 ali-

535 2794 735 2853 quanta
768 2786 836 2839 ab
865 2800 932 2839 eo
964 2800 1087 2854 pars
1123 2785 1303 2855 populi
1330 2784 1662 2849 desciverat,
1689 2800 1879 2854 parere
1906 2785 2137 2855 imperio

538 2878 811 2943 abnuens,
836 2893 1007 2948 seque
1035 2878 1363 2932 Atnmonitis
1384 2877 1775 2947 coniunxerat.
1807 2877 2010 2933 Verum
2038 2881 2139 2933 hos

542 2970 672 3024 Saul
726 2970 954 3039 impigre
1004 2971 1154 3025 ultus
1208 2980 1335 3024 est:
1381 2971 1620 3040 victique
1653 2969 1863 3036 hostes,
1903 2980 1956 3025 et
1984 2971 2138 3026 venia

540 3063 791 3119 Hebraeis
816 3066 969 3129 data;
1004 3075 1117 3118 tum
1149 3065 1277 3120 Saul
1309 3066 1508 3119 iterato
1562 3081 1589 3117 a
1636 3064 1891 3119 Samuele
1939 3074 2141 3119 unctus

540 3158 795 3211 traditur.
826 3156 959 3211 Inde
980 3160 1387 3229 aliopliylorum
1420 3159 1728 3228 it'ruptione
1751 3168 1907 3212 atrox
1935 3158 2137 3215 bellum

2243 1956 2426 2013 postea
2450 1960 2478 1998 a
2506 1942 2674 1999 Saule
2704 1952 3035 2011 assumptus,
3064 1942 3207 1995 inter
3232 1941 3519 1995 ministros
3549 1937 3731 2008 regios
3760 1937 3849 1991 lia-

2241 2037 2487 2093 bebatnr.
2530 2036 2646 2104 Qua
2678 2045 3005 2105 tempeSIate
3054 2033 3345 2103 allophylis
3392 2041 3557 2103 atque
3609 2030 3852 2085 llebra'is

2238 2130 2383 2185 bello
2412 2129 2799 2200 flagrantibus,
2849 2144 2971 2183 cum
3019 2144 3083 2182 ex
3116 2128 3349 2182 adverso
3390 2127 3537 2181 acies
3568 2126 3849 2182 constitis-

2240 2234 2383 2287 sent,
2413 2224 2631 2281 Goliath
2654 2224 2875 2294 quidam
2907 2239 2974 2278 ex
3004 2223 3318 2295 allophylis,
3348 2222 3430 2276 vir
3460 2223 3613 2276 mira:
3639 2222 3847 2292 magni~

2242 2318 2446 2373 tudinis
2488 2327 2546 2374 et
2597 2319 2844 2383 roboris,
2877 2332 3099 2373 suorum
3135 2316 3358 2370 ordines
3394 2324 3848 2384 praetergressus,

2241 2412 2515 2468 ferocibus
2548 2412 2728 2468 verbis
2761 2413 2960 2480 probra
2991 2411 3043 2465 in
3068 2409 3253 2464 hostes
3275 2408 3487 2479 jaciens
3518 2408 3849 2479 singularem

2244 2523 2473 2579 pugnam
2525 2506 2724 2562 ciebat.
2774 2506 2910 2560 Tum
2962 2521 3057 2559 rex
3112 2520 3303 2575 magna
3354 2504 3579 2573 praemia
3625 2513 3680 2557 et
3724 2503 3849 2557 lilia:

2242 2602 2460 2671 nuptias
2489 2598 2779 2669 desitondit
2801 2640 2817 2666 ,
2851 2598 2896 2652 si
2928 2599 3048 2668 quis
3077 2600 3427 2668 provocantis
3467 2597 3640 2666 spolia
3698 2605 3848 2652 retu-

2243 2693 2396 2748 lisset
2429 2713 2441 2745 :
2472 2693 2567 2748 sed
2598 2706 2755 2746 nemo
2791 2708 2856 2746 ex
2892 2702 3041 2744 tanto
3077 2692 3289 2761 agmine
3337 2688 3561 2759 aggredi
3590 2689 3843 2745 audebat.

2243 2785 2412 2856 Igitur
2438 2785 2611 2839 David
2641 2784 2943 2840 etiamnum
2981 2798 3134 2851 puer,
3169 2798 3362 2852 pugna}
3390 2797 3451 2837 se
3487 2781 3679 2835 obtulit
3715 2796 3727 2834 :
3760 2797 3846 2835 re-

2240 2882 2508 2953 jectisque
2555 2878 2744 2944 armis,
2794 2877 2993 2948 quibus
3042 2878 3251 2930 iniit-ma
3302 2884 3436 2931 a-tas
3489 2874 3843 2945 graVabatur,

2243 2973 2392 3045 virga
2426 2984 2635 3026 tantum
2667 2981 2717 3024 et
2760 2974 2998 3040 quinque
3041 2968 3312 3037 lapidibus
3347 2970 3601 3036 sumptis,
3624 2968 3680 3023 in
3711 2984 3849 3037 prze—

2245 3066 2376 3121 lium
2417 3067 2723 3133 processit:
2755 3064 3040 3133 primoque
3087 3063 3213 3124 ictu,
3246 3062 3413 3117 misso
3453 3060 3617 3117 funda
3646 3060 3844 3129 lapide,

2244 3160 2582 3231 allophylum
2631 3159 2862 3228 perculit
2895 3176 2907 3210 :
2942 3166 3104 3226 eaput
3133 3157 3257 3211 victi
3288 3167 3341 3213 et
3371 3156 3547 3225 spolia
3579 3155 3803 3213 abstulit
3832 3173 3844 3209 ι

542 3258 815 3303 exortum.
849 3250 1053 3305 Locum
1076 3252 1339 3306 exercitui
1368 3252 1438 3305 ad
1466 3251 1906 3306 conveniendum
1935 3251 2064 3307 Saul
2085 3252 2139 3305 in
2167 3260 2213 3323 (ς
2244 3256 2480 3326 gladiqu
2515 3265 2696 3323 postea
2728 3252 2782 3307 in
2814 3252 3076 3322 templum
3110 3250 3325 3320 posuit;
3354 3250 3617 3321 allopbyli
3664 3261 3847 3307 autem

540 3344 783 3413 (lalgalis
812 3348 1174 3399 constituerat
1211 3363 1223 3399 :
1257 3353 1315 3399 et
1356 3360 1482 3401 cum
1514 3359 1611 3413 per
1650 3352 1861 3412 septem
1890 3345 2011 3399 dies
2042 3344 2141 3400 Sa-

539 3437 774 3491 tuttelctn
796 3440 1260 3507 opperitusesset,
1283 3450 1341 3493 ut
1362 3439 1691 3495 sacriﬁcium
1714 3439 1942 3495 Domitio
1964 3441 2136 3504 fieret;

542 3528 796 3582 tardante
827 3530 943 3596 illo,
975 3545 1098 3585 eum
1132 3533 1367 3600 populus
1389 3531 1755 3595 dilaberetur,
1779 3531 1967 3587 illicita
2003 3547 2137 3600 pric-

539 3624 852 3690 sumptione
907 3638 999 3676 rex
1054 3624 1121 3677 ad
1171 3628 1344 3679 vicem
1401 3624 1706 3679 sacerdotis
1759 3624 2138 3678 holocaustum

541 3717 759 3770 obtulit.
788 3718 1123 3783 iiinltumque
1145 3735 1175 3771 a
1190 3718 1447 3773 Samuele
1471 3720 1786 3789 increpitus,
1816 3733 1934 3773 sera
1952 3731 2143 3785 pecca-

542 3824 659 3863 lttttt
690 3812 1016 3881 pauitantia
1062 3811 1351 3868 fatebatur.
1403 3812 1574 3883 Igitur
1624 3828 1686 3868 es
1723 3818 1951 3883 peccato
1998 3810 2141 3879 regis

544 3917 727 3963 metus
762 3923 983 3964 onmem
1032 3909 1335 3964 exercitum
1388 3916 1708 3980 pervaserat
1738 3925 1751 3960 :
1778 3918 1961 3963 castra
2004 3905 2137 3963 lies-

543 4000 685 4055 tium
728 4002 866 4056 haud
918 4004 1077 4073 longe
1122 4005 1224 4059 sita
1279 4018 1522 4073 praesens
1554 4002 1858 4071 periculum
1886 3999 2144 4057 ostende-

542 4094 679 4149 bant
701 4114 715 4149 ς
740 4111 917 4165 neque
944 4097 1196 4166 cuiquam
1230 4097 1467 4152 exeundi
1513 4094 1573 4150 in
1602 4096 1850 4165 pradiqu
1894 4095 2140 4149 animus:

548 4190 729 4259 plures
756 4190 1012 4261 lacrym
1036 4199 1093 4245 et
1122 4191 1362 4245 latebras
1396 4189 1738 4259 petiverant;
1770 4203 1895 4243 nam
1945 4196 2147 4254 praeter

542 4284 969 4339 imbecillitatem
1012 4284 1345 4350 animorum,
1398 4283 1493 4354 qui
1526 4282 1762 4337 alienum
1803 4295 1834 4337 a
1860 4294 1919 4335 se
1962 4279 2144 4339 Domi-

544 4396 675 4435 num
716 4379 916 4435 delicto
947 4380 1094 4451 regis
1132 4379 1566 4443 arbitrabantur,
1600 4376 1656 4431 in
1706 4376 1939 4431 maxima
1974 4372 2147 4429 ferra-

546 4484 865 4530 mentorum
925 4474 1108 4542 inopia
1156 4472 1434 4530 exereitus
1483 4482 1632 4535 erat;
1667 4471 1812 4527 adeo
1863 4478 1921 4525 ut
1947 4477 2149 4538 praeter

544 4568 673 4623 Saul
702 4577 754 4619 et
773 4565 1049 4619 Jonathan
1076 4564 1251 4618 ﬁlium
1281 4566 1421 4633 ejus,
1448 4578 1611 4617 nemo
1631 4561 1873 4630 gladium
1902 4571 1996 4615 aut
2027 4561 2147 4616 lau-

2242 3364 2437 3404 omncs
2460 3349 2512 3403 io
2549 3348 2727 3419 fugam
2759 3350 2931 3413 versi,
2978 3348 3261 3401 victoriam
3298 3361 3651 3403 concessere.
3684 3346 3792 3403 Sed
3820 3361 3851 3402 θ

2242 3444 2443 3517 praelia
2470 3446 2727 3503 reversis,
2781 3442 2982 3496 multus
3011 3440 3153 3496 circa
3193 3439 3363 3494 David
3391 3440 3544 3494 favor
3591 3439 3851 3495 invidiam

2242 3539 2387 3608 regis
2412 3536 2771 3590 accendi-rat:
2800 3535 2999 3587 timens
3026 3544 3206 3589 autem
3240 3544 3349 3588 tam
3376 3548 3563 3587 earum
3595 3533 3855 3589 omnbus

2241 3645 2364 3685 cum
2397 3627 2601 3681 invidia
2627 3634 2683 3681 et
2726 3626 2969 3695 pernicie
3001 3640 3220 3689 necare,
3265 3624 3367 3681 sub
3411 3625 3597 3693 specie
3630 3623 3856 3683 honoris

2242 3722 2522 3789 objectare
2544 3736 2668 3774 eum
2694 3719 2948 3789 periculis
2976 3719 3185 3772 statuit.
3211 3717 3288 3771 Ac
3317 3719 3549 3786 primum
3572 3717 3857 3779 tribunum

2244 3831 2368 3871 eum
2400 3815 2624 3879 fecerat,
2675 3824 2730 3867 ut
2766 3828 2877 3867 rem
2907 3811 3161 3867 bellicam
3191 3820 3447 3875 curaret;
3476 3808 3625 3876 inde,
3655 3827 3780 3867 cum
3803 3812 3855 3868 ei

2246 3908 2408 3962 filiam
2443 3906 2856 3976 spopondisset,
2890 3905 3049 3961 fidem
3080 3904 3273 3973 fregit,
3304 3918 3537 3972 eamque
3559 3904 3722 3960 alteri
3754 3912 3855 3965 tra-

2243 4000 2398 4055 didit.
2438 3997 2559 4053 Mox
2602 3997 2709 4052 lilia
2752 3998 2896 4068 regis
2924 4006 3057 4051 natu
3086 3996 3287 4061 mittor,
3332 3994 3576 4053 Melchol
3609 3998 3853 4064 nomine,

2246 4105 2433 4145 amore
2474 4089 2643 4146 David
2674 4089 2908 4160 flagrare
2947 4098 3255 4159 occeperat
3289 4105 3303 4154 ;
3336 4089 3498 4159 igitur
3540 4092 3857 4163 nuptiarum

2248 4184 2367 4255 ejus
2402 4184 2711 4241 istiusmodi
2762 4184 3129 4240 conditionem
3191 4184 3494 4255 proponit:
3528 4187 3574 4241 si
3636 4201 3855 4243 comunt

2250 4279 2511 4350 praeputia
2544 4279 2708 4334 David
2749 4296 2815 4335 ex
2846 4278 3092 4334 hosdbus
3122 4279 3430 4345 retulisset,
3460 4281 3665 4350 regiam
3698 4283 3859 4353 virgi-

2252 4389 2376 4428 nem
2408 4373 2755 4431 matrimonio
2776 4372 2925 4427 illius
2959 4388 3244 4429 cessuram
3276 4392 3288 4430 :
3316 4378 3569 4447 sperabat
3592 4376 3739 4432 enim
3767 4377 3856 4446 ju-

2252 4480 2444 4521 venem
2497 4469 2801 4535 periculosa
2844 4466 3134 4525 audentem
3186 4468 3346 4526 facile
3396 4471 3718 4540 periturum.
3751 4470 3855 4526 Sed

2253 4560 2413 4630 longe
2441 4562 2597 4616 aliter
2630 4577 2692 4618 ac
2715 4571 2863 4617 ratus
2887 4575 3028 4628 erat,
3058 4566 3239 4620 evenit
3272 4582 3283 4616 :
3317 4581 3443 4620 nam
3476 4576 3530 4619 ut
3558 4578 3857 4635 proposue-

543 4673 699 4713 ceam
751 4656 1006 4711 habuisse
1049 4656 1335 4712 tradatur:
1372 4671 1498 4709 nam
1549 4654 1811 4723 allophyli
1856 4654 2146 4722 superiore
2175 4660 2226 4720 ι)
2253 4663 2354 4718 rat,
2388 4653 2623 4723 impigre
2656 4654 2822 4709 David
2873 4665 3090 4710 centum
3142 4657 3401 4727 pravputii
3446 4673 3509 4713 ex
3562 4658 3859 4728 allopbylis

545 4750 697 4805 bello
736 4748 972 4802 victores
1041 4761 1200 4802 usum
1264 4746 1511 4802 Hebraeis
1570 4746 1919 4812 ademerant,
1971 4760 2151 4815 neque

542 4844 801 4912 cuiquam
824 4840 1153 4896 conficiandi
1176 4840 1265 4894 teli
1289 4839 1475 4895 bellici
1498 4847 1593 4894 aut
1616 4840 1803 4897 rustici
1823 4841 2147 4897 ferramenti

544 4945 796 5006 potestas
825 4932 1023 4988 fuerat.
1056 4932 1224 5002 Igitur
1248 4930 1484 4988 Jouatlia
1513 4932 1707 4989 audaci
1734 4932 1996 4997 consilio,
2026 4935 2148 4993 solo

546 5031 825 5099 armigero
852 5044 954 5083 suo
984 5028 1187 5082 comite
1224 5036 1405 5083 castra
1438 5027 1676 5087 hostium
1712 5027 2017 5098 ingressus,
2070 5030 2149 5086 vi-

547 5122 685 5194 εἱειιὶ
715 5122 829 5175 fere
857 5136 922 5176 ex
956 5119 1206 5176 hostibus
1232 5121 1596 5191 interemptis,
1631 5121 1945 5179 universum
1990 5139 2152 5183 exer-

549 5218 723 5272 citum
768 5226 985 5269 terrore
1031 5215 1365 5283 perculerat.
1418 5214 1555 5271 Tum
1586 5229 1718 5271 vero
1758 5223 1889 5275 ttutu
1949 5215 2041 5272 Dei
2094 5219 2147 5274 in

549 5310 737 5380 fugam
767 5307 937 5370 versi,
973 5321 1083 5367 non
1107 5308 1351 5378 imperia
1375 5309 1626 5379 exsequi,
1659 5324 1765 5364 neu
1798 5308 2022 5367 ordines
2051 5312 2152 5371 (tb-

548 5415 791 5463 servare,
837 5414 1000 5452 omne
1030 5400 1347 5466 praesidium
1378 5401 1431 5454 in
1465 5400 1694 5469 pedibus
1722 5402 1927 5460 habere
1954 5419 1968 5457 :
2000 5404 2145 5473 quod

546 5494 637 5548 ubi
665 5492 791 5548 Saul
818 5492 1223 5561 animadvertit,
1249 5494 1361 5550 suis
1386 5510 1614 5565 propere
1632 5496 1842 5555 eductis
1874 5498 2146 5569 fugientes

549 5594 889 5653 persecutus,
921 5585 1151 5643 victoria
1181 5589 1381 5654 potitus
1411 5599 1515 5645 est.
1548 5589 1626 5645 Eo
1654 5589 1744 5649 die
1783 5604 1877 5646 rex
1908 5590 2147 5647 edixisse

551 5682 805 5744 traditur,
859 5698 927 5737 ne
967 5682 1111 5751 quis,
1162 5685 1265 5740 nisi
1310 5683 1571 5742 confectis
1640 5685 1909 5750 hostibus,
1965 5686 2147 5747 cibum

550 5785 773 5845 caperet
806 5777 941 5832 :sed
992 5776 1225 5835 Jonatha
1284 5780 1682 5837 interdictionis
1745 5782 1863 5850 ejus
1913 5782 2147 5848 inscius,

549 5867 673 5927 favo
702 5878 940 5943 reperto,
995 5873 1164 5931 tincto
1214 5876 1421 5947 spiculo
1468 5876 1575 5932 tnel
1605 5876 2005 5949 degustaverat.
2040 5872 2147 5931 Sed

2254 4746 2469 4813 retulit;
2503 4758 2668 4818 atque
2702 4748 2774 4807 ita
2814 4750 2959 4821 regis
3001 4750 3164 4807 tiliam
3195 4753 3246 4806 in
3297 4751 3713 4809 matrimonium
3764 4768 3856 4807 ac-

2251 4840 2417 4909 cepit.

2325 4935 2538 4992 XXXV.
2572 4936 2869 4995 Crescebat
2895 4939 2948 4996 in
2976 4939 3093 4994 dies
3134 4939 3189 4994 in
3224 4955 3346 4995 eum
3373 4939 3517 5010 regis
3547 4940 3733 4995 odium
3759 4939 3850 4995 sti-

2251 5030 2491 5087 mulante
2517 5031 2721 5087 invidia
2756 5034 2919 5102 :quia
2948 5032 3122 5088 bonos
3165 5047 3387 5101 semper
3416 5033 3545 5087 mali
3582 5034 3856 5090 insectan-

2251 5135 2370 5189 tur;
2399 5125 2561 5193 igitur
2588 5126 2851 5183 ministris
2882 5135 2937 5181 et
2963 5124 3212 5181 Jouatlttc
3242 5126 3351 5179 ﬁlio
3386 5128 3711 5196 imperavit,
3738 5128 3859 5184 vita:

2249 5218 2371 5288 ejus
2402 5226 2459 5272 ut
2484 5219 2708 5275 insidias
2740 5230 3013 5289 pararent.
3039 5217 3145 5273 Sed
3176 5217 3429 5275 Jonatbre
3472 5236 3636 5277 carus
3664 5238 3859 5291 accep-

2245 5314 2570 5383 tusqueij
2596 5312 2719 5369 inde
2746 5310 3060 5381 aprincipio
3082 5310 3249 5366 David
3282 5311 3463 5373 fuerat
3498 5330 3512 5368 :
3549 5316 3732 5386 itaque
3767 5330 3859 5373 rex

2250 5404 2550 5474 increpitus
2578 5421 2607 5461 a
2641 5406 2773 5469 lilio,
2803 5415 3087 5460 cruentum
3119 5404 3411 5474 imperium
3436 5410 3721 5475 repressit.
3756 5410 3861 5468 Sed

2253 5514 2359 5553 non
2393 5497 2482 5551 ditt
2509 5498 2955 5563 malibouisunt;
2994 5513 3117 5555 nam
3138 5513 3261 5553 cum
3292 5501 3483 5570 spiritu
3513 5506 3719 5560 erroris
3734 5506 3862 5561 Saul

2253 5590 2613 5658 aflligeretur,
2648 5591 2807 5659 eique
2852 5589 3019 5646 David
3053 5592 3337 5648 assisteret
3366 5592 3575 5648 cithara
3609 5596 3865 5653 laboran-

2258 5693 2367 5739 tem
2396 5681 2696 5748 deliuieus,
2754 5682 2942 5739 lancea
2975 5700 3100 5741 eum
3132 5686 3295 5741 ferire
3326 5694 3559 5742 conatus
3588 5700 3707 5754 est,
3759 5690 3865 5747 nisi

2251 5775 2346 5829 ille
2375 5774 2631 5829 letltalem
2662 5777 2826 5831 ictum
2854 5792 3085 5849 propere
3113 5778 3460 5836 declinasset.
3509 5781 3728 5841 Exinde
3754 5785 3865 5857 jam

2256 5884 2363 5927 non
2392 5870 2623 5942 occulte,
2651 5872 2745 5933 sed
2781 5875 2954 5946 palam
2986 5873 3035 5939 ei
3065 5887 3254 5935 necem
3281 5875 3509 5953 parabat
3540 5892 3554 5933 :
3588 5894 3697 5940 nec
3722 5880 3863 5945 ultra
