4106 6344
237 345 343 409 117

1486 341 1809 413 ηιδτοωλ
1847 340 2098 408 BAGRA.
2141 346 2271 409 LIB.
2312 350 2353 406 1.

3466 360 3577 424 118

231 472 294 525 se
319 455 497 517 David
529 456 653 528 regi
684 454 944 519 credidit.
974 456 1054 517 Ac
1092 454 1327 525 primum
1369 452 1604 526 fugiens,
1653 453 1723 517 ad
1767 453 1867 519 Sa-
1892 461 1940 519 Α
1970 454 2099 517 dote
2119 468 2301 527 natus,
2335 460 2626 521 admodum
2656 477 2823 527 senex
2856 466 3162 531 sacerdotio
3183 468 3399 530 fttuetus
3435 474 3581 529 τετε-ι

233 550 481 624 muelem
506 564 573 604 se
616 547 865 607 contulit
896 565 908 601 :
940 546 1063 607 inde
1095 546 1162 611 ad
1196 544 1511 609 Abimeleeh
1532 587 1547 613 ,
1583 557 1865 615 postremo

234 641 303 705 ad
337 656 529 711 regem
559 640 735 699 Moab
763 639 1041 710 confugit;
1080 654 1204 695 mox
1236 654 1333 709 per
1384 636 1498 693 Gad
1546 635 1862 709 pmphetam

231 736 501 800 monitus,
538 735 595 789 in
627 744 837 790 terram
878 733 1029 789 inda:
1064 747 1363 804 regressus,
1407 731 1531 785 vita:
1561 730 1865 803 periculum

232 831 383 887 adiit.
414 830 492 884 Ea
526 837 875 899 tempestate
902 827 1028 884 Saul
1059 826 1371 882 Abimelech
1410 824 1747 880 sacerdotem
1782 823 1863 877 in-

232 923 477 987 teremit,
509 922 667 992 quod
710 921 882 977 David
913 920 1213 990 recepisset
1240 935 1252 973 :
1282 928 1479 974 etcum
1504 931 1570 971 ex
1600 914 1863 970 ministris

227 1017 395 1088 regiis
428 1031 603 1072 nemo
650 1016 705 1069 in
754 1014 1097 1071 sacerdotem
1130 1028 1323 1068 manus
1372 1010 1575 1067 inferre
1601 1010 1859 1076 auderet,

227 1110 378 1183 Doeg
419 1110 605 1182 Syrus
648 1116 949 1165 cruentum
1002 1108 1370 1167 ministerium
1422 1114 1716 1161 exsecutus
1757 1112 1858 1158 est.

227 1202 359 1265 Post
381 1202 434 1258 id
458 1202 641 1263 David
670 1202 957 1263 desertum
984 1202 1157 1273 petiit.
1186 1200 1315 1265 lilttc
1340 1215 1557 1271 quoque
1588 1213 1713 1257 eum
1735 1197 1863 1263 Saul

228 1304 557 1368 persecutus
588 1304 681 1353 est
710 1314 723 1350 :
752 1295 849 1350 sed
879 1294 1022 1350 inani
1064 1309 1230 1364 Opera
1262 1292 1382 1363 ejus
1409 1290 1635 1355 exitium
1665 1289 1857 1345 molie-

226 1388 407 1454 batur,
456 1404 630 1460 quem
670 1388 943 1445 Dominus
991 1385 1331 1459 protegebat.
1370 1385 1499 1439 Erat
1548 1386 1600 1438 in
1644 1384 1861 1438 deserto

225 1484 489 1554 spelunca
518 1492 694 1564 vasto
719 1499 939 1539 recessu
964 1493 1172 1553 patens,
1199 1481 1256 1537 in
1283 1479 1439 1551 ltujus
1470 1480 1731 1535 interiora
1760 1479 1861 1541 Da-

227 1576 313 1629 vid
343 1592 402 1630 se
431 1578 793 1645 coniecerat.
840 1575 969 1631 Saul
1001 1574 1248 1630 nesciens
1297 1574 1349 1628 in
1382 1573 1557 1643 primo
1588 1574 1859 1643 speluncae

227 1670 371 1727 aditu
409 1671 717 1728 reficiendi
752 1670 1000 1741 corporis
1047 1672 1221 1739 gratia
1271 1677 1643 1734 successerat,
1677 1666 1859 1738 ibique

228 1777 416 1817 Somno
446 1772 655 1831 captus
691 1763 1094 1833 requiescebat;
1123 1761 1266 1832 quod
1293 1761 1379 1823 ubi
1416 1760 1585 1815 David
1613 1760 1857 1816 animad-

1970 560 2141 611 ratur.
2165 552 2212 617 Α
2237 556 2511 613 nonnullis
2536 566 2717 615 tamen
2740 560 2829 628 qui
2854 560 2919 619 de
2947 562 3282 629 temporibus
3306 564 3573 634 scripsere

1970 645 2120 715 (quia
2148 663 2279 704 vere
2301 649 2435 703 nihil
2458 650 2526 707 de
2548 653 2665 721 ejus
2690 652 2845 708 annis
2869 667 3025 715 sacra
3056 654 3281 709 historia
3312 657 3581 730 signavit),

1969 755 2072 797 Lxx
2100 742 2258 797 annis
2300 743 2585 813 praefuisse
2618 746 2819 815 populo,
2849 746 3087 803 refertur
3121 765 3133 800 :
3162 747 3259 803 sed
3288 750 3431 805 unde
3455 750 3573 813 hac

1967 835 2259 888 auctoritas
2290 833 2455 892 fuerit
2485 851 2785 907 assumpta,
2820 854 2925 895 non
2959 841 3156 909 reperi.
3185 842 3294 905 Nos
3324 842 3383 901 iu
3422 851 3569 909 tanta

1966 923 2171 980 erroris
2228 928 2421 997 copia,
2487 927 2885 995 Chronicorum
2934 934 3341 997 annotationem
3396 936 3573 1003 secuti

1970 1016 2117 1088 (quia
2140 1034 2261 1075 eam
2289 1036 2357 1077 ex
2398 1021 2788 1093 Apostolorum
2833 1026 3088 1092 Actibus,
3138 1028 3278 1084 sicut
3322 1030 3574 1097 superius

1966 1115 2411 1184 memoravimus,
2440 1117 2738 1186 profectam
2776 1120 3128 1192 arbitramur)
3158 1123 3467 1179 Samuelem
3518 1134 3574 1181 et

1967 1204 2191 1261 Saulem
2221 1223 2288 1263 xi.
2315 1224 2490 1265 annos
2523 1212 2885 1283 principatum
2908 1213 3089 1283 egisse
3115 1214 3422 1273 referimus.

2038 1301 2307 1357 XXXVII.
2343 1305 2473 1361 Saul
2503 1318 2807 1378 perempto,
2840 1308 3007 1371 David
3040 1310 3091 1363 in
3123 1318 3267 1364 terra
3312 1309 3566 1383 allophy-

1965 1394 2167 1462 lorum,
2195 1397 2405 1465 perlato
2428 1398 2493 1453 ad
2518 1415 2577 1454 se
2593 1401 2785 1454 mortis
2799 1400 2918 1469 ejus
2942 1400 3155 1466 nuntio,
3184 1402 3323 1459 miro
3353 1403 3587 1472 pietatis.

1964 1490 2218 1560 exemplo
2232 1490 2446 1548 flevisse
2469 1494 2719 1555 traditur.
2750 1494 2888 1549 Tum
2909 1494 3167 1551 Chebron
3190 1494 3397 1552 Iuda-az
3415 1498 3572 1569 oppi—

1963 1583 2091 1637 dnm
2126 1584 2301 1653 petiit.
2333 1584 2411 1639 lbi
2441 1602 2655 1647 rursum
2686 1587 2857 1657 regali
2903 1596 3182 1657 unguento
3226 1588 3422 1655 illitus,
3470 1606 3566 1655 rex

1963 1678 2272 1747 appellatus
2294 1689 2377 1735 est
2401 1697 2413 1731 :
2444 1680 2539 1735 sed
2572 1680 2781 1747 Abner,
2810 1681 2901 1751 qui
2928 1683 3182 1751 magister
3204 1682 3411 1737 militiae
3437 1681 3567 1739 Saul

1964 1770 2109 1841 regis
2139 1770 2338 1839 fuerat,
2367 1780 2551 1843 spreto
2581 1773 2772 1841 David,
2798 1773 2973 1830 Isbaal
3006 1775 3147 1845 regis
3166 1779 3248 1830 sui
3279 1775 3448 1839 filium
3483 1791 3566 1834 re-

227 1856 419 1921 vertit,
453 1854 825 1910 hortantibus
857 1853 1068 1909 cuni-tis
1118 1864 1174 1907 ιιι
1219 1855 1628 1925 opportunitate
1671 1864 1853 1909 utere-
1886 1883 1934 1942 Β
1961 1879 2081 1934 gem
2109 1866 2413 1927 constituit.
2438 1865 2660 1921 Crebris
2680 1865 2879 1923 deinde
2902 1867 3110 1936 prmliis
3128 1869 3268 1923 inter
3283 1867 3453 1931 duces
3478 1882 3567 1925 re-

228 1958 334 2013 tur,
380 1949 666 2004 ab5tinuit
714 1948 864 2020 regis
915 1949 1081 2004 exitio
1110 1965 1122 2001 :
1155 1947 1452 2017 diploidem
1506 1956 1687 2003 tamen
1738 1948 1855 2019 ejus

224 2043 467 2099 abstulit.
514 2042 647 2098 Mox
676 2057 960 2114 egressus,
992 2053 1109 2107 tuto
1134 2042 1347 2101 eminus
1376 2043 1497 2099 loco
1527 2056 1556 2094 a
1586 2050 1739 2113 tergo
1771 2058 1855 2096 re-

223 2153 342 2210 gem
365 2139 649 2195 allocutus
674 2150 786 2205 εει,
818 2152 918 2192 sua
949 2138 999 2192 iit
1028 2138 1181 2193 illum
1212 2152 1656 2192 commemorans
1683 2138 1852 2193 bene.

224 2234 356 2301 ficia,
387 2235 454 2290 Ut
488 2250 648 2305 swpe
684 2252 785 2306 pro
816 2250 984 2304 regno
1033 2235 1150 2304 ejus
1183 2244 1348 2305 caput
1378 2235 1637 2305 periculis
1670 2233 1855 2304 objec-

225 2340 408 2395 tasset,
437 2342 617 2401 utque
648 2339 939 2402 postremo
986 2331 1240 2401 pra-senti
1288 2340 1533 2405 tempore
1560 2343 1590 2391 a
1626 2328 1854 2385 Domino

223 2426 318 2480 sibi
350 2426 626 2483 traditum
679 2427 1003 2489 interimere
1034 2427 1317 2482 uoluisset.
1349 2426 1429 2491 Ad
1469 2425 1588 2495 hmo
1636 2426 1852 2499 culpam

222 2517 345 2574 Saul
376 2520 549 2575 fateri
571 2561 586 2584 ,
619 2521 845 2581 veniam
893 2520 1130 2590 precari,
1163 2520 1430 2592 lacrymas
1460 2518 1710 2585 fundere,
1742 2520 1853 2591 pie-

221 2620 374 2667 tatem
396 2613 573 2667 David
593 2614 893 2677 extollere,
922 2613 1177 2667 malitiam
1194 2628 1345 2667 suam
1370 2613 1645 2680 incusare,
1669 2628 1847 2684 regem

219 2722 334 2761 eum
362 2720 421 2763 et
452 2706 631 2763 filium
653 2708 964 2778 appellans.
999 2707 1231 2767 Tantum
1260 2724 1330 2766 ex
1356 2710 1525 2773 feroci
1554 2708 1647 2767 illo
1667 2709 1850 2763 animo

220 2811 507 2867 mutatum,
533 2801 807 2858 crederes
832 2800 964 2861 nihil
982 2801 1125 2859 ultra
1147 2801 1439 2858 adversum
1462 2817 1724 2874 generum
1753 2817 1850 2857 au-

218 2896 433 2952 Surutn.
454 2896 573 2953 Sed
596 2896 797 2963 David,
820 2896 913 2966 qui
929 2896 1166 2967 penitius
1191 2896 1471 2967 ingenium
1494 2897 1619 2955 ntali
1636 2908 1848 2967 specta-

224 3001 331 3045 tum
356 2991 988 3061 haberetetcognitnm,
1020 2992 1152 3045 nihil
1181 2994 1292 3063 regi
1316 2992 1650 3049 credendum
1673 3000 1844 3058 ratus,

224 3087 361 3147 intra
390 3102 643 3145 eremum
666 3102 730 3144 se
759 3087 1094 3147 continebat.
1121 3087 1254 3141 Saul
1283 3102 1478 3145 vecors
1507 3088 1696 3153 animi,
1721 3087 1847 3156 quia

220 3179 738 3251 comprehendendi
784 3196 1047 3249 generum
1084 3188 1327 3250 potestas
1356 3198 1465 3237 nott
1497 3190 1632 3247 erat,
1680 3181 1848 3245 tiliam

1957 1973 2085 2027 gum
2103 1972 2431 2015 concursum
2457 1978 2469 2015 :
2488 1959 2672 2030 pulsus
2691 1960 2876 2014 Abner
2891 1959 3121 2030 saepius;
3146 1959 3369 2025 fratrem
3388 1972 3567 2027 tamen

1956 2045 2112 2110 Joab,
2138 2049 2227 2119 qui
2252 2065 2317 2105 ex
2359 2061 2513 2121 parte
2554 2051 2726 2115 David
2764 2052 3031 2115 exercitui
3066 2062 3328 2123 praeerat,
3359 2053 3568 2127 fugiens

1958 2143 2192 2211 peremit
2214 2158 2229 2207 ;
2249 2157 2357 2212 quo
2385 2143 2573 2199 dolore
2604 2152 2791 2215 postea
2821 2142 2982 2212 J0ab,
3016 2160 3137 2209 cum
3168 2162 3229 2202 se
3258 2145 3445 2202 Abner
3465 2147 3569 2207 Da-

1956 2234 2049 2289 vid
2080 2234 2196 2305 regi
2220 2235 2483 2302 dedisset,
2504 2236 2882 2308 jugularieum
2912 2239 3173 2309 praecepit
3202 2255 3308 2293 non
3336 2240 3454 2303 sine
3471 2238 3567 2297 do-

1955 2326 2073 2381 lore
2097 2326 2258 2399 regis,
2279 2327 2432 2397 cujus
2448 2327 3030 2395 fidemcruentaverat.
3063 2329 3166 2384 Per
3186 2330 3329 2385 idem
3357 2340 3569 2401 tempus

1956 2433 2147 2475 omnes
2198 2421 2309 2475 fere
2348 2430 2475 2476 natu
2509 2421 2749 2490 majores
2801 2422 3155 2477 Hebraeorum
3190 2424 3412 2495 publico
3439 2438 3569 2481 con-

1954 2528 2120 2569 sensu
2163 2528 2390 2583 regnum
2432 2515 2484 2577 ei
2517 2515 2683 2583 totius
2719 2514 2905 2585 gentis
2940 2498 3287 2589 detulerunt;
3315 2532 3446 2581 nam
3472 2532 3568 2587 per

1955 2617 2164 2677 septem
2210 2623 2384 2669 annos
2435 2609 2487 2667 itt
2521 2608 2776 2671 Chebron
2831 2619 3040 2673 tantum
3090 2621 3435 2685 regnaverat.
3489 2612 3567 2677 Ita

1954 2702 2116 2756 tertio
2142 2716 2235 2757 rex
2262 2704 2503 2772 ungitur,
2531 2717 2803 2759 annorum
2821 2703 3044 2767 circiter
3072 2720 3179 2769 xxx
3204 2725 3216 2760 :
3244 2704 3573 2781 Allophylos

1953 2794 2005 2857 in
2036 2810 2263 2865 regnum
2283 2794 2557 2859 irruentes
2580 2794 2837 2853 secundis
2862 2797 3067 2867 pratliis
3082 2798 3305 2867 repulit.
3324 2796 3404 2863 Ea,
3430 2809 3565 2865 leut-

1954 2896 2163 2955 pestate
2186 2902 2367 2943 arcam
2397 2887 2649 2955 Domini,
2683 2904 2801 2957 qua:
2838 2888 2892 2941 in
2920 2888 3307 2963 Cariathjarirn
3340 2889 3567 2967 oppido,

1953 2992 2010 3035 ut
2039 2996 2202 3051 supra
2235 2982 2542 3048 retulimus,
2572 2988 2721 3047 erat,
2751 2981 2802 3043 in
2829 2980 2958 3037 Sion
2995 2984 3301 3047 transtulit:
3326 2999 3565 3065 cumque

1951 3076 2225 3132 mdificare
2258 3076 2486 3133 Domino
2518 3077 2778 3148 templum
2822 3080 2876 3141 in
2918 3078 3103 3141 animo
3131 3078 3360 3141 haberet
3376 3121 3399 3151 ,_
3425 3082 3563 3145 divi-

1951 3187 2077 3227 num
2103 3170 2151 3225 ei
2185 3185 2512 3240 responsum
2548 3169 2851 3235 redditum,
2886 3168 3097 3233 Semini
3123 3170 3272 3233 illius
3299 3172 3350 3227 id
3382 3188 3561 3235 reser-

219 3287 368 3341 εμςηη
403 3274 649 3337 malcho]
681 3274 877 3340 David,
930 3284 989 3335 ur
1033 3290 1195 3344 supra
1245 3278 1552 3345 retulimus,
1585 3285 1842 3346 nuptam,
1871 3287 1915 3349 Ο
1953 3263 2086 3318 vari.
2124 3262 2278 3316 Bello
2300 3262 2498 3317 deinde
2528 3262 2835 3335 aIIOphylos
2859 3262 3103 3333 domuit,
3136 3263 3406 3319 Moabitas
3430 3265 3560 3333 sub-

220 3366 454 3433 I’haltint
487 3368 718 3427 cuidam
758 3368 811 3422 in
845 3368 1259 3425 matrimonium
1289 3367 1459 3425 dedit.

287 3462 540 3527 XXXVI.
574 3462 750 3525 David
774 3462 839 3517 ad
865 3461 1177 3533 alluithylos
1208 3463 1471 3533 confugit.
1508 3462 1584 3523 Ea
1611 3472 1846 3532 tempes-

222 3565 327 3619 tate
358 3556 591 3621 Samttel
625 3556 776 3611 diem
792 3554 1008 3615 functus
1029 3565 1131 3610 est.
1162 3554 1289 3610 Saul
1312 3555 1610 3627 allophylis
1644 3554 1842 3613 bellum

221 3649 590 3711 inferentibus
616 3648 911 3705 Dominum
942 3648 1201 3715 consulit,
1233 3649 1550 3718 nullumque
1578 3657 1663 3711 est
1684 3649 1735 3705 ci
1762 3664 1845 3703 re-

219 3758 485 3812 sponsum
504 3741 963 3807 redditutn.'l‘utn
995 3758 1090 3810 per
1112 3742 1422 3807 mulierem,
1450 3748 1607 3811 cujus
1636 3742 1845 3803 viscera

221 3834 447 3904 Spiritus
468 3834 684 3901 erroris
700 3832 1043 3902 impleverat,
1076 3831 1385 3901 Samuelem
1411 3844 1698 3893 evoratutn
1716 3848 1845 3887 con-

222 3928 372 3993 suiit.
392 3928 617 3991 Dictum
643 3927 696 3983 ei
728 3926 800 3983 ab
824 3935 1007 3993 eoest,
1039 3934 1262 3998 postero
1281 3927 1434 3983 illum
1467 3928 1559 3985 die
1584 3941 1711 3984 cum
1732 3926 1845 3983 filio

222 4022 420 4077 vietum
455 4022 528 4078 ab
550 4020 853 4092 allophylis
886 4020 937 4085 in
978 4019 1165 4091 praelio
1199 4036 1475 4077 casurum.
1506 4021 1671 4094 Igitur
1712 4021 1846 4077 allo-

226 4114 368 4185 phyli
392 4115 597 4179 castris
627 4115 685 4169 iu
717 4112 901 4179 hostili
925 4114 1043 4166 stilo
1068 4114 1279 4183 positis,
1312 4123 1534 4184 postero
1565 4115 1655 4171 die
1670 4115 1844 4177 aciem

226 4209 528 4276 iustruttnt,
559 4207 735 4273 David
767 4216 947 4273 tamen
980 4223 1045 4271 ex
1078 4208 1274 4271 castris
1294 4208 1526 4269 remisso
1558 4228 1571 4263 :
1599 4206 1725 4278 quia
1751 4222 1845 4279 pa-

230 4320 345 4363 rum
368 4303 728 4367 crediderant
754 4301 855 4357 sibi
877 4301 1031 4363 illum
1045 4300 1335 4365 adversum
1361 4316 1493 4359 suos
1521 4300 1685 4355 fidunt
1704 4298 1840 4357 fore.

228 4393 326 4450 Sed
356 4407 620 4452 euaserto
656 4394 872 4464 prallio,
907 4393 1117 4453 Ηρωωί
1144 4392 1281 4455 fusi:
1310 4394 1405 4448 filii
1427 4395 1569 4464 regis
1592 4391 1797 4449 cadunt
1830 4410 1841 4445 :

226 4488 347 4543 Saul
375 4504 521 4560 equo
544 4488 829 4559 delapsus,
874 4503 942 4542 ne
974 4490 1127 4542 vivus
1164 4487 1214 4549 in
1248 4496 1574 4556 potestatem
1607 4485 1843 4549 hostium

227 4585 460 4650 veniret,
488 4584 681 4655 gladia
707 4598 807 4647 suo
844 4583 1108 4645 incubuit.
1145 4583 1222 4645 De
1253 4596 1413 4645 actate
1467 4584 1683 4655 imperii
1725 4582 1844 4653 ejus

1944 3357 2174 3430 jugavit,
2201 3356 2411 3427 Syriam
2435 3356 2673 3431 subegit,
2716 3356 3158 3425 stipendiumque
3187 3355 3236 3411 ei
3265 3356 3557 3425 imposuit;

1948 3450 2067 3507 auri
2089 3459 2252 3520 atque
2282 3452 2407 3513 acris
2436 3465 2500 3509 ex
2531 3449 3056 3521 praedaimmettsum
3095 3450 3317 3515 modum
3344 3450 3552 3515 retulit.

1949 3544 2159 3600 Bellum
2184 3543 2381 3605 deinde
2405 3543 2691 3607 adversum
2726 3544 3065 3609 An‘tmouitas
3090 3558 3155 3599 ex
3198 3543 3390 3615 injuria
3416 3542 3555 3609 Clita-

1948 3653 2058 3691 nnn
2090 3640 2232 3708 regis
2253 3652 2438 3697 eorum
2466 3645 2735 3699 exortum.
2761 3637 2913 3707 Syris
2930 3636 3111 3701 denuo
3140 3637 3563 3713 rebellantibus,

1946 3731 2043 3802 qui
2073 3746 2194 3785 cum
2228 3729 2554 3795 Ammonitis
2588 3730 2643 3789 in
2672 3729 2873 3789 bellum
2907 3729 3356 3801 conjuraverant,
3388 3728 3557 3803 David

1947 3840 2216 3887 summam
2248 3841 2431 3881 rerum
2473 3824 2613 3889 ,ιυυιλ
2658 3824 2892 3897 principi
2933 3824 3551 3895 ntilitiatpermiserat:

1947 3921 2063 3991 ipse
2102 3936 2129 3974 a
2173 3920 2313 3976 bello
2354 3929 2629 3985 remotus,
2675 3922 2814 3977 intra
2866 3919 3207 3985 Hierusalem
3245 3934 3554 3991 commora-

1949 4014 2125 4071 batur.

2021 4105 2210 4161 XXXV
2222 4105 2307 4167 Ill.
2324 4105 2443 4176 Qua
2457 4116 2778 4175 tempestate
2792 4106 3065 4175 Bersaben
3082 4108 3379 4177 quamdam
3396 4106 3551 4169 mirae

1946 4198 2206 4255 feminam
2249 4199 2675 4269 pulchritudinis,
2717 4209 2906 4273 stupro
2958 4210 3294 4277 compertam
3340 4199 3551 4263 habuit.

1950 4294 2076 4357 limo
2104 4295 2199 4357 viri
2232 4294 2513 4364 cujusdam
2558 4310 2715 4367 uxor,
2766 4295 2856 4369 qui
2900 4303 3010 4359 tum
3061 4294 3114 4357 in
3157 4294 3351 4357 castris
3393 4303 3549 4363 erat,

1948 4387 2115 4447 fuisse
2139 4387 2389 4449 traditur.
2415 4387 2568 4451 Hunc
2590 4387 2757 4447 David
2789 4386 2976 4465 iniquo
3002 4401 3195 4458 pugnae
3222 4386 3343 4442 loco
3366 4385 3552 4459 objec-

1950 4495 2062 4541 tum
2089 4481 2359 4549 hostibus,
2404 4480 2838 4549 interficiendum
2869 4484 3219 4541 curavitzita
3257 4478 3545 4539 mulierem

1949 4577 2298 4641 matrimonio
2336 4590 2587 4647 vacuam,
2628 4574 2723 4639 sed
2765 4575 2877 4655 jam
2906 4588 2977 4630 ex
3023 4581 3213 4644 stupro
3246 4571 3553 4649 gravidam,

227 4693 417 4750 parum
448 4691 605 4737 certa
648 4678 1039 4747 corriperimus,
1071 4678 1173 4733 nisi
1200 4679 1343 4748 quod
1368 4680 1419 4732 in
1451 4679 1682 4741 Actibus
1702 4676 1845 4747 Apo-
1875 4688 1927 4748 ι)
1950 4684 2180 4725 ηυιιιθιό
2226 4684 2455 4731 uxorum
2496 4667 2829 4742 aggregatilt
2870 4666 3007 4735 Tum
3040 4682 3136 4738 Per
3173 4666 3385 4737 Nuptan.
3426 4681 3552 4737 ινξρ-

224 4772 497 4837 stolurum
529 4784 601 4827 XL
625 4784 805 4827 annos
848 4784 1111 4840 regnasse
1154 4768 1330 4831 dictus
1361 4781 1442 4833 εει
1468 4787 1483 4836 ;
1513 4786 1842 4842 quamquam

226 4882 322 4936 ego
347 4867 594 4935 arbitror
627 4877 741 4927 tam
791 4880 820 4918 ο
858 4865 1047 4929 Paulo,
1086 4865 1240 4935 cujus
1280 4867 1370 4929 illa
1402 4867 1717 4935 praedicatio
1760 4883 1844 4931 re,-

226 4959 418 5029 fcrtur,
453 4961 627 5021 etiam
662 4959 935 5023 Samuelis
963 4974 1137 5021 anuos
1166 4962 1266 5017 sub
1312 4962 1463 5031 regis
1496 4961 1657 5017 istius
1682 4970 1844 5021 :etate

226 5063 565 5111 numeratos.
602 5052 861 5121 Plerique
890 5061 1068 5113 tamen
1093 5053 1184 5123 qui
1228 5053 1298 5110 de
1342 5054 1683 5123 temporibus
1710 5054 1846 5112 sori-

228 5155 489 5215 pserunt,
509 5162 617 5211 xxx
651 5159 775 5199 eum
808 5159 981 5207 annos
998 5159 1257 5215 regnasse
1281 5156 1689 5207 aanotaverunt
1713 5163 1725 5199 :
1756 5148 1841 5200 cui

226 5242 471 5310 opinioni
503 5254 855 5311 nequaquam
883 5239 1231 5305 accedimus;
1266 5257 1395 5305 nam
1419 5257 1482 5303 ea
1515 5251 1843 5313 tempestate

225 5349 327 5404 qua
362 5332 588 5393 Domini
625 5346 755 5387 arca
782 5330 834 5395 in
860 5331 1239 5403 Catiatlijarim
1272 5332 1535 5404 oppidum
1583 5333 1843 5391 translata

225 5440 337 5498 est,
366 5428 614 5493 necdum
658 5441 886 5499 regnare
930 5427 1059 5487 Saul
1086 5440 1325 5497 creperat
1359 5446 1370 5481 :
1403 5429 1636 5491 refertur
1656 5435 1845 5495 autem

225 5537 319 5592 per
375 5520 557 5585 David
597 5534 783 5589 regem
835 5534 899 5579 ex
949 5521 1045 5583 iilo
1094 5519 1291 5592 oppido
1320 5536 1501 5581 arcam
1531 5523 1844 5585 sublatam,

224 5630 342 5670 cum
375 5632 478 5686 per
506 5629 581 5669 xx
608 5627 786 5669 annos
816 5611 891 5667 ibi
914 5614 1252 5669 constitisset
1274 5630 1287 5677 ;
1306 5628 1596 5684 ergo,cum
1623 5616 1763 5671 intra
1790 5615 1845 5671 id

226 5718 443 5783 lentpus
471 5706 612 5765 Saul
644 5707 958 5775 regnaverit
980 5717 1142 5777 atque
1177 5707 1505 5775 decesserit,
1551 5723 1719 5779 parvo
1748 5708 1844 5762 ad-

227 5805 451 5858 modum
518 5798 705 5869 Spatio
756 5799 930 5852 lenuit
978 5798 1282 5869 imperium.
1320 5801 1520 5856 Eadem
1571 5802 1733 5857 nobis
1780 5801 1851 5857 de

238 5897 579 5979 emporibus
616 5890 890 5965 Samuelis
924 5893 1119 5967 caligo,
1151 5904 1208 5949 ut
1243 5893 1334 5973 qui
1360 5907 1482 5953 cum
1514 5895 1635 5953 Ileli
1667 5907 1854 5952 sacer—

1949 4764 2170 4835 phetam
2199 4766 2441 4836 graviter
2474 4762 2796 4833 increpitus,
2827 4762 2953 4819 licet
2981 4762 3167 4835 agnito
3195 4775 3413 4827 errore,
3457 4774 3549 4813 ca~

1944 4858 2290 4929 Stigationem
2322 4855 2533 4915 Domini
2584 4873 2688 4913 non
2729 4854 2918 4926 effugit
2950 4872 2962 4908 :
2994 4869 3227 4922 namque
3267 4852 3437 4915 filium
3480 4868 3549 4917 ex

1947 4949 2149 5007 furtivo
2193 4950 2286 5004 illo
2312 4950 2603 5007 concubitu
2634 4947 2837 5007 editunt
2872 4961 3075 5018 paucos
3104 4957 3227 5017 post
3266 4946 3386 5013 dies
3414 4945 3550 5011 anti-

1946 5044 2048 5108 sit,
2084 5044 2356 5113 multaque
2386 5044 2438 5097 in
2468 5042 2690 5105 domum
2723 5040 3090 5111 familiamque
3107 5040 3224 5110 ejus
3254 5053 3549 5096 exsecran-

1948 5139 2014 5193 da
2044 5138 2375 5202 acciderunt;
2395 5136 2459 5191 ad
2484 5146 2794 5191 extremum
2820 5134 3057 5190 Absalon
3090 5134 3231 5188 filius
3253 5132 3370 5203 ejus
3396 5146 3548 5197 arma

1951 5232 2113 5301 impia
2144 5231 2402 5295 adversus
2424 5238 2630 5307 patrem
2663 5228 2903 5301 sustulit,
2931 5242 3100 5305 regno
3122 5242 3246 5282 eum
3272 5226 3547 5303 depellere

1949 5327 2193 5397 cupiens.
2223 5325 2503 5391 Adversus
2532 5326 2672 5379 hunc
2693 5323 2830 5380 Joab
2858 5325 2977 5379 acie
3007 5320 3271 5401 conﬂixit,
3302 5320 3548 5385 admoni-

1951 5431 2036 5483 tus
2067 5436 2097 5479 a
2121 5435 2266 5490 rege,
2302 5428 2361 5477 ut
2387 5420 2528 5473 victo
2559 5428 2810 5499 parceret
2843 5436 2854 5471 :
2889 5416 2984 5479 sed
3015 5416 3129 5484 ille,
3157 5427 3342 5489 spreto
3369 5415 3544 5482 impe-

1951 5514 2059 5580 rio,
2092 5512 2462 5584 parricidiales
2492 5520 2720 5568 conatus
2752 5510 2898 5569 ferro
2923 5511 3067 5565 ultus
3098 5519 3201 5564 est.
3235 5508 3458 5563 Flebilis
3482 5522 3544 5560 ca

1952 5610 2175 5673 victoria
2214 5608 2380 5665 fuisse
2404 5607 2514 5677 regi
2542 5606 2770 5663 traditur
2799 5622 2811 5657 :
2846 5613 2995 5660 tanta
3027 5606 3083 5667 in
3111 5618 3175 5657 eo
3207 5602 3378 5677 pictas
3404 5609 3546 5666 erat,

1953 5703 2195 5765 utetiam
2218 5699 2498 5773 parricidae
2527 5698 2636 5753 filio
2665 5697 2867 5777 ignosci
2898 5695 3152 5750 voluerit.
3181 5693 3277 5747 Vix
3302 5691 3405 5743 hoc
3437 5692 3548 5745 bel-

1956 5798 2067 5857 lum
2114 5796 2439 5859 exStinctum
2490 5794 2793 5859 videbatur,
2842 5788 2985 5844 aliud
3034 5800 3247 5841 rursum
3296 5793 3545 5839 exortum

1956 5893 2148 5957 Sabwa
2197 5891 2430 5967 quodam
2471 5890 2625 5956 duce,
2680 5887 2771 5960 qui
2822 5883 3123 5958 pessimum,
3162 5894 3433 5955 quemque
3477 5880 3547 5945 ad
