4106 6344
534 354 638 411 H9

1886 339 2175 402 SULPICII
2216 342 2469 401 SEVERI

3741 341 3846 401 ﬁl)

524 480 673 521 arma
705 466 1029 521 lncitaverat
1058 482 1071 518 :
1099 462 1194 519 sed
1235 476 1468 533 propere
1518 471 1695 517 motus
1731 460 1912 514 onmis
1958 467 2137 513 morte
2166 456 2219 517 Α
2247 460 2407 514 lassis
2437 474 2729 523 annorum,
2762 476 2924 531 quam
2953 461 3206 532 amplius,
3237 462 3565 517 annotarim.
3598 460 3706 517 Sed
3740 475 3847 519 non

529 559 685 615 ducis
712 570 1021 630 repressus.
1056 555 1257 612 Crebra
1282 556 1480 611 deinde
1521 553 1785 609 adversus
1831 552 2135 623 aIIOpbylos

531 654 700 710 David
756 654 940 723 praelia
988 650 1229 706 secundo
1280 661 1475 704 eventu
1526 648 1714 702 balmit
1756 665 1771 701 :
1818 648 2136 706 cunctisque

530 748 681 804 bello
716 746 962 810 doinitis,
984 754 1043 800 et
1067 754 1173 799 tam
1204 746 1407 800 exteris
1429 759 1587 813 quam
1620 742 1936 799 domesticis
1977 740 2135 797 moti-

530 843 633 898 bus
666 842 1019 912 compressis.
1056 840 1503 895 florentissimum
1542 855 1766 907 regnum
1800 838 1851 892 in
1884 853 2012 905 pace
2035 837 2133 891 ba-

530 937 714 993 bebat.
745 937 883 991 Tum
904 952 1027 992 eum
1054 936 1231 990 subita
1250 934 1447 1003 cupido
1470 933 1714 990 incessit.
1741 933 1806 987 ad
1834 931 2136 987 metiendas

533 1030 746 1099 imperii
798 1030 963 1093 vires,
1000 1031 1250 1100 populum
1287 1043 1553 1082 censere:
1590 1028 1659 1080 ita
1698 1041 1726 1079 a
1765 1025 1900 1081 .loab
1928 1024 2135 1080 militia:

534 1123 794 1193 magistro
817 1122 1000 1178 decies
1022 1134 1249 1176 centena
1280 1131 1332 1175 et
1361 1131 1599 1175 trecenta
1624 1119 1821 1173 civium
1852 1118 2025 1172 millia
2054 1116 2135 1171 di-

534 1222 836 1270 numerata.
877 1216 1042 1285 llnjus
1073 1230 1193 1269 eum
1228 1214 1353 1268 facti
1402 1229 1524 1267 mox
1559 1214 2131 1284 piguitpmnituitque,

533 1312 744 1365 veniam
769 1326 796 1364 a
826 1310 1051 1364 Domino
1083 1320 1294 1380 petens,
1320 1323 1417 1363 cur
1440 1309 1490 1361 in
1516 1308 1565 1361 id
1595 1307 1805 1361 animos
1826 1306 2133 1373 extulisset,

531 1414 588 1457 ut
619 1404 769 1473 regni
803 1402 883 1457 sui
905 1403 1278 1472 potentiamex
1295 1416 1516 1454 suorum
1547 1400 1725 1470 potius
1760 1399 2131 1463 multitudine,

527 1513 690 1565 quam
713 1512 776 1551 ex
802 1496 986 1550 favore
1018 1495 1203 1549 divino
1231 1494 1551 1548 testimaret.
1584 1492 1770 1560 Itaque
1816 1494 2015 1546 missus
2065 1490 2134 1545 ad

528 1608 651 1646 eum
696 1593 950 1661 angelus,
984 1590 1182 1643 trinam
1230 1589 1278 1643 ei
1314 1602 1530 1657 pinnam
1578 1586 1900 1651 denuntiat,
1937 1586 2133 1656 datque

531 1688 814 1743 arbitrium
840 1703 1000 1741 nnatn
1022 1684 1255 1755 eligendi
1276 1701 1287 1737 :
1306 1685 1398 1739 sed
1426 1684 1701 1754 pmposita
1723 1682 1939 1737 triennii
1970 1680 2130 1749 fame,

530 1782 693 1836 trium
723 1780 991 1836 mensium
1023 1778 1167 1849 fuga,
1200 1786 1377 1833 morte
1409 1778 1605 1841 tridui;
1639 1776 1818 1847 fugam
1854 1786 1908 1829 et
1938 1779 2132 1830 fatnem

2236 554 2426 610 dubito
2458 556 2804 612 librariorum
2838 559 3021 627 potius
3046 558 3399 631 negligentia.
3429 560 3735 630 praesertim
3768 568 3849 615 tot

2234 652 2344 721 jam
2377 653 2591 708 smettlis
2636 651 3129 719 intercedentibus,
3171 655 3457 710 veritatem
3506 652 3679 709 fuisse
3725 669 3847 710 cor-

2238 756 2473 815 ruptam,
2501 762 2661 819 qnam
2695 756 2751 800 ιιι
2788 746 3051 817 propheta
3098 748 3373 802 erraverit
3406 766 3419 799 :
3458 748 3599 803 sicut
3641 748 3693 803 in
3745 746 3849 806 hoc

2239 839 2356 909 ipso
2380 851 2567 895 nostro
2590 843 2853 907 onusculo
2873 843 3113 896 futurum
3134 842 3431 905 credimus,
3457 855 3509 896 ttt
3533 843 3849 900 describen-

2240 934 2371 988 tiunt
2403 935 2632 993 incuria.
2660 952 2780 1005 qua:
2810 950 2915 989 non
2942 939 3262 989 incnriosea
3290 934 3445 990 nobis
3466 945 3593 991 sunt
3613 934 3845 1007 digesta,

2239 1027 2514 1081 vitientur.
2548 1026 2716 1098 Igitur
2744 1028 3002 1083 Stlomon
3029 1037 3266 1098 emptum
3301 1029 3486 1099 templi
3520 1044 3657 1099 opus
3698 1028 3847 1100 vige-

2238 1122 2377 1175 simo
2405 1136 2550 1175 anno
2579 1122 2859 1191 explicuit.
2888 1120 3182 1175 Celebrate
3213 1122 3412 1177 deinde
3449 1121 3648 1177 ibidem
3680 1123 3849 1178 sacri-

2239 1212 2387 1277 ﬁcio,
2419 1214 2674 1285 dictaque
2706 1217 2993 1277 oratione,
3029 1228 3136 1285 qua
3182 1216 3436 1284 popu'utn
3476 1216 3849 1287 templumque

2236 1306 2549 1372 benedixit,
2581 1308 2841 1362 Dominus
2864 1307 2928 1361 ad
2970 1322 3093 1361 eum
3125 1307 3339 1362 locutus
3370 1315 3487 1374 est,
3521 1308 3851 1364 denuntians

2238 1402 2384 1467 fore,
2415 1403 2458 1457 si
2488 1403 2706 1473 quando
2737 1413 3135 1473 peccassentac
3156 1402 3445 1456 Dominum
3478 1403 3848 1474 reliquissent,

2239 1497 2501 1566 templum
2532 1497 2665 1551 illttd
2698 1498 2816 1552 solo
2847 1498 3197 1567 mquandttm.
3230 1499 3371 1569 quod
3398 1497 3723 1569 jampridem
3758 1498 3853 1552 im-

2239 1593 2438 1659 pletum
2464 1590 2731 1654 videmus,
2761 1599 2816 1646 et
2849 1606 2973 1645 mox
3126 1606 3433 1645 connexum
3485 1606 3669 1645 rerum
3696 1590 3852 1645 ordi-

2238 1700 2361 1739 nem
2402 1700 2759 1755 exponemus.
2810 1683 3025 1741 luterea
3077 1685 3334 1742 Salomon
3382 1684 3582 1740 florens
3627 1684 3851 1756 opibus,

2238 1781 2479 1835 omnium
2509 1782 2599 1849 qui
2632 1796 2894 1849 umquam
2930 1781 3144 1835 fuerant
3178 1796 3359 1850 regum
3385 1780 3711 1845 ditissimus,
3742 1782 3854 1851 qni-

530 1875 865 1938 detesmtus,
914 1883 1146 1928 mortem
1196 1873 1357 1942 elegit
1392 1887 1405 1925 :
1451 1881 1834 1941 momentoque
1876 1870 2135 1938 temporis
2168 1865 2211 1926 Β
2240 1890 2344 1945 que
2368 1891 2587 1939 semper
2616 1874 2751 1929 ordo
2781 1890 2962 1929 rerum
3004 1884 3109 1941 est,
3142 1874 3211 1929 ab
3238 1875 3433 1943 opibus
3470 1874 3521 1929 in
3567 1874 3751 1929 luxum
3800 1885 3857 1931 et

533 1984 633 2022 Lxx
658 1966 823 2021 millia
852 1966 1096 2021 virorum
1130 1966 1405 2019 interiere.
1442 1964 1576 2019 Tum
1609 1962 1778 2017 David
1812 1962 2000 2017 videns
2035 1977 2134 2016 an-

528 2060 731 2130 gelum,
763 2059 921 2129 cujus
935 2059 1150 2113 dextera
1168 2058 1399 2127 populus
1422 2056 1899 2127 pr05teruebatur,
1922 2054 2136 2109 veniam

531 2152 769 2223 precari,
803 2166 969 2222 seque
998 2166 1163 2205 unum
1214 2167 1313 2220 pro
1358 2149 1611 2203 omnibus
1642 2164 1819 2217 pretia:
1845 2147 2087 2215 objicere
2122 2165 2133 2200 :

532 2263 592 2302 se
624 2247 843 2317 dignum
876 2245 1063 2311 exitio,
1092 2234 1227 2315 quia
1269 2244 1385 2313 ipse
1433 2251 1735 2313 peccasset.
1766 2242 1841 2296 lta
1882 2256 2135 2297 avet-sum

534 2340 712 2411 plebis
735 2339 1085 2408 supplicium.
1123 2336 1289 2391 David
1321 2337 1371 2391 in
1400 2337 1541 2401 loco,
1574 2336 1625 2390 in
1648 2352 1755 2406 quo
1778 2335 2032 2405 angelum
2062 2334 2139 2389 vi-

531 2434 710 2499 derat,
741 2448 888 2487 aram
911 2430 1146 2486 Domino
1175 2430 1390 2485 statuit.
1417 2429 1535 2483 Mox
1568 2428 1728 2483 annis
1750 2437 1803 2483 et
1838 2429 2029 2483 morbo
2060 2429 2140 2483 in—

532 2527 782 2591 fractior,
804 2525 1159 2581 Salomonem
1194 2523 1386 2587 lilium,
1418 2538 1483 2577 ex
1517 2522 1783 2577 Bersabee
1810 2521 1951 2578 Uria:
1974 2538 2140 2579 uxore

534 2629 851 2688 susceptum
874 2659 889 2682 ,
939 2632 1317 2671 successorem
1348 2614 1503 2685 regni
1533 2616 1838 2670 constituit.
1882 2615 1927 2670 Is
1970 2617 2140 2688 regali

531 2720 810 2782 unguento
836 2725 931 2780 per
954 2709 1133 2765 Sadoc
1159 2708 1497 2764 sacerdotem
1520 2717 1747 2774 unctus,
1779 2716 1931 2779 patre
1957 2709 2137 2765 adhuc

530 2805 789 2860 incolumi
842 2820 940 2859 rex
982 2805 1304 2875 appellatus.
1340 2802 1529 2871 David,
1564 2818 1686 2858 cum
1717 2812 2001 2873 regnasset
2037 2819 2139 2859 an-

538 2914 639 2954 nos
662 2915 731 2954 χι.
744 2897 1037 2953 defunctus
1064 2906 1171 2953 est.

607 2992 857 3048 XXXIX.
892 2994 1155 3049 Salomon
1212 2992 1368 3047 initio
1404 2992 1557 3062 regni
1608 2993 1801 3047 urbem
1835 3007 1989 3047 muro
2038 2993 2142 3047 cir-

534 3086 834 3142 cumdedit.
869 3086 1010 3141 Huic
1052 3103 1148 3157 per
1176 3101 1431 3156 soporem
1473 3095 1653 3141 astare
1686 3086 1948 3141 Dominus
1995 3088 2143 3143 visus

532 3191 639 3246 est,
671 3180 890 3250 petendi
915 3198 1037 3252 quae.
1068 3181 1234 3237 vellet
1284 3179 1530 3235 tribuens
1584 3182 1883 3251 optionem.
1909 3180 2015 3236 Sed
2050 3181 2141 3236 ille

539 3290 646 3330 non
675 3275 818 3329 aliud
845 3276 945 3331 sibi
971 3290 1131 3345 quam
1155 3275 1481 3344 sapientiam
1501 3274 1619 3329 dari
1642 3277 1910 3345 poposcit,
1928 3275 2137 3348 reliqua
2169 3254 2215 3319 (ἶ

534 3375 715 3425 omnia
748 3372 896 3439 parvi
920 3375 1218 3425 azsnmans.
1240 3371 1315 3424 Ita
1337 3385 1533 3425 somno
1550 3373 1840 3434 excitatus,
1872 3379 2141 3425 cumante

534 3467 833 3522 sacrarium
866 3466 1080 3519 Domini
1106 3464 1470 3530 constitisset,
1494 3465 1712 3519 indulta.-
1734 3464 1881 3519 sibia
1913 3463 2142 3518 Domino

533 3564 823 3632 sapientia:
850 3561 1244 3615 documentum
1272 3560 1440 3615 dedit.
1466 3560 1708 3628 Namque
1735 3559 1855 3613 dua:
1888 3559 2143 3613 mulieres

534 3670 640 3709 una
672 3655 723 3708 in
753 3653 916 3707 domo
949 3654 1289 3708 diversantes
1323 3668 1445 3707 cum
1478 3652 1671 3707 eodem
1714 3662 1959 3719 tempore
2013 3666 2144 3719 pue-

529 3762 622 3803 ros
653 3746 987 3813 edidissent,
1038 3758 1197 3817 atque
1227 3763 1293 3802 ex
1325 3748 1407 3800 Itis
1429 3746 1569 3800 alter
1595 3756 1713 3816 post
1746 3745 1891 3800 diem
1927 3744 2142 3799 tertium

530 3852 692 3896 noete
710 3842 950 3905 obisset;
972 3847 1147 3894 mater
1169 3840 1408 3895 defuncti
1434 3856 1629 3893 somno
1649 3838 2143 3893 alteriusinsidiata

528 3943 806 3989 martumn
839 3946 995 3986 suum
1042 3934 1363 4001 supposuit.
1398 3932 1670 3986 viventem
1721 3930 1965 3984 absmlit.
2015 3928 2147 3986 Inde

534 4027 678 4081 inter
701 4042 796 4082 eas
818 4026 887 4083 de
908 4043 1078 4097 puero
1098 4027 1420 4088 altercatio;
1452 4034 1729 4092 postremo
1753 4038 1841 4077 res
1871 4024 1935 4075 ad
1963 4038 2143 4093 regem

530 4120 709 4177 delata
731 4139 743 4174 :
764 4120 1001 4175 difficilis
1031 4121 1223 4189 judicii
1256 4118 1529 4172 absolutio
1560 4118 1706 4172 inter
1738 4126 2017 4187 negantes,
2055 4116 2145 4170 ubi

533 4216 693 4271 testis
722 4217 931 4269 deerat.
962 4214 1101 4270 Tum
1134 4214 1391 4269 Salomon
1415 4211 1619 4265 divina:
1641 4210 1921 4279 Sapientiae
1950 4226 2145 4266 mune-

532 4326 595 4365 re
630 4310 821 4379 perimi
846 4324 1097 4377 puerum,
1122 4320 1431 4376 corpusque
1456 4305 1572 4374 ejus
1598 4304 1766 4359 dividi
1801 4304 1943 4358 inter
1974 4304 2148 4359 ambi-

532 4414 726 4474 gentes
746 4402 937 4473 jubet:
955 4416 1188 4470 cumque
1210 4414 1314 4453 una
1330 4413 1514 4453 earum
1530 4397 1737 4467 judicio
1757 4399 2143 4467 acquieviSSet,

535 4495 642 4551 alia
678 4512 808 4552 vero
840 4496 1039 4549 cedere
1088 4493 1270 4563 potius
1323 4507 1492 4561 puero
1523 4508 1684 4561 quam
1736 4492 1978 4561 discerpi
2022 4508 2144 4547 eum

538 4590 761 4655 mallet;
787 4588 1047 4645 Salomon
1070 4604 1134 4642 ex
1156 4586 1351 4640 aﬂ'ectu
1378 4585 1592 4639 feminm
1616 4586 1755 4640 hanc
1772 4602 1900 4641 vere
1916 4596 2141 4642 matrem

534 4699 657 4740 esse
686 4684 1036 4747 coniectans,
1067 4695 1297 4751 puerum
1343 4679 1421 4733 illi
1469 4679 1830 4747 adjudicavit,
1885 4697 1992 4735 non
2025 4683 2144 4736 sine
2172 4654 2227 4713 D

534 4780 1011 4836 circumstantium
1045 4774 1405 4831 admiratione
1437 4775 1738 4846 :siquidetn
1764 4776 2021 4831 latentem
2053 4792 2146 4831 vc-

534 4874 750 4928 ritatem
784 4869 1071 4939 prudentia
1117 4871 1451 4939 protulisset.
1500 4868 1573 4921 Ita
1623 4871 1672 4921 in
1726 4867 2142 4925 admirationem

534 4963 742 5033 ingenii
772 4964 1178 5033 prudentireqne
1224 4964 1341 5032 ejus
1379 4976 1537 5032 reges
1564 4962 1865 5016 vicinarum
1897 4966 2143 5033 gentimn

537 5056 832 5112 amicitiam
864 5056 933 5110 ab
970 5070 1036 5109 eo
1066 5054 1346 5126 lmdusque
1386 5054 1616 5127 petiere,
1667 5057 1839 5125 parati
1873 5056 2139 5127 imperata

539 5150 739 5205 facere.

614 5243 724 5297 XL.
758 5242 922 5310 Queis
954 5241 1149 5311 opibus
1178 5242 1438 5307 conlisus,
1467 5240 1727 5309 templum
1775 5242 2004 5297 Domino
2045 5246 2148 5300 im-

538 5336 919 5407 mensioperis
939 5335 1122 5392 facere
1150 5352 1462 5408 aggressus,
1497 5340 1697 5406 paratis
1730 5352 1825 5406 per
1849 5339 2143 5394 triennium

533 5435 851 5505 impendiis,
885 5442 1082 5504 quarto
1116 5436 1225 5490 lere
1270 5434 1480 5506 imperii
1520 5446 1663 5487 anno
1693 5433 1925 5504 primum
1956 5434 2150 5488 funda-

539 5537 782 5585 mentum
803 5528 957 5597 jecit,
1001 5544 1031 5583 a
1059 5530 1398 5599 prol'ectioite
1424 5528 1778 5583 Hebraeorum
1808 5542 1873 5581 ex
1906 5526 2144 5599 Egypto

534 5642 680 5681 anno
720 5624 833 5680 fere
870 5634 1062 5681 octavo
1101 5637 1159 5681 et
1201 5627 1536 5697 octagesimo
1566 5634 1620 5676 et
1657 5624 2139 5692 quingentesimo:

535 5720 661 5774 licet
687 5720 828 5775 libro
853 5719 1159 5790 Regnorum
1193 5724 1354 5777 tertio
1382 5735 1592 5777 ccccxt.
1611 5716 1777 5772 fuisse
1802 5714 2141 5778 referantur;

537 5814 681 5884 quod
741 5830 1080 5887 nequaquam
1124 5818 1381 5871 COIIVcttil
1424 5834 1436 5865 :
1477 5810 1746 5881 siquidem
1792 5822 1890 5875 per
1938 5806 2141 5861 seriem

534 5904 784 5980 superius
806 5902 1261 5981 comprehensam
1297 5909 1507 5965 facilius
1538 5904 1720 5971 fuerit,
1752 5909 1811 5956 ut
1834 5902 2014 5955 minus
2037 5898 2145 5957 for-

2243 1970 2371 2023 vitia
2418 1968 2697 2039 delapsus.
2747 1984 2869 2024 cum
2918 1968 3209 2023 advetsum
3257 1967 3603 2023 interdictum
3662 1966 3755 2021 Itei
3787 1981 3853 2022 ex

2241 2062 2563 2133 alienigenis
2588 2062 2835 2133 conjugia
2865 2064 3212 2132 sumpsisset,
3244 2071 3299 2117 et
3335 2062 3447 2132 jam
3482 2062 3856 2132 septingentas

2242 2171 2447 2211 uxores
2476 2164 2531 2210 et
2582 2164 2858 2211 trecentas
2908 2154 3245 2211 e0ncultinas
3294 2154 3540 2219 haberet,
3592 2154 3732 2207 idola
3774 2153 3857 2209 eis

2244 2250 2352 2303 ritu
2404 2249 2644 2317 gentium
2705 2264 2949 2314 suarum,
3002 2248 3199 2319 quibus
3250 2246 3493 2313 litarent,
3550 2246 3854 2303 constituit.

2243 2342 2456 2409 Quibus
2487 2342 2650 2399 rebus
2701 2357 2927 2397 aversus
2976 2342 3263 2405 Dominus,
3313 2342 3551 2413 graviter
3586 2342 3858 2411 increpito

2246 2449 2459 2505 pinnam
2482 2434 2846 2501 denuntiavit,
2880 2432 2998 2489 fore
3021 2444 3080 2487 ut
3110 2448 3333 2503 regnum
3367 2448 3433 2487 ex
3466 2446 3620 2503 parte
3650 2432 3858 2501 majore

2242 2528 2557 2601 ademptum
2610 2530 2756 2595 lilio,
2797 2543 2958 2584 servo
2989 2527 3133 2583 illius
3164 2525 3503 2592 traderetur;
3570 2524 3736 2597 idque
3785 2526 3856 2581 ita

2243 2627 2464 2683 accidit.

2316 2720 2448 2776 XLI.
2474 2717 2609 2773 Nam
2648 2715 2907 2771 defuncto
2939 2714 3231 2772 Salomone
3280 2728 3422 2769 anno
3464 2713 3675 2783 imperii
3724 2726 3855 2781 qua-

2245 2812 2577 2885 dragesimo,
2618 2824 2739 2864 cum
2770 2808 3015 2863 Ruboam
3059 2807 3201 2860 filius
3230 2820 3375 2859 anno
3405 2804 3585 2860 aatatis
3612 2814 3773 2861 sexto
3804 2812 3859 2859 et

2246 2907 2460 2963 decimo
2490 2918 2713 2974 regnum
2740 2902 2970 2968 patrium
3003 2907 3191 2954 tenere
3220 2896 3497 2968 coepisset,
3518 2913 3644 2965 pars
3670 2896 3854 2967 ροιιιιιί

2247 2998 2315 3054 ab
2356 3013 2423 3052 eo
2452 2996 2658 3051 offensa
2687 2993 2942 3049 discedit.
2973 2992 3187 3047 Etenim
3216 3008 3338 3047 cum
3389 2990 3561 3045 laxari
3606 2990 3710 3045 sibi
3761 2991 3859 3043 sti-

2248 3090 2502 3162 pendium
2558 3088 2920 3161 p0poscisset,
2968 3086 3112 3158 quod
3162 3085 3420 3143 Salomon
3475 3084 3859 3153 gravissimum

2249 3187 2611 3255 imposuerat;
2648 3180 2943 3251 repudiatis
2974 3182 3228 3251 precibus
3251 3178 3585 3249 supplicum.
3617 3176 3859 3232 favorem

2249 3279 2515 3335 universa:
2543 3276 2717 3345 plebis
2742 3286 3047 3331 averterat:
3070 3275 3253 3346 itaque
3274 3289 3547 3329 consensu
3572 3274 3848 3340 omnium,

2248 3371 2533 3442 imperium
2562 3368 2629 3423 ad
2684 3368 3006 3423 Iliernboam
3039 3368 3305 3423 defertur.
3354 3367 3403 3422 Is
3441 3365 3624 3422 medio
3650 3382 3861 3439 genere

2247 3476 2421 3527 ortus,
2457 3462 2787 3533 aliquamdiu
2815 3462 3099 3517 Salomoni
3128 3463 3450 3517 servitutem
3485 3461 3859 3531 pependerat:

2248 3558 2340 3612 sed
2365 3574 2486 3612 cum
2532 3557 2583 3612 ei
2615 3571 2879 3625 responso
2928 3554 3114 3611 Acbia:
3162 3556 3444 3626 propheta:
3487 3570 3716 3625 regnum
3755 3555 3863 3611 lie-

2248 3650 2522 3705 brteorum
2586 3649 2966 3703 antnmtiatum
3030 3648 3421 3717 comperisset.
3479 3661 3679 3702 necare
3735 3662 3861 3703 eum

2249 3744 2386 3800 clam
2409 3742 2809 3808 destinaverat;
2842 3758 2950 3814 quo
2980 3744 3069 3799 ille
3094 3755 3240 3799 metu
3270 3743 3321 3798 iu
3346 3741 3643 3814 IEgyputm
3666 3743 3864 3800 confu-

2250 3840 2362 3910 git:
2394 3839 2576 3907 ibique
2605 3853 2772 3893 uxore
2812 3848 3031 3908 accepta
3080 3853 3146 3892 ex
3190 3839 3358 3907 stirpe
3397 3838 3543 3907 regia
3569 3880 3586 3904 ,
3639 3839 3861 3908 cognita

2252 3932 2468 3985 demum
2493 3929 2808 3987 Salomonis
2830 3932 3073 3987 mortein
3093 3931 3263 3985 solum
3292 3932 3525 4001 patrium
3550 3946 3860 4003 regressus,

2254 4024 2530 4077 voluntate
2564 4025 2771 4094 populi,
2808 4035 2863 4078 ut
2890 4040 3050 4095 supra
3083 4024 3390 4085 retulimus.
3423 4026 3657 4095 sumpsit
3688 4026 3861 4096 impe-

2252 4117 2415 4172 rium.
2470 4118 2644 4173 Penes
2678 4117 2919 4172 Roboam
2963 4127 3143 4173 tamen
3198 4118 3318 4173 dua:
3364 4118 3563 4184 tribus,
3619 4117 3776 4174 Judze
3812 4127 3866 4175 et

2220 4248 2223 4251 ‹
2254 4210 2559 4281 Benjamiu,
2590 4211 2903 4266 resederant
2938 4228 3040 4268 :ex
3075 4212 3159 4266 his
3188 4215 3255 4267 ad
3289 4221 3531 4267 trecenta
3568 4214 3737 4268 millia
3772 4230 3864 4285 pa-

2253 4308 2395 4359 ravit
2421 4305 2744 4359 exercitum.
2777 4304 3021 4374 Cumque
3064 4306 3207 4360 acies
3233 4316 3711 4374 promoverentur,
3745 4322 3866 4361 ver-

2254 4398 2337 4453 bis
2374 4399 2464 4453 Dei
2516 4400 2743 4470 populus
2787 4400 3134 4464 admonetur,
3181 4400 3365 4468 prmlio
3417 4398 3767 4455 abstineret:
3799 4416 3864 4454 ex

2253 4507 2354 4545 suo
2388 4504 2518 4545 ttttttt
2554 4492 2878 4548 Ilietoboatn
2932 4508 3160 4563 regnum
3206 4494 3502 4563 accepisse.
3538 4492 3615 4548 Ita
3668 4502 3857 4563 spreto

2254 4584 2397 4653 regis
2425 4584 2652 4654 imperio
2675 4626 2689 4649 ,
2716 4585 2991 4641 exercitus
3012 4585 3283 4654 dilapsus.
3322 4585 3651 4641 llierohoam
3686 4588 3865 4657 impe-

2254 4680 2391 4733 rium
2434 4679 2737 4733 invaluerat
2767 4698 2779 4732 :
2814 4680 2909 4734 sed
2957 4696 3080 4735 eum
3130 4678 3568 4750 Hierosolymam
3616 4680 3867 4736 Roboam

2257 4773 2549 4839 obtineret,
2576 4774 2668 4828 ubi
2700 4774 2902 4843 templo
2936 4789 2966 4827 a
2998 4774 3289 4829 Salomone
3329 4774 3473 4829 faeto
3513 4777 3750 4844 populus
3781 4790 3869 4831 sa-

2254 4866 2503 4923 crificare
2528 4867 2755 4924 Ilomino
2776 4876 3167 4933 Consueverat;
3196 4870 3404 4923 veritus
3422 4868 3772 4937 llieroboam,
3800 4886 3871 4928 ne

2254 4961 2321 5014 ab
2346 4974 2412 5015 eo
2436 4961 2645 5031 plebem
2679 4961 2871 5031 religio
2921 4970 3228 5026 averteret,
3263 4965 3451 5015 statuit
3492 4962 3707 5019 animos
3749 4964 3871 5033 ejus

2254 5055 2647 5123 superstitione
2674 5070 2963 5125 occupare.
2988 5052 3174 5125 Itaque
3195 5070 3416 5111 vaccam
3437 5072 3659 5113 auream
3682 5058 3735 5111 in
3770 5059 3872 5114 Be-

2257 5147 2403 5212 thel,
2444 5150 2669 5205 alteram
2702 5149 2843 5219 apud
2876 5148 2990 5202 Dan
3021 5149 3334 5215 constituit,
3380 5150 3582 5221 quibus
3630 5154 3873 5223 populus

2255 5244 2435 5298 litaret
2471 5262 2483 5297 :
2518 5243 2965 5306 sacerdmes'iue,
2995 5243 3197 5295 omissa
3234 5242 3362 5299 Levi
3406 5246 3583 5312 tribu,
3612 5262 3679 5302 ex
3712 5249 3873 5319 plebe

2254 5336 2510 5391 instituit.
2544 5337 2779 5391 Invisum
2815 5335 3047 5389 Domino
3069 5333 3332 5402 ﬂagitium
3349 5341 3717 5408 expostulatio
3738 5356 3872 5396 con-

2255 5439 2461 5485 secuta.
2514 5430 2716 5484 Crebra
2743 5427 2943 5481 deinde
2991 5429 3133 5483 inter
3184 5444 3342 5499 reges
3406 5434 3593 5503 praelia
3635 5452 3651 5489 :
3700 5434 3872 5491 dubio

2255 5534 2449 5581 eventu
2483 5537 2707 5592 regnum
2728 5520 3072 5576 obtinebant.
3098 5521 3348 5578 lluboam
3381 5528 3616 5595 septimo
3637 5538 3695 5585 et
3716 5528 3870 5585 deci-

2252 5632 2340 5672 mo
2372 5615 2587 5681 imperii
2616 5630 2760 5668 anno
2784 5625 3001 5677 exacto.
3025 5612 3137 5669 vita
3161 5614 3380 5672 functus
3407 5630 3511 5673 est.

2324 5706 2487 5761 XLII.
2538 5706 2592 5760 In
2636 5706 2795 5775 ltujus
2840 5708 3022 5761 locum
3073 5706 3213 5761 Abiu
3268 5708 3416 5765 filius
3462 5714 3583 5781 ejus
3632 5730 3871 5786 regnum

2251 5800 2647 5871 Hierosolyma:
2670 5816 2762 5855 sex
2793 5814 2967 5854 annos
2999 5799 3212 5865 tenuit;
3261 5806 3513 5871 quamvis
3545 5806 3598 5860 in
3630 5806 3870 5864 Cbroni‘

2251 5893 2329 5949 eis
2365 5894 2599 5949 triennio
2628 5894 2881 5961 regnasse
2925 5892 3211 5950 referatur.
3247 5893 3385 5953 Iluie
3426 5897 3533 5955 Asa
3569 5898 3711 5956 filius
3744 5902 3874 5955 suo.
