4106 6344
219 336 305 394 HI

1429 336 1754 396 HISTORIA
1796 336 2049 397 SACBA.
2087 340 2219 397 LIB.
2262 341 2301 401 I.

3426 352 3533 409 122

212 453 390 520 cessit,
424 469 455 509 a
496 454 671 512 David
702 456 922 528 quintus
950 454 1060 512 lere
1082 496 1099 524 ,
1138 454 1340 527 quippe
1390 453 1635 525 abnepos
1664 456 1809 527 ejus.
1841 459 1897 520 Α
1922 456 2022 512 bus
2047 472 2177 513 cccc
2206 457 2319 516 fere
2346 468 2401 516 et
2426 475 2459 516 ι.
2489 460 2631 517 inter
2661 475 2757 517 eos
2786 461 2913 519 inde
2934 472 3054 520 orla
3082 473 3168 521 est
3195 464 3482 526 altercatio
3514 486 3531 527 :

213 547 326 603 Fuit
363 548 659 619 religiosus
704 551 916 606 Domini
965 550 1140 606 cultor
1170 569 1183 605 :
1218 565 1452 619 namque
1478 550 1674 607 deletis
1699 553 1813 610 aris

212 640 447 713 lucisque
478 643 783 710 idolorum,
819 647 1047 716 vesﬁgia
1078 655 1317 715 paterna:
1348 647 1587 717 perﬁdia:
1627 656 1814 703 sustu-

213 735 293 803 lit,
317 736 488 791 lmdus
517 753 647 793 cum
678 755 809 811 rege
835 740 1003 812 Syria:
1030 740 1267 797 ﬁrmavit
1291 759 1303 795 :
1325 741 1445 813 ejus
1469 743 1813 798 auxiliollie—

213 830 380 885 roboze
410 848 646 901 regnum
678 878 695 900 ,
730 836 872 906 quod
920 848 1028 890 tum
1072 852 1099 889 a
1140 836 1251 890 ﬁlio
1278 838 1568 893 tenebatur
1593 880 1608 906 ,
1641 840 1810 895 multa

210 925 352 981 clade
370 925 575 991 all'ecit;
606 944 675 984 ac
706 946 852 1001 saepe
882 932 1037 988 vietis
1064 931 1308 987 hostibus
1348 933 1585 1004 praedam
1627 950 1692 990 ex
1723 935 1807 989 vi-

208 1020 365 1075 ctoria
406 1024 626 1078 retulit.
658 1024 791 1081 Post
820 1043 981 1082 unum
1012 1038 1062 1083 et
1094 1027 1573 1100 quadragesimum
1601 1046 1806 1085 annum

209 1131 339 1187 aeger
366 1117 602 1189 pedibus
633 1120 897 1177 decessit.
932 1122 1065 1179 Iluic
1095 1125 1291 1193 triplex
1321 1135 1603 1196 peccatum
1636 1125 1809 1181 ascri-

208 1210 378 1269 bitur:
412 1229 581 1270 unum
609 1258 625 1280 ,
679 1217 823 1288 quod
870 1219 1132 1275 societate
1163 1222 1305 1291 regis
1349 1220 1522 1293 Syria:
1574 1220 1804 1275 nimium

207 1302 428 1358 conlisus
468 1304 545 1359 sit
578 1324 591 1358 :
626 1306 863 1362 alterum
889 1351 903 1376 ,
937 1309 1077 1381 quod
1113 1310 1429 1381 prophetam
1463 1310 1671 1366 Domini
1701 1312 1807 1368 hoc

206 1398 366 1468 ipsum
420 1399 806 1471 increpantem
862 1404 912 1458 in
960 1406 1170 1459 vincula
1224 1406 1461 1475 conjecit
1507 1423 1520 1459 :
1562 1407 1800 1473 tertium,

204 1494 321 1562 quia
343 1495 393 1548 in
427 1495 630 1564 pedum
660 1496 850 1553 dolore
879 1500 1179 1555 remedium
1209 1516 1315 1556 non
1346 1516 1375 1555 a
1405 1501 1637 1557 Domino
1658 1544 1673 1566 ,
1704 1502 1800 1557 sed

204 1601 230 1641 a
258 1588 475 1644 medicis
497 1593 829 1660 speraverit.
879 1593 985 1650 Sed
1015 1595 1170 1650 initio
1196 1596 1343 1666 regni
1377 1595 1539 1667 hujus
1559 1638 1575 1665 ,
1611 1597 1803 1653 Iliero-

204 1680 349 1735 boam
382 1698 475 1737 rex
514 1682 710 1740 decem
769 1686 1007 1742 tribuum
1061 1688 1348 1744 defunctus
1393 1699 1513 1755 est;
1572 1706 1796 1762 regnum

204 1772 375 1830 Nadab
400 1776 512 1831 lilio
552 1777 798 1850 reliquit.
846 1780 892 1834 Is
932 1783 1091 1837 malis
1120 1783 1376 1852 operibus
1402 1824 1415 1847 ,
1459 1793 1515 1839 et
1542 1793 1650 1839 tam
1680 1786 1796 1840 suis

1920 549 2035 604 Elia
2086 550 2371 607 Dominum
2406 552 2774 623 praedicante,
2826 554 2903 610 illi
2947 557 3367 628 superstitiones
3405 576 3534 621 suas

1916 643 2267 712 asserebant;
2299 658 2578 717 postremo
2605 649 2809 719 placuit
2834 648 2954 705 ﬁeri
2989 651 3290 721 periculum
3318 697 3333 721 ,
3362 664 3421 711 ut
3440 698 3457 724 ,
3484 656 3533 714 si

1916 736 2070 807 cujus
2092 752 2289 795 czrsam
2334 742 2566 797 hostiam
2598 742 2797 799 missus
2821 744 2971 800 cmlo
3000 746 3139 817 ignis
3178 748 3525 822 absumeret,

1914 844 2031 887 rata
2063 844 2207 889 esset
2240 836 2431 906 religio
2459 854 2581 906 qua:
2617 838 2877 894 virtutem
2912 841 3203 897 edidisset.
3236 841 3314 899 Ita
3345 859 3532 901 sacer-

1915 928 2069 984 d0tes
2099 931 2285 986 occiso
2310 932 2478 987 vitulo
2507 932 2632 987 Baal
2666 932 2875 990 idolum
2922 939 3180 993 invocare
3204 949 3492 1009 coeperunt
3517 958 3531 998 :

1912 1023 2223 1097 frustraque
2247 1028 2596 1097 consumptis
2625 1029 3068 1086 invocationibus
3094 1031 3529 1090 imbecillitatem

1910 1121 2114 1178 domini
2150 1124 2232 1178 sui
2266 1125 2431 1181 tacite
2476 1125 2811 1183 fatebantur.
2861 1127 3000 1183 Tum
3049 1144 3180 1185 vero
3213 1129 3362 1187 Elias
3398 1131 3526 1187 irri-

1909 1218 2045 1274 dens
2087 1234 2205 1286 eos,
2237 1219 2315 1276 Ne
2342 1220 2505 1289 forte,
2541 1222 2742 1292 inquit,
2778 1222 3019 1277 dormiat
3056 1223 3331 1281 :clamate
3361 1224 3527 1280 vehe-

1908 1313 2166 1378 mentius,
2221 1324 2278 1367 ut
2318 1328 2514 1370 somno
2544 1331 2653 1379 quo
2685 1324 2903 1370 tenetur
2928 1315 3172 1387 evigilet.
3226 1317 3522 1373 Enimvero

1906 1405 2092 1461 miseri
2122 1406 2454 1477 trepidantes
2486 1420 2761 1471 mussare,
2788 1415 2846 1461 et
2879 1418 3060 1463 tamen
3089 1408 3346 1476 quidnam
3374 1409 3524 1465 Elias

1908 1498 2149 1554 facturus
2197 1509 2344 1556 esset
2389 1512 2729 1570 exspectare.
2774 1502 2844 1555 At
2877 1500 2969 1557 ille
3018 1515 3222 1556 cazsum
3282 1502 3516 1557 vitulum

1904 1594 2183 1667 imposuit,
2217 1611 2339 1651 eum
2373 1595 2519 1665 prius
2546 1596 2845 1651 sacrarium
2890 1611 3029 1668 aqua
3059 1598 3337 1669 opplesset
3372 1618 3385 1655 :
3431 1601 3515 1654 in-

1902 1699 2203 1761 vocatoqne
2230 1690 2481 1756 Domino,
2506 1691 2954 1761 exspectantibus
2983 1698 3195 1750 cunctis
3214 1694 3355 1765 ignis
3371 1695 3516 1751 cmlo

1901 1784 2159 1855 delapsus
2188 1801 2382 1857 aquam
2432 1802 2554 1841 cum
2605 1786 2781 1842 hostia
2810 1786 3139 1858 absumpsit.
3188 1787 3326 1844 Tum
3379 1804 3511 1846 vero

203 1883 347 1938 quam
401 1873 650 1941 paternis
683 1876 898 1929 mei-iris
945 1876 1155 1931 invisus
1198 1877 1467 1945 Domino,
1512 1895 1618 1935 non
1652 1882 1789 1935 "um
1823 1863 1871 1924 B
1902 1878 2133 1948 populus
2185 1878 2301 1931 solo
2353 1888 2561 1933 stratus
2592 1878 2881 1934 Dominum
2930 1880 3132 1947 fateri,
3180 1880 3324 1937 idola
3353 1898 3516 1940 exse-

204 1961 462 2019 biennium
494 1981 669 2036 regno
718 1969 922 2036 potitus
959 1978 1074 2033 est,
1107 1970 1422 2043 privataque
1451 1972 1680 2043 imperio
1710 1976 1791 2029 in-

204 2055 345 2128 digna
378 2061 691 2131 prOgenies.
730 2062 957 2119 Baasam
990 2065 1177 2120 Achiae
1220 2065 1391 2122 ﬁlium
1418 2084 1790 2125 successorem

204 2149 395 2218 habuit,
424 2169 580 2223 mque
608 2170 637 2207 a
672 2155 903 2212 Domino
924 2158 1351 2225 alienissimum;
1382 2160 1536 2231 isque
1564 2174 1719 2217 sexto
1739 2173 1793 2218 et

203 2244 449 2315 vigesimo
499 2248 719 2319 imperii
768 2265 911 2306 anno
955 2251 1245 2308 defunctus
1295 2255 1672 2327 est.Regnom
1724 2257 1791 2313 ad

205 2342 341 2399 Elam
387 2345 556 2400 ﬁlimu
610 2347 959 2423 devolutum,
994 2364 1095 2404 nec
1126 2350 1263 2405 ultra
1296 2352 1573 2406 biennium
1614 2362 1793 2408 reten-

206 2448 339 2503 tum;
389 2456 629 2511 namque
674 2458 800 2497 eum
834 2443 1052 2499 Zamhri
1093 2444 1343 2516 princeps
1389 2447 1630 2516 cquitmn
1661 2462 1793 2517 epu-

205 2531 383 2587 lantem
418 2534 720 2601 interfecit,
748 2552 1085 2608 regnumque
1108 2539 1397 2608 occupavit
1426 2556 1441 2594 :
1467 2539 1547 2593 vir
1565 2540 1792 2610 perinde

204 2627 247 2681 in
277 2627 556 2683 Dominum
581 2638 748 2700 atque
781 2629 1029 2687 homines
1059 2633 1277 2703 impius.
1308 2634 1393 2689 Ab
1417 2636 1518 2690 hoc
1548 2650 1673 2705 pars
1698 2650 1789 2705 po-

204 2724 295 2792 puli
327 2727 592 2790 secessit;
638 2726 873 2781 Thamui
920 2727 1132 2783 cuidam
1164 2730 1373 2801 regium
1407 2745 1602 2787 nomen
1641 2731 1791 2787 dela-

204 2823 320 2882 tum,
350 2818 446 2873 sed
478 2818 694 2873 Zamhri
728 2831 857 2875 ante
900 2824 1042 2876 hunc
1091 2830 1298 2892 septem
1350 2839 1525 2878 annos
1571 2833 1627 2878 et
1663 2839 1786 2879 cum

203 2910 380 2965 eodem
421 2913 707 2968 duodecim
752 2916 1021 2985 regnavit.
1076 2916 1143 2970 At
1174 2918 1227 2971 in
1262 2926 1414 2987 parte
1437 2919 1607 2974 tribus
1636 2918 1787 2974 Iudae

208 3002 301 3056 Asa
330 3014 534 3061 mortuo
559 3050 573 3071 ,
602 3007 867 3079 Josaphat
896 3009 1041 3063 ﬁlius
1068 3010 1184 3079 ejus
1213 3027 1441 3083 regnare
1466 3014 1630 3083 cmpit
1657 3056 1671 3079 ,
1702 3014 1786 3068 vir

204 3099 457 3170 religiosis
486 3102 776 3157 virtutibus
825 3104 1025 3158 merito
1060 3104 1262 3159 clarus.
1316 3104 1366 3159 Is
1410 3120 1531 3160 eum
1578 3104 1784 3160 Jambri

203 3206 372 3261 pacem
404 3195 619 3260 habuit;
653 3195 949 3251 defunctus
979 3206 1062 3252 est
1086 3208 1267 3253 autem
1290 3243 1303 3266 ,
1348 3201 1786 3269 cumjreguasset

202 3299 356 3341 annos
385 3303 416 3340 v
444 3298 497 3343 et
525 3304 617 3343 xx.

150 3364 163 3379 ’
263 3381 439 3438 XLIII.
461 3385 859 3455 llujusimperii
881 3396 1126 3456 tempore
1149 3386 1359 3453 Achab,
1383 3387 1591 3443 Jambri
1616 3388 1777 3457 ﬁlius,

202 3490 280 3530 rex
307 3477 492 3532 decem
527 3479 766 3535 tribuum
798 3479 900 3534 fuit
922 3523 935 3545 ,
984 3481 1123 3535 ultra
1174 3497 1367 3538 omnes
1410 3483 1461 3538 in
1492 3483 1781 3538 Dominum

204 3564 379 3637 impius
407 3586 421 3621 :
464 3585 701 3641 namque
740 3570 960 3627 Iezabel
991 3573 1095 3627 ﬁlia
1129 3573 1281 3629 Basse
1312 3576 1455 3646 regis
1485 3591 1549 3630 ex
1579 3576 1783 3633 Sidone

204 3658 247 3713 in
274 3664 619 3719 matrimonio
668 3676 893 3735 accepta
942 3666 1087 3721 Baali
1135 3666 1283 3723 idolo
1325 3684 1473 3723 aram
1524 3669 1783 3741 lucosijue

198 3757 479 3824 c0nstituit,
506 3768 561 3813 et
590 3758 888 3829 prophetas
923 3760 1134 3815 Domini
1160 3762 1471 3818 interemit:
1506 3779 1615 3835 quo
1648 3774 1785 3819 tem-

202 3861 316 3918 pore
356 3849 497 3905 Elias
538 3852 805 3922 propheta
837 3856 1083 3909 oratione
1113 3854 1309 3910 coelum
1354 3856 1661 3922 conclusit,
1714 3872 1784 3912 ne

201 3942 419 4010 pluviam
450 3952 613 3999 terra:
644 3944 835 4011 daret;
870 3945 1029 4015 idque
1058 3946 1171 4017 regi
1202 3946 1545 4002 denuntiavit
1571 3992 1585 4015 ,
1616 3955 1679 4004 ut
1723 3963 1784 4003 se

202 4034 379 4107 impius
402 4052 617 4093 causam
652 4039 778 4092 mali
812 4054 933 4094 esse
959 4050 1337 4110 cognosceret.
1362 4040 1529 4112 Igitur
1550 4056 1781 4110 suspen-

200 4127 265 4183 sis
284 4130 418 4185 ctelo
438 4132 595 4203 aquis
617 4147 743 4187 cum
768 4132 883 4186 loca
909 4133 1089 4188 omnia
1114 4132 1306 4190 adusta
1333 4134 1469 4189 solis
1491 4132 1781 4189 ardoribus

200 4237 299 4278 non
326 4226 520 4281 victum
554 4224 871 4281 hominibus
899 4268 912 4291 ,
961 4241 1067 4281 non
1102 4227 1357 4296 pabulum
1392 4228 1657 4298 jumentis
1686 4226 1780 4280 da-

199 4325 334 4381 rent;
384 4318 497 4388 ipse
542 4334 602 4374 se
632 4320 772 4373 intra
806 4318 1109 4388 periculum
1142 4319 1302 4375 famis
1343 4320 1611 4390 propheta
1649 4333 1781 4373 eon-

199 4407 432 4464 eluserat.
467 4410 543 4466 Ea
578 4420 904 4481 tempestate
926 4427 1048 4467 cum
1074 4428 1320 4469 eremum
1345 4414 1628 4483 petiisset;
1659 4425 1782 4465 eor-

199 4500 269 4553 vis
290 4502 459 4557 cibum
486 4503 925 4558 ministrantibus
950 4506 1083 4559 vixit
1111 4546 1126 4570 ,
1160 4520 1355 4576 aquam
1387 4515 1604 4561 torrens
1656 4519 1780 4575 pro-

199 4593 374 4662 ximus,
406 4598 576 4654 donec
602 4600 766 4660 aruit,
808 4599 979 4655 dedit.
1034 4599 1162 4655 Inde
1191 4603 1503 4657 admonitus
1533 4616 1563 4655 a
1594 4600 1778 4655 Domi-

1898 1974 2041 2028 crari
2068 1990 2081 2027 ε
2118 1982 2394 2041 postremo
2426 1974 2561 2029 Elice
2588 1974 2743 2044 jussu
2776 1973 2989 2045 profani
3020 1976 3337 2033 sacerdotes
3362 1993 3515 2036 com-

1899 2066 2156 2135 prehensi
2190 2066 2521 2137 deductique
2540 2066 2607 2121 ad
2638 2075 2963 2129 torrentem.
2995 2069 3177 2124 necati
3208 2078 3354 2124 sunt.
3399 2068 3513 2126 Re-

1897 2158 2152 2215 deuntem
2193 2161 2319 2216 inde
2360 2177 2542 2231 regem
2572 2160 2840 2232 propheta
2884 2174 3212 2233 prosecutus
3256 2174 3341 2221 est
3374 2165 3509 2221 :sed

1897 2270 2020 2310 cum
2053 2255 2102 2309 ei
2132 2254 2352 2311 Iezabel
2399 2255 2544 2325 regis
2580 2270 2717 2309 uxor
2743 2256 2869 2311 vita:
2915 2256 3220 2327 periculum
3265 2268 3507 2329 pararet,

1895 2347 1963 2403 ad
2014 2350 2307 2403 remotiora
2357 2348 2606 2403 secessit.
2659 2345 2738 2403 lbi
2771 2364 2895 2403 eum
2946 2348 3210 2404 Dominus
3235 2349 3511 2406 allocutus

1896 2451 2000 2508 est,
2026 2450 2234 2511 septem
2269 2442 2441 2496 millia
2474 2440 2715 2497 virorum
2740 2456 2863 2498 esse
2893 2440 3072 2498 adhuc
3102 2443 3464 2514 pronuntians
3485 2486 3501 2512 ,

1896 2537 1984 2607 qui
2014 2551 2074 2591 se
2098 2536 2255 2591 idolis
2280 2550 2385 2591 nou
2419 2535 2699 2591 dedissent
2730 2554 2742 2589 :
2768 2538 2967 2591 mirum
3002 2535 3055 2591 id
3084 2536 3217 2592 Elia:
3242 2537 3342 2592 l'uit
3368 2578 3382 2604 ,
3414 2538 3507 2608 qui

1895 2629 2069 2685 solum
2098 2646 2157 2686 sc
2188 2646 2218 2684 a
2239 2630 2527 2700 sacrilegio
2555 2631 2851 2685 immunem
2875 2644 2999 2686 esse
3028 2630 3356 2687 crediderat.

1966 2723 2151 2779 XLIV.
2180 2724 2252 2778 Ea
2284 2732 2607 2793 tempestate
2629 2724 2817 2779 Achab
2848 2740 2943 2779 rex
2966 2724 3240 2780 Samariaa
3285 2724 3501 2781 vineam

1894 2816 2175 2873 Nabutbzci
2218 2818 2590 2872 adhaerentem
2630 2818 2731 2872 sibi
2769 2819 3127 2887 concupivit;
3173 2833 3336 2890 quam
3377 2833 3503 2872 cum

1892 2910 1985 2967 ille
2032 2912 2083 2967 ei
2116 2911 2355 2967 vendere
2395 2912 2700 2977 noluisset,
2746 2910 2889 2966 dolis
2918 2910 3139 2967 Iezabel
3181 2910 3505 2967 interfectus

1890 3013 2012 3059 est:
2046 3006 2119 3059 ita
2147 3004 2339 3059 Achab
2365 3007 2523 3060 vinea
2558 3007 2763 3075 potitus
2789 3015 2894 3071 est,
2925 3020 3047 3059 cum
3090 3013 3277 3059 tamen
3320 3004 3507 3060 Nabu-

1891 3096 2014 3153 ιιιωί
2070 3109 2302 3153 mortem
2360 3097 2603 3155 doluisse
2659 3101 2945 3155 referatur.
3002 3100 3124 3155 Mox
3182 3116 3279 3171 per
3326 3100 3500 3156 Eliam

1892 3193 2057 3246 verbo
2085 3192 2299 3247 Domini
2331 3194 2651 3262 increpitus,
2682 3193 2974 3264 agnitoquc
3013 3194 3245 3249 crimine
3275 3236 3291 3259 ,
3320 3195 3508 3250 cilicio
3590 3222 3603 3239 κ

1813 3268 1858 3332 C
1891 3284 2112 3341 indutus
2151 3286 2327 3356 egisse
2369 3286 2744 3357 paenitentiam
2781 3286 3035 3353 traditur,
3078 3304 3189 3356 quo
3228 3288 3370 3344 laeto
3400 3289 3505 3345 im—

1888 3380 2185 3433 minentem
2229 3393 2440 3447 poenam
2466 3379 2681 3433 avertit.
2711 3377 2957 3448 Namque
2989 3395 3083 3433 rex
3104 3379 3279 3451 Syriae
3304 3396 3501 3452 magno

1888 3489 2011 3547 cum
2045 3473 2311 3541 exercitu,
2344 3472 2559 3528 duobus
2589 3482 2642 3527 et
2671 3472 2889 3541 triginta
2921 3472 3145 3543 regibus
3176 3474 3233 3528 iu
3263 3474 3499 3531 Societa—

1889 3574 1998 3623 tem
2049 3565 2177 3622 belli
2225 3566 2451 3622 adscitis
2479 3608 2493 3633 ,
2543 3566 2682 3620 ﬁnes
2710 3566 2974 3623 Samaria:
3006 3565 3321 3638 ingressus,
3370 3585 3495 3625 cum

1886 3676 2017 3733 rege
2059 3660 2249 3716 urbem
2292 3660 2545 3716 obsidere
2572 3662 2761 3729 cmpit.
2794 3662 2973 3716 Arctis
3013 3660 3213 3717 deinde
3243 3662 3501 3717 obsesso-

1887 3770 2006 3810 rum
2054 3755 2251 3821 rebus,
2293 3755 2387 3810 dat
2416 3755 2545 3810 belli
2572 3755 2917 3811 conditiones
2949 3776 2962 3809 :
3006 3756 3061 3811 Si
3091 3772 3286 3812 aurum
3325 3764 3384 3813 et
3412 3772 3503 3811 ar-

1884 3857 2110 3919 gentum
2142 3858 2197 3904 et
2226 3850 2459 3905 lemioas
2483 3850 2866 3914 tradidissent,
2902 3850 3017 3906 fore
3046 3850 3124 3905 nti
3152 3852 3275 3905 vitae
3305 3866 3498 3907 eorum

1887 3951 2174 4014 parceret;
2229 3942 2323 3997 sed
2373 3952 2479 3998 tam
2539 3944 2757 4012 injustis
2794 3944 3203 3998 conditionibus
3248 3952 3499 3999 extrema

1886 4037 2096 4108 perpeti
2121 4037 2293 4093 satius
2321 4039 2516 4092 visum.
2550 4038 2620 4093 Et
2642 4053 2767 4092 cum
2788 4038 2899 4109 jam
2930 4038 3175 4093 omnium
3204 4037 3495 4108 desperata

1884 4140 2035 4188 esset
2072 4132 2240 4197 salus,
2272 4133 2536 4202 propheta
2566 4146 2595 4185 a
2628 4132 2861 4186 Domino
2891 4132 3094 4186 missus
3123 4146 3306 4201 regem
3338 4130 3450 4187 adit
3480 4150 3493 4186 :

1887 4229 2140 4283 hortatur
2190 4237 2249 4281 ut
2299 4228 2351 4281 iu
2395 4227 2641 4296 praelium
2666 4236 2849 4293 exeat,
2908 4235 3261 4282 cunctantem
3308 4226 3501 4282 multis

1884 4320 2173 4377 conﬁrmat
2193 4336 2205 4372 :
2225 4321 2296 4373 ita
2323 4319 2612 4388 eruptione
2639 4321 2803 4380 lacu,
2832 4320 2933 4373 lusi
2960 4319 3146 4374 hostes
3161 4319 3495 4389 copiosaque

1885 4414 2069 4484 prmda
2088 4424 2322 4482 reperta.
2355 4411 2461 4468 Sed
2486 4420 2605 4479 post
2634 4426 2852 4470 annum.
2865 4411 3133 4479 reparatis
3164 4409 3370 4464 viribus
3392 4409 3495 4480 Sy-

1886 4521 1978 4561 rus
2018 4507 2071 4562 in
2102 4504 2402 4562 Samariam
2428 4517 2733 4572 regressus,
2766 4513 3045 4573 acceptam
3074 4501 3285 4558 cladem
3319 4501 3490 4557 ultum

1885 4600 1964 4656 ire
1986 4601 2241 4669 cupiens,
2274 4613 2491 4654 rursum
2522 4597 2698 4652 victus
2726 4606 2830 4663 est,
2863 4611 2930 4651 eo
2961 4597 3152 4668 pralio
3181 4610 3285 4651 cxx
3321 4594 3489 4651 millia

195 4703 256 4741 no
290 4691 522 4763 Sareptm
552 4693 818 4763 Oppidum
863 4695 1018 4764 petiit
1051 4714 1065 4751 :
1110 4694 1176 4749 ad
1218 4698 1505 4752 mulierem
1555 4697 1775 4752 viduam
1808 4676 1861 4736 ι)
1885 4695 2148 4768 Syrorum
2200 4694 2494 4749 interiere:
2532 4692 2644 4762 regi
2674 4691 2827 4747 venia
2860 4690 2984 4745 data
3018 4708 3032 4744 :
3062 4705 3289 4761 regnum
3340 4689 3388 4745 ei
3435 4698 3493 4746 et

194 4780 431 4849 divertit;
461 4803 694 4857 cumque
721 4787 789 4841 ab
816 4804 879 4844 ea
909 4790 1157 4844 esuriens
1185 4792 1366 4846 cibum
1400 4801 1609 4861 peteret
1635 4832 1650 4855 ,
1684 4789 1775 4843 illa

194 4880 421 4943 causari,
453 4898 556 4936 non
597 4896 722 4937 esse
766 4882 871 4935 sibi
907 4883 1010 4936 nisi
1040 4883 1298 4954 pugillum
1332 4884 1490 4940 farris
1520 4895 1571 4938 et
1607 4883 1779 4954 pusil-

195 4970 290 5025 lum
319 4975 419 5029 olei
452 4993 464 5027 :
505 4991 617 5046 quo
647 4978 935 5047 absumpto
967 4993 1068 5030 una
1102 4993 1224 5033 cum
1255 4978 1380 5033 ﬁliis
1416 4988 1651 5033 mortem
1681 4992 1776 5031 ex-

194 5070 587 5137 spectaret.Sed
612 5087 735 5125 cum
761 5072 909 5126 Elias
939 5072 1122 5128 verbis
1148 5073 1246 5129 Dei
1281 5075 1646 5144 polliceretur
1678 5088 1776 5128 nec

194 5156 417 5229 hydriam
446 5163 609 5227 farre,
642 5179 744 5219 nec
778 5180 871 5218 vas
911 5166 1032 5219 oleo
1061 5180 1184 5220 esse
1221 5166 1576 5222 minuendum
1604 5183 1618 5231 ;
1653 5182 1770 5219 lllll-

194 5253 283 5307 lier
316 5258 545 5325 ροςοιιηιί
580 5257 745 5313 ﬁdem
779 5273 885 5312 non
914 5267 1164 5313 cunctata
1197 5260 1480 5330 pr0pbetzc
1520 5258 1771 5326 credere,

193 5351 557 5416 promissorum
590 5353 751 5407 ﬁdem
782 5363 1073 5409 consecuta
1103 5363 1222 5421 est;
1255 5355 1523 5426 siquidem
1572 5354 1775 5410 divinis

192 5440 753 5502 incrementis-tantum
785 5458 1158 5514 accresceret,
1210 5460 1474 5518 quantum
1525 5447 1774 5519 quotidie

191 5532 508 5595 detrahebat.
558 5539 761 5596 Eodem
811 5551 1054 5612 tempore
1083 5541 1328 5612 ejusdem
1369 5542 1549 5598 viduae
1597 5541 1770 5597 ﬁlium

192 5636 437 5685 mortuum
468 5632 613 5688 Elias
635 5634 687 5688 in
722 5634 885 5689 vitam
917 5634 1155 5690 reduxit.
1182 5636 1321 5691 Tum
1361 5640 1517 5707 jussu
1547 5635 1771 5692 Domini

191 5736 358 5794 regem
395 5726 563 5797 adiit,
595 5730 1033 5802 exprobratoque
1070 5731 1120 5787 ei
1152 5730 1441 5803 sacrilegio
1466 5774 1481 5797 ,
1516 5732 1776 5802 poposcit

193 5815 251 5883 ad
277 5832 334 5872 se
358 5834 566 5878 omnem
594 5825 850 5894 populum
877 5827 1194 5896 congregari
1218 5844 1230 5878 :
1262 5826 1500 5894 quicum
1535 5838 1773 5896 propere

192 5900 531 5987 convenisset,
565 5907 752 5974 accitis
783 5910 1047 5975 idolorum
1081 5934 1144 5975 ac
1186 5918 1433 5975 lucorum
1464 5916 1772 5977 Sacerdoth

1887 4790 2154 4861 prisrious
2180 4800 2355 4843 status
2383 4801 2703 4842 concessus.
2748 4786 2885 4840 Tum
2915 4785 3102 4842 Achab
3132 4784 3313 4842 verbis
3339 4784 3431 4840 Dei
3459 4800 3489 4840 a

1886 4882 2147 4952 propheta
2179 4882 2504 4950 increpitus,
2532 4896 2630 4935 cur
2657 4881 2863 4934 abusus
2885 4878 3070 4933 divino
3092 4893 3321 4934 munere
3349 4876 3492 4933 hosti

1881 4978 1982 5034 sibi
2019 4977 2221 5032 tradito
2248 4975 2603 5045 pepercisset.
2649 4974 2815 5045 Igitur
2841 4973 3012 5045 Syrus
3041 4982 3164 5043 post
3192 4973 3487 5028 triennium

1880 5068 2088 5124 bellum
2114 5068 2362 5124 Hebraeis
2389 5067 2563 5121 intulit
2588 5067 2907 5120 :adversum
2940 5065 3086 5121 hunc
3110 5065 3298 5121 Achab
3329 5080 3492 5136 pseu-

1880 5161 2349 5232 doprophetarum
2417 5160 2652 5229 impulsu
2728 5160 2780 5214 in
2833 5159 3096 5229 ’prwlium
3158 5159 3488 5228 descendit,

1879 5266 2071 5329 spreto
2123 5258 2348 5311 Mieliaza
2407 5254 2668 5324 propheta
2716 5263 2772 5310 et
2822 5255 2875 5309 in
2928 5254 3144 5310 vincula
3200 5254 3486 5325 conjecto,

1878 5351 2023 5425 quod
2051 5350 2099 5406 ei
2125 5350 2457 5405 exitiabilem
2488 5350 2605 5403 fore
2627 5364 2860 5419 pugnam
2903 5348 3300 5416 denuntiasset,
3328 5350 3396 5403 ita
3419 5361 3486 5401 eo

1878 5444 2071 5516 prndio
2122 5441 2309 5498 Achab
2358 5440 2681 5497 interfecms
2721 5440 2971 5497 Ochozia:
3023 5442 3138 5497 tilio
3197 5440 3480 5512 imperium

1881 5536 2124 5607 reliquit.

1954 5628 2119 5686 XLV.
2166 5629 2216 5685 Is
2246 5644 2390 5701 :cger
2410 5644 2643 5699 corpore
2675 5644 2796 5685 eum
2823 5644 2889 5685 cx
2921 5627 3215 5692 ministris,
3248 5624 3338 5694 qui
3366 5622 3484 5678 ido-

1879 5725 1991 5781 Ium
2040 5740 2139 5793 pro
2190 5725 2364 5781 salute
2414 5724 2531 5794 ejus
2563 5724 2954 5789 consulerent,
3004 5720 3282 5778 misis~et;
3334 5713 3485 5771 Elias

1879 5838 1910 5879 a
1942 5823 2056 5878 Deo
2084 5822 2324 5879 m0uitus
2354 5821 2575 5879 obviam
2598 5835 2657 5875 se
2683 5818 2765 5874 eis
2803 5815 3037 5881 obtulit,
3071 5810 3483 5883 increpitosque

1878 5919 2193 5979 renuntiare
2220 5918 2332 5990 regi
2355 5917 2551 5987 jubet,
2596 5923 2827 5973 mortem
2873 5909 2994 5979 ejus
3035 5908 3481 5964 consecuturam':
