4106 6344
549 344 655 401 I25

1914 344 2209 404 SULPICII
2244 345 2493 404 SEVERI

3752 346 3856 406 I21

550 463 687 519 Tun
733 480 823 518 rex
856 464 1247 533 comprehendi
1276 480 1399 520 eum
1451 479 1513 520 ac
1544 463 1737 519 deduci
1766 461 1840 518 ad
1867 478 1926 518 se
1949 462 2105 533 jubet
2136 480 2148 516 :
2178 464 2230 525 Α
2260 479 2381 520 nem
2406 474 2711 535 temporum
2740 465 2987 536 persequi
3019 464 3219 536 placet,
3245 464 3646 523 Chronicorum
3671 475 3853 522 aucto-

550 557 647 615 sed
681 558 853 626 missi,
883 560 1092 616 caelesti
1123 562 1246 632 igne
1269 560 1564 628 absumpti.
1602 561 1713 617 llex
1739 599 1752 623 ,
1799 568 1857 612 ut
1888 558 2152 627 propheta

556 653 906 723 praedixerat,
942 654 1125 708 obiit:
1166 655 1433 708 successit
1459 663 1639 708 autem
1666 651 1849 707 Iuram
1895 652 1944 705 ei
1990 650 2155 705 frater

558 746 700 816 ejus,
738 746 891 815 istpte
921 745 1209 800 duodecim
1239 747 1396 799 annis
1423 742 1656 813 imperio
1702 742 1902 813 potitus
1929 752 2033 799 est.
2085 742 2155 798 At

558 841 615 895 in
646 850 797 909 parte
838 840 1065 894 duarum
1119 840 1359 894 tribuum
1415 837 1679 909 Josapltal
1730 853 1856 907 rege
1901 837 2156 893 defuncto

559 932 745 989 Joram
796 933 939 987 Illius
968 950 1193 999 regnum
1246 932 1421 987 tenuit
1466 947 1640 987 annos
1668 931 2061 1002 duodeviginti.
2108 930 2157 986 Is

559 1025 750 1083 Achab
777 1025 937 1080 ﬁliam
968 1042 1194 1081 uxorem
1222 1026 1427 1090 habuit,
1454 1041 1646 1081 socero
1666 1041 1825 1096 quam
1854 1026 1989 1095 patri
2032 1039 2156 1095 pro-

561 1119 700 1190 pior.
734 1119 864 1173 Post
897 1119 1038 1174 hunc
1079 1120 1348 1175 Ochoztas
1393 1118 1536 1173 (ilius
1590 1119 1879 1187 imperium
1926 1118 2157 1187 adeptus

560 1220 682 1268 est:
714 1213 816 1267 hoc
844 1226 1107 1283 regnante
1153 1212 1304 1268 Elias
1345 1214 1637 1269 translatus
1661 1212 1914 1268 refertur.
1951 1212 2155 1268 Eodem
2204 1250 2209 1253 -

563 1316 809 1377 tempore
836 1307 1063 1361 Elismus
1087 1306 1385 1377 discipulus
1407 1307 1527 1375 ejus
1557 1307 1738 1363 multis
1768 1307 1941 1376 signis
1967 1313 2160 1374 potens

563 1401 803 1465 exsdtit,
858 1416 982 1471 quae
1022 1402 1206 1456 omnia
1249 1402 1461 1456 notiora
1500 1412 1626 1455 sunt
1667 1417 1833 1472 quam
1874 1410 1931 1456 ut
1970 1410 2161 1455 nostra

563 1495 709 1568 ston
736 1507 931 1564 egeant
958 1513 971 1550 :
1004 1496 1073 1549 ab
1098 1511 1165 1551 eo
1195 1495 1370 1550 viduae
1401 1494 1546 1549 ﬁlius
1570 1496 1943 1559 resuscitatus,
1977 1503 2031 1548 et
2059 1492 2161 1564 Sy-

564 1605 657 1645 rus
692 1591 838 1659 lepra
871 1602 1148 1663 purgatus,
1174 1602 1225 1645 et
1255 1591 1413 1645 famis
1437 1600 1683 1660 tempore
1711 1590 1954 1644 omnium
1979 1604 2163 1644 rerum

566 1687 722 1755 copia
778 1686 973 1757 fugatis
1026 1686 1272 1741 hostibus
1328 1688 1537 1740 invecta
1567 1726 1582 1751 ,
1628 1698 1681 1740 et
1725 1686 1777 1739 in
1818 1700 1973 1739 usum
2000 1684 2160 1738 trium

565 1781 905 1834 exercituum
936 1796 1089 1850 aquae
1119 1780 1382 1850 praelatae,
1414 1790 1468 1832 et
1498 1779 1565 1832 de
1596 1779 1790 1848 exiguo
1833 1776 1938 1833 olei
1972 1776 2164 1830 inuno-

2260 558 2404 613 ritati
2435 560 2792 615 accessimus.

2331 650 2542 707 XLVII.
2578 652 2748 722 Igitur
2775 651 3038 706 Amassiae
3068 651 3196 706 Ozia
3228 651 3371 706 ﬁlius
3395 650 3701 716 successit;
3734 666 3857 707 natu

2259 747 2310 800 in
2344 756 2495 815 parte
2525 746 2713 802 decem
2765 745 2999 800 tribuum
3037 745 3167 801 Jons
3219 744 3363 802 diem
3418 745 3630 800 functus
3673 744 3858 800 .Ioram

2262 840 2374 894 tilio
2403 840 2583 895 locum
2617 840 2820 895 fecerat
2864 857 2877 894 :
2929 848 3161 911 postque
3206 840 3350 894 hunc
3396 839 3694 897 Zacharias
3741 839 3860 909 ejus

2263 933 2405 988 ﬁlius
2434 937 2704 1004 regnavit.
2739 935 2943 989 llorum
2976 950 3073 988 nos
3105 949 3355 1004 regnum,
3389 935 3747 1002 omniumque
3774 933 3861 1002 qui

2262 1028 2317 1081 in
2350 1036 2501 1097 parte
2533 1028 2721 1085 decem
2752 1027 2993 1083 tribuum
3021 1025 3285 1083 Samariae
3335 1026 3675 1097 prarfuerunt
3697 1065 3715 1091 ,
3770 1040 3863 1082 an-

2263 1121 2503 1179 notauda
2533 1137 2655 1177 esse
2689 1132 2933 1190 tempora
2981 1138 3089 1177 non
3121 1121 3471 1191 putavimus:
3514 1120 3643 1190 quia
3679 1118 3863 1177 brevi-

2265 1216 2359 1271 tati
2388 1214 2691 1281 studentes,
2725 1215 2995 1284 Supertlua
3031 1214 3318 1271 omisimus
3350 1230 3362 1267 :
3413 1223 3467 1269 et
3496 1212 3564 1268 ad
3602 1211 3867 1282 cognitio-

2265 1325 2387 1363 nem
2434 1319 2735 1377 temporum
2785 1308 2907 1377 ejus
2954 1309 3295 1378 potissimum
3330 1308 3499 1378 partis
3535 1322 3712 1364 annos
3742 1321 3864 1363 creo

2262 1404 2443 1459 dimns
2463 1402 2873 1473 persequendos
2903 1445 2919 1471 ,
2948 1418 3073 1474 quae
3110 1402 3162 1457 in
3191 1403 3566 1472 captivitatem
3595 1400 3867 1471 posterius

2265 1499 2494 1554 abducta
2531 1498 2796 1568 prolixius
2851 1506 3068 1566 tempus
3118 1498 3171 1552 in
3219 1511 3392 1567 regno
3441 1494 3647 1552 habuit.
3700 1493 3867 1565 Igitur

2264 1589 2423 1647 Ozias
2454 1606 2675 1663 regnum
2704 1589 2857 1646 Iudae
2887 1590 3118 1659 adeptus
3163 1591 3493 1658 praecipuam
3538 1602 3728 1643 curam
3761 1586 3867 1642 Do-

2268 1686 2400 1741 mini
2441 1685 2805 1756 cognoscendi
2850 1685 3037 1741 habuit
3062 1727 3074 1749 ,
3104 1684 3369 1741 Zacharia
3399 1681 3668 1753 propheta
3698 1681 3864 1750 pluri-

2269 1797 2413 1836 mum
2448 1796 2577 1836 usus
2604 1780 2621 1852 (
2650 1780 2839 1836 Esaias
2869 1780 3032 1835 etiam
3065 1779 3165 1835 sub
3214 1779 3316 1837 hoc
3350 1778 3584 1851 primum
3630 1774 3868 1845 prophe—

565 1872 704 1927 dicis
751 1873 1104 1929 incrementis
1148 1874 1384 1929 solutum
1428 1872 1672 1927 mulieris
1701 1872 1943 1927 debitum
1975 1882 2029 1926 et
2061 1872 2161 1940 ipsi
2192 1871 2240 1930 B
2270 1886 2411 1932 tasse
2440 1873 2719 1947 traditur),
2748 1891 2860 1946 quo
2887 1874 3086 1931 merito
3137 1874 3414 1945 prosperis
3459 1871 3753 1929 eventibus
3780 1869 3872 1927 ad-

565 1967 843 2023 sufﬁcicns
868 1968 1079 2023 vivendi
1104 1970 1407 2025 substantia
1431 1969 1575 2025 data.
1606 1967 1777 2037 Hujus
1802 1967 2159 2036 temporibus,

570 2072 626 2116 ut
656 2062 913 2127 diximus,
942 2062 1205 2119 Ochozias
1234 2063 1459 2117 duarum
1492 2062 1727 2117 tribuum
1758 2071 1874 2116 erat
1903 2078 2036 2126 rex;
2069 2060 2163 2116 de-

568 2169 685 2210 cem
726 2171 855 2209 vero
883 2155 1069 2211 Joram
1101 2197 1116 2222 ,
1149 2166 1207 2211 ut
1250 2173 1412 2223 supra
1450 2156 1732 2211 retulimus
1758 2199 1772 2220 ,
1813 2155 2113 2223 imperabat
2148 2172 2163 2210 :

563 2249 813 2319 interque
854 2264 949 2304 eos
975 2249 1153 2305 fmdus
1197 2251 1401 2313 ictum;
1446 2266 1568 2303 nam
1603 2259 1661 2304 et
1704 2248 1969 2303 adversus
1995 2248 2165 2318 Syros

563 2339 768 2412 junctis
824 2342 1031 2397 viribus
1076 2342 1360 2408 bellatum,
1411 2350 1466 2398 et
1505 2342 1790 2397 adversum
1838 2340 2018 2407 .lehn,
2075 2340 2168 2411 qui

570 2450 670 2505 per
725 2434 1046 2505 prophetam
1095 2438 1147 2490 in
1204 2452 1387 2506 regem
1438 2437 1626 2491 dect-nt
1688 2436 1921 2490 tribuum
1974 2449 2169 2490 unetus

569 2527 767 2593 fuerat,
819 2530 1023 2598 pariter
1065 2530 1116 2585 in
1166 2532 1413 2601 praelium
1451 2531 1693 2600 egressi,
1748 2529 1940 2585 eadem
1988 2543 2169 2599 pugna

572 2621 851 2675 interiere.

645 2710 832 2767 XLVI.
882 2713 989 2770 Sed
1044 2729 1271 2785 regnum
1326 2713 1509 2769 Joram
1548 2713 1688 2770 Jebu
1739 2714 1931 2769 tenuit.
1989 2710 2169 2769 Posito

569 2804 805 2862 Ochozia
836 2808 889 2861 in
912 2806 1101 2863 Iudaea
1133 2825 1277 2879 rege,
1305 2810 1398 2879 qui
1430 2825 1535 2865 uno
1556 2825 1698 2864 anno
1716 2809 1982 2879 regnavit,
2000 2820 2173 2864 mater

572 2900 693 2968 ejus
719 2900 973 2956 Gotholia
1024 2903 1304 2973 imperium
1353 2905 1638 2973 occupavit
1681 2904 1936 2973 adempto
1983 2902 2170 2973 nepoti

574 2994 833 3064 imperio,
865 2997 1031 3051 etiam
1062 3008 1172 3051 tum
1203 3014 1367 3065 parvo
1397 3014 1569 3068 puero
1595 3038 1610 3064 ,
1662 2998 1745 3053 cui
1792 2997 1920 3054 Joas
1950 3011 2177 3063 nomen

572 3086 715 3141 fuit:
749 3088 844 3143 sed
896 3090 1024 3143 huic
1052 3089 1120 3143 ab
1149 3090 1265 3144 avia
1312 3098 1641 3158 prtereptum
1678 3088 1969 3157 imperium
1995 3130 2009 3152 ,
2052 3098 2173 3157 post

571 3191 697 3235 octo
725 3183 841 3236 fere
872 3196 1043 3235 annos
1068 3196 1165 3250 per
1194 3181 1549 3238 Sacerdotem
1581 3194 1633 3237 et
1664 3182 1920 3252 populqu
1945 3181 2173 3253 depulsa

574 3277 696 3329 avia
732 3276 1021 3331 redditum.
1060 3276 1156 3331 llic
1180 3276 1331 3339 initio
1355 3277 1503 3347 regni
1534 3276 2053 3335 observantissimus
2089 3276 2172 3332 di-
2199 3276 2240 3333 (ἶ

578 3368 687 3427 vini
714 3369 893 3424 cultus
914 3368 1034 3433 fuit,
1058 3370 1373 3439 magnisque
1401 3372 1706 3441 sumptibus
1734 3372 1995 3438 templum
2014 3386 2174 3428 exorv

575 3461 727 3515 navit
759 3480 769 3512 :
801 3473 919 3531 post
965 3463 1279 3517 adulatione
1312 3464 1610 3533 principum
1638 3463 2005 3535 depravatus,
2038 3456 2193 3519 ado?

579 3564 837 3621 ratustpie
869 3555 939 3610 ab
967 3554 1067 3621 eis,
1101 3555 1195 3610 Dei
1221 3557 1355 3611 iram
1389 3558 1604 3612 meruit.
1634 3574 1862 3627 inanique
1887 3558 1939 3617 ei
1973 3554 2174 3613 Azabel

576 3660 668 3700 rex
701 3647 872 3718 Syria:
907 3648 1106 3703 bellum
1147 3648 1329 3704 intulit
1367 3667 1379 3704 :
1416 3651 1798 3721 iuclinatisque
1832 3651 1996 3708 rebus
2020 3650 2169 3716 suis,

573 3754 710 3793 auro
738 3742 922 3808 templi
953 3758 1135 3810 pacem
1162 3746 1413 3809 redemit,
1436 3760 1535 3801 nec
1554 3755 1731 3800 tamen
1753 3760 1815 3800 ea
1841 3746 2043 3811 petitus
2065 3754 2171 3809 est,

578 3836 705 3891 facti
736 3836 936 3890 invidia
958 3853 988 3892 a
1018 3840 1133 3891 suis
1171 3840 1494 3895 interfectus
1523 3854 1667 3896 anno
1695 3840 1906 3908 imperii
1938 3838 2175 3908 quadra-

577 3932 811 3997 gesimo.
844 3930 979 3985 Huic
1009 3932 1258 3987 Amassia
1290 3931 1434 3987 ﬁlius
1471 3931 1758 3989 successit.
1804 3932 1874 3989 At
1924 3933 1974 3986 in
2022 3942 2175 4001 parte

577 4020 769 4077 decem
793 4022 1026 4079 tribuum
1045 4023 1299 4081 defuncto
1320 4023 1457 4081 .Iehn
1482 4025 1714 4083 Inachas
1736 4025 1881 4082 ﬁlius
1906 4024 2025 4094 ejus
2054 4040 2174 4094 reg-

572 4120 741 4183 navit,
773 4119 976 4175 invisus
1013 4120 1125 4176 Deo
1170 4121 1330 4175 malis
1357 4122 1640 4190 operibus,
1680 4120 1749 4175 ob
1779 4134 1900 4191 qua:
1946 4135 2171 4185 regnum

575 4213 694 4280 ejus
724 4214 876 4284 Syris
910 4216 1105 4283 prazdce
1146 4214 1285 4281 fuit,
1334 4215 1509 4271 donec
1539 4216 1633 4271 Dei
1673 4214 2045 4269 misericordia
2077 4214 2175 4270 de-

574 4307 747 4378 pulsis
777 4308 1030 4365 hostibus
1061 4309 1346 4377 prisunum
1376 4308 1581 4365 habere
1618 4317 1817 4369 statum
1865 4318 2168 4378 ceperunt.

574 4399 810 4458 Joachas
856 4402 1000 4458 diem
1034 4404 1248 4465 inuictus
1282 4402 1399 4459 Joae
1430 4403 1542 4458 ﬁlio
1579 4402 1802 4474 reliquit
1829 4418 2075 4472 regnum.
2122 4400 2175 4459 Is

573 4494 837 4547 Alllassiztt
869 4497 981 4565 regi
1014 4495 1245 4551 duarum
1275 4495 1516 4551 tribuum
1546 4496 1707 4551 civile
1730 4495 1935 4551 bellum
1969 4494 2170 4557 intulit.

574 4584 917 4656 victoriaque
948 4588 1148 4654 potitus
1172 4586 1394 4641 multam
1423 4588 1660 4655 prazdam
1685 4588 1736 4640 in
1766 4601 1992 4655 regnum
2016 4601 2173 4645 suum

2269 1983 2463 2024 versus
2496 1968 2755 2023 ﬁnitimos
2803 1967 2944 2025 bella
2988 1968 3179 2037 gessit.
3225 1964 3436 2021 Arabas
3465 1966 3630 2023 etiam
3651 1960 3868 2019 devicit.

2267 2060 2494 2131 Jamque
2522 2059 2817 2132 Egyptum
2854 2068 3072 2117 terrore
3104 2060 3339 2117 nominis
3367 2058 3447 2114 sui
3478 2063 3872 2120 concusserat,

2268 2155 2551 2225 elatusque
2581 2154 2838 2210 secundis
2870 2154 3037 2211 rebus
3068 2153 3257 2209 illicita
3293 2166 3653 2223 praesumens,
3689 2150 3874 2208 incon.

2270 2266 2387 2304 smn
2421 2250 2532 2304 Deo
2560 2249 2758 2305 obtulit
2790 2268 2801 2303 :
2833 2249 2980 2319 quod
3007 2249 3142 2304 solis
3182 2247 3365 2305 facere
3390 2246 3771 2307 sacerdotibus
3799 2247 3879 2309 fas

2271 2352 2407 2400 erat.
2432 2343 2616 2414 Itaque
2646 2359 2768 2401 cum
2803 2359 2898 2412 per
2923 2345 3173 2398 Azariam
3207 2342 3546 2399 sacerdotem
3580 2340 3875 2410 increpitus

2270 2453 2337 2493 eo
2368 2439 2489 2493 loco
2519 2436 2790 2494 decedere
2817 2450 3111 2507 cogeretur
3135 2481 3148 2505 ,
3186 2447 3350 2508 atque
3382 2437 3431 2491 in
3477 2437 3613 2491 iram
3642 2435 3877 2491 exarsis-

2273 2539 2376 2596 set,
2407 2530 2555 2602 lepra
2585 2531 2836 2601 oppletus
2865 2530 3103 2586 decessit
3136 2545 3272 2599 :quo
3294 2527 3485 2585 morbo
3513 2526 3746 2584 allectus
3770 2527 3876 2597 vita

2274 2624 2490 2685 functus
2518 2634 2623 2691 est,
2667 2640 2789 2681 cum
2823 2641 2861 2678 rc
2884 2630 3109 2693 gnasset
3149 2637 3320 2676 annos
3360 2622 3499 2677 duos
3527 2628 3584 2678 et
3612 2620 3876 2690 quinqua-

2272 2722 2440 2792 ginta.
2488 2721 2733 2790 Regnum
2768 2720 2890 2775 inde
2913 2718 3127 2775 Joathae.
3160 2720 3268 2775 lilio
3294 2717 3484 2773 datum
3520 2736 3532 2770 :
3582 2718 3738 2788 isque
3788 2715 3876 2772 ad-

2276 2816 2491 2870 modum
2526 2826 2745 2870 sanclus
2789 2814 2957 2870 fuisse
2990 2813 3221 2869 traditur
3243 2855 3256 2878 ,
3304 2826 3682 2885 prospereque
3710 2812 3878 2881 impe-

2275 2910 2413 2964 rium
2470 2908 2917 2967 administravit:
2966 2918 3181 2979 gentem
3236 2906 3671 2971 Antmonitarum
3729 2905 3874 2971 bello

2273 3004 2469 3059 victam
2500 3002 2827 3073 stipendium
2859 3014 3120 3073 praestare
3146 3004 3326 3072 coegit
3358 3019 3371 3055 :
3407 3000 3667 3069 regnavit
3695 3010 3876 3057 autem

2275 3099 2433 3153 annis
2462 3112 2550 3150 xw
2581 3096 2868 3166 eidemque
2897 3095 3080 3153 Acha:
3111 3095 3256 3150 ﬁlius
3284 3095 3571 3155 successit.

2345 3188 2579 3247 XLVIII.
2619 3189 2866 3245 Celebris
2896 3190 3040 3243 circa
3075 3188 3191 3245 haec
3219 3196 3470 3258 tempora
3509 3185 3873 3249 Ninivitarum

2279 3283 2412 3339 ﬁdes
2442 3282 2693 3338 traditur.
2723 3281 2778 3335 ld
2816 3283 3100 3351 Oppidum,
3136 3282 3265 3335 olim
3307 3280 3374 3334 ab
3404 3279 3576 3335 Assur
3606 3278 3737 3337 Sent
3769 3278 3880 3345 ﬁlio

2278 3377 2595 3439 conditum,
2644 3383 2808 3446 caput
2856 3376 3008 3447 regni
3052 3376 3400 3447 Assyriorum
3446 3373 3581 3437 fuit,
3628 3373 3877 3443 frequens

2281 3484 2391 3526 ltttn
2426 3471 2785 3531 incolentium
2817 3472 3161 3526 multitudine
3186 3512 3199 3535 ,
3234 3472 3387 3525 alens
3434 3470 3677 3525 virorum
3715 3466 3881 3531 millia

2277 3582 2307 3621 c
2338 3575 2395 3625 et
2420 3581 2509 3631 xx,
2538 3576 2719 3633 atque,
2758 3571 2815 3618 ut
2846 3564 2899 3618 in
2934 3578 3129 3633 magno
3151 3562 3371 3633 populo,
3401 3561 3687 3623 abundans
3716 3558 3876 3621 vitiis.

2277 3658 2444 3726 Queis
2486 3660 2625 3717 Ileus
2670 3668 2849 3717 motus
2878 3656 3071 3711 Ionam
3106 3657 3424 3726 prophetam
3470 3672 3536 3710 ex
3565 3654 3757 3717 dudma
3802 3652 3883 3721 ire

2281 3751 2565 3821 praecepit.
2614 3765 2676 3807 ac
2707 3749 3031 3815 denuntiare
3066 3750 3186 3807 urbi
3225 3748 3534 3814 excidium,
3567 3749 3704 3813 sicut
3747 3745 3878 3809 olim

2276 3846 2513 3909 Sodoma
2540 3855 2595 3900 et
2616 3844 2917 3909 Gomorrha
2952 3844 3149 3899 divinis
3188 3843 3401 3916 ignibus
3428 3842 3876 3914 conﬂagrassent.

2276 3932 2476 3997 Verum
2500 3937 2734 4009 prophet
2752 3936 3185 4004 aprrcdicationis
3214 3937 3370 3991 istius
3398 3936 3762 3999 ministerium
3787 3938 3880 4003 dee-

2278 4040 2534 4094 treetaus,
2562 4046 2667 4093 non
2697 4030 3064 4097 contumacia”,
3090 4029 3185 4091 sed
3214 4029 3557 4098 praescientia
3601 4046 3709 4101 qua
3728 4032 3849 4093 vide

2278 4125 2367 4183 bat
2397 4123 2684 4185 Dominum
2722 4123 3043 4194 pwttitentia
3086 4124 3266 4194 populi
3302 4124 3656 4192 placandum,
3702 4128 3881 4184 navim

2274 4234 2395 4290 quae
2426 4218 2587 4287 longe
2611 4218 2826 4275 diversa
2882 4219 3103 4288 regione
3149 4206 3390 4274 Tharsos
3432 4220 3693 4288 petebat,
3748 4236 3879 4285 cun-

2275 4311 2506 4370 scendit.
2535 4311 2665 4373 Sed.
2696 4311 2787 4367 nhi
2815 4311 2869 4367 in
2901 4313 3068 4377 altum
3103 4326 3439 4382 processum,
3467 4324 3645 4368 nauta:
3673 4314 3882 4383 szevitia

2277 4408 2442 4463 maris
2471 4407 2759 4475 compulsi,
2792 4406 3039 4476 quisnam
3069 4415 3216 4462 esset
3244 4405 3371 4460 mali
3399 4419 3561 4463 causa
3593 4417 3744 4469 sorte
3788 4422 3879 4463 es-

2278 4502 2580 4572 ploravere.
2614 4500 2752 4559 Cum
2782 4513 2945 4569 super
2989 4498 3185 4555 Ionam
3226 4514 3347 4557 sors
3386 4497 3713 4564 decidisset,
3750 4512 3881 4557 tann

2278 4610 2435 4664 quam
2468 4594 2734 4662 piaculum
2765 4593 3101 4661 tempestatis
3139 4593 3190 4647 in
3222 4590 3556 4661 profundum
3608 4591 3882 4662 projectus

573 4678 841 4734 convertit
868 4695 881 4744 ;
918 4679 1079 4749 idque
1110 4682 1374 4734 Amassim
1399 4681 1469 4732 ob
1490 4680 1753 4736 delictum
1779 4679 2045 4739 accidisse
2074 4692 2177 4736 tra-
2206 4677 2254 4737 D
2282 4696 2364 4741 est
2397 4703 2409 4739 :
2433 4695 2801 4755 ext-eptusque
2826 4699 2856 4739 a
2901 4696 3046 4750 ceto,
3076 4684 3287 4739 marino
3326 4695 3590 4750 monstro,
3631 4699 3697 4741 ac
3721 4683 3880 4739 devo-

576 4768 761 4825 ditur:
796 4771 1063 4841 siquidem
1094 4770 1451 4826 Idnmacorum
1482 4771 1619 4829 ﬁnes
1644 4773 1817 4827 victor
1854 4772 2131 4842 ingressus
2155 4810 2171 4838 ,

576 4862 718 4918 idola
750 4864 928 4934 gentis
978 4865 1095 4935 ejus
1150 4874 1541 4935 assutnpscrat.
1599 4864 1696 4921 Hic
1754 4880 1950 4923 novem
2002 4880 2174 4923 annos

576 4973 837 5026 regnasse
876 4958 1153 5023 scribitur,
1188 4967 1448 5029 quantum
1487 4960 1540 5014 in
1569 4958 1721 5014 libris
1751 4959 2059 5030 Regnorum
2088 4976 2176 5021 re-

574 5053 691 5122 peri
721 5070 734 5106 :
770 5052 863 5107 sed
896 5054 945 5106 in
979 5053 1433 5123 Paralipomenis,
1471 5066 1633 5126 atque
1660 5056 1821 5111 etiam
1858 5057 1911 5111 in
1939 5053 2173 5113 Chronio

574 5146 675 5210 cis,
708 5161 907 5202 novem
947 5155 1000 5200 et
1046 5147 1235 5217 viginti
1263 5163 1435 5202 annos
1466 5148 1755 5219 imperium
1794 5150 2033 5209 tenuisse
2076 5166 2171 5207 an-

577 5249 827 5294 notatum
869 5250 953 5295 est
980 5256 995 5305 ;
1043 5255 1107 5295 ea
1152 5240 1409 5295 nimirum
1439 5241 1490 5296 id
1521 5242 1889 5311 persuadente
1918 5243 2135 5301 ratione
2156 5285 2172 5311 ,

575 5349 698 5404 qttzc
723 5334 775 5388 in
824 5333 906 5387 Itis
936 5333 1243 5403 Regnorum
1290 5333 1446 5390 libris
1493 5334 1652 5392 facile
1684 5338 1914 5406 perspici
1972 5345 2173 5407 potest.

575 5426 759 5482 Joram
794 5428 940 5481 enim
972 5442 1065 5482 rex
1098 5428 1284 5482 decem
1316 5429 1555 5487 tribuunt
1580 5438 1775 5486 octavo
1795 5446 1936 5487 anno
1965 5430 2183 5500 imperii

577 5522 843 5577 Amassize
873 5522 1110 5576 traditur
1147 5537 1374 5591 regnare
1401 5525 1949 5597 cmpisse,unumque
1972 5538 2027 5583 et
2048 5542 2179 5597 qua-

578 5617 824 5686 draginta
862 5631 1033 5669 annos
1058 5616 1342 5685 imperium
1369 5618 1609 5674 tenuisse
1636 5636 1650 5674 :
1677 5628 1935 5690 regnante
1954 5618 2176 5675 demum

582 5710 709 5769 Ozia
742 5712 1004 5767 Atnassim
1035 5712 1169 5778 ﬁlio,
1200 5723 1393 5783 quarto
1422 5715 1633 5784 imperii
1665 5715 1783 5784 ejus
1814 5729 1957 5771 anno
1987 5712 2181 5769 defun-

582 5814 705 5864 ctus
735 5819 813 5861 est
842 5825 855 5874 ;
880 5825 983 5879 qua
1015 5808 1225 5863 ratione
1257 5808 1441 5877 viginti
1472 5820 1524 5865 et
1566 5826 1761 5865 novem
1787 5824 1959 5865 annos
1988 5808 2181 5864 Amas-

582 5904 680 5982 siae
710 5902 905 5962 cﬁ‘ecit.
942 5902 1126 5977 Itaque
1157 5919 1255 5963 nos
1287 5902 1391 5983 hoc
1419 5905 1594 5980 ipsum
1626 5905 1821 5974 secuti,
1853 5906 1981 5979 quia
2008 5902 2178 5967 ratio-

2276 4787 2571 4848 ratus.post
2598 4778 2835 4833 triduum
2861 4777 2972 4833 fere
2992 4776 3353 4834 Ninivitarum
3380 4776 3657 4832 littoribus
3679 4775 3885 4845 eiectus

2271 4874 2422 4943 jussa
2452 4872 2703 4940 praedicat
2743 4890 2755 4928 :
2780 4870 2982 4933 Urbem
2997 4870 3209 4925 scilicet
3225 4871 3296 4929 ob
3326 4878 3547 4936 peccala
3578 4868 3761 4940 populi
3790 4866 3882 4925 tri-

2278 4966 2386 5020 duo
2414 4965 2729 5035 perituram.
2785 4964 2951 5035 Igiitu'
2994 4980 3100 5019 non
3142 4961 3591 5027 dissimulanter,
3642 4973 3701 5023 ut
3752 4960 3885 5015 olim

2278 5058 2554 5123 Sodomis,
2586 5058 2767 5113 audita
2799 5066 2883 5115 est
2926 5072 3029 5115 vos
3061 5053 3346 5125 PrOpbetac
3379 5072 3390 5107 :
3421 5070 3485 5113 ac
3511 5054 3699 5115 statim
3731 5055 3883 5125 jussu

2279 5152 2422 5222 regis
2444 5151 2807 5221 exemploque
2829 5150 3056 5221 populus
3094 5148 3380 5209 universus
3399 5190 3414 5215 ,
3444 5149 3577 5219 quin,
3608 5159 3662 5203 ct
3694 5164 3886 5209 recens

2281 5248 2391 5303 nati
2416 5291 2430 5310 ,
2470 5247 2595 5305 cibo
2626 5254 2860 5317 potaque
2895 5244 3235 5305 abstineatur
3270 5261 3283 5297 :
3324 5246 3573 5312 jumenta
3616 5242 3803 5300 itidem
3832 5253 3886 5305 et

2279 5343 2483 5401 diversi
2511 5342 2725 5412 generis
2760 5340 3013 5396 animalia
3058 5338 3340 5407 compulsa
3382 5336 3526 5395 fame
3563 5350 3627 5392 ac
3674 5336 3760 5391 siti
3812 5337 3885 5395 la-

2278 5439 2634 5494 mentantium
2658 5435 2893 5503 speciem
2924 5446 3048 5489 cum
3083 5429 3394 5493 hominibus
3426 5429 3764 5505 praebebant.
3810 5430 3883 5497 Ita

2284 5530 2572 5585 imminens
2614 5526 2816 5589 malum
2864 5540 3135 5593 aversum.
3185 5524 3337 5580 Iona:
3368 5522 3509 5592 apud
3555 5522 3726 5583 Dcum
3760 5539 3886 5580 con-

2283 5623 2554 5692 querenti,
2584 5620 2728 5691 quod
2752 5620 2885 5679 ﬁdes
2916 5618 3073 5679 dictis
3101 5634 3211 5677 non
3230 5617 3514 5685 adfuisset,
3538 5633 3884 5690 responsum.

2286 5714 2681 5773 Pmnitentibus
2715 5715 2926 5768 veniam
2952 5712 3135 5783 negari
3151 5729 3256 5767 non
3292 5725 3472 5780 posse.

2361 5806 2549 5863 XLIX.
2586 5808 2654 5866 At
2676 5809 2729 5864 in
2759 5805 3004 5867 Samaria
3027 5805 3343 5865 Zachariam
3371 5817 3557 5875 regem
3596 5800 3883 5864 admodum

2289 5902 2535 5977 impium,
2558 5920 2718 5977 quem
2738 5902 2987 5979 superius
3015 5914 3269 5976 regnasse
3294 5897 3739 5991 memoravimus,
3772 5894 3887 5981 Sel-
