4106 6344
172 308 277 366 125

1420 309 1744 367 lllSTORlA
1784 308 2029 369 SACRA.
2075 305 2207 368 LIB.
2251 313 2288 368 l.

3434 318 3558 378 126,

167 434 216 490 la
241 433 472 506 quidam
509 434 1177 503 interemit,regnumque
1198 432 1480 504 occupavit
1513 448 1526 484 :
1559 431 1816 503 idemque
1841 439 1885 496 Α
1920 432 2148 502 periculi
2198 433 2350 489 tore:
2385 432 2640 488 divinum
2680 442 2864 488 autem
2915 433 3176 489 :uxilium
3225 450 3337 492 nou
3381 437 3542 494 defu-

169 529 339 583 Manm
358 527 618 594 insidiis,
643 529 902 597 exemplo
928 526 1048 582 iacti
1070 527 1174 594 sui,
1201 526 1362 596 perit.
1386 525 1800 597 Maneereptnm

170 620 330 675 Sella:
362 620 684 690 imperium
713 622 906 682 tenuit,
935 619 1151 689 ﬁlioque
1177 619 1354 675 l‘at‘he
1385 617 1629 689 reliquit:
1651 634 1805 674 cutu-

169 713 289 769 dent
314 729 454 768 vero
487 713 687 770 Pache
717 713 934 785 quidam
969 713 1210 783 ejusdem
1241 713 1480 769 nominis
1503 713 1797 781 interemit,

167 820 514 877 regnumque
544 808 884 877 occupavit;
911 821 1032 860 mox
1067 807 1138 861 ab
1169 806 1308 862 Osee
1341 815 1676 877 peremptus,
1709 821 1803 861 eo-

169 898 286 954 dem
315 897 540 954 scelere
567 914 689 969 quo
723 907 1094 970 assumpserat
1132 899 1446 970 imperium,
1469 899 1670 955 amisit.
1703 899 1801 956 llic

168 992 307 1046 ultra
345 1007 556 1047 omnes
592 1008 764 1064 reges
808 993 1119 1065 superiores
1162 996 1388 1064 impius,
1441 1010 1654 1064 pinnam
1695 995 1797 1051 sibi

167 1091 612 1155 perpetuamque
630 1085 785 1156 genti
815 1086 1181 1156 captivitatem
1206 1101 1234 1140 a
1260 1087 1367 1142 Deo
1391 1088 1620 1152 meruit;
1648 1103 1796 1142 nam-

167 1193 268 1244 que
297 1179 347 1233 ei
376 1176 788 1235 Salmanassar
818 1195 910 1234 rex
950 1178 1297 1251 Assyriorum
1336 1181 1518 1236 intulit
1559 1181 1794 1248 bellum,

167 1276 484 1347 victumque
523 1277 886 1333 tributariam
912 1279 1012 1334 sibi
1047 1278 1247 1336 eﬂ'ecit.
1278 1280 1385 1336 Sed
1414 1296 1535 1335 cum
1571 1281 1798 1336 occultis

172 1368 416 1423 consiliis
440 1369 822 1428 rebellionem
862 1384 1110 1440 pararet,
1142 1388 1440 1444 regemque
1471 1372 1797 1442 Ethiopum

171 1463 256 1534 qui
279 1473 392 1518 tum
418 1462 742 1535 Egyptum
771 1464 1071 1531 obtinebat,
1105 1467 1157 1521 in
1187 1467 1449 1521 auxilium
1479 1467 1792 1535 accerserit,

171 1555 326 1622 idque
361 1554 766 1613 Salmanassar
803 1560 1182 1628 comperisset,
1217 1559 1496 1630 perpetuis
1520 1575 1644 1614 eum
1673 1559 1792 1614 vin-

171 1647 301 1702 cnlis
331 1649 386 1702 in
419 1664 718 1704 carcerem
748 1650 981 1720 conjecit
1003 1694 1019 1718 ,
1075 1652 1379 1722 urbemque
1413 1652 1614 1707 excidit
1652 1668 1667 1704 :
1701 1666 1796 1720 po-

172 1740 350 1809 pulum
377 1741 715 1796 nniversum
751 1743 807 1798 in
834 1759 1060 1812 regnum
1093 1759 1252 1800 suum
1281 1743 1527 1809 abduxit,
1556 1745 1795 1816 Assyriis

1909 533 2110 580 turum.

1979 617 2063 672 ιι.
2098 617 2209 676 Nec
2253 619 2426 678 multo
2455 631 2583 690 post
2612 619 2896 676 Tliaracas
2928 635 3029 676 rex
3063 619 3389 692 Ethiopum
3441 639 3532 680 re-

1906 728 2069 782 gnum
2104 710 2454 784 Assyriorum
2489 712 2698 766 invadit
2731 730 2743 764 :
2774 729 2882 782 quo
2907 714 3107 767 nuntio
3147 713 3528 772 Sennachcrib

1905 804 1971 857 ad
2002 819 2098 858 sua
2133 803 2329 858 tuenda
2359 819 2684 870 conversus,
2703 803 2954 860 Tremens
2976 814 3032 860 et
3055 805 3369 874 clamitans,
3394 807 3519 864 Vic-

1906 897 2014 952 tori
2042 898 2145 952 sibi
2185 897 2464 952 victoriam
2510 899 2690 969 eripi,
2723 900 2930 954 bellum
2961 901 3186 964 omisit,
3222 902 3406 956 missis
3448 902 3518 958 ad
3592 935 3595 938 -

1905 990 2196 1045 Ezr'chiam
2230 991 2424 1045 litteris
2446 1007 2571 1045 cum
2603 979 2893 1046 verborum
2915 993 3270 1054 contumeliis
3295 993 3509 1049 denun-

1905 1084 2067 1150 tians,
2099 1101 2158 1138 sc
2190 1084 2353 1154 paulo
2382 1095 2501 1153 post
2532 1085 2702 1142 rebus
2721 1084 2872 1140 domi
2904 1088 3227 1155 compositis
3259 1087 3327 1141 ad
3359 1088 3512 1144 exci-

1902 1178 2050 1233 dium
2094 1178 2298 1233 .lnt|ae:e
2326 1190 2542 1233 mature
2572 1176 2899 1233 rediturum.
2935 1178 3046 1234 Sed
3080 1178 3218 1234 nihil
3248 1179 3336 1234 his
3382 1182 3515 1236 Eze-

1901 1270 2054 1326 chias
2083 1281 2265 1325 motus
2287 1286 2474 1326 orasse
2507 1271 2794 1326 Dominum
2827 1270 3085 1337 traditur,
3121 1289 3189 1327 ne
3217 1274 3359 1328 hanc
3389 1284 3508 1328 tau-

1900 1372 2010 1418 tam
2041 1364 2276 1419 hominis
2307 1364 2654 1419 insolentiam
2683 1363 2910 1418 inultam
2943 1367 3148 1420 sineret
3175 1383 3192 1420 :
3217 1367 3289 1421 ita
3319 1366 3508 1422 eadem

1902 1468 2062 1514 nocte
2108 1458 2347 1528 Angelus
2379 1466 2560 1511 castra
2601 1456 2951 1529 Assyriorum
2987 1474 3302 1528 aggressus,
3340 1461 3508 1515 multa

1900 1552 2184 1606 hominum
2216 1551 2388 1604 millia
2416 1549 2755 1613 lethodedit;
2775 1565 2869 1605 rex
2895 1551 3136 1620 trepidus
3169 1552 3220 1606 in
3244 1553 3504 1622 oppidum

1897 1646 2130 1702 Niniven
2157 1646 2424 1715 confugit,
2461 1645 2644 1717 ibique
2675 1661 2704 1698 a
2751 1644 2877 1700 ﬁliis
2908 1645 3233 1702 interfectus
3277 1648 3501 1718 dignum

1898 1757 1958 1796 se
1990 1741 2196 1796 exitum
2247 1740 2388 1796 tulit.
2439 1740 2545 1795 Per
2592 1739 2736 1796 idem
2783 1751 2999 1810 tempus
3053 1741 3313 1804 Ezechias
3361 1759 3506 1813 zegcr

171 1834 218 1888 in
250 1833 436 1890 hostili
484 1835 617 1890 solo
646 1835 715 1891 ad
741 1837 1044 1892 custodiam
1079 1839 1273 1908 positis
1304 1838 1535 1910 (exinde
1573 1853 1634 1893 ea
1674 1854 1797 1908 pars
1829 1851 1876 1911 Β
1903 1849 2157 1905 corpore,
2195 1835 2387 1890 morbo
2411 1832 2758 1890 incubuerat.
2791 1832 3038 1900 Cumque
3075 1835 3264 1889 Esaias
3291 1835 3338 1889 ei
3379 1851 3504 1889 vcr-

173 1931 412 1988 Samaria
447 1932 740 2002 appellata
772 1950 786 1986 :
813 1932 958 2002 quod
989 1933 1170 2005 lingua
1193 1933 1796 2004 Assyriorntncustodcs

173 2023 473 2078 Samaritas
521 2023 787 2096 vocant),
822 2041 886 2080 ex
930 2027 1129 2096 quibus
1171 2027 1416 2098 plerique
1446 2027 1657 2080 divinas
1699 2040 1796 2081 ce~

175 2117 446 2172 remonias
484 2127 827 2188 receperunt
869 2118 1091 2190 reliquis
1136 2121 1188 2174 in
1235 2134 1426 2174 errore
1477 2118 1798 2186 gentilitatis

176 2210 691 2281 perseverantibus.
726 2211 838 2267 Hoc
885 2211 1030 2267 bello
1067 2211 1266 2266 Tobias
1312 2212 1368 2266 in
1423 2211 1798 2280 captivitatem

178 2305 363 2361 ductus
393 2314 507 2360 est.
552 2303 630 2360 At
669 2305 722 2358 in
766 2316 917 2376 parte
961 2307 1194 2362 duarum
1225 2305 1464 2360 tribuum
1495 2319 1589 2360 rex
1617 2302 1800 2359 Acha:

179 2404 246 2455 ob
271 2400 625 2470 impietatem
659 2399 874 2456 invisus
914 2399 1056 2468 Deo,
1083 2417 1206 2455 cum
1242 2400 1598 2454 ﬁnitimorum
1639 2398 1801 2454 hellis

182 2510 320 2565 stepe
350 2507 732 2565 premeretur,
759 2494 891 2550 deos
923 2495 1162 2567 gentium
1194 2495 1381 2550 colere
1419 2493 1692 2556 decrevit,
1720 2491 1799 2548 ni-

184 2588 377 2644 mirum
432 2590 570 2661 quia
627 2605 824 2644 eorum
873 2589 1076 2644 auxilio
1127 2587 1364 2643 victores
1418 2585 1803 2658 frequentibus

188 2685 382 2754 praaliis
410 2683 770 2740 exstitissent
797 2701 812 2737 :
845 2683 916 2738 ita
949 2683 1000 2739 in
1049 2682 1154 2737 hoc
1185 2682 1406 2738 nefaria:
1458 2681 1658 2737 mentis
1685 2681 1800 2748 pia-

188 2778 306 2833 culo
355 2777 511 2834 diem
554 2777 782 2833 functus
827 2785 942 2843 est,
1002 2791 1126 2831 cum
1177 2790 1265 2830 xvr
1316 2775 1473 2830 annis
1526 2774 1579 2832 in
1634 2785 1808 2842 regno

191 2872 400 2927 ruisset.

260 2965 327 3021 L.
372 2965 510 3020 lluic
537 2963 806 3024 Ezechias
835 2963 972 3018 lilius
1000 2963 1286 3028 successit,
1319 2962 1554 3016 multum
1587 2956 1806 3028 paterni

197 3057 478 3113 dissimilis
532 3057 804 3129 ingenii:
857 3071 1092 3126 namque
1145 3055 1299 3109 initio
1343 3054 1496 3124 regni
1548 3052 1806 3124 populum

196 3151 624 3221 sacerdotesque
675 3151 746 3206 ad
813 3151 907 3206 Dei
949 3151 1155 3208 cultum
1204 3149 1526 3206 cohortatus
1555 3188 1570 3213 ,
1623 3147 1810 3204 multis

1902 1928 2028 1984 bum
2074 1925 2292 1982 Domini
2323 1926 2728 1990 annuntiassct,
2777 1925 2902 1980 vitzr
2943 1926 3062 1996 ejus
3095 1929 3255 1981 linem
3286 1928 3507 1996 adesse,

1901 2021 2063 2077 flesse
2104 2035 2199 2075 rex
2237 2019 2496 2084 traditur,
2542 2019 2616 2075 ita
2648 2035 2715 2075 xv
2743 2035 2917 2075 annos
2961 2021 3238 2090 prorogari
3289 2020 3390 2074 sibi
3437 2019 3508 2075 ad

1903 2117 2070 2170 vitam
2101 2115 2303 2170 meruit
2339 2133 2350 2167 :
2400 2113 2600 2184 quibus
2651 2115 2921 2184 peractis,
2971 2130 3115 2170 nano
3145 2126 3199 2170 et
3244 2115 3512 2186 vigesimo

1904 2206 2122 2278 imperii
2161 2221 2308 2260 anno
2351 2204 2629 2272 decessit,
2666 2219 2890 2275 regnum
2939 2206 3189 2261 Manasse
3217 2205 3334 2261 lilio
3372 2205 3508 2260 reli—

1903 2300 2038 2372 quit.
2073 2299 2122 2354 ls
2152 2316 2180 2352 a
2215 2311 2369 2368 patre
2394 2297 2628 2354 multum
2654 2298 3020 2368 degenerans,
3051 2299 3244 2354 relicto
3274 2299 3508 2354 Domino

1905 2393 2148 2448 culturas
2189 2392 2384 2462 itnpias
2435 2392 2688 2448 exercuit
2729 2409 2742 2446 :
2787 2392 2859 2447 ob
2884 2391 3028 2462 quod
3074 2393 3126 2447 in
3179 2399 3508 2462 pou-statera

1904 2486 2258 2559 Assyriorum
2283 2485 2533 2550 traditus,
2567 2485 2714 2541 malo
2740 2495 2963 2542 coactus
2993 2485 3211 2553 agnovit
3234 2499 3502 2551 errorem,

1909 2585 2279 2654 populumque
2305 2582 2624 2636 adhortatus
2651 2589 2759 2646 est,
2792 2579 2871 2636 uti
2899 2580 3108 2636 relictis
3129 2579 3289 2636 idolis
3319 2579 3505 2638 Domi-

1907 2696 2041 2736 num
2091 2679 2362 2734 colerent.
2398 2677 2541 2733 Nihil
2589 2691 2727 2735 sane
2751 2678 2973 2748 dignum
3002 2679 3264 2734 memoria
3287 2678 3459 2749 gessit
3493 2695 3506 2731 :

1907 2772 2155 2841 regnavit
2200 2781 2380 2827 autem
2413 2785 2589 2826 annos
2629 2787 2664 2826 v
2711 2782 2766 2825 et
2817 2788 2869 2826 ι..
2901 2770 3082 2827 Anton
3123 2771 3324 2827 deinde
3368 2770 3512 2826 ﬁlius

1908 2868 2023 2938 ejus
2049 2881 2276 2936 regnum
2303 2865 2535 2935 adeptus
2564 2875 2669 2932 est,
2704 2880 2802 2920 nec
2833 2864 2975 2920 ultra
3006 2863 3284 2922 biennium
3314 2879 3380 2920 eo
3409 2879 3506 2934 po-

1910 2961 2040 3016 titus
2073 2971 2156 3014 εει
2183 2977 2196 3011 :
2229 2972 2472 3030 paterna:
2500 2957 2802 3028 impietatis
2835 2957 3014 3013 haeres
3035 2999 3050 3023 ,
3097 2957 3310 3012 Domini
3343 2956 3516 3027 negli-

1908 3072 2065 3126 gens,
2085 3070 2309 3108 suorum
2337 3053 2548 3108 insidiis
2573 3054 2982 3108 circumventus
3013 3052 3194 3122 periit,
3215 3051 3280 3106 ad
3304 3051 3508 3107 Josiam

1914 3152 2078 3205 lilium
2107 3149 2392 3218 imperium
2425 3147 2760 3203 devolutum.

195 3246 468 3302 disseruit.
521 3246 590 3302 Ut
628 3247 943 3315 frequenter
970 3243 1219 3314 castigati
1249 3261 1278 3296 a
1309 3243 1569 3308 Domino,
1599 3243 1802 3311 saepius
1831 3245 1877 3310 C
1981 3242 2090 3299 ιιι.
2136 3241 2188 3298 ls
2217 3240 2511 3296 admodum
2541 3240 2834 3310 religiosus
2869 3237 3038 3296 fuisse
3071 3237 3322 3302 traditur,
3368 3252 3517 3293 sum-

199 3353 377 3397 essent
428 3341 872 3396 misericordiam
938 3340 1220 3395 consecuti
1265 3356 1281 3394 :
1352 3348 1410 3392 ut
1469 3345 1809 3406 postremum

201 3433 380 3490 decem
414 3435 598 3489 tribus
637 3435 690 3488 in
723 3433 1100 3504 captivitatem
1151 3447 1328 3500 nuper
1353 3429 1602 3484 adducta)
1633 3428 1806 3486 sacri-

207 3528 321 3592 legii
357 3543 556 3598 poenas
589 3526 961 3580 dissolverent
991 3543 1003 3577 :
1035 3523 1338 3579 curandum
1369 3523 1448 3576 eis
1475 3522 1668 3576 scdulo
1693 3563 1705 3585 ,
1740 3535 1808 3575 ne

205 3619 389 3674 eadem
431 3619 546 3690 pati
593 3626 926 3672 mereantur.
964 3616 1036 3670 Ita
1068 3616 1348 3671 conversis
1375 3613 1440 3668 ad
1482 3613 1807 3681 religionem

207 3716 438 3767 omnium
474 3712 699 3777 animis,
737 3711 934 3765 levitas
965 3708 1386 3777 sacerdotesque
1416 3721 1605 3760 omnes
1633 3705 1696 3758 ad
1721 3719 1810 3757 ce-

209 3805 458 3860 lebranda
505 3804 808 3859 secundum
853 3803 1025 3873 legem
1058 3799 1327 3856 sacriﬁcia
1368 3799 1677 3853 ordinatit:
1719 3811 1810 3851 ce-

215 3902 519 3970 lebrarique
554 3901 763 3957 Pascha
791 3901 1044 3965 instituit,
1077 3900 1220 3970 quod
1245 3899 1356 3970 jam
1391 3898 1600 3968 pridem
1633 3897 1811 3956 fuerat

213 3997 505 4061 omissum;
535 4009 778 4065 cumque
808 3994 925 4048 dies
966 3995 1133 4048 festus
1174 3991 1413 4057 adesset,
1445 3990 1681 4047 dimissis
1715 4003 1811 4059 per

213 4102 420 4144 omnem
457 4098 665 4144 terram
694 4087 898 4142 nuntiis
925 4105 937 4138 :
969 4094 1271 4140 conventus
1306 4084 1450 4139 diem
1485 4083 1694 4138 edixit:
1727 4091 1806 4146 ut,

214 4183 252 4234 si
277 4182 394 4251 quis
423 4191 548 4251 post
581 4179 967 4236 abductionetn
992 4179 1181 4234 decem
1209 4179 1444 4232 tribuunt
1476 4178 1527 4231 in
1564 4177 1808 4232 Samaria

217 4274 587 4344 resedissent,
636 4273 706 4338 ad
757 4273 1006 4342 solemne
1049 4287 1266 4329 sacrum
1301 4269 1700 4326 convenirent:
1737 4271 1811 4340 ita

215 4369 656 4443 frequentissimo
695 4379 970 4430 conventu
1019 4367 1136 4424 dies
1176 4381 1334 4422 sacer
1365 4364 1578 4437 publica
1622 4363 1809 4418 ltutitia

217 4479 452 4534 exactus,
489 4466 656 4538 longo
683 4474 804 4538 post
837 4463 1130 4520 intervallo
1163 4462 1428 4536 religione
1452 4459 1692 4531 legitima
1718 4474 1814 4532 per

219 4561 496 4622 Ezechiam
545 4561 821 4632 restituta.
873 4559 999 4614 Pari
1026 4557 1224 4613 deinde
1266 4555 1536 4613 industria
1579 4571 1683 4627 qua
1729 4554 1810 4609 di-

1913 3351 2114 3406 maque
2137 3350 2270 3392 cura
2301 3334 2486 3390 divina
2508 3333 2949 3396 administrasse,
2981 3331 3200 3390 Helchia
3227 3330 3514 3388 sacerdote
3571 3346 3577 3354 '

1913 3446 2040 3485 usus
2083 3429 2245 3486 bene.
2279 3427 2326 3481 ls
2352 3441 2474 3482 cum
2519 3429 2571 3482 iu.
2606 3425 2808 3496 templo
2835 3425 3033 3480 librum
3062 3424 3214 3480 verbi
3248 3423 3340 3480 Dei
3374 3425 3511 3480 scri-

1916 3537 2087 3592 ptum,
2121 3531 2398 3591 repertum
2432 3538 2459 3574 a
2506 3520 2795 3580 sacerdme
2839 3520 3085 3589 leg-isset,
3119 3533 3226 3587 quo
3266 3518 3516 3578 contine-

1911 3620 2092 3683 batur,
2139 3619 2423 3673 llebraram
2467 3628 2686 3690 gentem
2718 3615 2789 3669 ob
2835 3615 3054 3669 crebras
3103 3613 3411 3682 itnpietates
3458 3621 3514 3666 et

1912 3715 2192 3784 sacrilegia
2217 3712 2542 3776 delendam;
2580 3713 2681 3780 piis
2703 3710 2767 3762 ad
2799 3709 2967 3763 Deum
2997 3709 3249 3778 precibus
3272 3706 3512 3775 ﬂetuque

1907 3810 2020 3881 jugi
2073 3807 2444 3862 imminentem
2492 3804 2699 3859 cladem
2751 3804 2968 3857 avertit.
3002 3801 3156 3870 Quod
3190 3800 3280 3856 tibi
3336 3798 3514 3853 indul-

1913 3914 2027 3960 tutn
2057 3903 2158 3970 sibi
2182 3917 2275 3972 per
2305 3899 2530 3964 lloldam
2564 3899 2960 3968 prophetiSsam
2990 3896 3282 3965 comperit,
3305 3895 3513 3964 majore

1913 4011 2068 4062 euro,
2104 4003 2290 4065 utpote
2320 3994 2594 4063 obligatus
2623 3991 2824 4045 divinis
2847 3988 3153 4052 beneﬁciis,
3181 3987 3384 4042 cultum
3415 3986 3512 4041 Dei

1913 4091 2180 4146 exercuit.
2217 4087 2383 4158 Igitur
2413 4101 2542 4141 vasa
2587 4086 2768 4140 omnia
2820 4084 3153 4138 anteriorum
3187 4097 3372 4151 regum
3422 4095 3515 4135 su-

1914 4182 2327 4254 perstitionibus
2372 4180 2534 4234 idolis
2563 4187 2884 4233 consecrata
2934 4175 3229 4239 cremavit;
3279 4188 3514 4243 namque

1914 4292 1982 4332 eo
2010 4274 2221 4348 profani
2249 4273 2384 4328 ritus
2415 4273 2781 4336 invaluerant,
2811 4279 2866 4322 ut
2893 4267 2995 4323 soli
3024 4283 3086 4322 ac
3128 4267 3267 4332 luna:
3297 4266 3514 4326 divinos

1917 4371 2156 4428 honores
2181 4370 2398 4434 darent,
2430 4366 2746 4436 eisdemque
2776 4365 2938 4419 etiam
2970 4378 3034 4417 ex
3070 4359 3304 4428 metallis
3328 4373 3512 4414 sacra-

1917 4466 1994 4520 ria
2027 4462 2362 4519 :rdiiicarent
2388 4479 2400 4516 :
2431 4459 2627 4532 quibus
2658 4457 2836 4511 Josias
2866 4454 2917 4509 in
2943 4454 3224 4525 pulverem
3254 4450 3511 4528 redactis,

1917 4557 2234 4614 sacerdotes
2287 4569 2500 4626 quoque
2559 4550 2907 4624 profanarum
2955 4549 3150 4604 aedium
3213 4543 3509 4601 interfecit.

219 4654 333 4709 vina
361 4663 694 4719 curaverat,
726 4666 840 4708 rem
889 4650 1139 4720 bellicam
1189 4649 1586 4706 administravit
1613 4689 1628 4714 ,
1673 4647 1810 4702 allo-
1841 4651 1894 4711 D
1921 4651 2024 4706 Sed
2058 4665 2124 4710 ne
2155 4648 2421 4720 srpulcris
2471 4646 2690 4720 quidem
2722 4642 3015 4716 impiorum
3063 4639 3301 4712 pepercit
3328 4655 3340 4690 :
3367 4636 3512 4708 quod

219 4747 516 4822 phylosque
548 4736 942 4818 'l'requentibus
974 4746 1179 4816 praeliis
1228 4745 1516 4814 contudit,
1560 4744 1734 4797 donec
1763 4742 1816 4797 ei

219 4825 590 4898 Senuacherib
623 4856 715 4896 rex
747 4838 1098 4912 Assyriorum
1132 4837 1334 4893 bellum
1369 4838 1570 4893 intulit.
1621 4837 1814 4907 Magno

219 4950 339 4992 cum
388 4937 644 4994 exercitu
695 4935 832 5000 lines
882 4934 1002 5004 ejus
1052 4933 1358 5004 ingressus,
1405 4933 1621 5004 lateque
1669 4932 1814 5003 agris

221 5031 466 5097 vastatis,
502 5029 656 5084 nullo
686 5027 986 5088 obsistente
1032 5027 1181 5082 urbis
1221 5025 1612 5082 obsisidionem
1648 5040 1812 5098 urge-

222 5120 347 5177 bat:
380 5121 649 5179 Ezechias
674 5123 818 5177 enim
851 5121 1196 5176 multitudine
1228 5119 1476 5188 inferior,
1512 5136 1618 5174 non
1648 5134 1817 5174 ausus

223 5230 431 5270 manum
458 5228 778 5283 conserere,
813 5213 984 5270 muris
1007 5229 1066 5285 se
1099 5214 1374 5268 tuebatur.
1407 5211 1525 5267 Rex
1559 5215 1815 5284 Assyrius

225 5309 389 5378 portis
409 5309 719 5374 adsultans,
751 5307 986 5363 minitari
1025 5307 1322 5384 excidium,
1353 5305 1684 5363 deditionem
1715 5307 1817 5360 im-

223 5417 410 5473 perare
447 5423 460 5460 :
508 5403 800 5460 Ezechiam
841 5403 1039 5458 frustra
1077 5403 1191 5458 Deo
1241 5402 1520 5458 conlidere
1563 5420 1573 5454 :
1626 5416 1684 5455 se
1721 5401 1813 5455 Dei

225 5505 356 5552 nutu
378 5499 555 5568 potius
582 5512 731 5552 arma
755 5497 1052 5566 sumpsisse
1079 5515 1089 5550 :
1121 5497 1385 5552 victorem
1416 5494 1656 5550 omnium
1683 5511 1816 5567 gen-

226 5589 382 5655 tium,
412 5605 724 5647 eversorem
760 5588 1019 5646 Samaria:
1049 5590 1210 5663 effugi
1243 5605 1348 5646 non
1384 5604 1574 5659 posse,
1611 5587 1664 5643 ni
1696 5603 1811 5642 ma-

228 5691 346 5736 tura
375 5684 650 5740 deditione
701 5683 921 5740 sibimet
949 5685 1332 5741 consuluisset.
1380 5684 1436 5739 ln
1486 5687 1588 5738 hoc
1633 5698 1814 5740 rerum

228 5782 372 5830 statu
401 5776 661 5834 Ezechias
692 5775 804 5834 Deo
831 5775 1024 5850 fretus,
1059 5777 1274 5835 Esaiam
1317 5776 1639 5852 pr0plietani
1683 5792 1814 5833 con-

229 5867 379 5944 sulit,
422 5874 648 5952 ejusque
698 5885 964 5948 responso
1017 5872 1298 5945 cdocetur,
1350 5869 1492 5942 Nihil
1548 5887 1613 5930 ex
1655 5871 1812 5940 hoste

1920 4745 2048 4814 olim
2092 4743 2414 4815 praedictum
2445 4756 2475 4795 a
2507 4738 2768 4811 propheta
2796 4779 2811 4804 ,
2857 4736 3136 4809 impletum
3170 4731 3515 4788 animadver-

1919 4857 2037 4897 sum
2086 4847 2189 4894 cst.
2247 4837 2416 4908 Hujus
2463 4846 2655 4891 octavo
2707 4842 2764 4888 et
2817 4832 3032 4886 decimo
3099 4826 3308 4899 imperii
3371 4839 3516 4881 anno

1920 4934 2124 4990 Pascha
2178 4932 2540 4988 celebratum.
2576 4929 2706 4983 Post
2755 4928 3052 4982 triennium
3108 4923 3221 4978 fere
3253 4919 3516 4975 adversus

1917 5030 2136 5087 Nechao
2179 5044 2367 5100 regem
2420 5026 2676 5100 ASgypti,
2710 5024 2802 5095 qui
2845 5023 3044 5078 bellum
3095 5017 3330 5090 Assyriis
3379 5017 3518 5076 infe-

1920 5125 2114 5190 rcbat,
2167 5124 2219 5176 in
2279 5121 2521 5192 praelium
2565 5133 2855 5190 egressus,
2908 5120 3220 5188 priusquam
3269 5113 3411 5168 inter
3457 5126 3518 5167 se

1917 5219 2065 5272 acies
2114 5223 2551 5280 concurrerent,
2604 5215 2801 5278 sagitta
2855 5211 2994 5264 ictus
3042 5219 3174 5264 est:
3225 5221 3399 5277 exque
3449 5221 3517 5262 eo

1919 5310 2149 5365 vulnere
2191 5308 2242 5362 in
2273 5306 2462 5362 urbem
2496 5305 2700 5360 relatus
2727 5345 2740 5369 ,
2771 5303 3007 5358 decessit
3035 5343 3048 5368 ,
3084 5317 3206 5356 cum
3235 5310 3518 5371 regnasset

1917 5419 2088 5459 annos
2117 5418 2134 5456 ι
2162 5411 2213 5455 et
2242 5417 2329 5455 xx.

1993 5493 2129 5552 Llll.
2157 5493 2392 5549 Joaclias
2417 5491 2542 5546 inde
2571 5489 2715 5544 [ilius
2745 5488 2864 5559 ejus
2891 5502 3115 5560 regnum
3145 5485 3392 5552 adeptus,
3427 5480 3521 5534 tri-

1929 5596 2028 5647 bus
2057 5585 2330 5642 mensibus
2364 5585 2558 5648 tenuit,
2603 5582 2900 5652 captivitati
2935 5582 3004 5634 ob
3037 5580 3366 5646 impietatem
3397 5571 3522 5627 des-

1930 5686 2172 5741 tinatus:
2207 5693 2442 5750 namque
2487 5694 2610 5732 eunt
2656 5675 2872 5731 Necltao
2918 5690 3009 5728 rex
3055 5670 3273 5740 [Egypti
3316 5666 3521 5722 victum

1927 5785 2254 5848 captumque
2297 5772 2472 5839 duxit,
2518 5787 2618 5827 nec
2650 5771 2824 5825 multo
2870 5776 2992 5840 post
3023 5766 3076 5820 in
3106 5759 3336 5816 vinculis
3381 5759 3527 5818 dicm

1931 5874 2149 5946 iunctus
2177 5877 2284 5928 est.
2308 5867 2510 5928 ludatis
2536 5865 2866 5940 stipendium
2897 5875 3132 5918 annuum
3159 5856 3483 5930 imperatum
3511 5873 3527 5914 :
