4106 6344
569 299 678 356 127
1928 292 2224 354 SULPICII
2261 292 2523 352 SEVERI
3785 304 3888 360 128

563 432 664 475 rex
693 418 773 475 eis
802 416 1070 475 Eliacbim
1110 416 1339 474 arbitrio
1384 415 1608 473 victoris
1632 414 1813 481 datus,
1842 413 1934 485 qui
1980 420 2169 481 postea
2203 414 2248 473 Α
2276 426 2443 467 nosor
2488 412 2697 470 bellum
2731 414 2952 484 intulit,
3001 418 3459 490 compulsumque
3508 421 3652 476 intra
3704 434 3892 477 muros

573 512 863 569 immutato
891 510 1111 567 nomine
1136 509 1388 567 .Ioachim
1412 510 1679 565 vocitatus
1706 518 1810 563 est.
1840 507 1936 562 llic
1955 504 2178 562 Joacha:
2283 506 2577 580 confugere
2629 510 2865 567 triennio
2896 511 3129 569 obsedit.
3160 514 3280 582 Qua
3328 522 3657 586 tempestate
3705 513 3894 570 Hiere~

574 605 781 672 frater,
819 604 984 661 Josia'
1014 603 1157 660 filius
1188 604 1320 672 fuit,
1370 602 1523 659 fratri
1550 617 1712 674 quam
1746 602 1884 671 patri
1919 600 2176 672 propior,
2285 604 2447 658 miam
2489 606 2857 675 prophetam,
2902 606 2993 679 qui
3038 606 3153 677 jam
3193 609 3395 677 saepius
3441 607 3730 663 imminere
3778 605 3893 663 urbi

576 698 868 771 sacrilegio
896 700 1106 755 invisus
1135 698 1269 754 Deo.
1305 696 1477 767 Igitur
1502 713 1623 752 cum
1652 696 1763 766 regi
1793 694 2050 766 Egyptio
2082 710 2180 763 pa-
2284 697 2652 768 captititatem
2685 701 3155 769 ρτοηυιιιίίινοτειι.
3198 701 3483 765 consulit,
3532 700 3578 755 si
3610 700 3740 772 quid
3779 700 3895 768 Spei

576 802 748 861 reret,
791 793 995 863 quippe
1038 792 1125 846 cui
1176 790 1437 846 tributum
1470 789 1775 861 penderet,
1824 787 2183 844 Nabuchodo-
2286 792 2514 846 forsitan
2542 803 2878 861 superesset.
2913 792 3021 849 Sed
3067 795 3156 849 ille
3186 794 3432 851 crelcstis
3475 794 3569 849 irae
3604 808 3715 848 non
3746 796 3897 864 igna-

578 900 747 942 nosor
775 901 871 940 rex
901 885 1230 956 Babylonius
1267 884 1514 940 Judaeam
1556 894 1757 940 terram
1787 884 2077 954 occupavit
2099 899 2184 939 ar—
2287 903 2403 954 rus,
2435 887 2625 943 eadem
2658 891 2859 959 smpius
2889 890 3252 960 interrogatus
3296 887 3576 960 respondit
3602 929 3616 953 ,
3646 887 3753 957 ipsi
3785 888 3896 958 regi

578 982 724 1046 mis,
756 988 814 1036 et
862 996 958 1051 per
1006 978 1301 1035 triennium
1347 980 1470 1049 jure
1501 978 1630 1035 belli
1678 979 1854 1034 victor
1900 978 2182 1048 possedit:
2289 981 2580 1053 Specialem
2616 997 2831 1051 poenam
2878 982 3232 1038 denuntians.
3263 982 3400 1037 Tum
3434 997 3567 1037 vero
3593 980 3898 1037 Sedet-luas

580 1074 785 1132 etenim
816 1073 1049 1130 cedente
1081 1074 1191 1142 jam
1242 1088 1371 1144 rege
1409 1072 1661 1145 Egypti,
1695 1072 2187 1142 determinatisque
2291 1078 2342 1132 in
2375 1084 2509 1132 iram
2552 1080 2818 1133 excitatus
2842 1120 2858 1145 ,
2895 1078 3034 1134 trudi
3069 1077 3391 1149 prophetam
3423 1079 3474 1133 in
3508 1093 3788 1134 carcerem
3816 1076 3897 1148 ju-

577 1168 723 1223 inter
749 1183 846 1223 eos
877 1168 1091 1236 imperii
1125 1166 1326 1221 finibus
1362 1178 1716 1232 convenerat,
1748 1165 1969 1221 Jutlzeos
1986 1164 2054 1219 ad
2086 1164 2186 1219 Ba-
2291 1173 2383 1227 bet
2409 1190 2421 1226 :
2450 1188 2683 1243 moxque
2703 1189 2828 1228 eum
2853 1173 3092 1228 crudelis
3115 1174 3239 1227 facti
3274 1174 3466 1244 piguit;
3496 1173 3592 1228 sed
3623 1171 3897 1227 obsisten-

584 1259 839 1332 bylouem
875 1261 1174 1331 pertinere.
1205 1260 1282 1315 Ita
1312 1276 1435 1315 cum
1486 1258 1758 1325 Joachim,
1791 1260 1996 1314 exactis
2025 1260 2077 1313 in
2104 1274 2189 1315 re-
2294 1267 2436 1324 tibus
2488 1267 2800 1323 Jttdzeorutu
2853 1267 3229 1339 principibus,
3276 1268 3477 1338 quibus
3526 1269 3642 1336 jam
3694 1266 3823 1322 inde
3869 1282 3897 1321 a

582 1369 693 1426 gno
719 1355 876 1410 annis
905 1355 1178 1422 undecim,
1216 1355 1331 1409 lilio
1355 1353 1600 1424 ejusdem
1631 1354 1869 1409 nominis
1901 1354 2077 1409 lOClIlII
2111 1352 2191 1409 fe-
2292 1363 2558 1434 principio
2593 1364 2761 1419 muris
2785 1364 2960 1419 fuerat
2988 1367 3163 1420 bonos
3193 1380 3465 1435 premere,
3500 1364 3791 1419 absulvere
3820 1365 3896 1420 in.

583 1448 772 1513 cisset,
803 1448 958 1519 isque
986 1449 1131 1519 regis
1178 1447 1462 1520 Babylonii
1496 1448 1550 1502 in
1604 1462 1665 1503 se
1697 1448 1832 1503 iram
1864 1446 2192 1503 concitasset
2294 1467 2579 1510 nocentem
2607 1472 2711 1510 non
2731 1466 2812 1512 est
2837 1470 3019 1512 ausus.
3048 1456 3246 1513 Iisdem
3273 1457 3622 1529 cogentibus,
3642 1458 3695 1511 iu
3722 1458 3898 1513 lacum

587 1537 727 1611 (Deo
758 1539 1012 1594 nimirum
1044 1551 1263 1610 agente,
1295 1540 1383 1594 cui
1421 1539 1774 1595 constitutum
1802 1548 1921 1595 erat
1945 1538 2190 1593 Judmam

2295 1548 2545 1605 immensi
2579 1549 2829 1615 profundi
2858 1591 2874 1616 ,
2905 1565 3170 1620 C(enoque
3214 1565 3278 1606 ac
3308 1550 3588 1617 sordibus,
3622 1563 3789 1621 atque
3834 1565 3899 1605 ex

584 1641 803 1702 gentem
833 1634 1131 1703 captivitati
1164 1646 1216 1689 et
1241 1633 1606 1691 internecioni
1628 1634 1805 1706 dare),
1828 1632 2192 1689 Nahuchodo-
2295 1658 2361 1699 eo
2390 1642 2657 1698 exitiabili
2706 1643 2879 1698 fetore
2925 1642 3234 1709 horridum,
3284 1641 3561 1698 demi-sus
3587 1653 3667 1696 est
3693 1684 3708 1707 ,
3744 1652 3803 1696 ut
3833 1656 3900 1698 ne

586 1740 756 1780 nosor
785 1724 1219 1799 Hierosolymam
1244 1743 1367 1783 cum
1393 1732 1637 1785 exercitu
1668 1730 1969 1801 ingressus,
1997 1728 2189 1784 urbem
2297 1736 2531 1806 simplici
2563 1736 2782 1807 quidem
2808 1748 2988 1793 morte
3014 1736 3338 1805 exsitiraret.
3371 1734 3476 1791 Sed
3512 1751 3605 1789 rex
3642 1735 3775 1790 licet
3803 1735 3901 1789 im-

584 1834 881 1890 murusque
908 1836 970 1877 ac
1004 1826 1261 1894 templum
1292 1824 1411 1879 solo
1440 1826 1674 1881 stravit:
1708 1826 1824 1880 auri
1865 1825 2188 1881 immensum
2225 1823 2268 1882 Β
2300 1829 2456 1898 pius,
2482 1828 2762 1898 aliquanto
2812 1841 2992 1884 tamen
3040 1828 3419 1883 sacerdotibus
3470 1827 3658 1882 mitior
3685 1869 3700 1892 ,
3743 1826 3899 1883 educi

584 1914 832 1980 modum,
864 1924 917 1971 et
940 1931 1093 1971 sacra
1119 1929 1441 1976 ornamenta
1474 1920 1556 1975 vel
1592 1920 1805 1990 publica
1835 1920 1918 1976 vel
1950 1921 2187 1991 privata,
2299 1920 2619 1992 prophetam
2654 1922 2722 1977 de
2752 1922 2867 1976 lacu
2898 1934 2947 1977 et
2976 1921 3218 1977 carceris
3243 1919 3504 1976 custodiae
3546 1920 3700 1975 reddi
3725 1920 3896 1988 jubet.

544 2085 550 2093 Ι
584 2010 929 2082 puberesque
952 2027 1144 2067 omnes
1166 2013 1338 2068 virilis
1367 2029 1429 2067 ac
1458 2013 1741 2069 muliebris
1767 2030 1930 2070 sexus
1954 2025 2192 2069 transtu-
2296 2013 2510 2070 Interea
2547 2015 2805 2071 obsessos
2856 2016 2940 2069 vis
2981 2013 3219 2069 hostium
3262 2024 3316 2070 et
3353 2014 3579 2083 penuria
3626 2017 3856 2085 urgebat
3885 2031 3898 2068 :

581 2104 647 2159 lit
672 2146 687 2164 .
720 2105 926 2160 relictis
950 2150 964 2173 ,
1008 2122 1243 2177 quorum
1274 2107 1626 2163 imbecillitas
1655 2117 1745 2162 aut
1789 2118 1923 2162 aetas
1970 2106 2189 2162 fastidio
2295 2109 2749 2179 consumptisque
2778 2108 3032 2163 omnibus
3061 2124 3182 2178 qua:
3214 2108 3391 2161 mandi
3420 2114 3695 2177 peierant,
3728 2105 3900 2160 fames

585 2196 887 2254 vietoribus
934 2200 1053 2254 fuit.
1103 2200 1237 2268 Quae
1282 2201 1460 2265 turba,
1493 2200 1705 2256 inutilis
1752 2202 1998 2265 servitio,
2032 2217 2192 2256 exer-
2296 2204 2621 2259 inVnitterttl.
2672 2203 2749 2258 Ita
2794 2202 3023 2259 defessis
3075 2202 3253 2257 inedia
3280 2200 3691 2268 defensoribus,
3741 2199 3897 2271 Oppi-

586 2293 778 2349 cendis
801 2293 1157 2365 colendisque
1183 2297 1353 2367 agris,
1386 2312 1454 2351 ne
1483 2297 1748 2351 incultum
1789 2306 1936 2352 esset
1969 2298 2141 2351 solum
2172 2339 2186 2363 ,
2295 2298 2425 2353 dum
2454 2309 2671 2368 captum
2715 2299 3113 2367 incensumque
3143 2313 3156 2347 :
3192 2311 3308 2361 rex,
3347 2306 3403 2348 ut
3435 2296 3699 2364 pl‘Ojtilelil
3747 2295 3899 2348 dixe-

586 2384 843 2457 deputata
885 2404 899 2441 :
956 2388 1277 2459 eisdemque
1320 2405 1416 2444 rex
1461 2387 1760 2445 Sedecltias
1817 2399 2139 2461 prmposnus
2170 2431 2185 2457 ,
2294 2402 2400 2458 rat,
2431 2391 2645 2447 elTossis
2688 2392 2883 2456 oculis,
2936 2391 3288 2463 Babyloniam
3321 2388 3661 2443 translatus:
3712 2386 3899 2442 IIiere-

584 2483 859 2555 ademptis
892 2484 1099 2541 virilms
1128 2486 1274 2541 inani
1305 2496 1513 2540 tantum
1545 2485 1737 2540 umbra
1775 2485 1914 2555 regii
1958 2486 2190 2540 nominis
2295 2488 2432 2543 mias
2475 2485 2851 2543 misericordia
2903 2486 3085 2539 iltbllii
3134 2498 3355 2538 carcere
3398 2490 3715 2551 exemptus.
3762 2476 3897 2534 Cum

587 2592 873 2634 concessa.
910 2579 1015 2635 Sed
1047 2579 1293 2635 Joachim
1327 2580 1501 2634 tribus
1532 2580 1812 2633 mensibus
1843 2592 2059 2648 tempus
2090 2580 2190 2633 itn-
2294 2598 2419 2638 eum
2451 2580 2807 2636 Nabuzardau
2838 2578 3088 2649 princeps
3119 2577 3302 2649 regius
3327 2577 3603 2642 captivum
3638 2590 3764 2629 cum
3795 2590 3899 2627 ca:-

592 2671 727 2742 perii
763 2672 968 2726 habuit.
1011 2671 1061 2727 Is
1087 2687 1211 2727 cum
1248 2672 1449 2743 popqu
1482 2670 1838 2744 Babyloniam
1871 2673 2187 2739 translatus,
2295 2677 2427 2733 teris
2452 2677 2675 2730 duceret
2707 2718 2723 2739 ,
2764 2674 2941 2730 delata
2972 2673 3073 2728 sibi
3108 2674 3335 2743 optione
3366 2673 3433 2725 ah
3480 2685 3584 2737 eo,
3617 2680 3803 2725 utrum
3843 2668 3897 2723 in

592 2774 648 2819 et
692 2764 743 2818 in
776 2779 1059 2821 earceretn
1090 2765 1375 2835 eoujectus
1404 2776 1508 2821 est.
1543 2764 1907 2835 Trigesimum
1941 2775 2061 2836 post
2091 2780 2188 2819 an-
2294 2772 2414 2827 solo
2445 2772 2619 2842 patrio
2648 2772 2872 2825 deserto
2922 2768 3279 2837 desolataque
3320 2764 3659 2826 subsistere,
3691 2778 3759 2817 an
3808 2778 3895 2816 se-

593 2873 724 2913 num
755 2857 1009 2923 emissus,
1039 2869 1203 2930 atque
1239 2874 1267 2913 a
1311 2875 1437 2929 rege
1484 2859 1535 2913 itt
1566 2858 1861 2914 amicitiam
1892 2844 2187 2928 receptus,
2294 2881 2416 2921 cum
2447 2866 2597 2919 abire
2626 2866 2678 2918 in
2710 2861 2938 2918 summis
2977 2861 3278 2915 honoribus
3310 2859 3493 2921 vellet,
3538 2858 3792 2913 residere
3844 2856 3898 2911 in

583 2963 881 3019 mensaque
922 2960 976 3005 et
1000 2952 1244 3007 consiliis
1270 2951 1652 3022 participatus,
1685 2967 1792 3008 non
1825 2952 1947 3008 sine
1989 2953 2191 3008 solatio
2295 2962 2466 3032 patria
2517 2959 2726 3013 maluit.
2775 2956 3315 3021 Nalmcbodonosor,
3370 2952 3606 3008 abducto
3655 2951 3893 3021 populo,

587 3039 830 3112 depulsa:
856 3045 1184 3099 calamitatis
1212 3045 1469 3101 decessit.
2294 3054 2526 3109 residuis
2549 3052 2707 3125 (quos
2742 3051 2865 3105 belli
2892 3050 3131 3105 conditio
3161 3048 3248 3104 vel
3280 3047 3474 3115 praedae
3500 3045 3780 3100 fastidium
3813 3060 3897 3100 reo

658 3136 794 3193 LIV.
836 3138 1048 3195 Interea
1082 3141 1378 3199 Sedechias
1405 3158 1500 3199 rex
1529 3145 1703 3199 turba:
1738 3144 1965 3211 inutilis,
2000 3161 2190 3216 quam-
2294 3146 2463 3216 linqui
2492 3161 2521 3200 a
2554 3145 2851 3199 victoribus
2880 3142 3106 3213 fecerat)
3128 3139 3413 3196 Godotiam
3434 3136 3687 3206 ejusdem
3718 3134 3897 3205 gentis

586 3247 750 3303 quam
782 3233 904 3288 sine
935 3234 1161 3304 viribus,
1198 3238 1363 3292 infido
1396 3237 1618 3309 ingenio
1649 3248 1704 3293 et
1731 3238 1824 3294 Dei
1860 3241 2147 3295 immemor
2172 3283 2187 3307 ,
2220 3228 2265 3291 C
2299 3238 2627 3309 pra-posuit,
2655 3237 2862 3306 absque
2892 3236 3002 3288 ullo
3031 3233 3228 3302 insigni
3257 3233 3407 3302 regio
3430 3243 3521 3285 aut
3551 3231 3769 3300 imperil
3804 3244 3899 3283 nu-

583 3327 673 3398 qui
700 3342 808 3381 non
846 3328 1174 3400 intelligeret
1198 3333 1567 3402 captivitatem
1600 3333 1671 3388 ob
1698 3334 1897 3389 delicta
1925 3338 2099 3404 gentis
2133 3336 2190 3390 il-
2298 3334 2444 3387 mine
2482 3349 2495 3385 :
2554 3332 2679 3401 quia
2741 3343 2978 3400 praeesse
3028 3326 3215 3399 paucis
3259 3338 3316 3383 et
3363 3324 3702 3381 calamitosis
3752 3323 3897 3380 nulla

581 3420 746 3476 latam
765 3462 780 3487 ,
815 3423 1105 3490 poStremis
1134 3424 1374 3497 denique
1406 3427 1565 3482 malis
1590 3427 1814 3483 debitus
1840 3470 1855 3490 .
1900 3430 2042 3499 regis
2070 3430 2190 3483 ani-
2296 3424 2533 3499 dignitas
2562 3434 2704 3481 erat.

588 3528 735 3568 mum
768 3513 1017 3571 offendit.
1060 3515 1137 3571 Ita
1166 3519 1215 3573 ei
1248 3528 1368 3588 |lOal
1396 3534 1596 3575 novem
1624 3534 1800 3575 annos
1830 3519 2191 3576 Nabuchodo-

588 3664 3893 3693 W

1692 3900 2043 3983 LIBER
2118 3892 2780 4000 SECUNDUS.

2078 4091 2412 4109 μ

664 4299 706 4354 1.
768 4298 1115 4371 Captivitatis
1170 4308 1413 4369 tempora
1470 4300 1864 4371 prophetarum
1920 4297 2193 4353 vaticiniis
2298 4301 2438 4361 biles
2468 4304 2821 4368 haberentur,
2852 4300 2944 4373 qui
2972 4296 3345 4370 imperialibus
3374 4293 3674 4363 impendiis
3708 4307 3905 4363 procu-

590 4400 757 4464 atque
784 4393 1001 4450 actibus
1054 4394 1320 4449 illusn-ata
1369 4403 1525 4458 sunt,
1560 4394 1908 4463 maximeque
1954 4392 2195 4447 Danielis
2298 4400 2581 4455 rabanlur.
2615 4398 2785 4469 Igitur
2814 4412 2844 4451 a
2868 4409 2995 4466 rege
3032 4393 3087 4448 in
3118 4392 3328 4446 honore
3354 4398 3408 4443 et
3438 4387 3613 4455 gratia
3647 4384 3905 4451 adhibiti,

592 4489 807 4558 egregia
838 4489 904 4543 ad
937 4490 1367 4544 ουηεοΐνθηάίιῐη
1396 4491 1572 4559 legem
1602 4487 2032 4553 DerseVeraltlia.
2063 4497 2118 4541 el
2142 4487 2193 4540 ill
2302 4494 2589 4566 prudentia
2614 4502 2671 4549 ct
2698 4490 2984 4563 di~ciplina
3011 4487 3159 4542 brevi
3190 4483 3441 4539 omnibus
3468 4481 3614 4552 regis
3644 4479 3911 4549 proximis

592 4582 939 4639 absolutione
966 4582 1234 4636 Susanna:
1263 4582 1450 4637 divino
1490 4581 1747 4643 Consilio,
1776 4583 2103 4651 ueterisque
2129 4582 2198 4636 ab
2301 4588 2544 4643 antelati.
2574 4587 2675 4642 Per
2700 4586 2840 4641 idem
2865 4594 3081 4652 tempus
3108 4580 3356 4636 Susanna
3386 4576 3635 4646 Quaedam
3657 4573 3909 4629 Jttat‘ltim

592 4690 659 4730 eo
704 4675 913 4744 gestis,
955 4689 1077 4744 qua:
1124 4672 1319 4729 ordine
1359 4688 1773 4745 persequemur.
1807 4672 1907 4728 llic
1939 4674 2039 4727 sub
2070 4690 2198 4745 rege
2229 4721 2279 4781 D
2306 4694 2495 4751 nupta,
2552 4691 2814 4752 spectatae
2860 4678 3060 4735 femina
3114 4672 3557 4746 pulchritudinis.
3607 4687 3637 4726 a
3691 4671 3910 4726 duobus

593 4767 845 4822 .loachim
892 4778 1086 4837 captus
1130 4765 1510 4837 deductusque
1549 4767 1949 4839 Babyloniam‘,
1996 4782 2196 4837 parvus
2230 4765 2276 4781 ¹’
2306 4765 3907 4848 pre-byterisappetita,cumimpudicisuouacquievisset,

593 4860 886 4915 admodum
938 4876 1112 4930 puer:
1147 4871 1335 4929 postea
1368 4862 1436 4917 ob
1470 4861 1798 4932 elegantiam
1831 4862 2011 4916 vultus
2058 4862 2197 4919 inter
2300 4870 2441 4925 falso
2480 4870 2709 4926 crimine
2757 4864 3088 4922 incessitur:
3124 4859 3316 4917 iisdem
3368 4859 3713 4930 presbyteris
3760 4857 3911 4914 dele-

596 4952 882 5009 ῐηίιιίεσινος
902 4956 1082 5024 regius
1104 4965 1436 5025 BSSUIllpllIS,
1464 4972 1679 5022 ultaque
1700 4972 1822 5011 cum
1843 4972 1910 5012 ΕΟ
1929 4957 2192 5025 Ananias,
2298 4968 2569 5031 {enlibus’
2602 4966 2653 5019 in
2685 4962 2909 5019 remotis
2936 4958 3072 5014 locis
3107 4954 3513 5008 adolescentem
3561 4966 3688 5007 ρυηι
3718 4967 3784 5007 ea
3815 4952 3911 5007 de-

596 5048 785 5103 Misael
833 5057 888 5104 et
934 5051 1173 5104 Azarias.
1209 5051 1315 5105 Sed
1355 5066 1476 5105 cum
1516 5067 1611 5108 eos
1651 5069 1744 5109 rex
1784 5053 2197 5111 delicatioribus
2301 5064 2653 5133 prehensum,
2686 5056 2782 5111 sed
2813 5053 2967 5108 illum
2996 5046 3223 5121 juvenili
3256 5045 3539 5101 alacritate
3565 5060 3762 5101 senum
3796 5060 3911 5100 ma-

592 5141 730 5196 cibis
765 5144 945 5197 curari
1001 5145 1389 5213 praecepisset,
1426 5146 1587 5216 idque
1625 5148 1902 5219 Aspbante
1945 5151 2197 5207 eunucho
2302 5172 2402 5210 nus
2433 5154 2708 5224 effugisse.
2753 5148 2831 5202 Ita
2866 5139 3198 5213 presbytetis
3246 5138 3383 5193 fides
3431 5137 3615 5194 habita
3653 5137 3911 5208 :judicio

595 5236 1079 5304 negotiidedissct,
1111 5239 1300 5295 Daniel
1328 5253 1671 5312 paternarum
1704 5247 2058 5305 traditionum
2086 5266 2198 5306 tne-
2301 5250 2486 5323 populi
2519 5248 2771 5304 Susanna
2817 5241 3126 5295 damnatur.
3160 5234 3291 5301 Quae
3322 5249 3445 5290 cum
3493 5236 3802 5317 secundum
3836 5234 3912 5290 Ie—

596 5344 737 5397 mor,
764 5345 831 5385 ne
858 5345 921 5386 ex
968 5346 1152 5385 mensa
1189 5335 1331 5405 regis
1360 5339 1641 5407 gentilium
1661 5340 1796 5398 cibis
1823 5346 2196 5414 participaret,
2299 5360 2420 5415 gem
2468 5342 2535 5397 ad
2583 5337 2908 5409 supplicium
2958 5333 3271 5394 duceretur,
3332 5329 3522 5386 Daniel
3573 5340 3687 5385 tum
3734 5344 3913 5386 annos

594 5424 850 5494 popOscit
887 5425 956 5479 ab
1000 5426 1276 5494 eunucho,
1324 5440 1380 5484 ut
1425 5432 1794 5504 leguminibus
1821 5447 2029 5492 tantum
2074 5448 2193 5492 ute-
2301 5445 2461 5490 natus
2489 5449 2587 5497 xu,
2623 5428 2900 5498 increpitis
2928 5422 3133 5481 Judtcls
3163 5421 3306 5493 quod
3348 5424 3701 5479 innocentem
3745 5424 3911 5480 morti

595 5516 1105 5577 reutur.Causante
1133 5521 1425 5594 Asphane,
1462 5543 1529 5585 ne
1575 5530 1974 5587 dissimulatum
2023 5532 2195 5599 impe-
2299 5526 2600 5589 dedissent,
2651 5522 2912 5578 reducere
2963 5533 3081 5574 eam
3132 5517 3184 5570 iu
3231 5515 3526 5585 judicium,
3570 5531 3912 5589 causamque

591 5610 732 5666 rium
765 5613 911 5679 regis
940 5627 1298 5673 consecutura
1328 5621 1531 5678 macies
1558 5624 1837 5693 proderet,
1874 5623 2057 5681 Daniel
2086 5623 2191 5677 Du-
2296 5622 2479 5677 denuo
2508 5617 2683 5674 audiri
2730 5614 2986 5687 postulat.
3024 5610 3321 5666 Enimvero
3363 5607 3659 5664 multitudo
3687 5610 3913 5693 .Iudzro-g

592 5694 744 5787 mino
766 5705 938 5763 fretus
969 5710 1278 5782 pollicetur,
1307 5717 1532 5789 majoris
1556 5717 1773 5775 decoris
1800 5719 1903 5774 sibi
1922 5718 2098 5772 vultus
2124 5731 2191 5771 ex
2300 5730 2419 5771 rum
2465 5730 2584 5784 qua:
2617 5722 2726 5766 tum
2759 5708 2964 5772 aderat,
3013 5719 3125 5760 non
3154 5702 3269 5757 siue
3300 5701 3535 5757 Domino
3578 5703 3911 5760 existimans

592 5794 967 5871 legtnninibus
1023 5822 1181 5875 quam
1230 5823 1296 5883 ex
1351 5813 1490 5873 cibis
1532 5813 1708 5882 ,regiis
1756 5811 1912 5875 fore;
1948 5809 2192 5878 fideSque
2299 5791 3362 5885 puerumcontemptaaaetat’ula:iulianc
3384 5796 3759 5885 constantiam
3782 5809 3911 5880 pro-

586 5888 751 5951 dictis
780 5886 973 5965 adfuit,
1004 5898 1077 5954 ita
1120 5894 1177 5957 ii:
1221 5892 1445 5960 minime
1474 5908 1663 5959 eorum
1700 5897 1875 5957 vultus
1904 5892 2191 5969 compara;
2300 5898 2533 5969 rupisse,
2570 5898 2750 5952 furore
2782 5887 3212 5955 accommodato,
3243 5884 3299 5939 in
3341 5884 3638 5946 concilium
3668 5886 3909 5945 revertié
