4106 6344
199 352 295 410 I29

1399 347 1730 409 HISTORIA
1770 346 2026 409 SACRA.
2069 350 2199 411 LIB.
2245 355 2312 412 II.

3434 380 3538 439 150

193 481 296 528 tur.
325 470 507 526 lnitur
529 469 1034 543 denuojudicium:
1056 466 1289 537 Dauieli,
1318 476 1375 525 ut
1406 468 1552 526 inter
1582 471 1820 539 majores
1848 479 1903 540 Α
1929 478 2026 524 aut
2055 471 2357 527 rebellibus
2387 484 2716 546 occupatum
2746 521 2759 546 ,
2817 492 2909 538 aut
2939 483 3266 546 dedentibus
3316 506 3542 566 semper

195 582 321 624 natu
352 566 663 635 resideret,
694 568 954 622 delatum.
985 564 1152 637 Igitur
1179 565 1426 636 separari
1466 572 1815 621 accusatores

191 666 379 739 jubet:
406 684 710 739 unumque
737 684 800 725 ex
834 671 912 723 eis
939 668 1256 738 interrogat,
1285 666 1387 721 sub
1410 664 1568 735 cujus
1595 663 1815 735 generis

190 763 382 816 arbore
411 761 740 818 adulteram
785 760 1253 831 deprehendisset.
1307 761 1386 816 Ex
1422 758 1689 814 varietate
1726 771 1815 813 re-

192 860 374 924 Spuns‘i
396 854 625 910 falsitas
644 855 991 924 deprehensa
1018 872 1033 911 :
1063 856 1309 911 Susanna
1338 855 1590 910 absqhtta
1618 869 1631 907 :
1658 866 1816 923 pres-

185 947 363 1022 byteri
392 991 409 1016 ,
437 952 538 1023 qui
574 952 862 1009 innocenti
908 952 1208 1023 periculum
1236 960 1601 1019 creaverant,
1633 950 1814 1022 capite

189 1044 453 1102 damnati.

254 1139 325 1196 ll.
367 1139 445 1196 Ea
496 1149 843 1210 tempestate
886 1141 1394 1199 Nabuchodonosor
1425 1139 1701 1199 somnium
1734 1140 1809 1196 vi-

189 1236 265 1293 dit
318 1237 595 1309 mysterio
630 1238 936 1294 futurorqu
970 1238 1219 1295 mirabile
1241 1280 1255 1304 ,
1288 1238 1448 1307 cujus
1488 1238 1815 1309 interpreta-

194 1332 397 1387 tionem
426 1348 607 1404 quum
640 1349 739 1403 per
761 1350 821 1390 se
848 1350 954 1388 non
984 1341 1170 1406 posset
1188 1332 1468 1399 evolvere,
1496 1331 1719 1387 adscitis
1742 1330 1810 1386 ad

189 1424 673 1493 interpretandum
700 1423 993 1493 Chaldazis,
1028 1425 1119 1495 qui
1154 1425 1378 1495 magicis
1404 1425 1613 1480 artibus
1638 1423 1809 1480 extis-

187 1535 290 1593 que
323 1519 645 1576 bostiarnm
690 1521 833 1576 scire
869 1522 1084 1576 occulta
1107 1530 1162 1576 ct
1187 1522 1365 1576 futura
1402 1521 1703 1590 prmciuere
1734 1518 1812 1574 vi-

188 1614 497 1672 debantur:
534 1632 692 1681 mox,
728 1616 933 1671 veritus
963 1633 1030 1672 ne
1059 1632 1215 1671 more
1237 1617 1516 1671 hominum
1550 1631 1657 1670 non
1682 1630 1809 1671 vera

190 1709 275 1765 sed
312 1709 514 1778 placita
570 1710 687 1779 regi
720 1726 787 1764 ex
834 1711 1048 1764 somnio
1080 1710 1491 1779 ciinjectarent,
1527 1710 1639 1763 visa
1681 1724 1808 1780 sup-

190 1802 391 1873 primit,
450 1802 833 1872 poposcitque
874 1803 943 1858 ab
973 1804 1076 1868 eis,
1112 1813 1192 1869 ut,
1226 1803 1273 1857 si
1302 1818 1429 1858 vera
1464 1805 1516 1857 in
1554 1804 1637 1857 his
1666 1802 1806 1857 divi-

1922 567 2071 634 pacis
2120 569 2309 639 specie
2343 572 2604 629 traditum
2638 584 2886 644 constat;
2939 584 3387 656 exercitibusiluc
3436 606 3536 645 nu-

1919 661 2081 726 stris,
2132 663 2365 720 urbibus
2397 676 2562 737 atque
2604 672 2910 738 provinciis
2942 676 3240 745 pertnistas
3272 680 3535 740 barbaras

1918 753 2196 821 nationes,
2229 763 2286 811 et
2318 759 2597 830 prmcipue
2624 760 2845 819 Iuda-os
2873 764 3017 823 inter
3046 785 3144 825 nos
3175 771 3401 842 degere,
3434 790 3537 833 nec

1920 853 2103 901 tamen
2136 848 2186 901 in
2221 864 2407 905 mores
2440 860 2659 908 nostros
2693 856 2955 925 transire,
3003 861 3313 918 videamus.
3357 866 3535 938 Atque

1917 936 2037 993 haec
2078 954 2201 997 esse
2235 951 2519 1012 postrema
2550 957 2800 1017 tempora
2848 952 3130 1022 propheta:
3158 936 3485 1015 annuntiaut
3515 977 3531 1017 ε

1918 1030 1972 1086 ἰη
2013 1032 2198 1103 lapide
2228 1050 2362 1090 vero
2390 1037 2510 1093 sine
2542 1041 2799 1096 manibus
2827 1042 3078 1100 abscisso
3103 1088 3118 1115 ,
3152 1049 3243 1119 qui
3285 1064 3482 1106 aurum
3509 1093 3526 1120 ,

1915 1138 2205 1197 argentum
2235 1138 2292 1185 et
2322 1129 2528 1187 ferrum
2578 1143 2896 1207 testumque
2944 1140 3292 1210 comminuit,
3324 1143 3533 1204 Christi

1914 1220 2147 1294 figuram
2179 1239 2325 1280 esse.
2368 1226 2421 1281 Is
2452 1227 2598 1282 enim
2643 1245 2750 1284 non
2785 1232 3108 1292 conditione
3150 1235 3387 1295 humana
3415 1242 3533 1297 edi-

1915 1328 2003 1374 tus
2033 1320 2325 1392 (siquidem
2358 1339 2465 1378 non
2496 1339 2565 1378 ex
2596 1326 2879 1384 voluntate
2911 1329 3038 1405 viri,
3070 1334 3167 1388 sed
3198 1351 3264 1390 ex
3298 1335 3409 1392 Deo
3435 1353 3533 1394 na-

1913 1419 2001 1468 tus
2021 1422 2132 1482 est)
2157 1415 2422 1470 mundum
2456 1416 2643 1484 istum,
2668 1418 2720 1474 in
2744 1436 2853 1491 quo
2875 1433 3004 1479 sunt
3028 1441 3198 1497 regna
3232 1438 3525 1500 terrarum,

1914 1522 1967 1561 tn
2000 1507 2232 1563 nihilum
2276 1508 2522 1581 rediget,
2556 1527 2896 1584 regnumque
2943 1516 3091 1572 aliud
3142 1518 3525 1594 incorruptum

1912 1609 2076 1672 atque
2108 1612 2432 1673 perpetuum
2458 1647 2473 1671 ,
2527 1605 2581 1661 id
2619 1616 2705 1662 est
2749 1608 2993 1666 futurum
3041 1616 3303 1672 saeculum
3331 1661 3346 1685 ,
3381 1621 3528 1689 quod

1911 1700 2119 1755 sanctis
2143 1709 2395 1768 paratum
2422 1711 2527 1769 est,
2558 1703 2908 1761 conﬁrmabit
2937 1724 2951 1762 :
2982 1707 3052 1764 de
3075 1726 3181 1779 quo
3210 1728 3319 1767 uno
3349 1714 3530 1773 adhuc

1911 1792 2279 1861 quorumdam
2328 1793 2464 1850 lides
2498 1796 2549 1851 in
2584 1797 2842 1870 ambiguo
2887 1809 2977 1857 est
2999 1844 3013 1869 ,
3045 1819 3151 1859 non
3185 1809 3523 1867 credendum

192 1894 337 1949 natio
378 1906 558 1955 esset.
590 1896 870 1949 somnium
904 1896 1081 1965 ipsum
1122 1897 1224 1952 sibi
1253 1895 1539 1953 dicerent:
1574 1906 1683 1951 tum
1715 1897 1810 1951 de—
1848 1884 1887 1945 Β
1916 1884 1984 1976 με
2019 1885 2238 1952 Muris.
2272 1902 2395 1942 cum
2440 1888 2508 1944 de
2554 1892 2853 1962 prmlerilis
2899 1898 3318 1957 cettvincantur.
3364 1903 3529 1976 Igitur

192 2006 329 2047 mum
382 1988 844 2057 interpretationi
897 2005 1085 2045 eorum
1134 1990 1470 2045 credituruut
1500 2032 1515 2056 ,
1567 1991 1611 2045 si
1661 1990 1809 2061 prius

195 2083 533 2141 enuntianda
580 2083 859 2138 Somnium
899 2082 1030 2138 artis
1068 2082 1370 2155 periculurn
1418 2084 1698 2138 fecissent.
1729 2082 1810 2138 Illi

194 2192 318 2232 vero
348 2188 563 2233 tantam
599 2176 804 2232 molem
838 2176 1161 2237 abnuentes.
1195 2192 1300 2231 non
1329 2192 1451 2232 esse
1477 2175 1529 2231 id
1560 2176 1811 2231 humana:

198 2271 309 2341 epis
339 2272 783 2326 Confiteltantur.
814 2269 929 2325 Rex
959 2280 1158 2336 motus,
1192 2270 1338 2341 qttod
1369 2269 1500 2324 falsa
1531 2269 1811 2325 ditinandi

196 2363 537 2437 professione
567 2365 827 2420 homines
873 2366 1154 2420 erroribus
1203 2364 1519 2429 iltuderent,
1566 2382 1690 2419 cum
1719 2380 1810 2419 as-

202 2458 331 2513 tricti
366 2461 633 2527 ιιι-,μείξειιὶ
672 2459 895 2529 negotio
923 2458 1055 2512 nihil
1104 2458 1246 2513 scire
1283 2473 1343 2515 se
1371 2458 1807 2513 conﬁterentur:
1838 2486 1841 2487 ν

203 2548 267 2605 ita
296 2554 477 2607 edicto
502 2552 660 2623 regis
684 2553 736 2606 in
765 2568 860 2606 eos
889 2551 1360 2618 animadversum,
1386 2551 1673 2623 palamque
1694 2568 1813 2607 0m-

206 2660 295 2701 ttes
333 2645 499 2717 hujus
546 2647 691 2701 artis
736 2645 1240 2701 interﬁciehantur.
1274 2646 1429 2714 Quod
1479 2645 1567 2699 ubi
1602 2644 1813 2699 Dauieli

178 2742 567 2813 compertum,
623 2742 775 2812 regis
808 2739 1122 2811 proximum
1170 2740 1445 2810 appellat:
1480 2739 1813 2795 enuntiatio-

208 2850 325 2891 nem
352 2834 560 2891 smnnii
583 2834 1209 2904 interpretatioucmque
1231 2835 1350 2903 ejus
1373 2833 1680 2904 pollicetur.
1707 2831 1815 2887 Res

209 2929 274 2984 ad
302 2944 480 2998 regem
508 2927 765 2984 defertur
792 2946 804 2981 :
836 2927 1024 2982 Daniel
1072 2928 1408 2993 accersitur;
1439 2929 1548 2996 jaut
1574 2926 1815 2982 revelato

182 3020 185 3021 ν
216 3022 315 3077 sibi
342 3036 433 3091 per
457 3020 754 3076 Doutinuut
785 3020 1067 3092 mysterio,
1101 3019 1239 3073 visio
1273 3018 1414 3089 regis
1442 3021 1696 3084 refertur,
1729 3034 1817 3073 so-

213 3115 466 3186 Iutioque.
500 3115 613 3173 Sed
645 3132 737 3171 res
784 3115 1041 3185 postulat,
1077 3127 1135 3169 ut
1167 3113 1311 3185 regis
1341 3116 1612 3168 somnium
1643 3124 1697 3169 et
1730 3114 1813 3168 iu-

210 3213 658 3280 terpretatiouem
712 3211 997 3281 prephetae
1045 3219 1101 3264 et
1145 3211 1591 3279 consequentium
1655 3208 1814 3265 ﬁdeut

1916 1975 2111 2031 Daniel
2138 1980 2328 2036 multis
2356 1997 2383 2034 a
2419 1998 2547 2052 rege
2576 1988 2902 2043 muneribus
2934 1990 3197 2059 donatus,
3235 1975 3529 2067 praefectus

1916 2069 2230 2143 Babylonia:
2272 2083 2437 2146 atque
2478 2078 2626 2133 omni
2662 2080 2914 2150 imperio,
2950 2083 3005 2139 in
3034 2089 3266 2143 stnnmis
3302 2093 3527 2149 honori-

1915 2164 2016 2220 bus
2064 2167 2400 2234 habebatur;
2432 2169 2555 2241 ejus
2593 2171 2854 2243 suffragio
2900 2178 3163 2247 Ananias,
3211 2184 3440 2241 Azarias
3470 2200 3527 2244 et

1915 2258 2103 2315 Misael
2137 2261 2204 2315 ad
2235 2278 2504 2319 summanr
2548 2280 2703 2337 aeque
2746 2268 3068 2340 dignitatem
3101 2286 3157 2330 et
3190 2284 3523 2347 potestatem

1917 2353 2180 2421 provecti.
2218 2354 2423 2411 Eodem
2458 2356 2573 2414 fere
2618 2369 2865 2431 tempore
2910 2368 3173 2434 praeclara
3206 2369 3521 2430 Ezechielis

1915 2447 2202 2517 prophetia
2226 2451 2715 2517 exstitit,revelato
2742 2459 2791 2512 ei
2824 2456 3135 2517 futurorum
3165 2476 3219 2519 et
3240 2482 3526 2526 resurreco

1918 2544 2087 2601 tionis
2135 2551 2435 2620 mysterio:
2463 2564 2640 2609 exstat
2673 2556 2817 2613 liber
2847 2561 3030 2631 magni
3062 2565 3270 2635 operis,
3299 2578 3354 2623 et
3394 2583 3521 2627 cum

1916 2653 2045 2695 cura
2079 2640 2361 2711 legendus.

1988 2733 2092 2830 IV.
2117 2736 2184 2789 At
2212 2738 2262 2791 in
2311 2737 2521 2809 Iudaea,
2554 2743 2640 2799 cui
2666 2746 3086 2814 postexeidium
3125 2751 3526 2830 Hierosolyma:

1918 2826 2206 2884 Godnliam
2258 2835 2609 2903 praepositum
2666 2852 2829 2909 supra
2878 2846 3326 2916 memoravimus,
3378 2826 3527 2923 agre

1920 2920 2161 2979 ferentes
2207 2923 2384 2982 Judaei
2436 2930 2740 3002 principem
2773 2934 2877 2989 sibi
2926 2951 2995 2992 ex
3027 2939 3201 3011 Stirpe
3232 2959 3338 2999 non
3378 2920 3527 3017 regia

1919 3016 2147 3071 arbitrio
2199 3020 2421 3075 victoris
2475 3024 2685 3092 datum,
2741 3026 2934 3084 Ismael
2983 3032 3217 3101 quodam
3268 3036 3407 3094 duce
3450 3016 3527 3096 iet

1920 3110 2257 3168 cnnt'itatore
2300 3116 2552 3173 nefanda:
2587 3120 3016 3191 eonjnrationis,
3067 3127 3349 3198 dispositis
3397 3150 3521 3193 eum

1922 3203 1976 3258 in
2028 3206 2278 3262 convivio
2328 3208 2543 3266 insidiis
2592 3228 2960 3283 peremerunt.
3016 3222 3087 3274 At
3126 3220 3179 3276 hi
3222 3224 3313 3295 qui
3367 3238 3523 3285 extra

212 3319 570 3373 exponamus.
610 3303 835 3359 Viderat
862 3319 959 3358 rex
995 3318 1089 3373 per
1119 3317 1372 3373 seputettt
1400 3303 1690 3374 imaginem
1721 3320 1815 3357 ca-
1843 3282 1888 3346 C
1923 3300 2139 3353 noxiam
2168 3300 2407 3370 fuerant,
2461 3304 2631 3362 ultum
2686 3307 2766 3363 ire
2806 3308 3015 3366 facinus
3045 3282 3350 3385 cupienles,
3398 3335 3526 3390 pro-

213 3401 317 3469 pite
360 3416 532 3455 aureo
564 3398 916 3467 brachiisque
946 3398 1248 3467 argenteis,
1282 3407 1473 3452 ventre
1518 3408 1570 3451 et
1598 3396 1820 3451 femori-

214 3490 308 3547 bus
333 3493 493 3548 mrcis
519 3535 534 3556 ,
591 3491 850 3547 cruribus
892 3492 1083 3545 ferreis
1109 3531 1124 3556 ,
1171 3504 1291 3560 quae
1323 3492 1375 3544 in
1414 3490 1581 3561 pedes
1624 3489 1817 3560 partim

214 3584 441 3654 ferreus,
472 3588 673 3657 partim
707 3586 907 3641 ﬁctiles
935 3583 1240 3639 desinebat.
1289 3584 1393 3639 Sed
1426 3588 1625 3640 lerrum
1655 3594 1820 3654 atque

215 3689 405 3738 testam
436 3681 587 3737 inter
633 3678 924 3735 confusum
970 3681 1123 3734 coire
1168 3694 1274 3733 non
1326 3685 1557 3747 peierat.
1587 3676 1670 3733 Ad
1720 3693 1816 3733 ex-

216 3782 487 3841 tremum,
539 3775 832 3845 imaginem
885 3773 1021 3844 lapis
1071 3773 1190 3828 sine
1242 3771 1494 3826 manibus
1540 3770 1819 3827 abscissus

214 3871 565 3940 proterebat:
603 3869 940 3939 redactaque
970 3867 1152 3922 omnia
1202 3866 1255 3922 iu
1290 3867 1601 3938 pulverem,
1648 3874 1819 3923 vento

214 3964 412 4020 ablata.
1294 4018 1297 4021 ,

281 4058 367 4115 Ill.
412 4057 583 4129 Igitur
611 4056 919 4115 secundum
972 4057 1256 4130 prophetae
1308 4057 1817 4130 interpretationem

217 4151 390 4224 imago
443 4151 557 4208 \Iaa
615 4150 844 4222 figuram
904 4151 1090 4206 tuuudi
1144 4153 1333 4223 gerit:
1384 4163 1546 4223 caput
1594 4167 1817 4208 aureum

217 4244 593 4301 Chaldazurutn
628 4245 922 4316 imperium
952 4255 1036 4299 est
1068 4262 1080 4298 :
1115 4244 1382 4317 siquidem
1411 4245 1463 4300 id
1501 4246 1735 4315 primum
1767 4254 1822 4300 et

218 4342 689 4412 opulentissimum
722 4340 893 4396 fuisse
918 4341 1254 4410 accepimus.
1284 4339 1484 4395 Pectus
1512 4349 1567 4393 et
1594 4334 1819 4394 brachia

217 4446 468 4506 argentea
492 4433 801 4491 secundum
833 4450 1058 4505 regnum
1080 4434 1411 4489 annuntiant
1438 4451 1451 4488 :
1474 4432 1651 4507 Cyrus
1670 4434 1818 4489 enim

220 4529 368 4585 victis
407 4528 689 4585 Chaldaeis
743 4537 907 4599 atque
950 4525 1123 4582 Medis
1180 4528 1472 4600 imperium
1519 4527 1586 4582 ad
1619 4526 1821 4583 Persas

220 4630 462 4685 contulit.
493 4630 551 4685 In
605 4637 799 4684 ventre
840 4642 987 4683 aereo
1018 4626 1239 4683 tertium
1289 4643 1515 4697 regnum
1564 4626 1818 4701 portendi

221 4726 634 4795 pronuntiatur;
688 4722 848 4793 idque
899 4721 1180 4792 impletum
1225 4723 1517 4778 videmus:
1550 4720 1817 4789 siquidem

223 4816 526 4874 Alexander
548 4827 802 4886 ereptum
834 4814 1015 4870 Persis
1040 4814 1326 4883 imperium
1353 4814 1685 4869 Macedonia:
1703 4814 1822 4867 vin-

224 4911 439 4967 dicavit.
468 4911 641 4966 Crura
676 4909 853 4965 ferrea
886 4908 1175 4980 imperium
1204 4920 1484 4981 quartum,
1513 4908 1675 4979 idque
1705 4906 1818 4961 R0-

225 5020 461 5071 mauum,
511 5004 861 5075 intelligitur,
911 5002 1165 5057 omnibus
1194 5015 1321 5059 ante
1371 5004 1553 5073 regnis
1596 5001 1823 5057 validis-

224 5084 437 5155 simum.
472 5100 648 5157 Pedes
671 5113 802 5153 vero
827 5097 1022 5169 partim
1058 5097 1243 5165 ferrei,
1274 5096 1468 5169 partim
1495 5095 1710 5163 ﬁctiles,
1740 5095 1821 5150 di-

225 5193 513 5249 videndum
544 5208 673 5249 esse
698 5191 1003 5247 Romanum
1038 5207 1287 5261 regnum,
1317 5189 1390 5245 ita
1426 5199 1485 5245 ut
1528 5205 1821 5256 numquam

226 5287 365 5343 inter
391 5304 451 5344 se
491 5297 686 5355 coeat,
723 5284 1106 5356 praeﬁgurant;
1151 5285 1296 5354 quod
1342 5298 1497 5355 aeque
1538 5283 1822 5355 impletum

226 5393 352 5439 est:
404 5385 678 5455 siquidem
721 5382 835 5453 jam
881 5399 986 5437 non
1038 5383 1106 5435 ab
1155 5397 1264 5437 uno
1296 5383 1667 5452 imperatore.
1725 5380 1823 5436 sed

226 5480 383 5533 etiam
412 5496 443 5535 a
474 5479 749 5550 pluribus,
782 5492 1109 5546 semperque
1135 5477 1278 5532 inter
1306 5492 1367 5533 se
1394 5476 1564 5530 armis
1585 5485 1680 5530 aut
1710 5485 1824 5530 stu-

228 5569 334 5627 diis
356 5569 811 5629 diSsentientibus
842 5585 929 5624 res
965 5569 1206 5624 Romana
1249 5567 1691 5624 administratur.
1723 5566 1825 5625 De-

192 5738 195 5739 ν
232 5664 389 5733 nique
414 5666 762 5723 commisceri
808 5672 1009 5720 testum
1062 5673 1225 5734 atque
1269 5663 1478 5719 ferrum
1529 5678 1825 5733 numquam

232 5758 371 5815 inter
408 5776 465 5817 se
491 5768 787 5817 coeuntem
817 5758 1129 5825 materiam,
1154 5756 1574 5815 commistiones
1601 5756 1830 5815 humani

232 5854 441 5923 generis
481 5853 678 5910 futura:
709 5869 740 5908 a
768 5868 827 5908 se
859 5854 1094 5910 invicem
1124 5852 1465 5910 dissidentes
1511 5850 1834 5925 signiﬁcan-

236 5954 359 6007 tur:
388 5949 660 6023 siquidem
689 5948 996 6005 Romanum
1031 5950 1207 6007 solum
1237 5947 1308 6006 ab
1330 5944 1540 6003 exteris
1570 5946 1835 6019 gentibus

1923 3406 2052 3461 pere
2076 3393 2367 3448 adversum
2400 3395 2597 3453 Ismael
2630 3413 2779 3454 arma
2823 3403 3083 3471 capiunt;
3128 3407 3227 3462 sed
3253 3407 3362 3473 ille,
3395 3415 3523 3484 quia

1921 3486 2175 3557 cognovit
2214 3489 2440 3545 exitium
2492 3492 2599 3549 sibi
2651 3494 2964 3563 imminere,
3020 3498 3210 3556 relicto
3278 3509 3527 3564 exercitu

1920 3595 2081 3650 quem
2127 3591 2503 3653 contraxerat,
2554 3604 2660 3644 non
2698 3590 2933 3661 amplius
2976 3609 3136 3661 quam
3181 3604 3308 3654 octo
3351 3601 3525 3657 conti-

1922 3676 2162 3732 tantibus
2208 3678 2275 3733 ad
2341 3681 2691 3739 Amutonitas
2750 3684 3009 3756 confugit.
3069 3687 3235 3761 Igitur
3262 3694 3526 3765 pepulum

1920 3784 2237 3827 universum
2286 3784 2465 3830 ﬂlCIlIS
2513 3786 2854 3847 pervaserat,
2906 3796 2972 3835 ne
3017 3798 3314 3853 paucorum
3345 3790 3527 3848 scelus

1920 3866 2164 3921 omnium
2221 3868 2393 3925 exitio
2445 3886 2542 3927 rex
2591 3872 2917 3945 Babylonius
2964 3876 3138 3935 ultum
3189 3881 3339 3938 iret:
3398 3901 3523 3943 nam

1920 3969 2119 4029 prmter
2156 3959 2449 4019 Gnduliam
2492 3967 2690 4023 multos
2726 3982 2793 4023 ex
2842 3967 3115 4027 Chaldaeis
3159 3989 3281 4030 cum
3327 3992 3394 4033 eo
3436 3979 3525 4035 in-

1922 4052 2272 4109 terfecerant.
2332 4055 2521 4126 Itaque
2592 4061 2884 4116 c0nsilium
2930 4065 3122 4121 ineunt
3172 4067 3414 4139 fugiendi
3470 4072 3524 4130 in

1921 4142 2241 4217 IEgyptnm.
2275 4146 2383 4204 Sed
2413 4150 2565 4218 prius
2594 4150 2925 4210 Hieremiam
2954 4156 3267 4227 frequentes
3298 4164 3525 4233 adeunt,

1921 4239 2272 4294 sciscitantes
2302 4239 2547 4298 divinum
2578 4260 2940 4316 responsum;
2993 4260 3048 4305 at
3074 4252 3165 4308 ille
3212 4256 3394 4312 verbis
3431 4259 3526 4317 Dei

1922 4334 2211 4392 universos
2241 4336 2491 4393 hortari:
2536 4341 2593 4396 In
2640 4344 2758 4398 solo
2788 4347 2966 4414 patrio
3014 4364 3338 4409 manerent:
3388 4357 3436 4412 si
3468 4358 3523 4414 id

1924 4428 2202 4498 fecissent,
2247 4432 2341 4489 Dei
2394 4435 2647 4500 praasidio
2699 4440 2949 4507 tuendos,
2994 4443 3313 4519 nullumque
3343 4467 3371 4503 a
3418 4450 3523 4508 Bac

1923 4524 2162 4596 bylouiis
2215 4528 2518 4597 periculum
2558 4529 2721 4587 fore:
2755 4532 2838 4588 sin
2892 4534 3189 4609 Egyptum
3233 4550 3523 4614 peterent,

1926 4635 2117 4677 omnes
2147 4620 2222 4677 ibi
2270 4622 2415 4679 ferro
2444 4638 2508 4680 ac
2547 4624 2689 4682 fame
2721 4625 3055 4702 diversoque
3088 4635 3281 4691 mortis
3324 4653 3529 4709 genere

1927 4714 2221 4785 perituros.
2257 4714 2365 4775 Sed
2424 4717 2599 4787 plebs,
2654 4730 2876 4779 assueto
2932 4726 3096 4795 malo,
3149 4729 3393 4791 insolens
3432 4751 3532 4804 pa-

1929 4809 2082 4865 rendi
2127 4810 2440 4867 salubribus
2479 4815 2726 4871 consiliis
2755 4828 2810 4873 et
2836 4818 3028 4876 divino
3053 4822 3304 4895 imperio,
3344 4830 3529 4901 profe-

1928 4910 2013 4960 cta
2042 4914 2127 4960 est
2176 4904 2230 4961 in
2277 4904 2614 4979 Egyptum;
2668 4911 2798 4979 quid
2847 4913 2915 4968 de
2942 4930 3005 4971 ea
3062 4928 3252 4987 postea
3318 4936 3528 4996 actum,

1928 5003 2099 5058 sacris
2124 5002 2323 5058 litteris
2350 5004 2560 5069 siletur,
2592 5007 2750 5063 nobis
2774 5007 2908 5064 nihil
2935 5025 3295 5085 compertum.

2008 5096 2069 5152 V.
2099 5096 2213 5154 Hoc
2256 5105 2433 5154 tractu
2488 5109 2798 5172 temporunt
2846 5102 3355 5170 Nabuchodonosor
3411 5116 3530 5174 ela-

1930 5198 2016 5247 tus
2046 5191 2211 5247 rebus
2260 5194 2516 5249 secundis
2558 5204 2792 5252 statuam
2841 5199 2944 5255 sibi
2994 5217 3217 5261 auream
3251 5207 3531 5270 immensa:

1929 5282 2318 5354 magnitudinis
2364 5286 2567 5356 posuit,
2597 5288 2923 5362 adorarique
2957 5309 3078 5351 eant
3110 5308 3167 5353 ttt
3203 5315 3417 5359 sacram
3447 5303 3531 5359 ef-

1929 5376 2109 5449 ﬁgiem
2144 5378 2441 5450 praecepit;
2496 5381 2639 5447 quod
2692 5398 2814 5438 cunt
2861 5389 3117 5446 certatim
3164 5392 3234 5448 ab
3275 5396 3534 5453 omnibus

1930 5470 2275 5545 (depravatis
2343 5472 2657 5533 adulatione
2729 5478 2971 5537 omnium
3030 5485 3266 5556 animis)
3327 5487 3529 5559 fieret,

1930 5566 2195 5635 Ananias,
2248 5567 2470 5625 Azarias
2525 5579 2583 5627 et
2624 5572 2808 5630 Misael
2854 5577 3083 5646 profano
3129 5580 3311 5635 ofﬁcio
3360 5582 3534 5637 absti-

1936 5669 2188 5729 nuerunt,
2245 5677 2354 5718 non
2408 5662 2727 5735 ignorantes
2782 5666 3049 5726 honorem
3096 5670 3239 5726 hunc
3287 5672 3387 5727 soli
3419 5674 3536 5735 Deo

1936 5757 2201 5815 debitum.
2254 5756 2420 5829 Igitur
2465 5760 2543 5816 rei
2573 5776 2643 5818 ex
2673 5763 2854 5819 edicto
2893 5765 3038 5835 regis
3075 5765 3486 5828 constituuntur
3521 5788 3534 5828 :

1939 5856 2325 5929 propositaque
2349 5855 2429 5912 eis
2458 5856 2705 5914 conditio
2727 5872 3009 5928 prauarum
3039 5858 3238 5917 ardens
3258 5865 3536 5935 caminus,

1941 5960 2003 6010 ttt
2024 5947 2278 6024 praesenti
2311 5959 2457 6007 metu
2498 5950 2730 6009 adorare
2758 5959 2991 6010 statuam
3030 5966 3382 6028 cogerentur.
3433 5959 3542 6024 νας
