4106 6344
593 311 688 371 lbi

2019 300 2319 362 SULPIGII
2360 301 2615 362 SEVERI

3807 306 3907 371 ἰδὲ

590 444 706 484 rum
765 427 836 482 illi
889 425 1145 483 devorari
1197 424 1439 497 ignibus,
1503 437 1662 494 quam
1727 422 1999 492 piaculum
2055 435 2204 476 com-
2230 423 2284 483 Α
2311 430 2666 476 consecutum
2698 428 2785 476 est
2817 436 2831 476 :
2864 434 2987 476 nam
3015 420 3208 477 eadem
3239 427 3400 478 nocte
3421 421 3712 478 Baltliasar
3746 423 3911 478 iltler-

592 523 829 587 mittere,
879 522 1214 576 maluerunt.
1264 519 1452 587 Itaque
1504 517 1669 571 vincti
1724 515 1953 586 pedibus
2002 515 2053 568 in
2084 529 2197 569 me-

590 616 709 671 dias
762 616 1007 671 ﬂammas
1059 614 1453 685 eoujiciuntur.
1506 611 1612 667 Sed
1664 609 1944 664 ministros
1991 608 2198 663 infandi

593 707 795 778 aperis,
823 707 956 762 dum
1005 707 1307 778 promptius
1357 706 1642 760 damnatos
1690 704 1741 757 in
1777 703 1952 772 ignem
1985 701 2201 773 propel-

594 803 730 869 lunt,
787 800 1004 858 ﬂamma
1055 801 1369 856 absorbuit:
1426 799 1684 854 llebra-os
1735 796 1955 870 (mirum
2024 795 2195 863 dictu,

596 909 652 953 et
708 898 1027 953 incredibile
1089 913 1194 950 non
1251 893 1591 960 visentibus)
1638 893 1778 962 ignis
1841 907 1950 945 non
1998 891 2195 959 attigit,

591 1006 759 1060 quum
788 1006 819 1046 a
847 992 1220 1061 spectantibus
1262 987 1680 1043 deambulantes
1711 985 1766 1040 in
1804 984 2018 1039 camino
2050 983 2196 1053 psal-

595 1099 742 1138 mum
771 1085 882 1138 Deo
922 1083 1104 1138 dicere
1131 1093 1494 1137 cernerentur
1522 1098 1534 1133 :
1572 1081 1828 1148 visusque
1859 1092 1980 1133 cum
2008 1077 2090 1130 liis
2118 1075 2200 1129 iu-

596 1186 679 1232 ter
721 1179 898 1249 ignem
931 1189 1157 1247 quartus
1186 1178 1373 1246 specie
1402 1174 1606 1245 angeli,
1639 1189 1803 1244 quem
1836 1170 2198 1226 Nabuchodo-

592 1288 757 1327 nosor
811 1273 1031 1343 propius
1081 1274 1342 1336 intuitus,
1380 1270 1550 1324 ﬁlium
1600 1269 1696 1324 Dei
1726 1284 1785 1324 se
1839 1267 2042 1321 vidisse
2069 1280 2198 1320 cou-

594 1365 769 1421 fessus
817 1377 918 1420 est.
959 1365 1094 1420 Tum
1143 1382 1236 1420 rex
1292 1363 1436 1418 haud
1481 1363 1678 1418 dubius
1732 1361 1972 1416 divinam
2029 1360 2080 1413 in
2138 1373 2198 1414 re

593 1457 848 1527 prmsenti
883 1457 1051 1512 fuisse
1083 1459 1369 1518 virtutem,
1405 1457 1584 1511 missis
1639 1471 1736 1526 per
1765 1468 1929 1509 omne
1967 1463 2196 1521 regnum

593 1569 752 1610 suum
783 1553 996 1618 edictis,
1026 1551 1153 1607 facti
1201 1551 1524 1606 miraculum
1565 1548 1944 1618 provulgavit;
1979 1544 2197 1600 confes-

595 1661 691 1702 sus
719 1647 822 1701 soli
879 1647 988 1700 Deo
1016 1645 1281 1700 honorem
1310 1643 1687 1700 deferendum.
1721 1641 1833 1697 Nec
1863 1640 2032 1694 multo
2077 1645 2198 1709 post

599 1754 696 1792 rex
750 1740 965 1808 objecto
1021 1737 1124 1792 sibi
1177 1738 1415 1802 somnio,
1464 1752 1590 1790 mox
1651 1750 1782 1789 voce
1838 1735 1999 1788 etiam
2055 1733 2196 1787 caelo

2309 511 2393 578 iit,
2452 529 2792 585 regnumque
2830 513 2950 585 ejus
3004 514 3197 570 Darius
3249 514 3469 570 natione
3511 515 3703 571 Medus
3756 531 3914 573 occu-

2307 606 2476 678 pavit.
2523 606 2798 662 Danielem
2847 607 3040 662 illustri
3093 606 3351 677 Opinione
3408 618 3749 680 compertum
3797 611 3916 664 uni-

2295 715 2467 754 verso
2496 702 2724 770 imperio
2756 699 3074 773 praeposuit,
3107 712 3329 756 secutus
3358 703 3702 772 superiorum
3729 717 3914 773 regqu

2301 792 2608 863 judicium:
2646 809 2766 849 nam
2811 803 2866 849 et
2886 792 3392 850 Nabuchodonosor
3417 810 3546 850 eum
3580 807 3755 865 regno
3784 809 3918 865 pra:-

2308 887 2531 953 fecerat,
2584 895 2638 942 et
2686 889 2968 942 Baltbasar
3014 897 3166 942 veste
3195 902 3466 957 purpurea
3517 898 3573 942 et
3605 896 3802 958 torque
3826 903 3921 946 att-

2307 991 2403 1033 reo
2433 977 2716 1043 donatum,
2751 979 2968 1034 tertium
3001 979 3150 1051 regni
3184 984 3486 1051 principem
3533 983 3944 1046 constituerat-

2379 1071 2491 1126 VII.
2553 1071 2716 1143 Igitur
2768 1073 2822 1127 hi
2874 1075 2964 1144 qui
3014 1089 3118 1127 una
3152 1087 3275 1128 cum
3309 1087 3378 1130 eo
3426 1089 3607 1129 rerum
3669 1086 3920 1145 potentes

2305 1174 2483 1231 erant,
2533 1167 2792 1238 exagitati
2843 1165 3070 1232 invidia,
3101 1168 3244 1238 quod
3279 1167 3357 1222 eis
3408 1167 3715 1239 alienigena
3751 1169 3920 1240 capti-

2305 1272 2387 1311 vae
2409 1259 2590 1328 gentis
2631 1258 2821 1314 fuisset
2873 1268 3139 1330 :rquatus,
3169 1275 3352 1331 regem
3397 1259 3756 1332 depravatum
3788 1263 3920 1316 adu-

2303 1337 2508 1405 latione
2539 1351 2902 1422 compellunt,
2933 1360 2993 1406 ut
3021 1350 3122 1406 sibi
3153 1351 3340 1408 diebus
3373 1355 3644 1423 proximis
3679 1354 3919 1424 triginta.

2305 1441 2472 1498 divini
2528 1444 2763 1501 honores
2825 1445 3116 1511 darentur,
3173 1461 3349 1518 neque
3416 1449 3668 1519 cuiquam
3737 1449 3922 1505 liceret

2309 1529 2595 1592 Dominum
2627 1537 2730 1593 nisi
2761 1554 2941 1610 regem
2975 1540 3206 1609 preCari.
3243 1539 3425 1596 Facile
3482 1540 3531 1595 id
3593 1540 3760 1596 Dario
3794 1549 3920 1612 per-

2304 1646 2552 1698 suasum,
2612 1634 2844 1690 stultitia
2879 1651 3066 1706 regum
3123 1638 3389 1703 omnium,
3440 1637 3531 1708 qui
3584 1637 3688 1692 sibi
3736 1637 3919 1693 divina

2307 1728 2605 1782 vindicant.
2665 1727 2836 1799 Igitur
2887 1727 3076 1786 Daniel
3121 1745 3230 1785 non
3285 1729 3438 1786 rudis
3490 1746 3670 1802 neque
3714 1729 3920 1787 inscius

595 1833 793 1888 emissa
838 1832 1171 1897 admonitus,
1217 1837 1482 1901 potestate
1535 1830 1680 1900 regia
1738 1827 1971 1899 abjecta,
2033 1836 2196 1896 atque
2231 1843 2277 1902 Β
2309 1821 2420 1878 Deo
2469 1837 2658 1893 preces
2699 1840 2808 1879 non
2839 1823 3045 1880 homini
3079 1823 3430 1890 deferendas,
3477 1840 3603 1881 reus
3632 1821 3923 1881 consﬁtui-

595 1924 665 1978 ab
717 1927 862 1979 (ηιιηί
918 1926 1334 1980 conversatione
1396 1927 1630 1980 humana
1691 1933 1956 1988 remotus,
2015 1921 2198 1976 herbis

600 2025 805 2072 tantum
838 2021 1000 2072 vitam
1027 2021 1308 2073 sustinens
1328 2018 1505 2088 egisse
1540 2017 1914 2083 paenitentiam
1942 2012 2195 2078 traditur;

597 2123 872 2167 servatum
931 2113 979 2167 ei
1038 2120 1170 2166 nutu
1230 2111 1328 2165 Dei
1377 2110 1689 2178 imperium,
1737 2109 1910 2162 donec
1977 2106 2199 2176 impleto

595 2216 861 2275 tempore,
920 2207 1104 2275 agnito
1135 2204 1356 2258 demum
1409 2205 1539 2268 Deo,
1595 2212 1720 2272 post
1768 2211 1976 2269 septem
2026 2211 2200 2252 annos

595 2311 650 2355 et
679 2315 846 2369 regno
872 2307 927 2352 et
975 2298 1140 2351 statui
1175 2295 1404 2366 pristino
1437 2297 1718 2350 resntutus
1765 2301 1870 2348 est.
1930 2291 2027 2346 Hic
2080 2295 2202 2360 post

593 2391 908 2457 devictum,
969 2399 1027 2444 ut
1085 2404 1250 2459 supra
1301 2387 1562 2453 diximus,
1619 2385 1980 2448 Sedecliiam,
2035 2397 2199 2454 quem
2249 2451 2252 2456 _

593 2487 867 2554 captivum
919 2483 1252 2554 Babylonem
1297 2481 1600 2544 transtulit,
1654 2492 1911 2549 regnasse
1969 2477 2201 2530 traditur

601 2593 774 2632 annos
825 2592 874 2630 v1
931 2587 985 2631 et
1033 2591 1127 2642 xx,
1162 2591 1488 2645 quamquam
1520 2573 1572 2628 id
1627 2589 1736 2627 non
1792 2572 1845 2626 iu
1889 2571 2056 2625 Sacra
2102 2569 2201 2624 Hi-

589 2673 759 2726 storia
807 2671 1072 2740 scriptum
1129 2668 1424 2722 invenerim
1461 2684 1476 2719 :
1511 2667 1606 2721 sed
1659 2665 1800 2721 forte
1849 2663 2074 2729 accidit,
2146 2670 2206 2717 ut

594 2763 722 2819 dum
758 2765 923 2818 multa
955 2764 1293 2830 evolverem,
1347 2761 1753 2816 annotationem
1808 2759 1948 2815 hanc
1971 2758 2081 2829 jam
2115 2760 2199 2813 in-

587 2859 864 2933 terpolato
918 2878 1014 2932 per
1060 2869 1276 2917 aetatem
1307 2859 1492 2915 libello
1538 2859 1661 2914 sine
1691 2857 1934 2913 auctoris
1982 2857 2203 2911 nemine

596 2960 918 3029 reperirem,
979 2959 1029 3011 in
1092 2973 1198 3027 quo
1241 2972 1428 3026 regum
1479 2955 1900 3026 Babyloniorqu
1959 2964 2199 3022 tempora

595 3052 1065 3108 continebantur;
1117 3067 1280 3121 quain
1342 3049 1778 3120 prmtcreundam
1837 3064 1942 3101 non
1997 3047 2198 3116 putari,

595 3146 864 3217 siquidem
910 3156 964 3201 et
992 3144 1279 3200 Chronieis
1328 3145 1690 3208 consentiret,
1724 3152 1780 3198 et
1803 3143 1872 3196 ita
1928 3141 2073 3196 illius
2105 3155 2202 3195 no-

2307 1927 2416 1981 tur,
2450 1917 2628 1972 edicto
2655 1918 2796 1989 regis
2825 1934 2931 1974 non
2975 1918 3266 1989 paruisse:
3298 1919 3642 1990 multumque
3669 1919 3918 1976 abnuen-

2308 2018 2360 2064 te
2411 2007 2593 2075 Dario,
2642 2010 2728 2065 cui
2778 2007 2978 2065 charus
3023 2021 3392 2084 acceptusque
3438 2028 3663 2082 semper
3716 2011 3917 2079 fuerat,

2310 2101 2583 2172 principes
2630 2103 2934 2174 pervicere,
2968 2107 3023 2159 ul
3066 2104 3119 2159 in
3154 2107 3331 2160 lacum
3365 2106 3791 2172 demitteretur;
3822 2107 3916 2162 sed

2307 2196 2528 2266 objecto
2567 2195 2763 2252 bestiis
2795 2198 3001 2252 nullum
3060 2200 3362 2268 periculum
3415 2198 3535 2255 fuit.
3587 2201 3741 2268 Quod
3794 2217 3917 2257 cum

2309 2307 2405 2344 rex
2436 2291 2818 2361 comperisset,
2850 2304 3198 2349 accusatores
3215 2294 3469 2364 deputari
3501 2294 3752 2350 leonibus
3781 2312 3919 2366 prae-

2306 2387 2470 2455 cepit,
2502 2388 2590 2458 qui
2627 2404 2730 2442 non
2781 2387 2944 2443 simili
2969 2390 3222 2460 exemplo
3267 2389 3536 2460 perfuncti
3567 2399 3696 2445 sunt
3731 2409 3743 2445 :
3790 2407 3913 2447 naut

2305 2481 2564 2534 continuo
2591 2481 2833 2536 devorati
2866 2482 3098 2537 ferarum
3135 2484 3329 2539 famem
3362 2485 3745 2554 expleverunt.
3812 2486 3918 2540 Da-

2308 2572 2412 2626 niel
2459 2574 2638 2628 clarus
2689 2583 2841 2642 ante,
2895 2577 3100 2632 clarior
3146 2576 3334 2633 haberi
3388 2579 3579 2649 cmpit.
3627 2579 3744 2635 Rex
3773 2583 3916 2635 anti-

2307 2677 2471 2736 quato
2496 2668 2677 2724 edicto
2706 2686 2826 2739 suo,
2877 2689 3073 2727 mnum
3119 2674 3438 2744 proposuit:
3495 2673 3726 2731 Relictis
3759 2691 3916 2732 erro-

2309 2760 2460 2814 ribus
2517 2777 2579 2816 ac
2608 2764 3092 2833 superstitionibus
3119 2751 3289 2822 Deum
3324 2767 3559 2824 Danielis
3590 2769 3913 2825 colendum.

2309 2849 2535 2905 Exstant
2585 2855 2750 2907 etiam
2788 2853 3027 2911 visiones
3054 2858 3200 2926 ejus,
3229 2858 3425 2928 quibus
3455 2863 3915 2929 consequentium

2307 2947 2638 3002 Strculorttm
2691 2948 2936 3004 ordinem
2972 2952 3251 3017 revelavit,
3285 2967 3550 3007 annorum
3593 2955 3765 3009 etiam
3814 2971 3916 3010 nu-

2309 3057 2516 3095 merum
2564 3041 2902 3113 complexus,
2964 3044 3105 3099 intra
3162 3062 3325 3116 quem
3393 3048 3716 3113 Christum,
3774 3050 3916 3107 sicut

2308 3135 2504 3187 factum
2555 3144 2660 3201 est,
2707 3135 3095 3192 descensurum
3149 3139 3215 3193 ad
3277 3150 3452 3194 terras
3510 3142 3913 3212 pronuntiavit,

594 3244 676 3298 his
707 3244 844 3298 ratio
899 3241 1216 3312 quadraret,
1269 3249 1324 3294 υι
1383 3254 1477 3309 pm.
1504 3236 1752 3293 υι-άίηεηι
1796 3252 2006 3307 regum,
2063 3249 2197 3304 quo-
2226 3246 2271 3307 ρ
2308 3234 2704 3298 venturumque
2724 3231 3126 3285 Antechristum
3153 3232 3437 3289 manifeste
3463 3235 3914 3306 exposuit.Quod

594 3353 714 3390 rum
765 3349 1010 3406 tempora
1065 3334 1404 3396 continebat,
1455 3345 1623 3400 usque
1684 3327 1736 3382 in
1792 3330 2027 3399 primum
2069 3327 2197 3398 Cyri

592 3432 737 3500 regis
783 3444 982 3482 annum
1013 3443 1114 3481 Lxx
1147 3440 1318 3480 annos
1370 3424 1473 3496 (tot
1503 3427 1648 3478 enim
1685 3439 1778 3492 per
1835 3436 2042 3475 sacram
2077 3420 2198 3476 llis-

595 3523 790 3576 toriam
842 3520 1214 3588 aeaptivitate
1263 3533 1436 3588 usque
1483 3515 1550 3570 ad
1597 3515 1797 3586 Cyrum
1847 3511 2016 3568 fuisse
2065 3510 2198 3567 refe-

597 3615 811 3684 runtur)
842 3611 1112 3682 impleret.

669 3707 754 3760 \I.
793 3705 918 3760 Post
959 3702 1482 3766 Nabuchmlonosor,
1532 3700 1676 3757 filius
1705 3700 1823 3772 ejus
1852 3714 2078 3771 regnum
2113 3707 2198 3754 cst

591 3791 841 3870 adeptus,
896 3814 1054 3870 quem
1109 3800 1162 3852 in
1205 3797 1489 3853 Clirouicis
1545 3795 1967 3851 Evilniarodach
2029 3794 2196 3850 fuisse

591 3894 887 3949 vocitatum
961 3893 1160 3963 reperi.
1230 3893 1326 3947 llic
1383 3891 1706 3946 dttodecimo
1775 3891 1985 3959 imperii
2051 3902 2196 3943 anno

591 3987 739 4043 diem
789 3986 1005 4042 functus
1049 3984 1198 4040 fratri
1257 3986 1479 4052 minori,
1536 3985 1625 4054 qui
1681 3982 1968 4037 Balthasar
2018 3982 2196 4038 dictus

589 4094 699 4149 est,
753 4083 932 4138 locum
985 4080 1133 4136 fecit.
1187 4080 1236 4135 Is
1285 4097 1408 4135 cum
1451 4089 1646 4150 quarto
1695 4087 1749 4132 ct
1789 4078 2001 4131 decimo
2051 4093 2195 4131 anno

593 4180 868 4252 publicum
910 4178 1128 4248 epulum
1175 4176 1513 4247 principibus
1544 4189 1606 4229 ac
1646 4172 1916 4244 prarfcclis
1957 4173 2070 4227 suis
2101 4173 2195 4226 da-

591 4285 695 4332 ret.
721 4288 881 4329 sacra
909 4287 1056 4336 vasa,
1099 4285 1221 4342 qua:
1271 4286 1365 4340 per
1402 4268 1911 4323 Nabuchodonosor
1940 4264 2008 4321 de
2056 4275 2192 4321 tem-

585 4369 678 4439 plo
710 4367 1103 4438 Hierosolyma:
1147 4365 1347 4428 ablata,
1388 4379 1485 4418 nec
1518 4363 1570 4416 in
1622 4363 1833 4433 regales
1867 4375 1995 4416 usus
2035 4377 2193 4416 usur-

587 4473 712 4534 pata
751 4462 848 4517 sed
881 4459 1163 4516 recondita
1197 4459 1248 4512 in
1283 4456 1554 4512 thesauris
1583 4456 1940 4518 habebantur,
1981 4454 2192 4524 profer-

585 4558 630 4612 ri
686 4556 995 4624 imperavit.
1050 4552 1184 4606 Ctnn
1253 4551 1336 4605 his
1412 4566 1507 4621 per
1557 4549 1742 4603 luxum
1788 4564 1852 4604 ac
1914 4547 2187 4602 licentiam

2305 3319 2349 3373 si
2384 3320 2507 3389 quis
2549 3320 2847 3376 studiosior
2878 3323 3003 3392 crit,
3036 3319 3240 3380 rectius
3285 3326 3356 3380 ibi
3409 3330 3697 3398 qmcsilum
3755 3347 3917 3402 repe-

2305 3415 2406 3467 riet
2439 3431 2451 3469 :
2481 3415 2638 3468 nobis
2677 3416 3018 3487 propositum
3061 3430 3147 3474 est
3178 3435 3360 3474 rerum
3404 3430 3610 3476 tantum
3656 3424 3911 3481 ordinem

2303 3518 2619 3563 contexere.
2651 3505 2852 3565 Darius
2881 3509 3255 3584 duodeviginti
3288 3528 3460 3567 annos
3503 3530 3769 3586 regnasse
3797 3527 3917 3575 tra-

2303 3599 2470 3665 ditur,
2501 3617 2604 3672 qua
2632 3612 2954 3674 tempestate
2976 3605 3243 3678 Astyages
3266 3599 3436 3662 Medis
3471 3612 3800 3678 imperabat.

2376 3693 2514 3749 VIII.
2570 3695 2724 3752 Hunc
2771 3698 2988 3770 Cyrus,
3047 3716 3110 3755 ex
3160 3698 3268 3754 lilia
3325 3716 3497 3770 nepos
3550 3703 3691 3773 ejus,
3741 3721 3916 3777 regno

2302 3790 2512 3860 expulit
2541 3790 2830 3846 Persarum
2881 3809 3011 3848 usus
3037 3795 3237 3848 armis:
3280 3795 3420 3849 unde
3447 3810 3662 3852 summa
3697 3799 3913 3870 imperii

2300 3883 2367 3938 ad
2399 3883 2592 3938 Persas
2640 3887 2902 3941 translata
2935 3897 3039 3942 est.
3076 3887 3357 3959 Babylonii
3401 3904 3617 3960 quoque
3650 3891 3701 3946 in
3761 3903 3915 3960 pote-

2300 3989 2496 4033 statem
2549 3979 2921 4050 ditionemque
2968 3982 3088 4051 ejus
3127 3998 3471 4038 concessere.
3532 3983 3701 4054 Igitur
3756 3986 3916 4044 initio

2300 4073 2478 4143 regni,
2530 4073 2827 4144 pI'OPOSllIS
2883 4073 3094 4144 publice
3139 4074 3355 4140 edictis,
3433 4076 3526 4131 dat
3578 4087 3914 4147 potestatem

2296 4166 2502 4224 Iudaeis
2533 4167 2587 4223 in
2622 4170 2797 4224 solum
2833 4172 3068 4241 patrium
3099 4171 3362 4227 redeundi
3393 4190 3405 4225 :
3437 4187 3589 4227 sacra
3622 4176 3791 4230 etiam
3822 4193 3914 4231 va-

2296 4279 2377 4330 sa,
2431 4262 2553 4334 q'um
2607 4263 3116 4321 Nabuchodonosor
3168 4265 3235 4321 de
3263 4265 3466 4335 templo
3507 4261 3912 4342 Hierosdlymae

2295 4357 2618 4425 abstulerat,
2665 4358 2921 4414 reddidit.
2952 4357 3140 4430 Itaque
3191 4359 3348 4429 pauci
3401 4369 3511 4413 tum
3558 4360 3610 4415 in
3657 4359 3910 4418 Judmam

2297 4452 2526 4521 regressi
2556 4470 2567 4505 :
2604 4453 2819 4508 caeteris
2860 4451 3120 4508 redeundi
3167 4453 3406 4519 animus,
3437 4469 3505 4509 an
3541 4445 3779 4512 facultas
3813 4457 3910 4512 de-

2296 4542 2502 4611 fuerit,
2563 4559 2752 4614 parum
2815 4546 3204 4615 comperimus.
3252 4543 3386 4600 Erat
3443 4562 3504 4601 ea
3575 4557 3912 4618 tempestate

589 4649 785 4720 regalis
827 4645 1062 4704 convivii
1112 4647 1420 4714 promiscue
1459 4656 1652 4697 omnes
1689 4641 1859 4694 virilis
1906 4655 1968 4692 ac
1999 4639 2190 4693 mulie-
2213 4650 2265 4710 υ
2294 4637 2435 4706 apud
2465 4634 2796 4709 Babylonios
2814 4638 2927 4693 Beli
2958 4639 3324 4710 antiquissimi
3349 4640 3511 4710 regis,
3545 4640 3706 4712 cujus
3739 4644 3908 4699 etiam

586 4743 699 4797 bris
715 4756 900 4807 sexus,
924 4753 1127 4794 uxores
1144 4737 1570 4805 concubinasque
1593 4733 1714 4803 ejus
1735 4743 2040 4798 uterentur,
2063 4730 2188 4788 sub-

587 4837 663 4892 ito
710 4851 809 4891 rex
850 4837 901 4890 in
939 4835 1148 4905 pariete
1177 4828 1446 4901 conspicit
1477 4826 1674 4898 digitos
1703 4826 2006 4882 scribentes
2033 4841 2186 4882 :cer-

585 4931 959 4999 nebanturqne
979 4929 1029 4982 in
1055 4941 1268 4982 versum
1297 4923 1473 4978 ducta:
1503 4921 1696 4975 litterae
1719 4937 1732 4987 ;
1759 4920 1854 4976 sed
1879 4918 1970 4990 qui
2006 4926 2187 4988 posset

583 5031 783 5099 scripta
819 5028 998 5097 legere
1029 5039 1135 5078 non
1166 5019 1562 5090 reperiebatur.
1596 5015 1760 5087 Igitur
1799 5032 1890 5071 rex
1927 5015 2188 5086 pet-terri-

586 5135 670 5178 tus
703 5136 887 5192 magos
929 5129 986 5175 et
1014 5115 1301 5172 Chaldreos
1328 5114 1559 5169 advocat
1589 5131 1602 5166 :
1647 5112 1844 5183 quibus
1891 5111 2185 5166 mussitan-

583 5219 727 5276 tibus
766 5232 866 5272 nec
912 5215 1203 5286 quidquam
1253 5208 1728 5281 respondentibus,
1777 5209 1957 5278 regina
2000 5221 2183 5277 regem

582 5312 838 5369 admonet
872 5327 886 5365 :
941 5307 1074 5362 Esse
1124 5304 1410 5376 quemdam
1453 5301 1763 5368 Ilebrreum,
1792 5299 1980 5355 Daniel
2009 5298 2186 5354 nomi-

565 5423 672 5472 ‘ne,
705 5405 795 5474 qui
840 5401 969 5457 olim
1011 5397 1513 5454 Nalmcbodnnosor
1540 5395 1735 5450 occulti
1762 5393 2002 5466 mysterii
2033 5408 2184 5448 som-

583 5501 731 5556 nium
780 5495 1100 5562 revelasset,
1140 5493 1254 5564 jam
1304 5501 1414 5547 tum
1465 5489 1535 5544 ob
1567 5489 1830 5543 illustrem
1861 5489 2184 5556 sapientiam

580 5594 807 5650 summis
843 5591 1136 5646 honoribus
1171 5577 1452 5642 denatum.
1505 5582 1693 5652 Itaque
1722 5583 1928 5636 accitus
1970 5579 2180 5644 Daniel,

581 5689 813 5761 perlegit
865 5688 1401 5753 interpretatusque:
1445 5676 1526 5732 0b
1584 5675 1840 5730 delictum
1885 5673 2048 5744 regis,
2091 5669 2186 5743 qui

580 5797 736 5837 saera
767 5782 875 5837 Deo
913 5795 1039 5833 vasa
1079 5777 1430 5835 temerasset,
1462 5771 1561 5840 ipsi
1604 5767 1830 5825 exitium
1878 5766 2183 5828 imminere,

583 5887 921 5946 regnumque
959 5871 1078 5944 ejus
1115 5863 1284 5924 Medis
1317 5879 1381 5920 ac
1399 5855 1592 5920 'Persis
1635 5857 2019 5931 datum;‘qu0d
2053 5869 2183 5914 mox

2295 4728 2558 4800 Virgilius
2601 4731 2866 4799 meminit,
2920 4749 2986 4787 ex
3031 4749 3139 4789 mre
3185 4732 3560 4800 simulacrum,
3617 4735 3765 4806 quod
3814 4749 3910 4792 su-

2297 4826 2618 4894 perstitione
2664 4826 2946 4883 hominum
3011 4838 3390 4884 consecratum
3451 4828 3627 4902 Cyrus
3683 4848 3909 4904 quoque

2293 4919 2524 4976 adorare
2581 4931 2699 4976 erat
2747 4923 2963 4987 solitus,
3009 4923 3312 4976 antistitum
3363 4922 3482 4992 ejus
3512 4922 3642 4978 dolo
3682 4925 3905 4993 illusus,

2292 5012 2383 5082 qui
2416 5013 2560 5068 vesci
2612 5013 2849 5086 effigiem
2897 5015 3046 5068 illam
3079 5024 3240 5085 atque
3291 5025 3477 5084 potare
3525 5015 3903 5088 a'flirmabant,

2292 5119 2414 5159 eum
2448 5105 2698 5161 diurnam
2734 5107 3175 5177 pensitationcm,
3209 5123 3328 5178 qum
3359 5103 3502 5165 idolo
3538 5103 3906 5182 inferebatur,

2290 5201 2430 5254 clam
2488 5200 2590 5272 ipsi
2639 5201 3009 5258 absumerent.
3071 5201 3240 5272 Igitur
3269 5203 3468 5274 Cyrus,
3515 5222 3638 5260 cmn
3675 5203 3908 5266 Daniele

2294 5292 2632 5348 familiariter
2678 5303 2947 5359 uteretur,
3004 5294 3205 5364 quaerit
3256 5295 3326 5350 ab
3390 5311 3615 5370 eo,_cur
3677 5301 3910 5356 simula-

2292 5402 2445 5442 crum
2499 5404 2604 5441 nou
2649 5387 2924 5452 adoraret,
2977 5402 3100 5441 cum
3134 5387 3481 5444 manifesmm
3529 5391 3776 5450 viventis
3805 5394 3907 5453 Dei

2292 5483 2441 5534 esset
2487 5479 2773 5545 indicium,
2827 5479 3168 5534 absumeutis
3207 5495 3270 5535 ea
3311 5491 3431 5553 qua:
3485 5483 3907 5544 inferebantur?

2296 5572 2481 5627 Daniel
2536 5567 2724 5627 ridens
2779 5572 3016 5628 hominis
3064 5581 3332 5644 errorem,
3377 5593 3579 5647 negare
3629 5580 3680 5634 id
3739 5597 3908 5652 posse

2295 5667 2434 5731 lieri,
2491 5675 2551 5721 ut
2595 5681 2670 5721 aes
2723 5665 2873 5733 illud,
2928 5668 2979 5722 id
3006 5675 3092 5724 est
3113 5669 3269 5724 bruta
3316 5673 3597 5741 materies,
3621 5675 3749 5730 cibo
3779 5688 3909 5734 ute-

2293 5769 2444 5814 retur
2492 5770 2588 5846 aut
2634 5772 2780 5831 potu.
2837 5764 3018 5820 Acciri
3077 5779 3209 5834 ergo
3267 5782 3362 5822 rex
3391 5769 3703 5826 sacerdotes
3745 5773 3909 5844 jubet

2295 5851 2444 5926 (nam
2491 5852 2605 5910 fere
2637 5853 2703 5910 ad
2763 5856 3107 5927 septuaginta
3159 5859 3342 5932 erant)
3391 5849 3748 5936 adhibitoque
3802 5877 3908 5926 eos
