4106 6344
204 248 303 316 ἴω

1411 240 1733 304 HISTOMA
1775 238 2024 303 SACRA.
2062 239 2201 299 UB.
2239 240 2306 301 ll.

3409 233 3516 296 ιω

204 366 401 427 terrore
438 364 767 438 increpitat,
814 365 946 436 Quis
978 364 1222 434 impensa
1272 372 1641 430 consumeret,
1685 378 1807 417 cum
1840 363 1893 424 Α
1916 375 2113 433 gnasse
2144 360 2378 415 traditur
2412 358 2776 430 :quamquam
2807 356 2859 411 in
2882 355 3162 427 plerisque
3190 352 3517 421 exemplari-

207 465 387 521 Daniel
438 464 522 518 vir
573 460 871 532 prudentia
923 459 1155 528 insignis
1186 458 1409 514 minime
1436 458 1487 511 id
1532 457 1600 510 ab
1629 458 1813 511 insen-

200 560 336 613 sibili
371 556 672 610 simulacro
721 566 885 624 posse
928 552 1043 607 fieri
1084 551 1481 608 contenderet?
1532 550 1672 605 Tum
1730 548 1811 602 illi

202 651 381 708 conﬁsi
403 657 606 721 parato
644 649 803 715 dolo,
840 646 1039 703 inferre
1065 654 1122 700 et
1148 646 1426 716 obsignari
1474 660 1503 699 a
1528 658 1657 713 rege
1678 651 1816 695 tem-

206 745 339 815 plum
388 743 741 811 deposcunt;
786 739 885 805 uti,
936 741 1038 794 nisi
1076 740 1264 795 omnia
1304 747 1527 809 postero
1570 736 1665 790 die
1715 734 1815 789 ab-

208 848 401 904 sumpta
444 834 1025 903 deprehenderentur,
1074 841 1253 888 morte
1296 844 1491 901 poenas
1542 828 1820 899 persolve-

206 940 358 987 rent:
400 930 532 985 dum
606 929 807 984 eadem
856 928 1098 983 cunditio
1146 927 1356 982 Danieli
1404 932 1669 980 maneret.
1711 922 1819 977 lta-

203 1040 300 1093 que
346 1023 505 1095 signo
581 1024 737 1094 regis
784 1022 1046 1092 templum
1101 1021 1447 1091 obsignatur,
1496 1030 1618 1072 cum
1662 1017 1819 1086 prius

207 1117 376 1173 Daniel
454 1115 856 1171 sacerdOtibns
927 1114 1113 1168 insciis
1201 1112 1569 1183 pavimentum
1634 1112 1821 1164 cinere

205 1210 534 1279 aspersisset,
586 1216 650 1261 ut
684 1207 1080 1262 introeuntium
1109 1205 1358 1260 occultos
1383 1203 1559 1258 aditus
1590 1200 1819 1270 vestigia

207 1304 503 1376 proderent.
552 1302 734 1373 Igitur
778 1309 995 1371 postero
1043 1299 1134 1355 die
1162 1315 1254 1354 rex
1298 1297 1565 1368 templum
1613 1296 1823 1366 ingres—

204 1410 285 1452 sus
309 1396 709 1453 animadvertit
754 1398 1046 1464 absumpta
1071 1407 1192 1461 qua:
1233 1392 1377 1446 idolo
1408 1391 1610 1461 apponi
1645 1391 1823 1458 jusse-

206 1499 297 1547 rat.
340 1489 475 1545 Tum
532 1488 741 1544 Daniel
787 1487 1057 1543 occultam
1106 1484 1350 1540 fraudem
1400 1482 1645 1553 vesugiis
1690 1496 1823 1551 pro-

206 1582 439 1639 dentibus
467 1592 693 1637 reserat
722 1597 736 1634 :
791 1579 1120 1636 Sacerdotes
1149 1593 1271 1632 cum
1305 1576 1566 1630 uxoribus
1612 1583 1668 1628 et
1696 1573 1824 1627 filiis

204 1678 419 1735 suﬂ‘osso
471 1674 764 1731 foramine
816 1675 1094 1743 ingressos
1144 1682 1208 1725 ea
1236 1683 1359 1740 qua:
1392 1668 1537 1724 idtulo
1574 1666 1823 1737 apposita

1914 454 2016 509 bus
2044 455 2227 522 viginti
2279 463 2331 508 et
2363 453 2603 522 quinque
2644 464 2820 504 annos
2840 449 3055 518 imperii
3086 448 3203 516 ejus
3236 446 3403 500 fuisse
3429 458 3521 498 re-

1918 548 2056 615 peri.
2106 547 2239 600 Huic
2284 550 2550 601 successit
2596 545 2952 607 Artaxerxes,
2983 542 3140 612 cujus
3179 555 3338 610 supra
3370 554 3528 593 men-

1919 640 2122 694 tionem
2175 637 2429 694 fecimus.
2491 638 2590 693 Hac
2637 653 2761 692 cum
2815 636 3051 691 inhiberi
3107 634 3530 689 aediﬁcationem

1920 734 2071 787 urbis
2118 733 2326 787 'Judaeae
2376 732 2678 802 templique
2719 732 2996 800 iussisset,
3033 743 3361 798 suspensum
3392 742 3534 797 opus

1920 842 2096 897 usque
2142 829 2200 881 in
2247 825 2544 882 secundum
2592 825 2743 880 Darii
2805 826 2952 895 regis
2995 838 3201 878 annum
3246 823 3531 893 pependit.

1924 923 2030 976 Sed
2065 930 2126 976 ut
2154 936 2325 991 usque
2354 920 2422 975 ad
2453 936 2573 974 eum
2609 929 2911 988 temporum
2940 918 3081 973 ordo
3108 932 3392 971 connexus
3415 917 3486 969 sit
3518 932 3535 983 ;

1924 1019 2257 1072 Artaxerxes
2315 1018 2563 1087 regnavit
2608 1030 2783 1070 annos
2834 1029 3002 1069 unum
3044 1022 3103 1068 et
3148 994 3535 1083 quadraginta,

1924 1107 2141 1163 Xerxes
2180 1107 2394 1162 duobus
2430 1108 2731 1173 mensibus,
2774 1113 3013 1177 postque
3062 1120 3187 1159 eum
3229 1103 3535 1159 Suedianus

1924 1213 2133 1272 septem
2168 1202 2448 1258 mens-ibus
2471 1203 2588 1255 luit.

1998 1295 2067 1350 Χ.
2096 1296 2287 1351 Darius
2306 1294 2530 1358 deinde,
2555 1294 2657 1349 sub
2680 1310 2785 1364 quo
2806 1294 3068 1363 templum
3089 1301 3175 1347 est
3197 1292 3536 1357 restitutum,

1930 1403 2156 1459 regnum
2208 1389 2440 1459 adeptus
2485 1398 2589 1453 est,
2646 1388 2730 1441 cui
2784 1386 2971 1441 Ochus
2998 1394 3113 1439 tum
3145 1400 3341 1440 nomen
3395 1388 3534 1438 erat.

1930 1483 2030 1538 llic
2068 1498 2190 1539 cum
2224 1498 2289 1537 ex
2348 1481 2597 1537 Hebraeis
2630 1491 2744 1535 tres
2774 1481 3153 1535 adolescentes
3185 1489 3441 1549 spectata:
3478 1478 3538 1531 ti-

1929 1576 2016 1631 dei
2041 1578 2290 1646 corporis
2316 1575 2579 1630 custodes
2615 1574 2861 1637 haberet.
2894 1588 3149 1642 unusque
3195 1588 3264 1627 ex
3300 1571 3385 1626 his
3412 1586 3542 1640 ptu-

1930 1670 2132 1725 dentia:
2180 1671 2512 1725 documento
2569 1667 2988 1722 admirationem
3037 1668 3183 1735 regis
3213 1666 3264 1720 in
3313 1680 3371 1719 se
3409 1680 3543 1718 coa-

208 1773 404 1827 l’uerant
433 1768 774 1824 det/orasse.
817 1765 896 1820 Ita
926 1779 1117 1819 omnes
1145 1764 1299 1829 jussu
1326 1761 1468 1832 regis
1498 1758 1817 1815 interfecti:
1853 1766 1904 1827 Β
1932 1768 2227 1829 vertisset;
2270 1764 2449 1819 delata
2492 1764 2597 1816 sibi
2654 1763 2878 1831 OptiOIte
2908 1758 3155 1831 petendi,
3190 1761 3233 1811 si
3269 1758 3398 1830 quid
3429 1758 3545 1811 ani-

209 1864 451 1934 lemplnm
482 1874 551 1917 ac
606 1860 967 1915 simulacrum
1024 1856 1230 1910 Danieli
1277 1856 1328 1909 in
1356 1861 1686 1925 potestatem
1720 1854 1821 1907 da-

211 1966 329 2020 tum,
358 1967 520 2027 atque
548 1955 798 2010 arbitrio
818 1954 937 2021 ejus
963 1952 1223 2006 dirutum.

270 2051 356 2107 IX.
398 2051 626 2106 Interea
682 2047 887 2111 Judtei,
936 2060 1074 2116 quos
1124 2060 1190 2098 ex
1260 2044 1534 2113 permissu
1587 2040 1712 2113 Cyri
1770 2040 1823 2094 in

210 2146 422 2216 patriam
472 2155 777 2214 regressus
833 2153 998 2208 supra
1044 2134 1491 2199 memoravimus,
1541 2134 1729 2189 urbem
1762 2147 1827 2185 ac

212 2238 458 2309 templum
505 2238 817 2292 reStituere
868 2230 1131 2303 aggressi,
1166 2238 1224 2283 ut
1271 2229 1430 2298 pauci
1484 2237 1648 2297 atque
1703 2226 1826 2278 ino-

213 2351 315 2406 pes,
369 2349 567 2405 parum
620 2330 1023 2402 proficiebant;
1055 2325 1230 2380 donec
1258 2322 1557 2378 centesimo
1590 2320 1704 2374 fere
1733 2333 1830 2373 an-

216 2444 296 2493 no,
320 2430 635 2482 Artaxerxe
690 2438 823 2493 rege
850 2420 1036 2475 Persis
1064 2418 1442 2488 imperitante,
1475 2430 1570 2486 per
1603 2430 1700 2467 eos
1739 2428 1830 2480 qut

217 2520 336 2575 locis
362 2524 651 2589 praeerant
681 2515 755 2569 ab
801 2511 1123 2567 :cdilieando
1156 2518 1284 2563 sunt
1314 2506 1589 2562 deterriti.
1622 2505 1829 2560 etenim

220 2624 317 2670 tuin
346 2613 506 2686 Syria
550 2621 727 2681 atque
758 2606 943 2662 omnis
973 2604 1157 2659 Judaea
1190 2602 1291 2657 sub
1320 2602 1609 2656 Persarum
1658 2600 1828 2665 impe-

216 2709 288 2760 rio
332 2722 426 2776 per
468 2703 839 2773 magistratus
878 2713 943 2753 ac
984 2694 1245 2767 praesides
1289 2696 1600 2763 regebatur.
1662 2691 1835 2761 Igitur

219 2798 295 2852 bis
342 2798 639 2853 consilium
699 2792 803 2846 fuit
856 2790 969 2859 regi
1026 2787 1317 2843 Artaxerxi
1389 2783 1658 2848 scribere,
1714 2780 1833 2836 Non

216 2903 462 2963 oportere
490 2887 710 2944 Iuda-is
740 2881 1104 2940 restituendae
1128 2879 1282 2935 urbis
1312 2894 1421 2933 sua:
1450 2877 1662 2947 copiam
1690 2875 1834 2939 dari,

224 3000 289 3039 ne
317 2999 416 3053 pro
444 2977 765 3038 contumaci
823 2975 1060 3045 ingenio,
1117 2972 1411 3041 resumptis
1456 2969 1683 3036 viribus,
1714 2966 1840 3022 aliis

219 3079 468 3149 gentibus
502 3077 790 3146 imperare
822 3069 969 3123 soliti
1021 3082 1130 3121 non
1177 3054 1494 3133 paterentur
1524 3061 1626 3116 sub
1655 3060 1841 3115 alieno

1934 1874 2024 1913 mo
2052 1859 2422 1928 concepisset,
2475 1857 2839 1927 ingemiscens
2874 1855 3060 1925 patriae
3094 1854 3286 1921 ruinis,
3331 1852 3545 1920 copiam

1928 1955 2290 2011 restituendae
2332 1954 2485 2009 urbis
2543 1953 2813 2024 poposcit,
2872 1950 3182 2020 meruitque
3214 1965 3250 2004 a
3290 1963 3439 2017 rego,
3492 1954 3552 2000 ut

1935 2050 2249 2121 subregulis
2298 2064 2360 2103 ac
2410 2048 2735 2119 prmsidibus
2768 2047 3088 2117 imperaret,
3116 2030 3190 2099 fut
3238 2042 3554 2097 a-dilieatio—

1940 2162 2062 2200 nem
2101 2156 2273 2199 sacrm
2322 2144 2452 2198 aedis
2482 2142 2724 2212 prtebitis
2780 2142 3072 2211 impendiis
3108 2149 3430 2194 maturaret.
3472 2136 3551 2190 ita

1938 2238 2203 2307 templum
2258 2235 2617 2306 quadriennio
2668 2238 3141 2299 consummat-um,
3210 2241 3367 2287 sexto
3430 2240 3552 2299 post

1937 2346 2083 2385 anno
2137 2346 2297 2401 quam
2344 2330 2541 2384 Darius
2570 2343 2798 2400 regnare
2826 2338 3067 2397 eteperat
3102 2345 3113 2379 :
3159 2326 3319 2395 idque
3349 2324 3552 2379 Jnda-is

1940 2425 2076 2479 Satis
2124 2424 2301 2480 visum
2333 2435 2433 2479 :‘et
2480 2424 2605 2495 quia
2636 2438 2847 2494 magmc
2878 2423 3038 2477 motis
3085 2433 3199 2477 erat
3230 2420 3420 2475 urbem
3470 2434 3555 2474 re—

1942 2519 2195 2584 Stituere,
2246 2519 2415 2572 ‘tlil'tisi
2464 2518 2692 2581 viribus,
2736 2533 2882 2587 'ttpus
2911 2516 3301 2572 mnlti‘lab’oris
3354 2516 3557 2586 incipe-

1944 2626 2006 2665 re
2049 2628 2154 2665 non
2192 2614 2330 2671 ausi,
2378 2612 2581 2681 templo
2604 2611 3050 2666 continebantur.
3090 2610 3199 2665 Per
3248 2609 3388 2664 idem
3423 2619 3559 2662 tem-

1940 2718 2048 2772 pus
2072 2703 2279 2758 Esdras
2313 2704 2493 2759 scriba
2525 2702 3012 2774 legispostviginti
3053 2703 3166 2757 fere
3192 2717 3363 2756 annos
3395 2716 3556 2771 quam

1947 2796 2215 2863 templum
2248 2796 2430 2850 fuerat
2461 2808 2923 2859 consummatum,
2959 2795 3217 2850 defuncto
3234 2795 3347 2865 jam
3375 2796 3557 2861 Dario,

1946 2892 2039 2960 qui
2092 2905 2258 2946 unum
2316 2891 2382 2945 de
2428 2893 2619 2962 viginti
2675 2893 2836 2947 annis
2865 2894 3051 2946 rerut'n
3110 2891 3287 2946 fuerat
3326 2893 3559 2959 peritus,

1951 2986 2219 3053 permissu
2268 2984 2589 3040 Artaxerxis
2649 2986 2898 3049 secundi,
2952 3001 3057 3039 non
3092 2985 3244 3039 illius
3283 2987 3369 3055 qui
3416 2985 3564 3038 inter

1947 3076 2088 3132 ducs
2118 3077 2329 3132 Xerxes
2360 3078 2485 3142 fuit,
2516 3077 2616 3132 sed
2648 3076 2811 3147 hujus
2842 3079 2932 3148 qui
2972 3080 3139 3132 Dario
3158 3076 3315 3132 'Oebo
3348 3090 3563 3131 succes-

219 3170 444 3240 intperio
495 3168 723 3239 degere.
773 3162 851 3217 Ita
900 3159 1315 3229 comprobatoa
1358 3171 1487 3226 rege
1542 3153 1841 3224 praesidum

1957 3176 2125 3233 serat,
2176 3169 2483 3240 Babylonia
2538 3172 2853 3239 profectus,
2909 3171 3173 3239 multique
3211 3184 3335 3224 eum
3391 3170 3565 3223 secuti

220 3262 443 3320 consilio
470 3261 756 3331 prohibita
810 3254 959 3310 urbis
990 3252 1304 3317 :edilicatio,
1339 3263 1515 3319 usque
1565 3246 1616 3300 in
1648 3262 1848 3301 secun—

222 3361 342 3415 dum
396 3356 550 3413 Darii
603 3354 753 3426 regis
780 3366 984 3406 annum
1033 3349 1200 3403 dilata
1224 3354 1328 3401 est.
1357 3345 1463 3401 Sed
1514 3343 1616 3399 hoc
1667 3351 1843 3397 tractu

224 3466 531 3524 temporum
584 3453 681 3518 qui
746 3462 904 3515 rcges
940 3442 1121 3497 l’ersis
1170 3437 1595 3509 imperaverint,
1651 3437 1849 3491 inseri-

225 3564 362 3611 mus,
413 3562 527 3616 quo
561 3542 782 3598 facilius
837 3551 1104 3592 annorum
1136 3535 1308 3590 series
1341 3533 1392 3586 in
1424 3531 1672 3586 ordinem
1716 3544 1851 3584 con-

226 3651 364 3699 texta
422 3638 727 3712 prodatur.
778 3634 910 3689 Post
942 3632 1164 3686 Darium
1220 3628 1456 3694 Medum,
1508 3642 1672 3698 quem
1712 3628 1850 3679 duo-

224 3739 687 3810 devigintiannos
739 3743 1001 3799 regnasse
1029 3723 1479 3797 signiﬁcavimus,
1524 3720 1696 3793 Cyrus
1739 3733 1851 3773 uno

224 3841 276 3887 et
311 3831 541 3903 triginta
574 3825 741 3881 annis
784 3838 963 3877 rerum
994 3822 1197 3891 potitus
1226 3826 1309 3871 est
1342 3834 1353 3869 :
1395 3815 1614 3887 Scythis
1646 3813 1851 3869 bellum

229 3924 472 3980 inferens
507 3924 563 3976 in
598 3918 795 3991 praclio
824 3914 1042 3979 cecidit,
1094 3911 1339 3966 secundo
1384 3923 1528 3962 anno
1563 3914 1849 3977 postquam

230 4018 563 4087 Tarquinius
607 4011 895 4082 Superbus
942 4007 1130 4061 Roanae
1161 4018 1389 4074 regnare
1420 4009 1683 4071 coeperat.
1710 4001 1857 4070 Cyro

228 4115 534 4186 Cambyses
582 4109 728 4164 (ilius
773 4108 890 4175 ejus
930 4100 1221 4165 successit,
1268 4099 1623 4170 regnavitque
1681 4108 1858 4149 annos

232 4226 448 4265 novem.
508 4207 608 4261 ilic
646 4217 772 4259 cum
816 4197 1109 4270 [Egyptum
1142 4206 1304 4265 atque
1352 4192 1689 4271 Αῖιιιίυρῐειηι
1743 4187 1861 4242 bel-

232 4304 280 4357 lo
304 4309 589 4374 premeret
638 4306 693 4351 et
735 4292 1064 4360 snbegissct,
1121 4284 1401 4358 victorque
1452 4286 1503 4339 in
1549 4284 1743 4339 Persas
1773 4294 1862 4334 re-

236 4404 571 4460 verteretur,
603 4405 740 4446 casu
768 4402 828 4443 se
860 4387 1037 4454 ipsum
1068 4382 1393 4448 vulneravit,
1426 4394 1493 4436 ex
1538 4391 1714 4447 eoque
1746 4375 1859 4429 ictu

236 4491 420 4560 periit.
468 4487 603 4542 Post
656 4482 819 4552 hujus
868 4488 1100 4532 mortem
1131 4475 1268 4546 Magi
1300 4475 1407 4529 duo
1453 4473 1650 4528 fratres
1684 4470 1867 4526 natio-

1960 3259 2396 3331 liierosolytnam
2431 3270 2766 3326 pervenere;
2802 3275 2922 3313 rasa
2947 3275 3166 3331 quoque
3212 3260 3411 3315 diversi
3435 3276 3567 3331 ope-

1958 3352 2037 3407 ris
2087 3362 2144 3407 et
2193 3353 2358 3417 dona,
2417 3369 2538 3423 qua:
2582 3370 2677 3409 rex
2727 3354 2933 3424 templo
2983 3353 3079 3408 Dei
3144 3356 3390 3418 miserat,
3446 3364 3568 3411 cum

1957 3444 2254 3499 duodecim
2311 3446 2531 3501 levitis:
2598 3450 2685 3500 vix
2739 3447 2885 3501 enim
2935 3444 3024 3501 hic
3080 3463 3337 3502 numerus
3384 3463 3449 3506 ex
3476 3448 3569 3504 illa

1959 3540 2107 3594 tribu
2152 3551 2400 3609 repertus
2454 3540 2707 3596 traditur.
2743 3539 2793 3595 ls
2838 3558 2959 3595 cum
2992 3542 3572 3611 depreltendiss‘etJu-

1960 3631 2115 3687 dicos
2162 3634 2447 3703 gentilium
2490 3634 2783 3689 conuubiis
2825 3634 3136 3703 permistos,
3171 3637 3354 3691 multis
3397 3640 3570 3695 incre-

1962 3727 2108 3807 pitos
2162 3726 2480 3782 renuntiare
2530 3727 2839 3783 istiusmodi
2889 3730 3270 3796 matrimoniis,
3324 3746 3387 3787 ac
3431 3730 3572 3787 filios

1963 3835 2035 3876 ex
2092 3820 2178 3874 his
2236 3833 2524 3891 susceptos
2580 3822 2798 3879 extrudi
2851 3824 3043 3893 jubet:
3099 3841 3398 3896 manesque
3429 3827 3575 3882 dicto

1956 3928 2202 3982 paruere
2224 3933 2260 3970 ἐ
2290 3928 2557 3986 purgatus
2586 3920 2819 3987 populus
2851 3919 3048 3973 veteris
3091 3920 3224 3989 legis
3256 3923 3418 3976 ritum
3446 3936 3578 3993 age-

1968 4008 2081 4062 bat.
2127 4007 2403 4063 Ceeternm
2439 4010 2663 4064 Esdram
2719 4010 2852 4065 nilnl
2903 4028 3069 4082 super
3120 4015 3410 4070 relieienda
3438 4018 3579 4073 urbe

1965 4106 2150 4174 egisse
2176 4106 2460 4175 comperio
2493 4123 2505 4157 :
2538 4106 2724 4170 credo,
2756 4109 3026 4175 potiorem
3057 4124 3242 4164 curam
3282 4121 3439 4166 ratus
3468 4112 3583 4183 plc-

1969 4198 2093 4252 bem
2127 4200 2399 4270 corruptis
2422 4199 2663 4254 moribus
2696 4200 3009 4258 refermare.

2045 4293 2136 4347 XI.
2176 4292 2306 4347 Erat
2333 4309 2394 4347 ea
2422 4303 2745 4362 tempestate
2768 4295 2912 4364 apud
2938 4296 3292 4368 Babyloniam
3334 4299 3590 4359 Necmtas

1974 4386 2233 4441 minister
2262 4388 2473 4457 regius,
2503 4397 2664 4456 gente
2684 4387 2923 4452 Judams,
2951 4388 3239 4446 Artaxerxi
3270 4394 3466 4449 merito
3488 4392 3589 4449 ob-

1975 4481 2304 4552 sequiorum
2335 4480 2719 4535 charissimus.
2744 4480 2793 4536 ls
2815 4481 3037 4539 Jndteos
3064 4488 3441 4555 percontatus,
3467 4490 3589 4559 quis

233 4556 305 4639 ne
336 4580 485 4638 Medi
508 4590 733 4634 menses
774 4580 983 4644 septem
1010 4570 1307 4624 Persarum
1340 4582 1565 4638 regnum
1614 4565 1845 4621 obtinue

1976 4588 2233 4646 paterna:
2281 4576 2435 4631 urbis
2461 4583 2637 4631 status
2672 4590 2851 4645 esset,
2889 4579 2980 4633 ubi
3012 4583 3280 4651 comperit
3310 4582 3361 4637 in
3396 4556 3589 4640 iisdem

235 4684 390 4732 runt.
425 4674 511 4730 Ad
548 4674 651 4737 Iros
685 4662 1099 4722 interliciendOs
1124 4673 1332 4732 septem
1365 4660 1689 4716 nobilissimi
1732 4658 1871 4713 Per-

236 4790 317 4828 sa:
374 4769 829 4842 eunjuraverunt,
898 4774 1128 4831 quorum
1188 4757 1443 4828 princeps
1514 4752 1618 4809 luit
1674 4753 1869 4807 Darius

242 4865 538 4938 Hystaspis
612 4858 782 4922 filius,
839 4864 997 4909 natus
1057 4867 1123 4907 ex
1193 4850 1359 4933 fratre
1411 4847 1660 4919 patruele
1715 4844 1873 4916 Cyri,

244 4954 609 5027 omniumque
646 4965 927 5008 consensu
975 4962 1202 5017 regnum
1235 4945 1281 4999 ei
1312 4946 1552 5000 delatum
1581 4960 1594 4997 :
1626 4942 1879 5013 regnavit.

243 5069 428 5111 annos
454 5069 550 5107 sex
580 5059 638 5105 et
672 5048 919 5116 triginta.
957 5045 1053 5099 llic
1092 5051 1221 5098 ante
1252 5042 1675 5111 quadriennium
1707 5054 1870 5109 quam

247 5148 575 5211 decederet,
611 5142 756 5213 apud
798 5122 1173 5195 Marathoniam
1211 5136 1467 5207 pugnavit
1510 5133 1881 5191 celeberrimo

248 5240 469 5298 Graecis
492 5216 872 5303 Romanisque
904 5229 1146 5287 historiis
1172 5228 1387 5299 praelio.
1430 5227 1486 5282 1d
1510 5237 1724 5298 gestum
1754 5238 1885 5295 post.

253 5335 491 5389 Romam
548 5327 829 5386 coaditam
885 5340 1026 5379 anno
1070 5324 1180 5377 fere
1227 5320 1610 5376 ducentesimo
1635 5330 1691 5376 et
1717 5334 1880 5375 sexa-

251 5430 497 5501 gesimo,
533 5408 813 5479 Macerino
866 5422 920 5474 et
965 5416 1250 5501 Augurino
1275 5414 1619 5478 consulibus,
1680 5412 1885 5468 abhinc

256 5536 464 5585 annos,
507 5520 552 5573 si
587 5529 770 5571 tamen
816 5510 1162 5581 investigatio
1194 5509 1564 5564 Romanorum
1590 5508 1883 5563 consulum

256 5631 376 5671 n03!
410 5615 628 5679 fefellit,
662 5627 713 5665 ιε)
753 5624 849 5664 ccc
882 5624 1026 5663 Lxxx
1060 5615 1114 5660 et
1160 5620 1298 5661 vui:
1333 5620 1495 5661 omne
1549 5607 1696 5660 enim
1745 5615 1887 5658 tem-

264 5723 375 5780 pus
421 5708 475 5763 in
532 5709 850 5764 Stiliconem
907 5700 1188 5758 consulem
1240 5698 1438 5756 direxi.
1492 5700 1624 5755 Post
1668 5699 1889 5754 Darium

268 5786 487 5858 Xerxes
559 5802 699 5867 luit,
764 5800 915 5868 isque
982 5809 1152 5851 unum
1209 5801 1265 5849 et
1318 5792 1507 5864 viginti
1569 5808 1745 5848 annos
1799 5806 1891 5847 re.

1978 4671 2163 4725 ruinis
2209 4671 2398 4738 jacere
2432 4668 2672 4739 patriam
2703 4712 2717 4735 ,
2754 4671 2882 4725 totis
2910 4672 3162 4728 sensibus
3182 4675 3548 4731 conturbatus
3576 4717 3591 4741 ,

1984 4778 2115 4817 cum
2163 4765 2371 4833 gemitu
2417 4762 2709 4832 multisque
2759 4764 3016 4836 lacrymis
3067 4781 3259 4823 orasse
3302 4769 3371 4822 ad
3418 4767 3590 4825 Dmm

1991 4855 2255 4922 traditur,
2309 4854 2509 4910 delicta
2552 4855 2736 4925 gentis
2782 4871 2893 4911 sua:
2934 4869 3238 4927 reputans,
3289 4862 3602 4919 miseriwr-

1988 4949 2257 5019 diamque
2299 4950 2543 5004 divinam
2587 4949 2913 5021 efﬂagitans.
2961 4952 3130 5023 Igitur
3163 4968 3293 5011 cum
3338 4960 3463 5011 "eum
3504 4970 3599 5015 rex

1992 5044 2145 5099 inter
2175 5044 2373 5112 epulas
2396 5051 2651 5099 uitestum
2677 5055 2827 5100 extra
2852 5043 3073 5101 solitum
3099 5050 3604 5122 animadvertisset,

1994 5135 2257 5207 poposcit
2305 5135 2377 5191 ab
2430 5152 2497 5192 eo
2549 5152 2797 5193 causam
2827 5138 3079 5195 dolormn
3132 5152 3200 5197 ‘nt
3250 5158 3600 5215 exponeret;

1994 5238 2113 5285 tum
2171 5230 2260 5285 ille
2314 5230 2545 5286 adversa
2595 5234 2773 5302 gentis
2824 5250 2938 5289 sua:
2994 5247 3048 5290 et
3106 5238 3318 5293 ruinam
3368 5242 3605 5299 civitatis

1996 5325 2203 5382 deﬂere
2228 5366 2243 5390 ,
2276 5340 2398 5395 qum
2436 5326 2548 5396 jam
2581 5344 2677 5397 per
2704 5344 2878 5384 annos
2910 5329 3023 5387 fere
3066 5332 3334 5389 ducemus
3362 5349 3417 5391 et
3447 5337 3606 5406 quin-

2000 5418 2259 5489 quaginta
2291 5420 2411 5474 solo
2448 5424 2952 5484 strata.malorutn
2998 5428 3399 5495 testiinonium,
3449 5443 3606 5496 spec-

2005 5514 2247 5567 taculum
2312 5513 2549 5569 inimicis
2611 5519 2882 5586 prmbcret
2923 5537 2934 5571 :
2983 5520 3137 5575 daret
3187 5522 3291 5575 sibi
3342 5524 3502 5575 eundi
3549 5534 3612 5580 et

2008 5606 2363 5663 restituendae
2389 5610 2507 5678 ejus
2540 5619 2891 5680 potestatem.
2934 5614 3125 5667 ‘l‘arnit
3166 5628 3257 5668 rex
3292 5616 3607 5683 piispredi~

2008 5699 2131 5765 bus,
2163 5700 2460 5771 statimque
2488 5719 2612 5756 cum
2645 5704 3351 5775 cum»pr:e.~idio-equitum,
3372 5714 3494 5778 ‘q‘u‘o
3518 5720 3615 5768 Ιιιι--

2010 5797 2118 5850 tius
2143 5796 2246 5850 iter
2267 5805 2471 5866 ageret,
2506 5796 2733 5864 dimisit,
2759 5798 2901 5854 datis
2928 5798 2995 5852 ad
3016 5798 3607 5878 'prwtoresepistolis‘,
