4106 6344
576 300 696 360 ’135

1912 276 2204 339 SULPICII
2242 272 2497 335 SEVERI

3797 257 3895 317 1'56

587 429 650 475 ut
671 412 983 473 necessaria
1008 409 1344 484 praeberent.
1374 404 1425 463 Is
1447 417 1569 462 cum
1604 399 2041 472 Hierosolymam
2074 410 2197 467 per-
2224 396 2276 457 Α
2304 393 2447 448 tribu
2476 387 2785 461 Benjamin,
2818 395 3048 457 utroque
3078 385 3309 455 parente
3336 378 3469 436 orba
3498 389 3529 433 a
3558 374 3900 433 Mardochzco

590 512 856 571 venisset,
883 506 1091 563 viritim
1114 502 1315 577 populo
1340 516 1478 571 Opus
1500 498 1653 554 urbis
1673 493 1978 557 distribuit;
2003 501 2053 545 et
2078 504 2196 544 cer-

587 603 911 673 tatimjussa
934 616 1129 656 omnes
1153 594 1682 664 curabant,jamqne
1709 589 1774 643 ad
1809 586 2049 642 tut-dium
2082 598 2196 637 ma-

587 698 768 755 chinm
800 701 1364 767 processerant,cum,
1394 690 1656 758 flagrante
1689 681 1887 737 invidia
1917 679 2158 750 gentium
2179 718 2193 743 ,

587 791 787 848 vicinae
803 790 966 845 urbes
982 786 1302 858 conspirant
1321 797 1488 854 opera
1510 780 1932 847 interrumpere,
1948 771 2198 828 Judzeos-

588 901 700 960 que
721 885 790 942 ab
812 880 1134 939 aedificando
1154 880 1457 935 deterrere.
1484 872 1594 931 Sed
1620 871 1895 935 Neemias,
1919 863 2197 936 dispositis

593 980 886 1037 adversum
920 976 1265 1032 incursantes
1286 967 1583 1042 prasidiis,
1608 963 1743 1047 nihil
1765 961 1987 1017 territus
2017 966 2195 1028 empta

592 1072 879 1146 explicuit,
903 1076 1390 1136 consummatoqne
1423 1077 1595 1126 muro,
1629 1068 1686 1115 et
1712 1054 1885 1111 valvis
1916 1063 2196 1124 portarum

594 1167 873 1241 perfectis,
905 1180 1002 1236 per
1026 1161 1258 1219 familias
1280 1154 1667 1215 construendis
1691 1151 1922 1208 interius
1944 1146 2200 1204 domibus

593 1264 787 1321 urbem
828 1261 1111 1321 dimensus
1154 1266 1261 1324 est,
1300 1252 1626 1324 censuitque
1670 1249 1928 1321 populum
1973 1244 2198 1299 minime

592 1359 717 1416 urbi
747 1371 936 1429 parem
961 1373 975 1408 :
1010 1368 1187 1424 neque
1212 1350 1357 1407 enim
1384 1348 1617 1419 amplius
1644 1360 1804 1415 quam
1834 1341 1899 1396 ad
1925 1340 2195 1411 quinqua-

590 1452 739 1526 ginta
773 1450 941 1506 millia
976 1446 1273 1519 promiscui
1307 1457 1472 1499 sexus
1508 1452 1671 1511 atque
1698 1435 1909 1494 ordinis
1940 1440 2157 1503 reperta
2182 1470 2195 1495 ,

591 1522 800 1602 tantum
831 1558 898 1599 ex
938 1542 1033 1597 illo
1064 1537 1337 1612 quondam
1365 1535 1591 1592 immani
1626 1546 1856 1587 numero
1898 1522 2198 1596 frequenti-

590 1641 697 1699 bus
717 1638 878 1697 bellis
897 1640 1269 1707 absumptum,
1292 1644 1385 1689 aut
1402 1631 1719 1703 captivitate
1736 1627 2047 1683 detentum:
2072 1637 2197 1677 nam

586 1732 719 1791 olim
746 1733 829 1788 ha:
856 1732 977 1787 duae
1003 1731 1201 1795 tribus,
1227 1742 1455 1799 quarum
1482 1728 1588 1779 hoc
1614 1722 1892 1779 residuum
1923 1718 2043 1784 fuit,
2073 1731 2196 1771 cum

2303 484 2548 557 patruele
2576 482 2748 538 fratre
2775 479 2992 536 educta.
3024 478 3200 547 Quum
3228 474 3294 530 ad
3321 473 3531 544 regales
3561 469 3778 542 nuptias
3806 470 3901 525 du-

2297 588 2539 643 ceretur,
2565 575 2856 632 mandante
2878 572 3170 629 educatore
3189 582 3360 640 genus
3381 582 3445 623 ac
3466 566 3698 635 patriam
3722 564 3901 619 occul-

2302 675 2435 729 tavit
2464 691 2477 727 :
2512 670 2791 728 admonita
2826 684 2895 725 ne
2936 676 3286 738 paternarum
3314 660 3672 718 traditionnm
3711 661 3898 714 imme-

2302 784 2441 835 mor,
2470 768 2571 824 etsi
2601 767 2654 822 itt
2683 763 3096 821 matrimonium
3124 758 3449 829 alienigenae
3470 755 3688 827 captiva
3711 767 3900 810 succe-

2300 861 2479 927 deret,
2513 859 2755 932 gentium
2783 857 2925 914 cibis
2956 855 3326 928 participant.

2375 957 2514 1013 XIII.
2542 957 2711 1027 Igitur
2732 956 2922 1025 juncta
2953 953 3089 1025 regi,
3121 952 3295 1015 brevi,
3323 958 3383 1005 ut
3413 948 3495 1018 ﬁt,
3526 948 3579 1004 vi
3607 944 3903 1019 pulchritu-

2301 1050 2448 1107 dinis
2472 1059 2645 1105 totum
2675 1047 2797 1118 ejus
2824 1048 3065 1103 animum
3101 1045 3259 1101 facile
3287 1041 3433 1114 cepit
3468 1060 3480 1095 :
3530 1041 3670 1097 adeo
3700 1047 3758 1093 nt
3785 1053 3902 1094 eam

2302 1151 2569 1215 aequatam
2620 1141 2890 1213 imperio,
2944 1138 3147 1211 insigni
3197 1138 3379 1209 regio,
3429 1143 3581 1191 reste
3632 1147 3903 1204 purpurea

2302 1238 2551 1293 donaret.
2580 1236 2695 1305 Qua
2723 1243 3050 1305 tempestate
3070 1233 3439 1288 Mardochaeus
3461 1231 3602 1285 inter
3630 1227 3905 1299 proximos

2305 1333 2450 1404 regis
2500 1339 2653 1397 erat,
2698 1343 2799 1401 pro
2827 1328 2972 1383 virili
3014 1328 3269 1398 portione
3301 1325 3643 1395 negotiorum
3679 1319 3906 1376 familia-

2306 1427 2445 1480 rium
2485 1433 2725 1479 curator.
2778 1420 2829 1477 Is
2874 1422 3209 1489 compositas
3246 1435 3274 1472 a
3319 1418 3531 1473 duobus
3572 1414 3905 1487 spadonibus

2305 1520 2415 1590 regi
2449 1517 2675 1573 insidias
2708 1514 3029 1587 prodiderat
3062 1531 3075 1568 :
3108 1524 3271 1585 atque
3298 1528 3365 1568 ex
3390 1527 3457 1566 eo
3485 1510 3733 1577 eharior,
3763 1525 3906 1565 sum-

2305 1616 2517 1685 misque
2547 1612 2848 1669 honoribus
2876 1613 3131 1667 donatus.
3176 1610 3307 1665 Erat
3338 1626 3401 1665 ea
3434 1616 3764 1680 tempestate
3795 1606 3905 1676 regi

2306 1712 2480 1764 Aman
2534 1706 2752 1779 quidam
2803 1704 3212 1777 perfamiliaris,
3271 1719 3433 1771 quem
3484 1712 3760 1774 aequatum
3807 1700 3906 1756 sibi

591 1826 661 1881 ab
690 1824 775 1881 his
803 1825 995 1880 decem
1025 1821 1199 1876 tribus
1221 1829 1490 1891 separatae
1518 1825 1678 1882 sunt,
1709 1829 1805 1871 ccc
1834 1824 1889 1868 et
1920 1826 1990 1867 xx
2021 1809 2189 1865 millia
2222 1804 2270 1866 B
2297 1802 2512 1857 adorari
2570 1816 2722 1857 more
2781 1816 2968 1871 regum
3014 1806 3373 1870 prmceperat.
3424 1796 3480 1851 Id
3532 1794 3908 1851 Mardocha'us

601 1919 844 1975 virorum
874 1926 1226 1974 armaverant
1260 1933 1274 1969 :
1308 1930 1338 1969 a
1370 1914 1485 1969 Deo
1521 1911 1593 1966 ob
1633 1918 1919 1980 peccatum
1952 1906 2199 1960 interne-

600 2014 746 2070 cioni
774 2024 829 2070 et
857 2012 1159 2083 captivitati
1187 2010 1363 2074 data},
1396 2006 1463 2063 ad
1494 2005 1637 2062 hanc
1667 2017 1840 2075 usque
1867 2000 2197 2072 paucitatem

595 2109 952 2193 devenerant.
980 2105 1089 2163 Sed
1116 2105 1251 2171 haec,
1270 2111 1328 2158 ut
1355 2101 1493 2163 dixi.
1525 2099 1680 2170 plebs
1701 2097 1927 2152 duarum
1958 2092 2196 2148 tribuum

589 2204 697 2261 fuit
727 2220 742 2259 :
774 2185 966 2260 decem
999 2216 1131 2258 vero
1163 2200 1317 2270 prius
1340 2196 1540 2259 ductae,
1575 2210 1669 2263 per
1698 2192 1954 2254 Parthos,
1987 2185 2195 2254 Medos,

526 2296 531 2299 ‘
592 2295 757 2352 Indos
787 2305 951 2365 atque
978 2291 1275 2361 :Ethiopas
1303 2289 1571 2357 dispersae
1614 2300 1909 2356 numquam
1939 2282 1991 2337 itt
2020 2279 2196 2336 solum

591 2389 831 2460 patrium
877 2396 1007 2442 sunt
1044 2397 1345 2456 regressze;
1380 2380 1650 2451 hodieque
1682 2379 2039 2433 barbararum
2066 2388 2201 2445 gen-

594 2483 732 2537 tium
763 2479 1011 2552 imperiis
1050 2476 1425 2533 continentur.
1460 2473 1569 2530 Sed
1601 2471 2004 2527 consummatio
2042 2464 2200 2522 resti-

595 2582 724 2630 tuta:
749 2572 902 2628 urbis
923 2587 1039 2626 xxx
1060 2582 1116 2627 et
1140 2586 1173 2625 lt
1198 2565 1409 2639 imperii
1432 2565 1752 2622 Artaxerxis
1775 2576 1917 2618 anno
1939 2561 2192 2617 refertur:

592 2680 625 2721 a
656 2681 767 2739 quo
804 2674 1055 2736 tempore
1094 2678 1267 2733 usque
1296 2660 1364 2717 ad
1395 2658 1598 2716 Christi
1622 2672 1868 2724 crucem,
1899 2655 1951 2710 id
1980 2663 2064 2710 est
2094 2652 2199 2707 Fu-

592 2760 737 2816 sium
765 2757 1054 2815 Geminum
1083 2766 1139 2811 et
1170 2751 1484 2809 Rubellium
1526 2748 1815 2814 consules,
1858 2746 1982 2800 anni
2031 2759 2197 2800 cccxc

595 2864 652 2912 et
683 2869 800 2909 vni.
824 2850 1098 2909 Cmterum
1121 2866 1149 2903 a
1175 2848 1527 2905 reStitutione
1549 2845 1737 2917 templi
1762 2858 1933 2914 usque
1963 2842 2015 2896 in
2043 2855 2200 2896 ever-

594 2949 831 3017 sionem,
880 2962 1000 3019 quae
1042 2945 1143 3002 sub
1190 2942 1527 3014 Vespasiano
1568 2938 1797 2996 consule
1833 2942 2064 3009 augusto
2102 2948 2199 3005 per

595 3041 777 3099 Titum
810 3039 1083 3096 Cresarem
1112 3042 1491 3093 consummata
1522 3041 1630 3099 est,
1662 3032 1787 3087 anni
1812 3044 1943 3087 cccc
1974 3043 2114 3083 Lxxx
2144 3034 2199 3081 et

593 3150 675 3193 tu.
709 3133 1038 3190 Praedictum
1071 3130 1126 3187 id
1151 3132 1281 3186 olim
1310 3137 1396 3185 est
1425 3143 1456 3184 a
1486 3126 1742 3192 Daniele,
1775 3123 1864 3195 qui
1893 3123 1963 3179 ab
1992 3123 2198 3175 instau-

2305 1913 2443 1953 nnus
2470 1913 2538 1953 ex
2574 1896 2827 1952 omnibus
2858 1894 3039 1951 facere
3066 1893 3369 1959 fastidiens,
3403 1892 3527 1947 odia
3552 1890 3738 1945 Persae
3768 1888 3821 1945 in
3850 1903 3907 1944 se

2302 1993 2540 2059 graviter
2572 1989 2919 2046 accenderat.
2965 1988 3131 2059 Igitur
3159 1986 3335 2041 Aman
3367 1984 3431 2038 ad
3464 1983 3766 2052 perniciem
3808 1981 3907 2037 He-

2305 2086 2437 2141 braei
2469 2084 2707 2140 animum
2738 2081 3067 2145 intendens,
3110 2095 3293 2151 regem
3326 2078 3478 2144 adit;
3521 2077 3903 2146 affirmatque,

2302 2194 2425 2235 csse
2451 2179 2505 2234 itt
2536 2192 2706 2249 regno
2737 2176 2855 2246 ejus
2892 2176 3173 2230 hominum
3213 2186 3389 2244 genus
3424 2170 3606 2242 pravis
3644 2168 3907 2241 supr-rsti-

2303 2274 2543 2331 tionibus
2566 2273 2676 2328 Deo
2700 2270 3121 2341 hominibusque
3149 2268 3403 2334 invisum,
3428 2265 3675 2321 externis
3700 2262 3906 2335 legibus

2301 2371 2512 2436 vivens,
2562 2368 2784 2440 dignum
2833 2366 3001 2421 exitio
3047 2382 3059 2419 :
3101 2374 3309 2420 rectum
3353 2377 3477 2418 esse
3515 2376 3710 2417 ontnes
3751 2360 3905 2431 hujus

2299 2464 2479 2533 gentis
2503 2459 2867 2518 internecioni
2889 2459 3043 2525 dare,
3070 2472 3252 2528 exque
3275 2471 3465 2511 eorum
3490 2454 3653 2510 bouis
3677 2453 3907 2509 immen-

2302 2572 2391 2613 sas
2450 2571 2583 2627 opes
2643 2556 2957 2627 pollicetur.
3019 2551 3204 2607 Facile
3266 2548 3318 2605 id
3383 2549 3619 2605 barbaro
3681 2562 3905 2618 persua-

2300 2665 2457 2706 sum:
2491 2651 2729 2705 edictum
2755 2646 3047 2710 emittitur,
3068 2643 3287 2701 Judaros
3312 2641 3619 2705 necandos;
3647 2639 3905 2712 missique

2302 2745 2605 2809 continuo,
2655 2743 2747 2813 qui
2797 2757 2893 2813 per
2938 2757 3101 2797 omne
3148 2754 3376 2811 regnum
3418 2736 3489 2792 ab
3538 2735 3690 2792 ludia
3740 2749 3905 2807 usque

2302 2837 2641 2908 Ethiopiam
2691 2835 2930 2891 edictum
2978 2833 3408 2905 promulgarent.
3458 2829 3515 2886 Id
3557 2831 3651 2885 ubi
3699 2822 3906 2886 Mardo-

2301 2935 2457 2989 chaeo
2486 2940 2823 3004 compertum
2845 2974 2861 2999 ,
2910 2928 3210 2986 conscissis
3240 2926 3483 2982 vestibus
3526 2940 3687 2983 sacco
3729 2926 3909 2983 obvol-

2302 3029 2466 3095 vitur,
2500 3041 2939 3098 conspersusqne
2966 3025 3154 3081 cinere
3176 3022 3352 3093 pergit
3380 3022 3446 3076 ad
3472 3021 3702 3091 regiam,
3730 3022 3906 3092 ibique

2304 3122 2507 3192 ejulatu
2552 3121 2724 3176 multo
2764 3132 2960 3175 cuneta
2989 3116 3272 3190 questibus
3300 3115 3477 3186 replet
3516 3133 3528 3170 :
3564 3114 3803 3171 Facinus
3831 3114 3908 3170 in-

589 3228 805 3288 ratione
836 3228 1022 3299 templi
1057 3240 1227 3297 usque
1256 3223 1311 3277 in
1340 3222 1686 3279 eversionem
1718 3235 1785 3274 ιι
1816 3227 1873 3274 et
1904 3232 1961 3271 ιι
1994 3214 2197 3270 hebdo-
2221 3210 2267 3274 C
2302 3218 2523 3288 dignum
2546 3258 2561 3282 ,
2605 3214 2934 3269 immeritam
2985 3223 3201 3285 gentem
3248 3209 3429 3276 perire
3456 3251 3470 3275 ,
3518 3222 3697 3279 neque
3744 3208 3905 3263 ullam

593 3321 787 3380 madas
834 3324 1042 3378 futuras
1071 3315 1541 3390 pronuntiaverat.
1577 3312 1623 3369 A
1650 3314 1740 3369 die
1764 3320 1945 3367 autem
1974 3308 2199 3378 captivi-

594 3420 723 3474 tatis
751 3418 1065 3476 Judaaornm
1098 3432 1271 3487 usque
1302 3414 1354 3471 in
1401 3425 1617 3485 tempus
1650 3410 1920 3467 restituta:
1960 3402 2199 3461 civitatis

592 3513 817 3571 fuerunt
848 3515 976 3570 anni
1007 3527 1165 3569 ceu.

670 3605 785 3662 XII.
827 3605 942 3663 Hoc
990 3616 1297 3677 temporum
1346 3609 1523 3658 tractu
1567 3597 1767 3655 Esther
1806 3604 1971 3664 atque
2013 3589 2198 3648 Judith

590 3702 762 3760 fuisse
812 3702 1185 3765 arbitramur;
1244 3714 1471 3772 quarum
1518 3695 1743 3768 quidem
1795 3702 1950 3748 actus
2004 3687 2200 3760 quibus

592 3798 941 3870 potissimum
965 3795 1190 3869 regibus
1215 3803 1562 3857 connectam,
1589 3806 1696 3844 non
1727 3785 1885 3842 tacite
1908 3795 2203 3855 perspexe-

593 3893 699 3948 rim
732 3908 747 3947 :
782 3906 907 3946 nam
929 3906 1053 3947 cum
1083 3886 1282 3944 Esther
1313 3887 1418 3941 sub
1444 3884 1748 3941 Artaxerxe
1777 3892 1904 3949 rege
1930 3875 2203 3931 referatur

590 3984 783 4057 (porro
820 3983 961 4040 duos
1004 3982 1167 4053 hujus
1206 3979 1450 4036 nominis
1495 3977 1789 4032 Persarum
1830 3986 1989 4042 reges
2033 3967 2203 4024 fuisse

596 4076 834 4151 reperi),
861 4078 1030 4134 multa
1059 4077 1340 4133 cunctatio
1368 4083 1453 4130 est
1478 4114 1495 4142 ,
1526 4070 1685 4142 cujus
1715 4069 1833 4124 ha‘c
1866 4063 2205 4136 temporibus

596 4171 934 4243 applicetur;
963 4170 1094 4226 mihi
1114 4179 1295 4226 tamen
1320 4166 1493 4223 visum
1520 4173 1604 4220 est
1631 4161 1759 4217 huic
1785 4158 2079 4217 Artaxerxi
2102 4158 2203 4212 sub

595 4281 705 4339 quo
726 4264 1104 4337 Hierosolyma
1127 4273 1213 4319 est
1238 4262 1516 4326 restituta,
1541 4255 1742 4312 Esther
1765 4253 2049 4309 historiam
2073 4266 2204 4305 con-

593 4371 820 4418 nectere
860 4359 1030 4430 :quia
1060 4373 1169 4414 non
1218 4358 1278 4411 tit
1317 4352 1619 4411 verisimile
1662 4361 1721 4406 ut
1746 4392 1760 4417 ,
1802 4348 1848 4404 si
1886 4348 1988 4404 sub
2022 4347 2205 4417 priore

596 4453 905 4511 Artaxerxe
935 4452 1164 4517 fuisset,
1197 4449 1358 4519 cujus
1389 4456 1710 4517 tempora...
1738 4441 2055 4512 complexus
2082 4448 2166 4496 est
2187 4479 2202 4505 ,

599 4547 809 4605 nullam
849 4553 958 4600 tam
1000 4543 1233 4598 illustris
1264 4540 1485 4597 femina:
1512 4536 1852 4591 mentionem
1884 4532 2199 4596 retulisset;

2304 3307 2569 3380 pereundi
2597 3322 2817 3363 causam
2850 3305 2991 3361 dari.
3027 3305 3228 3362 Esther
3260 3303 3615 3361 lamentantis
3645 3316 3783 3357 voce
3818 3316 3904 3356 ex-

2303 3404 2433 3467 cita,
2461 3419 2601 3469 rem,
2633 3412 2689 3457 ut
2720 3410 2863 3466 erat,
2892 3402 3209 3472 cognoscit;
3243 3411 3356 3455 tum
3386 3412 3517 3453 vero
3543 3411 3751 3463 anceps
3781 3409 3908 3450 con-

2302 3499 2436 3564 silii,
2469 3500 2593 3568 quia
2621 3496 2855 3553 adeundi
2887 3512 3073 3567 regem
3102 3505 3343 3567 potestas
3376 3507 3480 3548 non
3515 3498 3635 3548 erat
3662 3507 3674 3542 :
3705 3488 3905 3545 etenim

2304 3610 2457 3651 more
2478 3594 2772 3651 Persarum
2798 3594 3001 3665 regina:
3024 3591 3254 3647 introire
3275 3589 3342 3645 ad
3367 3604 3577 3660 regem,
3602 3587 3705 3641 nisi
3727 3600 3910 3641 accer-

2303 3691 2444 3757 sitze,
2475 3704 2582 3744 non
2616 3689 2747 3745 licet
2780 3703 2795 3740 :
2830 3702 2931 3743 nec
2960 3694 3143 3742 tamen
3171 3701 3293 3741 cum
3321 3682 3486 3738 fuerit
3513 3680 3627 3751 regi
3656 3679 3904 3741 libitum,

2304 3782 2402 3838 sed
2449 3792 2655 3838 statuto
2706 3792 2951 3851 tempore
2996 3780 3336 3846 admittitur;
3392 3786 3446 3833 et
3487 3774 3630 3830 forte
3675 3782 3791 3829 tum
3837 3772 3905 3828 ita

2305 3885 2602 3943 evenerat,
2650 3886 2709 3930 ut
2755 3875 2951 3930 diebus
2996 3876 3217 3945 triginta
3263 3870 3528 3942 proximis
3577 3875 3830 3939 separata
3876 3878 3905 3919 a

2306 3981 2603 4043 conspectu
2641 3971 2788 4043 regis
2824 3969 3021 4025 Esther
3051 3969 3366 4024 haberetur.
3403 3964 3568 4037 Igitur
3598 3961 3905 4019 audendum

2305 4064 2513 4135 aliquid
2547 4079 2647 4136 pro
2674 4065 2887 4119 civibus
2928 4075 3069 4130 rata,
3117 4063 3218 4118 etsi
3269 4070 3419 4116 certa
3459 4059 3633 4130 pestis
3664 4057 3905 4122 adesset,

2308 4159 2534 4232 pulchro
2562 4160 2613 4215 itt
2649 4159 2867 4230 negotio
2893 4157 3223 4214 occumbere
3250 4166 3403 4227 parat
3437 4174 3449 4210 :
3485 4156 3744 4210 invocato
3767 4151 3908 4223 prius

2308 4255 2540 4311 Domino
2562 4254 2743 4309 aulam
2772 4254 2916 4327 regis
2947 4252 3269 4325 ingreditur.
3297 4252 3363 4305 At
3389 4248 3657 4304 barbarus
3682 4264 3743 4304 re
3768 4250 3909 4302 insu-

2302 4349 2398 4405 lita
2436 4350 2751 4422 perculsus,
2786 4348 3043 4420 paulatim
3083 4345 3461 4402 blandimento
3491 4342 3750 4399 muliebri
3783 4340 3912 4397 deli-

2311 4444 2461 4499 nitus
2481 4486 2494 4510 ,
2532 4453 2807 4512 postremo
2836 4442 2902 4497 ad
2932 4455 3145 4497 caenam
3175 4439 3376 4510 regina:
3407 4436 3750 4509 perducitur,
3781 4450 3910 4489 una-

2306 4551 2415 4607 qne
2446 4552 2572 4590 cum
2611 4535 2710 4591 illo
2743 4539 2914 4590 Aman
2954 4534 3046 4590 ille
3082 4533 3195 4605 regi
3223 4531 3423 4589 chartis
3451 4539 3505 4586 et
3530 4529 3739 4586 .lnda'ae
3768 4526 3912 4600 genti

599 4640 836 4696 maxime
856 4652 979 4693 cum
1005 4636 1074 4691 ab
1097 4634 1191 4703 illo
1218 4635 1529 4689 Artaxerxe
1552 4628 1836 4683 inhibitam
1861 4626 2044 4697 templi
2068 4624 2198 4679 πωπ-
2230 4610 2285 4672 Ῑ)
2311 4627 2565 4684 infestus.
2613 4627 2779 4700 Igitur
2807 4642 2928 4682 cum
2952 4626 3065 4698 jam
3095 4636 3215 4697 post
3250 4624 3440 4695 epulas
3481 4624 3675 4679 multis
3706 4621 3915 4691 poculis

598 4732 935 4796 Iieationem,
964 4730 1109 4785 sicut
1139 4743 1305 4796 supra
1336 4720 1788 4786 memoravimus,
1819 4728 2036 4774 constet
2066 4737 2078 4771 :
2113 4733 2208 4774 ne-

598 4840 709 4899 que
732 4823 932 4881 Esther
962 4838 1189 4892 passura
1222 4821 1387 4877 fuerit
1420 4830 1554 4885 tum,
1584 4816 1630 4873 si
1662 4816 1714 4871 in
1749 4816 1902 4870 illius
1924 4813 2209 4870 matrimo-

596 4919 693 4977 nio
750 4929 864 4974 tum
911 4916 1147 4983 fuisset;
1204 4929 1349 4971 nunc
1403 4921 1557 4985 gesta
1609 4911 1931 4967 edisseram.
1986 4910 2114 4965 Erat
2143 4923 2206 4965 ea

597 5019 927 5082 tempestate
948 5009 1059 5080 regi
1088 5008 1143 5065 in
1168 5006 1519 5063 matrimonio
1545 5005 1726 5059 Vastis
1751 5004 2024 5076 quoniam,
2054 5004 2206 5058 mirae

597 5108 803 5166 femina
836 5104 1258 5178 pulchritudinis
1290 5125 1304 5161 :
1337 5103 1494 5175 cujus
1528 5117 1650 5158 cum
1684 5101 1913 5157 formam
1956 5100 2210 5156 omnibus

597 5202 953 5276 praedicaret,
990 5200 1078 5257 die
1118 5198 1524 5273 quodam'cum
1574 5198 1851 5270 publicum
1897 5197 2204 5253 convivium

598 5296 789 5359 dabat.
816 5295 1012 5351 adesse
1042 5294 1291 5365 reginam
1317 5291 1760 5349 demonstrandae
1790 5290 2207 5361 pulchritudinis

595 5391 831 5464 gratiam
853 5389 1025 5457 jubet.
1048 5388 1142 5445 Illa
1165 5404 1297 5445 vero
1318 5389 1484 5443 stulto
1500 5403 1627 5459 rege
1645 5384 1971 5449 consultior,
1996 5384 2207 5454 pudens

595 5483 842 5540 virorum
875 5482 1051 5538 oculis
1081 5481 1449 5554 spectaculum
1478 5480 1725 5551 corporis
1755 5481 2023 5551 praebere,
2051 5479 2203 5547 jussa

596 5576 827 5642 abnuit;
858 5590 964 5645 qua
1006 5574 1339 5631 contumelia
1377 5574 1648 5630 barbarus
1674 5578 1892 5627 animus
1922 5579 2204 5642 permotus

591 5688 821 5732 uxorem
850 5672 1203 5729 matrimonio
1229 5688 1294 5728 ac
1321 5671 1468 5743 regia
1500 5670 1749 5742 depellit.
1793 5669 1962 5739 Igitur
1988 5681 2110 5722 cum
2145 5664 2199 5719 in

590 5766 772 5826 locum
794 5767 915 5839 ejus
934 5767 1109 5839 puella
1140 5766 1286 5839 regis
1308 5765 1565 5838 conjugio
1586 5770 1956 5835 quaereretur,
1982 5766 2198 5830 reperta

586 5873 675 5921 est
723 5862 919 5920 Esther
967 5873 1197 5923 exteras
1236 5863 1421 5935 specie
1471 5862 1736 5919 vincere:
1767 5859 1886 5915 haec
1911 5855 2097 5912 Iudaea
2131 5870 2200 5913 ex

2316 4722 2629 4778 convivium
2676 4721 2861 4778 calere
2898 4723 3194 4789 cmpissct,
3247 4718 3444 4773 Esther
3489 4719 3721 4789 genibus
3770 4717 3912 4788 regis

2311 4815 2655 4884 advolvitur,
2705 4817 2882 4887 gentis
2923 4829 3037 4869 suae
3078 4812 3370 4885 perniciem
3402 4811 3757 4880 deprecatur.
3802 4809 3913 4864 Rex

2311 4928 2445 4974 vero
2468 4912 2599 4968 nihil
2623 4928 2681 4969 se
2706 4913 2930 4984 petenti,
2954 4910 3003 4965 si
3024 4908 3148 4981 quid
3176 4907 3311 4962 ultra
3335 4915 3564 4979 peteret,
3593 4914 3911 4977 negaturum

2313 5009 2624 5081 pollicetur.
2673 5008 2810 5065 Tttm
2865 5006 3062 5063 Esther
3101 5013 3322 5072 arrepto
3369 5012 3637 5071 tempore,
3694 4999 3914 5057 Amanis

2314 5109 2547 5158 mortem
2581 5102 2787 5171 ﬂagitat
2834 5101 2885 5154 in
2929 5098 3193 5153 ultionem
3234 5095 3411 5166 gentis
3446 5109 3611 5164 quam
3646 5093 3914 5165 perditam

2308 5199 2575 5267 cupierat.
2612 5197 2720 5254 Sed
2750 5210 2843 5252 rex
2873 5192 3032 5249 amici
3062 5206 3274 5246 memor
3301 5190 3579 5261 paulisper
3599 5199 3913 5254 cunctatur,

2309 5291 2767 5363 deliberanilique
2835 5287 3006 5360 gratia
3062 5285 3333 5341 modicum
3396 5287 3651 5342 secessit.
3710 5284 3917 5343 Deinde

2309 5401 2597 5455 regressus
2639 5385 2771 5439 vidit
2810 5382 2983 5437 Aman
3032 5378 3234 5450 regina:
3280 5393 3455 5451 genua
3503 5378 3856 5446 complexum
3899 5393 3913 5432 :

2306 5497 2604 5539 succensus
2660 5480 2779 5542 ira,
2827 5487 2882 5533 et
2935 5475 3232 5547 appetitam
3287 5474 3531 5543 reginam
3582 5475 3914 5541 clamitans,

2308 5588 2487 5631 morte
2515 5590 2638 5630 eum
2663 5570 2810 5628 afﬁci
2833 5569 3008 5641 jubet.
3043 5568 3112 5623 Et
3134 5579 3246 5623 tum
3275 5571 3387 5639 regi
3412 5578 3756 5638 compertum
3782 5577 3916 5632 erat,

2306 5682 2521 5739 ptenam
2553 5665 2734 5723 crucis
2778 5678 2873 5735 per
2910 5663 3081 5718 Aman
3129 5660 3474 5717 Mardochazo
3514 5670 3765 5731 paratam
3800 5680 3815 5716 :
3849 5660 3916 5716 ita

2304 5759 2479 5815 Aman
2523 5761 2700 5816 eidem
2750 5754 2900 5812 cruci
2943 5753 3219 5826 al’ligitur,
3270 5756 3567 5826 omniaque
3608 5755 3757 5811 bona
3806 5756 3918 5827 ejus

2306 5851 2654 5910 Mardocltaeo
2675 5853 2824 5922 data,
2847 5848 3127 5920 Judaeique
3146 5856 3273 5903 sunt
3295 5849 3553 5906 absoluti.
3578 5848 3918 5908 Artaxerxes
