4106 6344
223 297 324 355 157

1469 321 1797 385 llISTORlA
1834 320 2083 385 SACRA.
2126 325 2256 387 LIB.
2299 332 2363 391 ll.

3469 368 3570 430 l38

218 412 463 480 regnavit
496 430 693 477 annos
726 420 873 481 duos
900 432 955 483 et
983 429 1300 502 sexaginta,
1353 433 1640 511 eidemque
1679 442 1864 499 Ochus
1891 446 1943 505 A
1970 442 2037 497 ad
2088 446 2352 517 templum
2400 449 2712 524 frequentes
2761 472 3111 525 concurrunt.
3168 470 3245 530 lbi
3297 486 3575 542 communi

218 506 481 542 mar-naenia
2094 540 2102 542 “

216 506 509 564 successit.

288 596 430 655 XIV.
477 601 626 661 Huic
657 623 857 668 rerum
883 615 1061 673 ordini
1085 628 1234 676 recte
1259 621 1447 679 Jndith
1476 637 1634 682 actus
1659 644 1858 687 conse-

217 705 350 755 ram,
377 695 627 754 traditur
655 704 816 760 enim
843 696 966 778 post
988 713 1355 785 captivitatem
1387 718 1587 789 fuisse;
1616 725 1710 778 sed
1736 726 1859 794 quis

218 798 282 841 eo
329 799 592 859 tempore
638 794 843 857 Persis
874 809 1205 874 regnaverit,
1253 809 1489 868 historia
1531 814 1714 871 divina
1748 834 1857 875 non

218 878 383 935 edidit
413 899 429 937 :
466 900 669 957 regem
704 899 896 951 tamen
927 899 1027 954 sub
1055 917 1165 972 quo
1190 903 1283 958 illa
1311 917 1459 976 gesta
1500 909 1641 976 sint,
1670 911 1855 969 Nabu-

214 971 571 1037 ehodonosor
604 999 920 1060 nuncupat,
951 1009 1055 1049 non
1086 997 1273 1069 utique
1301 971 1427 1057 eum
1450 1006 1541 1074 qui
1570 971 1854 1079 Jerosoly-

212 1080 353 1121 mam
383 1075 640 1141 ceperit,
676 1078 781 1134 sed
815 1083 1021 1140 nullum
1048 1085 1151 1143 hoc
1180 1094 1402 1147 nomine
1426 1107 1547 1164 post
1569 1099 1858 1168 captivita-

212 1168 315 1216 tem
346 1165 497 1233 apud
535 1166 749 1226 Persas
781 1189 1044 1246 regnasse
1074 1184 1311 1253 reperio,
1346 1186 1451 1242 nisi
1494 1188 1540 1243 si
1581 1165 1651 1247 ob
1682 1192 1856 1262 impa~

215 1253 454 1311 tientiam
515 1268 577 1314 et
627 1265 845 1333 pariles
890 1280 1146 1342 conatus,
1197 1278 1527 1351 quicumque
1579 1283 1668 1338 ille
1722 1301 1851 1352 rex,

211 1343 746 1412 Nabuchodonosor
800 1374 829 1413 a
879 1360 1081 1419 Judaeis
1128 1343 1397 1425 vocitatus
1438 1343 1549 1429 est.
1597 1375 1854 1448 Plerique

212 1448 387 1498 tamen
417 1442 780 1520 Cambysem
805 1451 932 1526 Cyri
967 1459 1106 1529 regis
1131 1461 1298 1517 lilium
1326 1475 1514 1533 putant
1536 1483 1681 1536 esse,
1704 1442 1852 1541 quod

210 1536 380 1593 vietor
410 1537 736 1613 Egyptum
773 1557 937 1617 atque
957 1550 1296 1625 EthiOpiam
1320 1565 1691 1629 penetraverit
1711 1536 1736 1629 ;⁷
1754 1565 1849 1621 sed

213 1632 332 1689 huic
360 1637 635 1706 opinioni
664 1643 870 1700 eadem
901 1660 1055 1702 sacra
1094 1648 1325 1708 historia
1366 1667 1637 1728 repugnat
1670 1676 1683 1712 :
1724 1675 1848 1716 nam

209 1725 548 1785 duodecimo
592 1734 746 1805 regis
783 1737 929 1794 illius
958 1756 1103 1797 anno
1129 1742 1313 1800 Juditb
1349 1725 1529 1805 fuisse
1556 1751 1803 1821 signatur
1832 1771 1846 1808 :

210 1835 366 1891 porro
383 1821 713 1899 Cambyses
737 1845 850 1886 [1οη
874 1834 1009 1889 ultra
1029 1851 1221 1893 novem
1245 1854 1424 1895 annos
1447 1858 1628 1900 rerum
1651 1848 1850 1914 potitus
1880 1846 1930 1909 B
1958 1860 2116 1916 malis
2138 1864 2455 1931 emersisse,
2484 1882 2651 1923 secun

211 1922 308 1970 est.
345 1918 541 1985 Unde,
566 1924 615 1976 si
649 1923 708 1978 in
735 1924 969 1982 historia
998 1931 1209 2000 opinari
1238 1932 1386 2000 licet,
1416 1936 1518 1990 sub
1546 1939 1697 1993 Ocho
1720 1955 1849 2011 rege

210 2010 293 2079 qui
326 2026 456 2081 p05t
491 2016 873 2075 Artaxerxem
904 2025 1208 2081 secundum
1240 2027 1374 2094 fuit,
1407 2030 1520 2085 lucc
1547 2043 1699 2104 gesta
1728 2050 1847 2091 cre-

210 2100 439 2160 diderim
466 2125 483 2174 ;
514 2107 687 2178 idque
715 2113 804 2167 vel
834 2130 898 2169 ex
926 2115 1027 2172 hoc
1046 2120 1303 2189 conjicio,
1329 2124 1471 2194 quod
1499 2100 1638 2182 idem
1661 2129 1845 2187 Ochus

214 2195 300 2267 (nt
340 2200 395 2255 in
427 2206 815 2262 saecularibus
842 2211 1168 2279 quibusdam
1201 2214 1423 2286 scriptis
1452 2218 1555 2290 legi
1587 2218 1607 2291 )
1652 2233 1842 2280 natura

210 2286 435 2351 immitis
466 2298 832 2371 cupidusque
855 2302 1124 2361 bellorum
1151 2309 1385 2365 traditur
1412 2329 1424 2365 :
1455 2286 1665 2370 nam-et
1692 2334 1841 2375 arma

212 2380 460 2443 finitimis
484 2389 703 2460 intulit,
730 2404 788 2449 et
811 2393 1130 2469 Egyptuiii,
1153 2416 1274 2472 qua:
1295 2414 1424 2459 ante
1442 2406 1648 2463 multos
1668 2425 1842 2468 annos

211 2472 543 2549 deaciverat,
599 2472 755 2540 bello
802 2492 1167 2559 recuperavit.
1219 2494 1337 2561 Quo
1385 2508 1628 2569 tempore
1672 2502 1836 2559 etiam

212 2582 356 2627 sacra
399 2589 635 2642 eorum,
687 2586 748 2635 et
793 2582 932 2648 Apin
975 2585 1028 2638 in
1067 2585 1240 2642 Deum
1282 2601 1563 2662 receptum
1601 2594 1840 2654 irrisisse

212 2665 488 2724 traditur:
534 2671 693 2742 quod
739 2684 931 2744 postea
969 2676 1180 2750 Bagoas
1219 2683 1390 2751 spado
1432 2685 1572 2755 ejus,
1618 2690 1837 2747 natione

210 2754 545 2830 Egyptius,
605 2764 955 2834 indignatus,
1004 2776 1393 2831 contumeliam
1438 2780 1617 2848 gentis
1660 2791 1836 2841 morte

211 2854 350 2923 regis
378 2857 531 2912 ultus
558 2869 668 2914 est.
702 2860 951 2918 Meminit
979 2872 1163 2922 autem
1196 2868 1357 2940 hujus
1384 2871 1578 2944 Bagua:
1609 2875 1834 2933 historia

212 2944 397 3003 divina
428 2966 442 3003 :
480 2967 611 3007 nam
652 2967 783 3009 cuin
828 2954 1152 3015 Holofernes
1183 2962 1342 3031 jussu
1387 2970 1532 3037 regis
1570 2968 1832 3027 adversus

218 3036 439 3098 Iudaeos
460 3044 696 3101 duxerat
718 3049 1050 3118 exercitum,
1073 3051 1312 3124 Bagoam
1336 3057 1390 3112 in
1417 3058 1608 3115 iisdem
1635 3063 1832 3120 castris

212 3131 381 3193 fuisse
412 3142 754 3198 memoravit
782 3160 796 3196 :
826 3144 970 3201 unde
1007 3162 1114 3202 non
1150 3150 1426 3205 immerito
1459 3155 1510 3208 in
1541 3170 1832 3226 argumen-

211 3238 322 3287 tum
352 3246 561 3291 nostraa
590 3238 875 3309 opinionis
903 3240 1253 3311 adduxerim,
1286 3255 1345 3300 ut
1369 3263 1462 3302 rex
1499 3248 1614 3316 ille,
1647 3250 1828 3307 Nabu-

210 3325 561 3385 cliodonosor
620 3344 1014 3403 nuncupatus,
1068 3334 1251 3395 Ochus
1298 3339 1504 3409 fuerit,
1557 3344 1660 3400 sub
1714 3363 1823 3419 quo

210 3416 441 3491 Baguam
473 3423 650 3479 fuisse
679 3426 992 3483 mundiales
1020 3428 1265 3488 historici
1293 3436 1673 3505 prodiderunt.
1703 3416 1823 3496 Oie-

208 3522 378 3573 terum
427 3519 570 3576 illud
626 3521 841 3577 nemini
880 3524 1077 3581 mirum
1130 3541 1254 3583 esse
1307 3533 1625 3603 oportebit,
1675 3535 1819 3604 quod

138 3652 150 3663 .
206 3610 507 3681 scriptores
546 3615 901 3672 szecnlarium
958 3618 1269 3676 litterarum
1314 3624 1452 3679 nihil
1496 3642 1563 3681 ex
1593 3626 1675 3680 his
1697 3643 1820 3699 quae

206 3706 373 3761 sacris
398 3708 785 3765 voluminibus
813 3712 1011 3782 scripta
1043 3722 1191 3779 sunt,
1219 3717 1514 3788 attigerunt
1539 3735 1555 3785 ;
1586 3718 1682 3775 Dei
1709 3721 1821 3791 spl-

205 3797 310 3851 ritu
344 3802 711 3869 prazvalente,
761 3812 818 3857 ut
860 3805 1177 3862 intaminata
1216 3808 1286 3865 ab
1333 3826 1428 3866 ore
1472 3825 1734 3886 corrupto
1762 3822 1821 3869 et

203 3888 353 3946 falsis
376 3909 509 3949 vera
542 3896 842 3963 miscente,
874 3897 1013 3954 intra
1037 3916 1133 3956 sua
1157 3910 1365 3959 tantum
1394 3908 1657 3978 mysteria
1686 3923 1819 3963 con-

206 3985 473 4045 tineretur
503 3990 739 4046 hiStoria
767 4033 781 4056 ,
814 4007 936 4063 quae
965 4005 1215 4066 separata
1243 4012 1273 4053 a
1312 4001 1499 4055 mundi
1543 4002 1777 4073 negotiis
1796 4045 1813 4071 ,

204 4090 254 4136 et
280 4086 450 4140 sacris
480 4096 697 4142 tantum
722 4087 948 4145 vocibus
972 4090 1314 4160 proferenda,
1342 4098 1665 4164 permisceri
1689 4114 1815 4155 cum

206 4175 326 4231 aliis
348 4181 502 4234 velut
524 4181 729 4251 tequali
750 4192 899 4238 sorte
922 4198 1029 4239 non
1052 4185 1272 4254 debuit:
1293 4190 1499 4245 etenim
1523 4202 1644 4247 erat
1665 4191 1813 4248 indi-

202 4270 547 4341 gnissimum,
585 4284 646 4332 ut
674 4276 781 4332 alia
812 4280 1122 4350 agentibus,
1151 4291 1246 4338 aut
1270 4284 1375 4340 alia
1403 4288 1811 4357 quaerentibus,

204 4361 317 4422 btec
343 4384 568 4442 quoque
609 4388 736 4428 cum
769 4374 994 4443 reliquis
1023 4377 1409 4435 miscerentur.
1454 4381 1560 4438 Sed
1592 4397 1809 4454 pergam

203 4459 268 4515 ad
297 4474 518 4535 czetera,
549 4482 615 4522 ac
643 4482 742 4538 per
761 4464 945 4523 Judith
967 4480 1144 4542 gesta,
1172 4480 1230 4528 ut
1253 4482 1468 4544 potero,
1499 4477 1689 4546 paucis
1716 4476 1814 4532 ab-

203 4555 427 4614 solvam.

282 4649 395 4707 XV.
436 4652 610 4725 Igitur
654 4656 920 4724 reversis,
970 4666 1031 4713 ut
1076 4674 1239 4730 supra
1285 4664 1711 4720 memoravimus
1754 4666 1809 4722 in
1836 4650 1892 4711 D
1919 4676 2235 4732 tentandum
2271 4692 2424 4750 rata,
2468 4694 2634 4755 caput
2666 4685 2863 4755 comit,
2904 4690 3053 4746 vultu
3098 4709 3218 4766 exp.

203 4748 373 4803 solum
426 4751 667 4820 patrium
706 4748 934 4816 Judaris,
983 4753 1218 4808 necdum
1270 4757 1582 4826 composito
1628 4776 1809 4816 rermn

201 4850 295 4897 aut
322 4842 471 4898 urbis
496 4850 668 4907 statu,
719 4858 813 4898 rex
853 4843 1141 4901 Persarum
1179 4847 1350 4904 Medis
1388 4849 1593 4906 bellum
1625 4852 1807 4922 infert,

202 4943 358 5007 atque
378 4936 649 4991 adversus
671 4951 855 5006 regem
876 4953 1091 5006 eorum,
1111 4943 1402 5011 Arphaxad
1426 4946 1664 5013 nomine,
1693 4947 1809 5003 acie

201 5028 437 5102 conﬂigit
482 5047 498 5085 :
539 5029 786 5084 secundo
815 5041 1019 5087 eventu
1062 5045 1349 5105 perempto
1381 5053 1543 5109 rege,
1586 5049 1805 5110 gentem

204 5120 428 5196 imperio
475 5123 765 5195 adiungit;
814 5124 957 5180 idem
1000 5128 1227 5200 reliquis
1278 5131 1590 5187 nationibus
1640 5134 1803 5201 facit,

206 5218 488 5285 praemisso
519 5215 820 5272 Holoferne
843 5257 861 5285 ,
891 5233 1049 5282 quem
1080 5220 1386 5294 principem
1418 5223 1628 5279 militiae
1659 5225 1806 5282 dele-

204 5318 369 5377 gerat,
398 5324 524 5365 cum
550 5309 794 5365 millibus
821 5310 1061 5381 peditum
1087 5327 1305 5371 centum
1330 5329 1385 5373 et
1411 5318 1627 5388 viginti,
1656 5322 1808 5392 equi-

204 5406 315 5455 tum
344 5402 661 5457 duodecim.
712 5402 763 5459 Is
800 5403 993 5460 Cilicia
1040 5416 1095 5463 et
1134 5409 1335 5465 Arabia
1378 5410 1523 5468 bello
1558 5417 1805 5485 Vastatis,

207 5494 397 5550 multas
428 5497 599 5551 urbes
640 5497 827 5552 aut-vi
858 5501 1008 5571 capit
1054 5510 1150 5558 aut
1196 5516 1341 5560 metu
1381 5507 1435 5561 in
1473 5507 1806 5565 deditionem

206 5590 520 5659 compellit;
565 5590 791 5663 jamque
842 5593 1169 5653 Damascum
1223 5600 1477 5657 admotus
1529 5602 1811 5662 exercitus

210 5694 400 5751 magno
432 5681 658 5738 Judteos
696 5696 908 5742 terrore
944 5690 1253 5759 perculerat
1287 5709 1300 5746 :
1332 5692 1429 5749 sed
1469 5694 1705 5766 impares
1741 5699 1808 5754 ad

210 5774 597 5841 resistendum,
641 5792 819 5852 neque
848 5782 918 5837 ad
960 5783 1295 5843 deditionem
1335 5791 1810 5858 acquiescentibus

210 5870 424 5944 animis,
446 5874 696 5948 expertis
716 5877 917 5950 quippe
943 5896 1117 5953 usque
1136 5894 1265 5943 ante
1290 5888 1619 5959 captivitatis
1645 5893 1805 5965 mala,

652 5970 931 6041 Ρηιιοι..
975 5975 1127 6041 XX.

1964 540 2168 608 gemitu
2214 545 2598 619 permixtoque
2643 550 2849 610 ululatu
2882 554 3131 617 divinum
3171 570 3430 628 auxilium
3473 578 3574 632 im-

1963 631 2224 699 plorant:
2274 634 2420 693 Satis
2461 654 2521 697 se
2562 641 2792 701 Domino
2831 649 2901 705 ob
2943 665 3166 723 peccata
3210 662 3292 716 vel
3341 664 3571 723 crimina

1961 725 2180 785 dedisse
2217 746 2499 801 pmnarum
2537 755 2551 793 :
2586 740 2835 813 reliquiis
2880 750 3078 805 saltem
3122 756 3350 813 servitio
3396 779 3575 835 nuper

1960 822 2241 890 exemptis
2281 839 2553 895 parceret.
2603 832 2820 891 Interea
2860 838 3192 901 Holofernes
3235 822 3490 912 Moabitis
3521 857 3576 915 in

1960 913 2296 974 deditionem
2324 926 2563 994 acceptis
2586 969 2602 995 ,
2633 942 2797 1001 atque
2828 934 3119 994 adversum
3150 940 3373 1003 Judzeos
3403 950 3454 1004 in
3486 968 3577 1009 so-

1958 1005 2209 1064 cietatem
2240 1009 2369 1067 belli
2395 1020 2725 1089 assumptis;
2757 1039 2880 1081 cum
2910 1029 2979 1083 ab
3007 1046 3199 1089 eorum
3231 1039 3576 1113 principibus

1958 1101 2281 1174 inquireret,
2309 1110 2639 1179 quibusnam
2664 1119 2873 1177 viribus
2903 1124 3028 1181 freti
3057 1101 3277 1187 Hebraei
3306 1101 3577 1199 deditioni

1957 1196 2170 1253 animos
2217 1217 2324 1255 non
2374 1202 2701 1276 dedissent;
2755 1214 2960 1272 Achior
3006 1223 3228 1289 quidam
3283 1243 3568 1303 ceinperta

1956 1290 2213 1350 edisserit
2246 1312 2260 1351 :
2290 1297 2510 1356 Judaeos
2540 1303 2637 1360 Dei
2670 1307 2912 1366 cultores
2934 1354 2949 1379 ,
2995 1319 3085 1385 pio
3114 1334 3144 1373 a
3177 1290 3435 1381 Patribus
3467 1330 3573 1385 ritu

1957 1384 2236 1444 insdtnlos
2284 1408 2296 1443 :
2344 1394 2473 1448 olim
2512 1395 2565 1449 in
2602 1396 2839 1471 :Egypto
2871 1384 3199 1477 pependisse
3231 1420 3519 1476 servitium
3554 1439 3567 1474 :

1954 1477 2083 1535 inde
2107 1481 2292 1539 divino
2323 1502 2550 1544 munere
2578 1492 2828 1560 eductos,
2860 1513 2924 1554 ac
2945 1502 3206 1561 siccatum
3240 1526 3392 1567 mare
3421 1516 3572 1583 pedi-

1954 1573 2056 1629 bus
2085 1592 2342 1635 emensos
2377 1597 2389 1633 :
2428 1591 2705 1650 postremo
2733 1590 2988 1647 omnibus
3019 1598 3276 1663 gentibus
3304 1602 3566 1673 devictis,

1954 1668 2230 1726 habitatas
2257 1675 2557 1744 majoribus
2589 1688 2764 1736 terras
2791 1686 3069 1756 recepisse
3101 1707 3115 1743 :
3144 1696 3268 1747 exin
3297 1701 3450 1752 vario
3480 1715 3568 1759 re-

1953 1777 2072 1817 rum
2118 1774 2261 1821 statu
2304 1768 2589 1839 floruisse,
2630 1784 2727 1830 aut
2772 1780 3115 1853 concidisse,
3157 1798 3321 1858 atque
3366 1791 3564 1851 iterum

2657 1869 2784 1925 dum
2812 1875 3003 1930 merita
3034 1876 3232 1935 iratum
3263 1894 3355 1937 aut
3385 1886 3567 1955 placa-

1956 1961 2070 2009 tum
2124 1955 2291 2012 Deum
2340 1960 2717 2018 vicissitudine
2759 1981 3041 2039 expertos;
3088 1973 3218 2031 dum
3272 1991 3566 2048 peccantes

1952 2046 2361 2109 incursionibus
2388 2054 2626 2112 hostium
2654 2070 2747 2114 aut
2775 2065 3187 2131 captivitatibus
3212 2086 3565 2146 coercentur,

1952 2144 2186 2211 prOpitio
2228 2147 2453 2203 numine
2492 2163 2713 2220 semper
2747 2154 2935 2209 invicti
2974 2173 2987 2210 :
3028 2173 3286 2218 eteterum
3329 2166 3375 2219 si
3420 2183 3564 2237 prte-

1947 2236 2087 2287 senti
2122 2244 2371 2305 tempore
2399 2240 2609 2310 absque
2636 2257 2864 2314 peccan
2893 2249 3003 2303 sint
3030 2292 3044 2316 ,
3090 2256 3239 2311 nullo
3271 2236 3436 2316 modo
3467 2276 3564 2320 eos

1946 2339 2109 2395 posse
2138 2331 2392 2398 superari
2422 2350 2435 2385 :
2472 2334 2555 2388 sin
2585 2336 2749 2392 aliter
2770 2353 2830 2395 se
2860 2341 3124 2413 habeant,
3161 2348 3318 2405 facile
3341 2353 3563 2411 vincen-

1944 2419 2065 2477 dos.
2098 2422 2178 2477 Ad
2210 2423 2326 2480 lia-e
2355 2425 2679 2486 Holofernes
2711 2430 2863 2489 ferox
2895 2438 3083 2493 multis
3109 2442 3388 2509 victoriis,
3422 2447 3559 2502 nihil

1942 2515 2043 2571 sibi
2076 2517 2336 2574 invictum
2371 2532 2543 2591 ratus,
2580 2524 2655 2579 ira
2689 2542 2958 2587 accensos
2985 2550 3083 2587 cur
3108 2551 3173 2591 ex
3202 2551 3429 2609 peccato
3457 2558 3554 2614 po-

1943 2607 2209 2665 tis-simum
2228 2610 2543 2670 Jndseorum
2568 2618 2807 2687 pendere
2827 2623 2972 2679 illius
2992 2607 3220 2684 victoria
3246 2607 3553 2704 putaret-ur,

1939 2707 2172 2774 prOpelli
2204 2707 2411 2762 Achior
2442 2710 2495 2764 in
2527 2721 2704 2767 castra
2741 2715 3095 2775 Hebraeorum
3124 2724 3303 2795 jubet,
3340 2740 3396 2785 ut
3425 2746 3552 2787 eum

1939 2796 2025 2851 his
2056 2799 2288 2868 periret,
2331 2817 2469 2872 quos
2511 2806 2653 2861 vinci
2706 2823 2815 2864 non
2849 2826 3013 2883 posse
3052 2815 3446 2891 affirmaverat,
3491 2841 3556 2882 ac

1939 2897 2051 2945 tum
2079 2891 2250 2947 Judzei
2282 2905 2496 2951 montes
2527 2898 2875 2969 petiverant:
2910 2905 3003 2975 ita,
3040 2906 3240 2979 quibus
3270 2914 3321 2969 id
3352 2920 3551 2989 negotii

1936 2984 2145 3054 datum,
2194 2987 2299 3042 ima
2349 2992 2612 3046 montium
2660 3010 3004 3067 successere,
3059 3005 3244 3078 ibique
3299 3013 3549 3073 vinctum

1934 3076 2138 3132 Achior
2154 3080 2518 3152 reliquerunt.
2540 3085 2693 3153 Quod
2717 3091 2804 3143 ubi
2824 3090 2997 3150 Judaei
3020 3076 3545 3175 animadverterunt,

1934 3182 2248 3241 exemptum
2292 3174 2530 3232 vinculis
2572 3182 2625 3234 in
2661 3184 2858 3240 collem
2890 3189 3220 3260 perducunt,
3249 3213 3443 3256 causas
3470 3205 3549 3261 rei

1851 3245 1898 3310 (ἶ
1931 3267 2325 3335 (ιυίιπεηιίὺιιε,
2358 3281 2510 3340 gesta
2542 3278 2786 3345 exponit,
2822 3296 3186 3359 receptusque
3215 3307 3400 3362 parem
3430 3299 3545 3353 exi-

1928 3369 2039 3416 tum
2089 3365 2503 3433 opperiebatur,
2552 3368 2597 3422 is
2641 3383 2765 3439 post
2813 3374 3098 3437 victoriam
3143 3387 3539 3464 circumcisus,

1921 3452 2141 3511 Judaeus
2169 3456 2348 3514 factus
2378 3469 2483 3515 est.
2530 3462 2695 3534 Igitur
2724 3467 3070 3543 Holofernes,
3099 3479 3425 3543 difficultate
3456 3452 3538 3546 lo:

1922 3564 2113 3606 eorum
2152 3564 2434 3624 comperta
2460 3598 2475 3623 ,
2503 3559 2625 3626 quia
2658 3562 2795 3617 adiri
2826 3571 3083 3635 praecelsa
3117 3591 3221 3630 non
3255 3591 3531 3650 poterant,

1921 3656 2135 3700 montes
2162 3647 2427 3703 militibus
2449 3647 2773 3722 circumdat,
2804 3668 2860 3712 et
2882 3673 3091 3718 summa
3118 3647 3537 3731 curaillcbrzeos

1918 3739 2304 3808 aquationibus
2337 3743 2590 3813 prohibet
2624 3764 2639 3801 :
2679 3764 2857 3821 eoque
2890 3758 3156 3814 maturius
3188 3764 3533 3825 obsidionem

1918 3844 2165 3888 sensere.
2197 3833 2387 3905 Itaque
2410 3839 2536 3892 victi
2566 3847 2789 3909 penuria
2813 3860 2987 3917 aqum,
3016 3851 3082 3905 ad
3111 3852 3296 3910 Oziam
3326 3860 3530 3928 princi-

1918 3939 2042 3995 pem
2084 3940 2422 3986 coneurrunt
2462 3934 2614 4003 pruni
2660 3951 2851 3995 omnes
2892 3942 2959 3997 ad
3008 3944 3389 4022 deditionem;
3440 3956 3533 4012 ille

1918 4035 2050 4077 vero
2092 4024 2491 4091 opperiendum
2535 4030 2833 4103 paulisper,
2875 4044 2930 4090 ct
2972 4037 3214 4098 divinum
3259 4049 3525 4106 auxilium

1916 4116 2346 4183 exspectandum
2389 4121 2760 4191 reSpondeus,
2793 4127 2988 4197 quinto
3019 4132 3219 4189 decimo
3256 4136 3347 4195 die
3374 4140 3530 4197 dedi-

1917 4205 2082 4259 tionis
2116 4218 2327 4277 tempus
2350 4212 2652 4269 constituit.

1990 4295 2131 4352 XVI.
2174 4299 2328 4367 Quod
2353 4303 2440 4359 tibi
2460 4303 2646 4360 Judith
2668 4320 3009 4379 compertum
3032 4315 3175 4386 (qua:
3197 4320 3318 4377 viro
3339 4324 3521 4395 vidua,

1916 4393 2185 4461 praedives
2213 4396 2429 4466 opibus,
2460 4400 2689 4473 insignis
2712 4405 2918 4474 specie,
2951 4409 3047 4464 sed
3083 4417 3325 4471 moribus
3353 4393 3516 4487 quam

1917 4487 2069 4543 vultu
2113 4487 2404 4559 illustrior,
2448 4504 2558 4549 tmn
2598 4498 2650 4553 in
2688 4500 2884 4554 castris
2929 4506 3075 4573 erat)
3098 4509 3265 4564 arctis
3295 4525 3521 4574 suorum

1915 4579 2079 4636 rebus
2122 4584 2286 4640 etiam
2329 4596 2483 4645 certo
2524 4590 2629 4647 sibi
2670 4593 2839 4648 exitio
2875 4596 3190 4657 audendum
3232 4604 3435 4677 aliquid
3469 4621 3526 4667 et

3228 4695 3391 4766 ilitur,
3428 4717 3526 4759 co-

1914 4770 2047 4827 mite
2068 4772 2266 4827 ancilla
2291 4782 2471 4830 eastra
2502 4776 2738 4834 hostium
2770 4781 3089 4852 ingreditur.
3125 4786 3427 4863 Statimque
3451 4797 3520 4857 ad

1916 4859 2266 4919 lloloferncm
2297 4866 2526 4924 deducta
2565 4872 2805 4939 perditas
2834 4890 2925 4931 res
2956 4894 3178 4935 suorum
3210 4898 3479 4945 memorat
3499 4931 3517 4959 ,

1913 4968 1974 5009 se
2000 4956 2308 5029 transfugio
2336 4960 2458 5014 vita:
2485 4964 2860 5033 consuluisse;
2891 4968 3090 5027 deinde
3119 4988 3147 5027 a
3179 4974 3317 5032 duce
3346 4981 3522 5048 poscit

1915 5045 2147 5103 liberum
2194 5059 2350 5105 extra
2394 5063 2569 5109 castra
2617 5066 2889 5115 nocturno
2941 5073 3187 5135 tempore
3229 5085 3514 5139 egressum

1910 5143 2101 5197 orandi
2131 5144 2301 5215 gratia
2336 5163 2349 5198 :
2382 5150 2697 5205 mandatum
2728 5153 2780 5209 id
2816 5154 3090 5227 vigilibus,
3126 5176 3519 5242 portarumun

1909 5237 2248 5294 custodibus.
2285 5238 2390 5296 Sed
2431 5242 2522 5299 ubi
2564 5261 2660 5315 per
2692 5250 2933 5307 triduum
2977 5259 3292 5326 egrediundi
3338 5279 3400 5319 ac
3425 5237 3518 5322 re-

1909 5328 2107 5387 deundi
2155 5336 2611 5393 consuetudinem
2662 5341 2804 5409 sibi,
2849 5345 3103 5404 barbaris
3141 5351 3301 5408 fidem
3346 5355 3511 5426 fecit,

1912 5425 2258 5483 llolofernem
2286 5429 2485 5500 cupido
2514 5431 2744 5491 incessit
2777 5436 3046 5496 dedititite
3070 5460 3301 5516 corpore
3320 5449 3467 5506 abuti

1912 5525 2114 5577 etenim
2154 5520 2329 5578 forma
2366 5527 2659 5585 excellenti
2700 5530 2923 5591 Persam
2959 5537 3115 5596 facile
3149 5557 3513 5610 permoverat.

1913 5616 1988 5673 lla
2029 5618 2096 5671 ad
2141 5616 2297 5674 ducis
2329 5624 2623 5679 tentorium
2655 5641 2751 5697 per
2789 5629 3027 5702 Baguam
3071 5636 3379 5692 eunuchum
3410 5641 3511 5698 de-

1912 5712 2150 5777 ducitur,
2196 5713 2439 5786 initoque
2483 5720 2736 5777 convivio
2778 5723 3042 5781 barbarus
3075 5728 3245 5782 multo
3279 5744 3340 5787 se
3385 5735 3513 5795 vino

1912 5803 2134 5871 obruit;
2164 5812 2278 5861 tum
2309 5810 2536 5863 remotis
2567 5812 2831 5869 ministris
2852 5857 2866 5884 ,
2907 5818 3218 5886 priusquam
3251 5821 3358 5877 vim
3392 5842 3513 5885 mu.

1910 5897 2031 5956 lieri
2067 5898 2327 5967 inferret,
2358 5917 2552 5959 somno
2583 5914 2773 5977 captus
2800 5916 2903 5963 est.
2933 5907 3121 5966 Judith
3153 5920 3397 5986 tempore
3426 5937 3515 5979 ar.

3026 6002 3064 6065 5
