4106 6344
558 276 665 335 159

1884 268 2173 349 sutptcu
2215 267 2469 345 sevum

3770 267 3872 335 140

552 406 708 479 repto
728 401 889 479 caput
916 393 1091 455 hostis
1118 391 1370 465 desecat,
1395 404 1694 463 secumque
1715 387 1893 445 aufert
1922 406 1934 442 :
1963 395 2019 444 et
2044 402 2165 443 cum
2195 392 2250 449 Α
2274 384 2398 441 dam
2420 425 2433 448 ,
2465 384 2705 440 Simonis
2742 381 2891 438 illius
2920 382 3138 455 fratrem
3158 423 3174 449 ,
3205 381 3529 455 promissam
3559 384 3673 455 regi
3706 398 3873 455 pecu-

560 482 858 548 secundum
894 487 1354 545 consuetudinem
1386 486 1580 541 castris
1612 483 1795 561 egredi
1825 482 2164 547 crederetur,

563 585 853 642 incolumis
883 585 949 639 ad
993 599 1124 639 suos
1151 597 1400 659 regressa
1431 588 1533 637 est.
1575 579 1803 633 Postero
1833 577 1923 634 die
1953 574 2169 632 Hebraei

558 687 723 747 caput
769 674 1081 731 Ilolofernis
1123 674 1191 730 de
1232 671 1610 744 superioribus
1645 677 2000 734 ostentantes,
2045 682 2171 722 eru-

560 773 746 842 ptione
778 769 918 827 facta
963 769 1029 825 ad
1074 779 1252 823 castra
1301 766 1538 831 hostium
1582 771 1837 837 pergunt.
1868 761 2004 816 Tum
2037 774 2170 815 vero

557 860 773 921 barbari
799 863 1012 936 signum
1036 878 1229 933 pugna:
1253 869 1562 933 poscentes,
1586 856 1992 911 tabernaculum
2016 854 2169 925 ducis

557 955 870 1025 frequentes
902 956 1197 1019 assistunt;
1230 951 1318 1007 ubi
1348 962 1599 1006 truncum
1633 963 1833 1019 corpus
1866 955 2165 1020 repertum,

555 1032 699 1106 fceda
728 1048 1026 1103 formidine
1059 1047 1111 1107 in
1146 1045 1323 1116 fugam
1357 1030 1527 1102 versi.
1562 1053 1711 1113 terga
1748 1032 1998 1093 hostibus
2026 1024 2167 1105 prai-

562 1144 820 1199 buerunt.
850 1140 1024 1197 Judaei
1055 1140 1332 1210 fugientes
1358 1137 1660 1207 persecuti,
1688 1135 1957 1201 caesisque
1989 1132 2172 1187 multis

559 1240 841 1304 millibus,
897 1235 1099 1291 castris
1140 1249 1203 1289 ac
1248 1232 1434 1304 przeda
1479 1230 1659 1302 potiti.
1707 1227 1896 1285 Judith
1946 1226 2175 1282 summis

556 1334 813 1391 laudibus
839 1332 1142 1395 celebrata,
1177 1339 1400 1385 centum
1426 1337 1482 1383 et
1504 1328 1747 1397 quinque
1772 1338 1947 1378 annos
1969 1322 2176 1377 vixisse

558 1427 813 1482 traditur.
841 1424 969 1480 Haec
992 1424 1035 1478 si
1058 1422 1215 1478 Ocho
1241 1436 1388 1493 rege,
1418 1430 1475 1473 ut
1500 1419 1811 1491 epinamur,
1844 1426 1997 1488 gesta
2023 1421 2173 1479 sunt,

557 1535 705 1576 anno
737 1518 955 1590 imperii
987 1520 1106 1587 ejus
1136 1508 1497 1578 duodecimo;
1542 1528 1570 1565 a
1614 1520 1865 1582 tempore
1905 1507 2174 1585 Hieroso-

557 1615 719 1686 lymae
742 1614 1016 1668 reStituta:
1045 1626 1218 1681 usque
1260 1608 1314 1663 in
1346 1607 1396 1662 id
1428 1606 1626 1661 bellum
1667 1603 1889 1659 fuerunt
1913 1601 2038 1655 anni
2068 1599 2176 1656 duo

556 1690 612 1767 et
663 1710 876 1782 viginti.
930 1708 1206 1763 Caeterum
1259 1702 1443 1758 Ochus
1492 1702 1682 1773 viginti
1738 1708 1794 1781 et
1840 1708 1952 1769 tres
2002 1710 2174 1749 annos

2270 482 2413 535 niam
2444 480 2702 545 misisset,
2740 479 3008 551 patefacta
3023 480 3193 535 semel
3221 480 3509 535 ambitioni
3539 481 3655 545 via,
3683 480 3874 538 iisdem

2270 573 2479 628 artibus
2500 573 2700 646 quibus
2721 571 2886 637 Jason
2911 573 3065 645 prius
3089 614 3103 639 ,
3133 572 3409 631 Menelaus
3440 589 3657 643 quoque
3684 573 3876 631 Sacer-

2270 664 2477 720 dotium
2524 665 2857 721 obtinuerat.
2890 663 3001 721 Nec
3051 666 3226 737 multo
3275 676 3426 735 post,
3472 681 3599 729 cum
3658 668 3705 723 is
3754 682 3879 736 pro-

2273 759 2497 814 missum
2529 760 2738 830 argenti
2768 758 2988 831 modum
3036 776 3145 831 non
3178 758 3538 829 reddidisset,
3572 760 3695 815 loco
3726 759 3879 829 pelli-

2274 862 2361 908 tur
2392 870 2403 906 :
2434 851 2798 925 Lysimachus
2823 852 3190 919 substituitur.
3227 851 3353 925 Inde
3383 854 3521 909 inter
3543 850 3801 915 Iasonem
3826 861 3878 913 et

2273 949 2579 1023 Menelaum
2608 949 2751 1008 fteda
2784 949 2941 1019 fuere
2978 951 3303 1019 certamina,
3329 950 3502 1017 donec
3531 950 3722 1013 lason,
3756 965 3878 1020 pro-

2272 1043 2432 1117 fugus
2462 1046 2664 1115 patria,
2697 1045 2953 1105 excessit.
2986 1044 3081 1111 llis
3116 1046 3286 1101 initiis
3330 1046 3604 1115 corruptis
3636 1044 3878 1103 moribus

2273 1153 2340 1219 eo
2369 1154 2541 1210 usque
2572 1153 2887 1215 processum
2906 1182 2920 1200 ,
2947 1149 3007 1197 ut
3031 1132 3278 1213 plerique
3305 1138 3645 1210 popularium
3673 1139 3743 1197 ab
3773 1138 3878 1196 An-

2277 1232 2457 1288 tiocho
2501 1241 2791 1304 poscerent
2831 1233 3071 1304 permitti
3123 1232 3229 1291 sibi
3279 1249 3431 1291 more
3461 1233 3752 1307 gentilium
3805 1234 3881 1289 vi-

2274 1341 2422 1381 vere.
2453 1326 2606 1393 Quod
2637 1343 2802 1397 quum
2837 1342 2929 1382 rex
2956 1328 3271 1398 petentibus
3295 1329 3599 1394 annuisset,
3629 1328 3877 1383 certatim

2277 1418 2546 1487 pessimus
2580 1419 2813 1492 quisque
2857 1418 3081 1475 delubra
3134 1429 3420 1477 exstruere
3444 1462 3457 1485 ,
3491 1419 3652 1477 idolis
3677 1421 3880 1489 suppli-

2275 1523 2424 1577 care,
2450 1510 2622 1585 legem
2654 1510 2949 1585 profanare
2977 1521 3311 1583 occoeperat.
3342 1511 3554 1575 Interea
3580 1511 3878 1576 Antiochus

2277 1603 2497 1677 rediens
2546 1604 2613 1685 ab
2660 1603 2991 1675 Alexandria
3044 1604 3299 1676 (namque
3344 1613 3457 1659 tum
3515 1604 3720 1667 bellum
3773 1604 3880 1675 regi

2278 1696 2537 1771 [Egyptio
2590 1698 2886 1769 intulerat,
2939 1699 3084 1769 quod
3117 1700 3271 1769 jussu
3322 1709 3545 1765 senatus
3591 1709 3645 1757 et
3701 1699 3882 1770 populi

562 1778 853 1877 regnavit;
886 1784 988 1858 fuit
1017 1814 1198 1858 autem
1230 1801 1372 1855 ultra
1404 1814 1599 1854 omnes
1629 1778 1914 1861 cruentus,
1944 1803 1997 1849 et
2030 1792 2174 1863 plus-
2280 1790 2509 1845 Romani
2550 1791 2834 1863 deposuit,
2880 1792 3050 1851 Paulo
3082 1803 3135 1846 et
3164 1791 3364 1859 Crasso
3390 1792 3731 1865 consulibus)
3765 1794 3879 1853 Ilie-

557 1914 719 1972 quam
745 1896 985 1953 barbaro
1008 1898 1213 1951 animo.
1242 1894 1396 1973 Ilunc
1420 1894 1599 1964 Bagoa
1627 1890 1796 1971 spado
1815 1896 2171 1961 a-grotantcm

560 1980 799 2050 venenis
820 1992 1066 2048 sustulit.
1094 1992 1225 2046 Post
1254 2006 1378 2046 eum
1414 1993 1581 2043 Arses
1615 1987 1756 2041 ﬁlius
1783 1984 1902 2057 ejus
1937 1980 2174 2055 triennio

564 2088 858 2157 imperium
894 2086 1071 2139 tenuit
1105 2102 1117 2138 :
1153 2082 1354 2153 Darius
1383 2095 1556 2135 annos
1587 2087 1843 2149 quatuor.

624 2177 788 2235 XVII.
837 2172 1142 2233 Adversum
1202 2176 1345 2229 hunc
1397 2162 1713 2229 Alexander
1769 2166 1995 2243 Macedo
2048 2164 2168 2222 acie

558 2270 844 2337 conﬂixit;
901 2286 966 2326 eo
1015 2270 1195 2336 victo,
1240 2268 1424 2323 Persis
1478 2249 1768 2336 imperium
1820 2261 2173 2329 ademptum,

563 2364 712 2439 quod
746 2365 815 2420 ab
860 2363 1015 2418 initio
1044 2361 1168 2433 Cyri
1195 2368 1421 2415 Stelerat
1451 2373 1623 2421 annos
1654 2357 1918 2431 ducentos
1945 2361 2002 2407 et
2022 2351 2177 2421 quin-

569 2460 850 2529 quaginta.
880 2455 1219 2521 Alexander,
1262 2456 1432 2508 victor
1463 2452 1575 2507 fere
1617 2451 1859 2529 omnium
1893 2451 2173 2523 gentium,

567 2551 771 2606 adiisse
819 2532 1215 2621 HierOsolymze
1261 2548 1522 2619 templum
1562 2545 1779 2621 dicitur,
1810 2560 1872 2597 ac
1902 2544 2041 2597 dona
2090 2543 2173 2595 iu-

568 2646 759 2700 tulisse
790 2660 803 2697 :
835 2643 1115 2713 edixitque
1147 2658 1244 2711 per
1288 2657 1450 2696 omne
1482 2641 1768 2713 imperium
1801 2638 1944 2711 quod
1976 2638 2058 2699 sui
2088 2638 2174 2708 ju-

561 2737 639 2792 ris
670 2736 958 2800 ell’ecerat,
994 2742 1052 2789 ut.
1086 2733 1291 2791 Judaeis
1324 2734 1524 2789 ibidem
1571 2733 1899 2815 degentibus
1945 2733 2175 2809 liberum

566 2841 714 2889 esset
742 2832 795 2887 in
829 2831 1060 2901 patriam
1088 2832 1312 2886 reverti.
1343 2831 1549 2885 Exacto
1587 2827 1914 2897 duodecimo
1963 2827 2179 2901 imperii

567 2914 736 2987 anno,
768 2926 1003 2993 septimo
1037 2933 1224 2994 postea
1263 2940 1423 2994 quam
1456 2924 1673 2977 Darium
1707 2920 2004 2987 dCVit'Cl'ﬂl,
2040 2919 2179 2990 apud

570 3018 926 3091 Babyloniam
958 3017 1251 3074 defunctus
1280 3004 1404 3074 est.
1434 3017 1678 3093 Regnum
1711 3017 1873 3070 amici
1905 3017 2055 3091 ejus,
2090 3016 2178 3095 qtti

568 3110 733 3165 simul
760 3127 881 3165 cum
928 3110 1018 3165 illo
1062 3110 1293 3164 maxima
1338 3111 1429 3187 illa
1468 3110 1611 3164 bella
1640 3118 1959 3183 gesserant,
1998 3102 2179 3179 partiti

2276 1886 2608 1958 resolymam
2641 1886 2946 1942 adiit.Cum
2967 1887 3370 1957 discordantetl)
3399 1888 3881 1955 superstitionibus

2275 1982 2543 2053 susceptis
2576 1982 2833 2052 pepulum
2865 1983 3199 2053 reperisset,
3236 1982 3409 2053 legem
3436 1984 3533 2045 Dei
3564 1984 3881 2055 destruens,

2276 2084 2331 2132 et
2366 2075 2449 2137 his
2479 2074 2671 2133 favens
2714 2078 2804 2151 qui
2835 2077 3001 2146 impia
3052 2077 3449 2147 sequebantur,
3479 2079 3664 2142 omnia
3698 2079 3882 2149 templi

2275 2179 2594 2241 ornamenta
2617 2169 2889 2237 detraxit,
2912 2186 2976 2225 ac
3007 2171 3168 2227 multa
3202 2170 3351 2231 cazde
3377 2170 3632 2233 vastavit.
3666 2170 3728 2227 Id
3762 2186 3883 2242 ges-

2280 2274 2389 2318 tum
2422 2265 2490 2320 ab
2536 2280 2765 2321 excessu
2810 2264 3109 2322 Alexandri
3154 2283 3298 2323 anno
3330 2269 3635 2327 centesimo
3683 2284 3793 2326 uno
3834 2277 3885 2324 et

2277 2359 2725 2439 quinquagesimo
2745 2403 2759 2427 ,
2790 2361 2961 2427 Paulo
2990 2404 3003 2427 ,
3035 2373 3089 2417 ut
3112 2362 3381 2429 diximUS,
3418 2364 3729 2431 Crassoque
3756 2378 3882 2419 con-

2278 2453 2529 2521 Solibus,
2578 2464 2699 2525 post
2740 2456 3177 2525 quinquennium
3225 2455 3338 2515 fere
3386 2473 3550 2528 quam
3583 2456 3886 2513 Antiochus

2278 2560 2505 2615 regnare
2537 2555 2801 2617 carperet.

2352 2636 2495 2709 XIX.
2531 2636 2639 2701 Sed
2670 2651 2724 2693 ut
2775 2649 3084 2713 temporum
3112 2641 3250 2707 ordo
3277 2653 3565 2717 consertus
3592 2644 3697 2709 sit,
3733 2660 3797 2698 ac
3827 2645 3885 2699 li-

2279 2740 2440 2813 queat
2480 2731 2791 2809 evidentius
2835 2734 2959 2807 quis
2992 2733 3081 2801 hic
3110 2734 3276 2797 fuerit.
3301 2734 3643 2803 Antiochus;
3700 2754 3885 2809 regum

2281 2825 2370 2903 qui
2404 2834 2522 2899 ι’(ὶῆ
2552 2826 2917 2903 Alexandrum
2954 2829 3007 2889 in
3060 2828 3214 2901 Syria
3250 2829 3501 2896 fuerunt,
3553 2839 3610 2887 et
3665 2832 3885 2887 nomina

2281 2932 2334 2989 et
2365 2928 2615 2993 tempora
2657 2923 3119 2987 enumerabimus.
3172 2924 3439 2985 Defuncto
3468 2966 3484 2991 ,
3513 2936 3571 2981 ut
3601 2941 3767 2995 supra
3807 2943 3885 2982 re-

2285 3014 2509 3077 tulimus
2538 3056 2552 3080 ,
2588 3029 2715 3084 rege
2761 3015 3115 3083 Alexandro,
3169 3017 3239 3074 ab
3266 3018 3456 3077 amicis
3494 3020 3613 3088 ejus
3663 3036 3884 3091 regnum

2283 3121 2447 3183 omne
2469 3106 2727 3181 divisum,
2751 3124 2814 3163 ac
2842 3109 2991 3180 regio
3017 3111 3236 3175 nemine
3267 3110 3596 3180 aliquamdiu
3622 3113 3886 3169 adminis-

570 3215 717 3260 sunt.
754 3205 886 3260 Inde
924 3204 1207 3291 aliquanto
1240 3184 1487 3267 tempore
1520 3204 1639 3257 sine
1694 3202 2049 3285 usurpatione
2092 3218 2178 3257 re-
2207 3174 2259 3261 Ο,
2287 3178 2486 3279 tratum
2519 3212 2620 3271 est.
2654 3202 2922 3275 Seleucus
2950 3214 3073 3277 post
3096 3220 3289 3272 novent
3320 3220 3495 3270 annos
3526 3207 3579 3263 in
3612 3205 3770 3277 Syri:
3795 3224 3885 3266 rex

570 3292 676 3372 gali
708 3310 992 3369 susceptas
1025 3308 1208 3369 partes
1251 3307 1717 3373 procuraverunt,
1752 3296 2008 3373 Ariddmo
2043 3310 2177 3371 quo-

574 3370 700 3448 dam
733 3389 985 3462 Philippo
1017 3388 1312 3444 Alexandri
1341 3389 1508 3471 fratre
1537 3370 1797 3458 regnante
1829 3407 1840 3440 :
1872 3370 1955 3441 cui
1981 3370 2177 3458 perim-

570 3487 771 3543 becillo
792 3528 807 3551 ,
840 3485 1006 3540 verbo
1032 3472 1215 3539 datum
1252 3483 1540 3552 imperium
1573 3483 1880 3561 videbatur,
1909 3497 1967 3559 re
1998 3491 2176 3553 autem

575 3594 749 3651 penes
775 3594 869 3633 eos
902 3590 1019 3635 erat
1047 3579 1137 3647 qui
1171 3578 1274 3631 sibi
1306 3579 1609 3632 exercitum
1643 3586 1697 3631 et
1735 3574 2040 3649 provincias
2072 3574 2183 3651 dis-

576 3670 900 3727 tribuerant.
949 3668 1058 3726 Nec
1092 3685 1219 3724 vero
1253 3669 1341 3723 hic
1382 3685 1564 3743 rerum
1598 3654 1769 3722 status
1801 3666 1894 3721 diu
1942 3648 2140 3721 mansit
2164 3709 2177 3731 ,

576 3781 878 3834 omnesque
928 3780 986 3835 se
1018 3780 1171 3834 reges
1202 3763 1465 3834 appellari
1499 3762 1831 3835 maluerunt.
1884 3759 2096 3837 Primus
2131 3762 2180 3814 in

577 3854 740 3932 Syria
772 3867 895 3929 post
925 3856 1291 3927 Alexandrum
1340 3856 1608 3911 Seleucus
1639 3871 1731 3909 rex
1770 3852 1906 3921 fuit,
1942 3854 2180 3924 subjecta

580 3946 757 4010 eidem
806 3950 1031 4008 Perside
1077 3965 1141 4005 ac
1170 3934 1441 4021 Babylone
1475 3966 1488 4003 :
1519 3965 1619 4017 qua
1656 3957 1981 4027 tempestate
2011 3947 2183 4002 Judzei

582 4060 822 4101 annuum
870 4032 1200 4114 stipendium
1258 4043 1459 4096 talenta
1504 4040 1618 4112 regi
1674 4049 1925 4113 trecenta
1975 4041 2182 4119 argenti

580 4140 821 4205 dabant;
857 4154 959 4194 nec
998 4148 1176 4191 tamen
1224 4152 1319 4205 per
1346 4144 1603 4191 externos
1654 4122 2039 4205 magistratus,
2089 4133 2189 4197 sed

585 4250 683 4304 per
708 4232 1023 4288 sacerdOIes
1049 4244 1176 4285 suos
1211 4229 1562 4309 regebantur,
1586 4226 1873 4307 patrioque
1904 4228 2011 4297 ritu
2034 4222 2187 4295 vive?

584 4330 715 4385 bant
743 4371 756 4393 ,
784 4327 960 4381 donec
983 4325 1228 4396 plerique
1258 4337 1445 4378 corum
1476 4324 1630 4393 longa
1659 4312 1869 4378 rursum
1902 4339 2036 4393 pace
2065 4338 2185 4395 cor-

583 4419 732 4490 rupti
755 4462 767 4483 ,
803 4420 1039 4473 miscere
1069 4416 1252 4470 omnia
1277 4406 1636 4470 seditionibus
1670 4404 1723 4469 et
1754 4416 1971 4470 turbare
2001 4431 2182 4485 cmpe-

584 4520 755 4576 runt,
803 4509 1121 4565 aﬂ‘ectaotes
1175 4524 1449 4562 summum
1504 4490 1868 4573 sacerdotium
1920 4506 2178 4573 libidine,

584 4604 811 4664 avaritia
844 4616 897 4660 et
926 4598 1238 4657 dominandi
1274 4582 1544 4671 cupidine.

661 4676 1125 4765 XVIllJNamque
1156 4696 1391 4766 primum
1441 4694 1541 4749 sub
1575 4711 1700 4773 rege
1732 4695 1963 4773 Seleuco
1990 4697 2185 4771 Antio-

587 4792 673 4850 chi
707 4793 889 4863 magni
926 4793 1036 4846 lilio
1066 4790 1256 4846 Oniam
1290 4791 1639 4846 Sacerdotem
1664 4834 1678 4857 ,
1733 4793 1907 4867 virum
1936 4772 2183 4867 sanctum

585 4878 749 4955 atque
794 4876 1064 4955 integrum
1093 4872 1324 4951 ,‘Simon
1362 4866 1588 4953 quidam
1636 4884 1784 4965 falsis
1832 4864 2185 4971 apudregem

586 4979 912 5037 criminibus
957 4978 1365 5042 insimulatum,
1411 4981 1677 5051 exquirere
1720 4983 2057 5057 nequiverat.
2100 4985 2187 5051 In-

587 5066 815 5142 terjecto
844 5072 1042 5128 deinde
1068 5056 1331 5142 tempore,
1371 5058 1536 5129 Ja'son
1582 5074 1748 5149 frater
1795 5054 1945 5149 Otii-.0
1993 5054 2183 5133 Anno-

583 5163 748 5221 chum
790 5156 1009 5235 regem»,
1044 5166 1134 5235 qui
1165 5164 1399 5247 Seleuco
1444 5167 1594 5221 fratri
1638 5146 2015 5244 successerat,
2051 5170 2184 5225 adiit

580 5271 929 5333 augmentum
960 5260 1213 5330 stipendii
1243 5244 1545 5331 pollicens,
1575 5264 1618 5317 si
1654 5244 1755 5318 Sibi
1786 5244 2054 5333 summum
2090 5282 2175 5320 sa-

581 5350 884 5408 cerdotium
914 5340 1251 5420 traderetur;
1275 5338 1668 5429 etquamquam
1698 5331 1976 5435 insolitum

577 5454 703 5500 ante
754 5440 1079 5529 permissum
1131 5449 1381 5533 Cuiquam
1422 5436 1549 5505 erat
1581 5432 1846 5523 perpetuo
1873 5454 2177 5537 sacerdotio

578 5540 823 5610 pe'rfuugi
847 5538 877 5605 ,⁷
899 5536 1165 5597 sollicitus
1198 5554 1375 5597 tamen
1411 5538 1553 5613 regis
1594 5546 1808 5631 animus
1841 5558 2003 5631 atque
2034 5563 2185 5623 aeger

573 5630 796 5689 avaritia
825 5627 989 5691 facile
1009 5650 1298 5707 superatus
1323 5620 1429 5694 est.
1455 5630 1527 5692 Ita
1550 5618 1778 5707 depulso
1798 5618 1961 5711 Quia,
1984 5618 2173 5697 Iasoni

572 5728 949 5785 Sacerdotium
987 5744 1067 5786 eSt
1092 5726 1425 5807 mandatum.
1458 5733 1507 5788 ls
1537 5734 1676 5811 finde
1702 5712 1995 5815 admodum
2029 5710 2174 5792 cives

570 5820 921 5896 patriamque
939 5825 1216 5915 laceravit.
1235 5810 1371 5903 Dein
1393 5812 1515 5907 cum
1536 5806 1634 5899 per
1655 5806 1959 5884 menelaum
1980 5824 2174 5905 "quein-

2216 4578 2264 4640 ι)

2282 3305 2366 3373 est
2392 3296 2735 3371 appellatus,
2768 3299 3123 3369 regnavitque
3172 3314 3347 3365 annos
3374 3297 3513 3361 duos
3553 3309 3608 3363 et
3638 3302 3885 3370 triginta.

2285 3388 2411 3463 Post
2440 3404 2561 3463 eum
2594 3390 2919 3461 Antiochus,
2953 3392 3097 3459 titius
3128 3391 3279 3463 ejus,
3312 3408 3489 3457 annos
3521 3410 3687 3455 unum
3719 3394 3785 3451 de
3816 3397 3889 3451 vi-

2281 3482 2438 3565 ginti.
2475 3482 2599 3553 Inde
2630 3482 2958 3558 Antiochus,
3001 3485 3255 3553 Antiochi
3288 3485 3454 3553 (ilius,
3483 3488 3576 3557 qui
3609 3497 3663 3542 et
3689 3487 3888 3547 Titanis

2284 3577 2697 3651 cognominatus
2746 3588 2854 3646 est,
2882 3594 3055 3647 annos
3088 3581 3421 3648 quindecim.
3460 3580 3585 3641 Post
3622 3581 3766 3645 hunc
3796 3582 3888 3643 Se-

2286 3671 2495 3751 leucus'
2524 3670 2696 3748 filius,
2736 3674 3066 3747 cognomine
3112 3674 3409 3741 Callinicus
3437 3718 3450 3740 ,
3500 3690 3675 3739 annos
3728 3694 3887 3737 unum

2286 3773 2341 3839 et
2382 3765 2590 3837 Viginti.
2646 3764 2778 3831 Item
2834 3764 3140 3835 Seleucus,
3186 3770 3328 3833 titius
3378 3769 3667 3836 Calliuiei,
3719 3788 3889 3827 annos

2288 3868 2417 3914 tres.
2453 3858 2562 3915 lloc
2588 3860 2865 3933 defuncto,
2896 3861 3195 3931 Antiochus
3239 3863 3405 3929 frater
3436 3863 3679 3925 Callinici
3707 3871 3888 3923 Asiun

2288 3961 2343 4019 et
2367 3953 2577 4023 Syriam
2630 3958 2806 4029 tepuit
2850 3972 3022 4023 annos
3053 3968 3267 4035 septem
3309 3967 3364 4014 et
3412 3961 3649 4029 triginta.
3682 3961 3781 4018 llic
3809 3972 3890 4019 est

2288 4042 2610 4119 Antiochus,
2636 4049 2898 4119 adversus
2928 4066 3086 4121 quem
3112 4051 3293 4123 Scipio
3315 4051 3557 4117 Africani
3586 4053 3757 4115 frater
3780 4057 3890 4112 bel-

2290 4140 2447 4195 lavit:
2473 4157 2579 4217 qoo
2604 4142 2747 4199 bello
2770 4145 2962 4221 vietus.
2982 4157 3033 4202 et
3056 4147 3264 4217 imperii
3289 4157 3441 4217 parte
3466 4149 3763 4211 mulctatus
3786 4162 3884 4207 est-

2291 4233 2390 4307 Ililc,
2424 4233 2562 4309 duos
2605 4236 2749 4305 ﬁlios
2799 4236 3021 4307 habuit,
3082 4238 3367 4315 Seleucum
3414 4251 3467 4295 et
3515 4240 3887 4309 Antiochum,

2288 4344 2450 4409 quem
2480 4330 2726 4403 obsidem
2748 4331 3014 4405 Romanis
3039 4334 3283 4399 dederat.
3310 4335 3383 4399 Ita
3404 4333 3676 4403 Antiocho
3698 4353 3891 4409 magno

2292 4435 2529 4501 mortuo,
2554 4426 2818 4501 Seleucus
2835 4430 2950 4499 ejus
2972 4431 3111 4501 filius
3136 4441 3261 4493 nail!
3287 4431 3463 4501 IlliIlOl‘
3486 4446 3715 4502 regnum
3739 4433 3893 4500 adep—

2294 4525 2378 4569 tus
2435 4528 2519 4571 est
2550 4538 2561 4571 :
2589 4521 2689 4575 sub
2718 4537 2825 4591 quo
2866 4522 3058 4576 Oniam
3092 4521 3444 4578 Sacerdotem
3491 4539 3520 4577 a
3554 4523 3781 4589 Simone
3811 4526 3893 4581 in-

2292 4608 2606 4681 simulatum
2655 4612 2912 4687 diximus.
2957 4614 3096 4683 Tum
3114 4612 3419 4681 Antiochus
3462 4631 3490 4669 a
3518 4616 3784 4687 Romanis
3813 4620 3893 4673 di-

2294 4703 2492 4795 missus
2519 4746 2533 4771 ,
2583 4704 2855 4795 datusque
2904 4707 2959 4779 in
2999 4706 3180 4781 locum
3231 4709 3349 4778 ejus
3391 4708 3552 4764 obses
3584 4709 3894 4777 Demetrius

2289 4793 2504 4869 Seleuci
2528 4800 2669 4872 regis
2694 4801 2783 4871 qui
2809 4815 2876 4869 eo
2901 4809 3146 4877 tempore
3164 4800 3444 4875 regnabat,
3474 4802 3635 4857 filius.
3663 4805 3892 4871 Seleuco

2290 4902 2507 4953 mortuo
2532 4878 2675 4965 anno
2710 4878 2921 4973 imperii
2953 4893 3297 4967 duodecimo,
3332 4910 3555 4965 regnum
3588 4895 3760 4957 frater
3784 4898 3893 4957 An-

2290 4985 2502 5051 tiochus
2531 4988 2622 5056 qui
2662 4986 2851 5057 Roma:
2882 4989 3046 5057 obses
3088 4987 3286 5057 fuerat,
3321 4991 3628 5060 occupavit.
3683 4992 3733 5047 Is
3775 5002 3896 5064 post

2290 5081 2727 5165 quinquennium
2750 5096 2910 5155 quam
2964 5096 3194 5158 regnare
3222 5092 3483 5151 creperat,
3521 5094 3577 5153 ut
3605 5099 3771 5156 supra
3799 5089 3894 5165 dn-

2288 5174 2520 5249 cuimus,
2557 5176 2989 5251 Hierosolymam
3016 5175 3380 5249 dep0pulatus
3407 5191 3486 5245 est
3512 5181 3747 5249 :etcnjrn
3776 5168 3893 5252 gra-

2286 5284 2352 5337 ve
2384 5268 2643 5341 Romanis
2692 5269 3026 5343 stipendium
3079 5270 3396 5340 pensitans,
3447 5272 3564 5341 ipse
3606 5272 3892 5341 immensis

2287 5363 2592 5435 Sumptibus
2629 5378 2765 5439 pene
2798 5364 3109 5423 necessario
3132 5364 3429 5437 cogebatur
3451 5367 3714 5435 pecunias
3739 5382 3894 5440 rapto

2284 5470 2535 5529 qmercre
2560 5495 2574 5519 ,
2611 5469 2786 5531 neque
2816 5454 2983 5523 ullam
3015 5455 3290 5535 prmdandi
3331 5458 3675 5525 occasionem
3724 5464 3891 5527 ornit-

2288 5558 2422 5623 tere.
2461 5548 2591 5623 Post
2620 5548 2898 5623 biennium
2932 5548 3129 5617 deinde
3160 5551 3271 5622 pari
3301 5565 3512 5615 rursum
3545 5553 3706 5612 clade
3731 5558 3894 5619 allec-

2286 5641 2353 5696 tis
2380 5640 2603 5719 Jiula-is,
2630 5658 2696 5715 ne
2725 5642 2864 5707 forte
2898 5643 3270 5717 frequentibus
3299 5646 3455 5711 malis
3481 5650 3751 5718 compulsi
3785 5652 3893 5715 bel-

2283 5739 2392 5821 lum
2418 5749 2716 5815 sumerent,
2746 5740 3058 5815 prtesidiuni
3084 5741 3198 5803 arci
3222 5744 3501 5815 imposuit.
3519 5745 3648 5807 Inde
3680 5762 3891 5811 sacram

2284 5831 2456 5909 legem
2506 5841 2767 5913 evertere,
2796 5849 3128 5912 aggressus,
3175 5837 3340 5903 mittit
3380 5838 3643 5915 edictuin,
3683 5852 3738 5897 ut
3770 5859 3891 5905 om-
