  <div class='ocr_page' id='page_1' title='image "/cluster/home/n/w/nwhite01/storage/ocr_20150623/20/hvd.32044015471352/076.png"; bbox 0 0 4106 6344; ppageno 0'>
   <div class='ocr_carea' id='block_1_1' title="bbox 223 292 315 359">
    <p class='ocr_par' dir='ltr' id='par_1_1' title="bbox 223 292 315 359">
     <span class='ocr_line' id='line_1_1' title="bbox 223 292 315 359; baseline -0.022 -7"><span class='ocrx_word' id='word_1_1' title='bbox 223 292 315 359; x_wconf 70' lang='lat' dir='ltr'><strong>HI</strong></span> 
     </span>
    </p>
   </div>
   <div class='ocr_carea' id='block_1_2' title="bbox 1458 278 2350 361">
    <p class='ocr_par' dir='ltr' id='par_1_2' title="bbox 1458 278 2350 361">
     <span class='ocr_line' id='line_1_2' title="bbox 1458 278 2350 361; baseline -0.015 -15"><span class='ocrx_word' id='word_1_2' title='bbox 1458 283 1782 357; x_wconf 65' lang='lat' dir='ltr'><strong>HISTORIA</strong></span> <span class='ocrx_word' id='word_1_3' title='bbox 1822 279 2070 361; x_wconf 45' lang='lat' dir='ltr'><strong>saepe.</strong></span> <span class='ocrx_word' id='word_1_4' title='bbox 2116 279 2244 355; x_wconf 61' lang='lat' dir='ltr'><strong>tua.</strong></span> <span class='ocrx_word' id='word_1_5' title='bbox 2286 278 2350 334; x_wconf 91' lang='grc' dir='ltr'>ιι.</span> 
     </span>
    </p>
   </div>
   <div class='ocr_carea' id='block_1_3' title="bbox 3443 256 3553 349">
    <p class='ocr_par' dir='ltr' id='par_1_3' title="bbox 3443 256 3553 349">
     <span class='ocr_line' id='line_1_3' title="bbox 3443 256 3553 349; baseline 0.027 -19"><span class='ocrx_word' id='word_1_6' title='bbox 3443 256 3553 349; x_wconf 75' lang='lat' dir='ltr'><strong>n2</strong></span> 
     </span>
    </p>
   </div>
   <div class='ocr_carea' id='block_1_4' title="bbox 219 403 1862 490">
    <p class='ocr_par' dir='ltr' id='par_1_4' title="bbox 219 404 1837 487">
     <span class='ocr_line' id='line_1_4' title="bbox 219 404 1837 487; baseline -0.006 -20"><span class='ocrx_word' id='word_1_7' title='bbox 219 429 329 478; x_wconf 86' lang='lat' dir='ltr'><strong>nes,</strong></span> <span class='ocrx_word' id='word_1_8' title='bbox 351 412 565 469; x_wconf 78' lang='lat' dir='ltr'><strong>relictis</strong></span> <span class='ocrx_word' id='word_1_9' title='bbox 585 413 868 487; x_wconf 71' lang='lat' dir='ltr'><strong>majorum</strong></span> <span class='ocrx_word' id='word_1_10' title='bbox 894 427 1112 471; x_wconf 83' lang='lat' dir='ltr'><strong>suorum</strong></span> <span class='ocrx_word' id='word_1_11' title='bbox 1128 410 1536 477; x_wconf 82' lang='lat' dir='ltr'><strong>traditionibus,</strong></span> <span class='ocrx_word' id='word_1_12' title='bbox 1554 404 1837 479; x_wconf 74' lang='lat' dir='ltr'><strong>gentilium</strong></span> 
     </span>
    </p>
   </div>
   <div class='ocr_carea' id='block_1_5' title="bbox 1971 403 3547 490">
    <p class='ocr_par' dir='ltr' id='par_1_5' title="bbox 1971 410 3547 490">
     <span class='ocr_line' id='line_1_5' title="bbox 1971 410 3547 490; baseline -0.003 -16"><span class='ocrx_word' id='word_1_13' title='bbox 1971 419 2138 479; x_wconf 87' lang='lat' dir='ltr'><strong>astris</strong></span> <span class='ocrx_word' id='word_1_14' title='bbox 2188 418 2426 490; x_wconf 86' lang='lat' dir='ltr'><strong>potitus,</strong></span> <span class='ocrx_word' id='word_1_15' title='bbox 2486 415 2821 486; x_wconf 82' lang='lat' dir='ltr'><strong>multumque</strong></span> <span class='ocrx_word' id='word_1_16' title='bbox 2876 415 2947 471; x_wconf 87' lang='lat' dir='ltr'><strong>ibi</strong></span> <span class='ocrx_word' id='word_1_17' title='bbox 2997 412 3116 473; x_wconf 90' lang='lat' dir='ltr'><strong>auri</strong></span> <span class='ocrx_word' id='word_1_18' title='bbox 3163 419 3220 472; x_wconf 86' lang='lat' dir='ltr'><strong>et</strong></span> <span class='ocrx_word' id='word_1_19' title='bbox 3261 410 3547 486; x_wconf 86' lang='lat' dir='ltr'><strong>Tyriarnm</strong></span> 
     </span>
    </p>
   </div>
   <div class='ocr_carea' id='block_1_6' title="bbox 218 499 1836 576">
    <p class='ocr_par' dir='ltr' id='par_1_6' title="bbox 218 499 1836 576">
     <span class='ocr_line' id='line_1_6' title="bbox 218 499 1836 576; baseline -0.004 -17"><span class='ocrx_word' id='word_1_20' title='bbox 218 504 317 559; x_wconf 87' lang='lat' dir='ltr'><strong>ritu</strong></span> <span class='ocrx_word' id='word_1_21' title='bbox 350 504 636 561; x_wconf 76' lang='lat' dir='ltr'><strong>viverent.</strong></span> <span class='ocrx_word' id='word_1_22' title='bbox 674 506 793 562; x_wconf 83' lang='lat' dir='ltr'><strong>Nec</strong></span> <span class='ocrx_word' id='word_1_23' title='bbox 836 506 1056 563; x_wconf 80' lang='lat' dir='ltr'><strong>defuere</strong></span> <span class='ocrx_word' id='word_1_24' title='bbox 1100 504 1191 576; x_wconf 91' lang='lat' dir='ltr'><strong>qni</strong></span> <span class='ocrx_word' id='word_1_25' title='bbox 1223 502 1457 575; x_wconf 90' lang='lat' dir='ltr'><strong>profano</strong></span> <span class='ocrx_word' id='word_1_26' title='bbox 1486 499 1718 571; x_wconf 86' lang='lat' dir='ltr'><strong>imperio</strong></span> <span class='ocrx_word' id='word_1_27' title='bbox 1745 513 1836 552; x_wconf 86' lang='lat' dir='ltr'><strong>vo-</strong></span> 
     </span>
    </p>
   </div>
   <div class='ocr_carea' id='block_1_7' title="bbox 217 595 1838 668">
    <p class='ocr_par' dir='ltr' id='par_1_7' title="bbox 217 595 1838 668">
     <span class='ocr_line' id='line_1_7' title="bbox 217 595 1838 668; baseline -0.004 -14"><span class='ocrx_word' id='word_1_28' title='bbox 217 599 389 655; x_wconf 87' lang='lat' dir='ltr'><strong>lentes</strong></span> <span class='ocrx_word' id='word_1_29' title='bbox 410 609 704 668; x_wconf 86' lang='lat' dir='ltr'><strong>parerent.</strong></span> <span class='ocrx_word' id='word_1_30' title='bbox 740 600 883 657; x_wconf 90' lang='lat' dir='ltr'><strong>Tum</strong></span> <span class='ocrx_word' id='word_1_31' title='bbox 905 596 1058 667; x_wconf 84' lang='lat' dir='ltr'><strong>vero,</strong></span> <span class='ocrx_word' id='word_1_32' title='bbox 1084 598 1288 656; x_wconf 76' lang='lat' dir='ltr'><strong>fmtlum</strong></span> <span class='ocrx_word' id='word_1_33' title='bbox 1308 595 1679 667; x_wconf 76' lang='lat' dir='ltr'><strong>spectaculum</strong></span> <span class='ocrx_word' id='word_1_34' title='bbox 1702 596 1714 649; x_wconf 73' lang='grc' dir='ltr'>Ξ</span> <span class='ocrx_word' id='word_1_35' title='bbox 1743 609 1838 662; x_wconf 89' lang='lat' dir='ltr'><strong>per</strong></span> 
     </span>
    </p>
   </div>
   <div class='ocr_carea' id='block_1_8' title="bbox 219 690 1837 762">
    <p class='ocr_par' dir='ltr' id='par_1_8' title="bbox 219 690 1837 762">
     <span class='ocr_line' id='line_1_8' title="bbox 219 690 1837 762; baseline -0.005 -13"><span class='ocrx_word' id='word_1_36' title='bbox 219 694 525 759; x_wconf 77' lang='lat' dir='ltr'><strong>univerSam</strong></span> <span class='ocrx_word' id='word_1_37' title='bbox 544 691 752 748; x_wconf 82' lang='lat' dir='ltr'><strong>urbem</strong></span> <span class='ocrx_word' id='word_1_38' title='bbox 771 693 946 762; x_wconf 82' lang='lat' dir='ltr'><strong>palam</strong></span> <span class='ocrx_word' id='word_1_39' title='bbox 966 694 1019 747; x_wconf 91' lang='lat' dir='ltr'><strong>in</strong></span> <span class='ocrx_word' id='word_1_40' title='bbox 1036 692 1226 760; x_wconf 85' lang='lat' dir='ltr'><strong>plateis</strong></span> <span class='ocrx_word' id='word_1_41' title='bbox 1246 691 1356 747; x_wconf 90' lang='lat' dir='ltr'><strong>diis</strong></span> <span class='ocrx_word' id='word_1_42' title='bbox 1377 690 1664 745; x_wconf 83' lang='lat' dir='ltr'><strong>litabatur:</strong></span> <span class='ocrx_word' id='word_1_43' title='bbox 1682 701 1837 743; x_wconf 89' lang='lat' dir='ltr'><strong>sacra</strong></span> 
     </span>
    </p>
   </div>
   <div class='ocr_carea' id='block_1_9' title="bbox 220 782 1793 856">
    <p class='ocr_par' dir='ltr' id='par_1_9' title="bbox 220 782 1793 856">
     <span class='ocr_line' id='line_1_9' title="bbox 220 782 1793 856; baseline -0.006 -14"><span class='ocrx_word' id='word_1_44' title='bbox 220 786 372 842; x_wconf 86' lang='lat' dir='ltr'><strong>etiam</strong></span> <span class='ocrx_word' id='word_1_45' title='bbox 401 785 539 856; x_wconf 83' lang='lat' dir='ltr'><strong>legis</strong></span> <span class='ocrx_word' id='word_1_46' title='bbox 566 796 626 841; x_wconf 89' lang='lat' dir='ltr'><strong>et</strong></span> <span class='ocrx_word' id='word_1_47' title='bbox 664 786 1061 856; x_wconf 88' lang='lat' dir='ltr'><strong>prophetarum</strong></span> <span class='ocrx_word' id='word_1_48' title='bbox 1085 786 1364 840; x_wconf 79' lang='lat' dir='ltr'><strong>volumina</strong></span> <span class='ocrx_word' id='word_1_49' title='bbox 1394 782 1504 854; x_wconf 90' lang='lat' dir='ltr'><strong>igni</strong></span> <span class='ocrx_word' id='word_1_50' title='bbox 1528 790 1793 837; x_wconf 89' lang='lat' dir='ltr'><strong>cremata.</strong></span> 
     </span>
    </p>
   </div>
   <div class='ocr_carea' id='block_1_10' title="bbox 285 873 1839 949">
    <p class='ocr_par' dir='ltr' id='par_1_10' title="bbox 285 873 1839 949">
     <span class='ocr_line' id='line_1_10' title="bbox 285 873 1839 949; baseline -0.005 -14"><span class='ocrx_word' id='word_1_51' title='bbox 285 876 402 935; x_wconf 78' lang='lat' dir='ltr'><strong>XX.</strong></span> <span class='ocrx_word' id='word_1_52' title='bbox 440 876 517 941; x_wconf 71' lang='lat' dir='ltr'><strong>Ea.</strong></span> <span class='ocrx_word' id='word_1_53' title='bbox 546 886 895 949; x_wconf 86' lang='lat' dir='ltr'><strong>tempestate</strong></span> <span class='ocrx_word' id='word_1_54' title='bbox 926 877 1250 935; x_wconf 85' lang='lat' dir='ltr'><strong>Mathathias</strong></span> <span class='ocrx_word' id='word_1_55' title='bbox 1270 876 1507 933; x_wconf 81' lang='lat' dir='ltr'><strong>Joannis</strong></span> <span class='ocrx_word' id='word_1_56' title='bbox 1539 874 1706 942; x_wconf 91' lang='lat' dir='ltr'><strong>ﬁlius,</strong></span> <span class='ocrx_word' id='word_1_57' title='bbox 1740 873 1839 928; x_wconf 89' lang='lat' dir='ltr'><strong>Sa-</strong></span> 
     </span>
    </p>
   </div>
   <div class='ocr_carea' id='block_1_11' title="bbox 218 968 1841 1043">
    <p class='ocr_par' dir='ltr' id='par_1_11' title="bbox 218 968 1841 1043">
     <span class='ocr_line' id='line_1_11' title="bbox 218 968 1841 1043; baseline -0.002 -18"><span class='ocrx_word' id='word_1_58' title='bbox 218 970 404 1025; x_wconf 89' lang='lat' dir='ltr'><strong>cerdos</strong></span> <span class='ocrx_word' id='word_1_59' title='bbox 454 980 606 1042; x_wconf 83' lang='lat' dir='ltr'><strong>erat.</strong></span> <span class='ocrx_word' id='word_1_60' title='bbox 662 972 766 1026; x_wconf 92' lang='lat' dir='ltr'><strong>llic</strong></span> <span class='ocrx_word' id='word_1_61' title='bbox 796 986 916 1025; x_wconf 91' lang='lat' dir='ltr'><strong>cum</strong></span> <span class='ocrx_word' id='word_1_62' title='bbox 948 988 975 1026; x_wconf 89' lang='lat' dir='ltr'><strong>a</strong></span> <span class='ocrx_word' id='word_1_63' title='bbox 1004 970 1169 1043; x_wconf 87' lang='lat' dir='ltr'><strong>regiis</strong></span> <span class='ocrx_word' id='word_1_64' title='bbox 1199 978 1485 1042; x_wconf 81' lang='lat' dir='ltr'><strong>cogeretur</strong></span> <span class='ocrx_word' id='word_1_65' title='bbox 1516 968 1696 1023; x_wconf 87' lang='lat' dir='ltr'><strong>edicto</strong></span> <span class='ocrx_word' id='word_1_66' title='bbox 1748 981 1841 1037; x_wconf 89' lang='lat' dir='ltr'><strong>pa-</strong></span> 
     </span>
    </p>
   </div>
   <div class='ocr_carea' id='block_1_12' title="bbox 218 1059 1841 1137">
    <p class='ocr_par' dir='ltr' id='par_1_12' title="bbox 218 1059 1841 1137">
     <span class='ocr_line' id='line_1_12' title="bbox 218 1059 1841 1137; baseline -0.002 -21"><span class='ocrx_word' id='word_1_67' title='bbox 218 1077 369 1127; x_wconf 87' lang='lat' dir='ltr'><strong>rere,</strong></span> <span class='ocrx_word' id='word_1_68' title='bbox 402 1062 661 1137; x_wconf 77' lang='lat' dir='ltr'><strong>&#39;egregia</strong></span> <span class='ocrx_word' id='word_1_69' title='bbox 709 1064 1016 1118; x_wconf 83' lang='lat' dir='ltr'><strong>constantia</strong></span> <span class='ocrx_word' id='word_1_70' title='bbox 1057 1062 1282 1133; x_wconf 89' lang='lat' dir='ltr'><strong>profana</strong></span> <span class='ocrx_word' id='word_1_71' title='bbox 1329 1071 1707 1125; x_wconf 85' lang='lat' dir='ltr'><strong>contemnens,</strong></span> <span class='ocrx_word' id='word_1_72' title='bbox 1738 1059 1841 1115; x_wconf 87' lang='lat' dir='ltr'><strong>He-</strong></span> 
     </span>
    </p>
   </div>
   <div class='ocr_carea' id='block_1_13' title="bbox 218 1144 1841 1226">
    <p class='ocr_par' dir='ltr' id='par_1_13' title="bbox 218 1144 1841 1226">
     <span class='ocr_line' id='line_1_13' title="bbox 218 1144 1841 1226; baseline -0.004 -15"><span class='ocrx_word' id='word_1_73' title='bbox 218 1154 418 1211; x_wconf 75' lang='lat' dir='ltr'><strong>brtrum</strong></span> <span class='ocrx_word' id='word_1_74' title='bbox 455 1144 695 1224; x_wconf 83' lang='lat' dir='ltr'><strong>publice</strong></span> <span class='ocrx_word' id='word_1_75' title='bbox 732 1155 1108 1226; x_wconf 80' lang='lat' dir='ltr'><strong>profanantem</strong></span> <span class='ocrx_word' id='word_1_76' title='bbox 1140 1156 1190 1221; x_wconf 86' lang='lat' dir='ltr'><strong>in</strong></span> <span class='ocrx_word' id='word_1_77' title='bbox 1225 1171 1320 1211; x_wconf 90' lang='lat' dir='ltr'><strong>ore</strong></span> <span class='ocrx_word' id='word_1_78' title='bbox 1353 1155 1595 1210; x_wconf 91' lang='lat' dir='ltr'><strong>omnium</strong></span> <span class='ocrx_word' id='word_1_79' title='bbox 1626 1152 1841 1223; x_wconf 87' lang='lat' dir='ltr'><strong>jugula-</strong></span> 
     </span>
    </p>
   </div>
   <div class='ocr_carea' id='block_1_14' title="bbox 220 1248 1838 1321">
    <p class='ocr_par' dir='ltr' id='par_1_14' title="bbox 220 1248 1838 1321">
     <span class='ocr_line' id='line_1_14' title="bbox 220 1248 1838 1321; baseline -0.003 -19"><span class='ocrx_word' id='word_1_80' title='bbox 220 1250 309 1302; x_wconf 84' lang='lat' dir='ltr'><strong>vit.</strong></span> <span class='ocrx_word' id='word_1_81' title='bbox 362 1249 502 1304; x_wconf 84' lang='lat' dir='ltr'><strong>Tum</strong></span> <span class='ocrx_word' id='word_1_82' title='bbox 564 1250 804 1321; x_wconf 83' lang='lat' dir='ltr'><strong>demum</strong></span> <span class='ocrx_word' id='word_1_83' title='bbox 854 1261 1069 1321; x_wconf 87' lang='lat' dir='ltr'><strong>reperto</strong></span> <span class='ocrx_word' id='word_1_84' title='bbox 1098 1250 1235 1311; x_wconf 88' lang='lat' dir='ltr'><strong>duce</strong></span> <span class='ocrx_word' id='word_1_85' title='bbox 1270 1251 1405 1317; x_wconf 87' lang='lat' dir='ltr'><strong>facta</strong></span> <span class='ocrx_word' id='word_1_86' title='bbox 1456 1248 1695 1307; x_wconf 77' lang='lat' dir='ltr'><strong>secessio</strong></span> <span class='ocrx_word' id='word_1_87' title='bbox 1737 1253 1838 1300; x_wconf 77' lang='lat' dir='ltr'><strong>est.</strong></span> 
     </span>
    </p>
   </div>
   <div class='ocr_carea' id='block_1_15' title="bbox 218 1340 1844 1415">
    <p class='ocr_par' dir='ltr' id='par_1_15' title="bbox 218 1340 1844 1415">
     <span class='ocr_line' id='line_1_15' title="bbox 218 1340 1844 1415; baseline -0.002 -17"><span class='ocrx_word' id='word_1_88' title='bbox 218 1341 545 1407; x_wconf 75' lang='lat' dir='ltr'><strong>Matbatbias</strong></span> <span class='ocrx_word' id='word_1_89' title='bbox 576 1343 795 1415; x_wconf 91' lang='lat' dir='ltr'><strong>oppido</strong></span> <span class='ocrx_word' id='word_1_90' title='bbox 817 1360 1088 1415; x_wconf 82' lang='lat' dir='ltr'><strong>egressos,</strong></span> <span class='ocrx_word' id='word_1_91' title='bbox 1119 1344 1303 1399; x_wconf 89' lang='lat' dir='ltr'><strong>multis</strong></span> <span class='ocrx_word' id='word_1_92' title='bbox 1331 1343 1401 1411; x_wconf 88' lang='lat' dir='ltr'><strong>ad</strong></span> <span class='ocrx_word' id='word_1_93' title='bbox 1422 1358 1542 1397; x_wconf 89' lang='lat' dir='ltr'><strong>eum</strong></span> <span class='ocrx_word' id='word_1_94' title='bbox 1567 1340 1844 1397; x_wconf 86' lang='lat' dir='ltr'><strong>confluen-</strong></span> 
     </span>
    </p>
   </div>
   <div class='ocr_carea' id='block_1_16' title="bbox 219 1433 1846 1513">
    <p class='ocr_par' dir='ltr' id='par_1_16' title="bbox 219 1433 1846 1513">
     <span class='ocr_line' id='line_1_16' title="bbox 219 1433 1846 1513; baseline -0.001 -23"><span class='ocrx_word' id='word_1_95' title='bbox 219 1437 358 1491; x_wconf 90' lang='lat' dir='ltr'><strong>tibus</strong></span> <span class='ocrx_word' id='word_1_96' title='bbox 388 1439 649 1509; x_wconf 74' lang='lat' dir='ltr'><strong>speciem</strong></span> <span class='ocrx_word' id='word_1_97' title='bbox 681 1437 822 1506; x_wconf 85' lang='lat' dir='ltr'><strong>justi</strong></span> <span class='ocrx_word' id='word_1_98' title='bbox 850 1438 1122 1494; x_wconf 81' lang='lat' dir='ltr'><strong>exercitus</strong></span> <span class='ocrx_word' id='word_1_99' title='bbox 1154 1437 1407 1493; x_wconf 81' lang='lat' dir='ltr'><strong>effecerat</strong></span> <span class='ocrx_word' id='word_1_100' title='bbox 1441 1454 1452 1489; x_wconf 90' lang='lat'>:</span> <span class='ocrx_word' id='word_1_101' title='bbox 1485 1436 1637 1513; x_wconf 85' lang='lat' dir='ltr'><strong>queis</strong></span> <span class='ocrx_word' id='word_1_102' title='bbox 1669 1433 1846 1488; x_wconf 89' lang='lat' dir='ltr'><strong>omni-</strong></span> 
     </span>
    </p>
   </div>
   <div class='ocr_carea' id='block_1_17' title="bbox 218 1520 1843 1605">
    <p class='ocr_par' dir='ltr' id='par_1_17' title="bbox 218 1520 1843 1605">
     <span class='ocr_line' id='line_1_17' title="bbox 218 1520 1843 1605; baseline -0.002 -17"><span class='ocrx_word' id='word_1_103' title='bbox 218 1529 312 1588; x_wconf 86' lang='lat' dir='ltr'><strong>bus</strong></span> <span class='ocrx_word' id='word_1_104' title='bbox 354 1520 715 1597; x_wconf 83' lang='lat' dir='ltr'><strong>destinatum</strong></span> <span class='ocrx_word' id='word_1_105' title='bbox 765 1543 911 1598; x_wconf 88' lang='lat' dir='ltr'><strong>erat,</strong></span> <span class='ocrx_word' id='word_1_106' title='bbox 951 1533 1210 1589; x_wconf 85' lang='lat' dir='ltr'><strong>adversus</strong></span> <span class='ocrx_word' id='word_1_107' title='bbox 1242 1532 1526 1605; x_wconf 78' lang='lat' dir='ltr'><strong>profanum</strong></span> <span class='ocrx_word' id='word_1_108' title='bbox 1560 1530 1843 1601; x_wconf 90' lang='lat' dir='ltr'><strong>imperium</strong></span> 
     </span>
    </p>
   </div>
   <div class='ocr_carea' id='block_1_18' title="bbox 221 1624 1847 1698">
    <p class='ocr_par' dir='ltr' id='par_1_18' title="bbox 221 1624 1847 1698">
     <span class='ocr_line' id='line_1_18' title="bbox 221 1624 1847 1698; baseline -0.002 -18"><span class='ocrx_word' id='word_1_109' title='bbox 221 1640 276 1680; x_wconf 88' lang='lat' dir='ltr'><strong>se</strong></span> <span class='ocrx_word' id='word_1_110' title='bbox 304 1626 477 1693; x_wconf 88' lang='lat' dir='ltr'><strong>armis</strong></span> <span class='ocrx_word' id='word_1_111' title='bbox 514 1627 691 1693; x_wconf 85' lang='lat' dir='ltr'><strong>tueri.</strong></span> <span class='ocrx_word' id='word_1_112' title='bbox 723 1636 780 1680; x_wconf 91' lang='lat' dir='ltr'><strong>et</strong></span> <span class='ocrx_word' id='word_1_113' title='bbox 811 1626 863 1681; x_wconf 90' lang='lat' dir='ltr'><strong>in</strong></span> <span class='ocrx_word' id='word_1_114' title='bbox 898 1626 1039 1681; x_wconf 75' lang='lat' dir='ltr'><strong>lwllo</strong></span> <span class='ocrx_word' id='word_1_115' title='bbox 1086 1626 1265 1698; x_wconf 71' lang='lat' dir='ltr'><strong>porins</strong></span> <span class='ocrx_word' id='word_1_116' title='bbox 1294 1624 1618 1683; x_wconf 88' lang='lat' dir='ltr'><strong>occumbere</strong></span> <span class='ocrx_word' id='word_1_117' title='bbox 1640 1667 1653 1689; x_wconf 92' lang='lat'><strong>,</strong></span> <span class='ocrx_word' id='word_1_118' title='bbox 1686 1639 1847 1695; x_wconf 86' lang='lat' dir='ltr'><strong>quam</strong></span> 
     </span>
    </p>
   </div>
   <div class='ocr_carea' id='block_1_19' title="bbox 223 1717 1848 1788">
    <p class='ocr_par' dir='ltr' id='par_1_19' title="bbox 223 1717 1848 1788">
     <span class='ocr_line' id='line_1_19' title="bbox 223 1717 1848 1788; baseline -0.001 -15"><span class='ocrx_word' id='word_1_119' title='bbox 223 1717 407 1788; x_wconf 90' lang='lat' dir='ltr'><strong>impias</strong></span> <span class='ocrx_word' id='word_1_120' title='bbox 448 1718 807 1785; x_wconf 64' lang='lat' dir='ltr'><strong>cerimonias</strong></span> <span class='ocrx_word' id='word_1_121' title='bbox 855 1734 1130 1774; x_wconf 79' lang='lat' dir='ltr'><strong>exercere.</strong></span> <span class='ocrx_word' id='word_1_122' title='bbox 1168 1719 1375 1773; x_wconf 90' lang='lat' dir='ltr'><strong>Interea</strong></span> <span class='ocrx_word' id='word_1_123' title='bbox 1422 1719 1723 1773; x_wconf 83' lang='lat' dir='ltr'><strong>Antiochus</strong></span> <span class='ocrx_word' id='word_1_124' title='bbox 1754 1732 1848 1786; x_wconf 84' lang='lat' dir='ltr'><strong>per</strong></span> 
     </span>
    </p>
   </div>
   <div class='ocr_carea' id='block_1_20' title="bbox 1940 509 3544 584">
    <p class='ocr_par' dir='ltr' id='par_1_20' title="bbox 1940 509 3544 584">
     <span class='ocr_line' id='line_1_20' title="bbox 1940 509 3544 584; baseline -0.004 -15"><span class='ocrx_word' id='word_1_125' title='bbox 1940 528 2103 584; x_wconf 91' lang='lat' dir='ltr'><strong>opum</strong></span> <span class='ocrx_word' id='word_1_126' title='bbox 2150 523 2427 583; x_wconf 88' lang='lat' dir='ltr'><strong>repertum</strong></span> <span class='ocrx_word' id='word_1_127' title='bbox 2466 529 2481 567; x_wconf 88' lang='lat'><strong>:</strong></span> <span class='ocrx_word' id='word_1_128' title='bbox 2517 510 2763 581; x_wconf 83' lang='lat' dir='ltr'><strong>Namque</strong></span> <span class='ocrx_word' id='word_1_129' title='bbox 2809 526 2874 567; x_wconf 81' lang='lat' dir='ltr'><strong>ex</strong></span> <span class='ocrx_word' id='word_1_130' title='bbox 2930 509 3089 582; x_wconf 81' lang='lat' dir='ltr'><strong>Sytia</strong></span> <span class='ocrx_word' id='word_1_131' title='bbox 3148 510 3544 581; x_wconf 79' lang='lat' dir='ltr'><strong>negotiatOres,</strong></span> 
     </span>
    </p>
   </div>
   <div class='ocr_carea' id='block_1_21' title="bbox 1942 604 3553 674">
    <p class='ocr_par' dir='ltr' id='par_1_21' title="bbox 1942 604 3553 674">
     <span class='ocr_line' id='line_1_21' title="bbox 1942 604 3553 674; baseline -0.003 -14"><span class='ocrx_word' id='word_1_132' title='bbox 1942 606 2075 660; x_wconf 87' lang='lat' dir='ltr'><strong>nihil</strong></span> <span class='ocrx_word' id='word_1_133' title='bbox 2117 605 2185 662; x_wconf 91' lang='lat' dir='ltr'><strong>de</strong></span> <span class='ocrx_word' id='word_1_134' title='bbox 2231 607 2458 662; x_wconf 79' lang='lat' dir='ltr'><strong>victoria</strong></span> <span class='ocrx_word' id='word_1_135' title='bbox 2500 604 2839 672; x_wconf 79' lang='lat' dir='ltr'><strong>dubitantes,</strong></span> <span class='ocrx_word' id='word_1_136' title='bbox 2874 604 3084 674; x_wconf 83' lang='lat' dir='ltr'><strong>regium</strong></span> <span class='ocrx_word' id='word_1_137' title='bbox 3137 604 3435 659; x_wconf 77' lang='lat' dir='ltr'><strong>exercitum</strong></span> <span class='ocrx_word' id='word_1_138' title='bbox 3465 618 3553 656; x_wconf 82' lang='lat' dir='ltr'><strong>se-</strong></span> 
     </span>
    </p>
   </div>
   <div class='ocr_carea' id='block_1_22' title="bbox 1941 699 3553 773">
    <p class='ocr_par' dir='ltr' id='par_1_22' title="bbox 1941 699 3553 773">
     <span class='ocr_line' id='line_1_22' title="bbox 1941 699 3553 773; baseline -0.001 -16"><span class='ocrx_word' id='word_1_139' title='bbox 1941 703 2051 758; x_wconf 87' lang='lat' dir='ltr'><strong>cuti</strong></span> <span class='ocrx_word' id='word_1_140' title='bbox 2081 718 2177 773; x_wconf 87' lang='lat' dir='ltr'><strong>spe</strong></span> <span class='ocrx_word' id='word_1_141' title='bbox 2206 706 2449 773; x_wconf 68' lang='lat' dir='ltr'><strong>captivtts</strong></span> <span class='ocrx_word' id='word_1_142' title='bbox 2492 700 2809 768; x_wconf 90' lang='lat' dir='ltr'><strong>mercandi,</strong></span> <span class='ocrx_word' id='word_1_143' title='bbox 2839 700 3038 773; x_wconf 73' lang='lat' dir='ltr'><strong>prteda:</strong></span> <span class='ocrx_word' id='word_1_144' title='bbox 3082 699 3256 757; x_wconf 86' lang='lat' dir='ltr'><strong>fuero.</strong></span> <span class='ocrx_word' id='word_1_145' title='bbox 3288 699 3417 755; x_wconf 64' lang='lat' dir='ltr'><strong>Haec</strong></span> <span class='ocrx_word' id='word_1_146' title='bbox 3459 699 3553 755; x_wconf 85' lang='lat' dir='ltr'><strong>ubi</strong></span> 
     </span>
    </p>
   </div>
   <div class='ocr_carea' id='block_1_23' title="bbox 1940 795 3557 870">
    <p class='ocr_par' dir='ltr' id='par_1_23' title="bbox 1940 795 3557 870">
     <span class='ocr_line' id='line_1_23' title="bbox 1940 795 3557 870; baseline -0.004 -16"><span class='ocrx_word' id='word_1_147' title='bbox 1940 797 2119 870; x_wconf 81' lang='lat' dir='ltr'><strong>Lysiae</strong></span> <span class='ocrx_word' id='word_1_148' title='bbox 2150 815 2214 854; x_wconf 81' lang='lat' dir='ltr'><strong>ex</strong></span> <span class='ocrx_word' id='word_1_149' title='bbox 2249 797 2452 854; x_wconf 90' lang='lat' dir='ltr'><strong>nuntiis</strong></span> <span class='ocrx_word' id='word_1_150' title='bbox 2482 804 2760 865; x_wconf 86' lang='lat' dir='ltr'><strong>comperta</strong></span> <span class='ocrx_word' id='word_1_151' title='bbox 2788 838 2801 861; x_wconf 91' lang='lat'><strong>,</strong></span> <span class='ocrx_word' id='word_1_152' title='bbox 2837 795 3046 866; x_wconf 80' lang='lat' dir='ltr'><strong>majore</strong></span> <span class='ocrx_word' id='word_1_153' title='bbox 3074 810 3206 852; x_wconf 88' lang='lat' dir='ltr'><strong>cura</strong></span> <span class='ocrx_word' id='word_1_154' title='bbox 3235 796 3426 866; x_wconf 75' lang='lat' dir='ltr'><strong>Copias</strong></span> <span class='ocrx_word' id='word_1_155' title='bbox 3457 810 3557 865; x_wconf 85' lang='lat' dir='ltr'><strong>pa-</strong></span> 
     </span>
    </p>
   </div>
   <div class='ocr_carea' id='block_1_24' title="bbox 1942 886 3565 961">
    <p class='ocr_par' dir='ltr' id='par_1_24' title="bbox 1942 886 3565 961">
     <span class='ocr_line' id='line_1_24' title="bbox 1942 886 3565 961; baseline -0.002 -15"><span class='ocrx_word' id='word_1_156' title='bbox 1942 901 2057 957; x_wconf 91' lang='lat' dir='ltr'><strong>rat,</strong></span> <span class='ocrx_word' id='word_1_157' title='bbox 2084 906 2338 961; x_wconf 88' lang='lat' dir='ltr'><strong>annoque</strong></span> <span class='ocrx_word' id='word_1_158' title='bbox 2372 899 2492 959; x_wconf 84' lang='lat' dir='ltr'><strong>post</strong></span> <span class='ocrx_word' id='word_1_159' title='bbox 2521 889 2738 943; x_wconf 85' lang='lat' dir='ltr'><strong>immani</strong></span> <span class='ocrx_word' id='word_1_160' title='bbox 2769 887 3014 945; x_wconf 80' lang='lat' dir='ltr'><strong>exercitu</strong></span> <span class='ocrx_word' id='word_1_161' title='bbox 3041 886 3264 943; x_wconf 72' lang='lat' dir='ltr'><strong>Judreos</strong></span> <span class='ocrx_word' id='word_1_162' title='bbox 3312 888 3565 959; x_wconf 81' lang='lat' dir='ltr'><strong>aggredi-</strong></span> 
     </span>
    </p>
   </div>
   <div class='ocr_carea' id='block_1_25' title="bbox 1945 981 3200 1052">
    <p class='ocr_par' dir='ltr' id='par_1_25' title="bbox 1945 981 3200 1052">
     <span class='ocr_line' id='line_1_25' title="bbox 1945 981 3200 1052; baseline -0.003 -13"><span class='ocrx_word' id='word_1_163' title='bbox 1945 992 2050 1040; x_wconf 85' lang='lat' dir='ltr'><strong>tur.</strong></span> <span class='ocrx_word' id='word_1_164' title='bbox 2086 984 2279 1040; x_wconf 83' lang='lat' dir='ltr'><strong>Victus</strong></span> <span class='ocrx_word' id='word_1_165' title='bbox 2309 984 2487 1040; x_wconf 89' lang='lat' dir='ltr'><strong>denuo</strong></span> <span class='ocrx_word' id='word_1_166' title='bbox 2512 982 2858 1041; x_wconf 78' lang='lat' dir='ltr'><strong>Antiochiam</strong></span> <span class='ocrx_word' id='word_1_167' title='bbox 2888 996 2947 1039; x_wconf 89' lang='lat' dir='ltr'><strong>se</strong></span> <span class='ocrx_word' id='word_1_168' title='bbox 2975 981 3200 1052; x_wconf 79' lang='lat' dir='ltr'><strong>recepit.</strong></span> 
     </span>
    </p>
   </div>
   <div class='ocr_carea' id='block_1_26' title="bbox 2016 1076 3561 1148">
    <p class='ocr_par' dir='ltr' id='par_1_26' title="bbox 2016 1076 3561 1148">
     <span class='ocr_line' id='line_1_26' title="bbox 2016 1076 3561 1148; baseline -0.001 -12"><span class='ocrx_word' id='word_1_169' title='bbox 2016 1077 2187 1136; x_wconf 79' lang='lat' dir='ltr'><strong>XXII.</strong></span> <span class='ocrx_word' id='word_1_170' title='bbox 2217 1078 2390 1138; x_wconf 80' lang='lat' dir='ltr'><strong>Iudas</strong></span> <span class='ocrx_word' id='word_1_171' title='bbox 2414 1079 2581 1148; x_wconf 79' lang='lat' dir='ltr'><strong>pulsis</strong></span> <span class='ocrx_word' id='word_1_172' title='bbox 2606 1079 2858 1136; x_wconf 84' lang='lat' dir='ltr'><strong>hostibus</strong></span> <span class='ocrx_word' id='word_1_173' title='bbox 2882 1076 3322 1148; x_wconf 78' lang='lat' dir='ltr'><strong>Hierosolymam</strong></span> <span class='ocrx_word' id='word_1_174' title='bbox 3345 1092 3561 1148; x_wconf 82' lang='lat' dir='ltr'><strong>regres-</strong></span> 
     </span>
    </p>
   </div>
   <div class='ocr_carea' id='block_1_27' title="bbox 1944 1170 3563 1245">
    <p class='ocr_par' dir='ltr' id='par_1_27' title="bbox 1944 1170 3563 1245">
     <span class='ocr_line' id='line_1_27' title="bbox 1944 1170 3563 1245; baseline -0.004 -15"><span class='ocrx_word' id='word_1_175' title='bbox 1944 1191 2056 1239; x_wconf 88' lang='lat' dir='ltr'><strong>sus,</strong></span> <span class='ocrx_word' id='word_1_176' title='bbox 2086 1190 2320 1245; x_wconf 83' lang='lat' dir='ltr'><strong>purgarc</strong></span> <span class='ocrx_word' id='word_1_177' title='bbox 2339 1173 2600 1244; x_wconf 86' lang='lat' dir='ltr'><strong>templum</strong></span> <span class='ocrx_word' id='word_1_178' title='bbox 2630 1182 2683 1229; x_wconf 91' lang='lat' dir='ltr'><strong>et</strong></span> <span class='ocrx_word' id='word_1_179' title='bbox 2711 1172 3007 1232; x_wconf 78' lang='lat' dir='ltr'><strong>restituere</strong></span> <span class='ocrx_word' id='word_1_180' title='bbox 3030 1170 3275 1231; x_wconf 87' lang='lat' dir='ltr'><strong>animum</strong></span> <span class='ocrx_word' id='word_1_181' title='bbox 3306 1170 3563 1237; x_wconf 83' lang='lat' dir='ltr'><strong>intendit,</strong></span> 
     </span>
    </p>
   </div>
   <div class='ocr_carea' id='block_1_28' title="bbox 1946 1265 3563 1341">
    <p class='ocr_par' dir='ltr' id='par_1_28' title="bbox 1946 1265 3563 1341">
     <span class='ocr_line' id='line_1_28' title="bbox 1946 1265 3563 1341; baseline -0.002 -19"><span class='ocrx_word' id='word_1_182' title='bbox 1946 1270 2092 1341; x_wconf 85' lang='lat' dir='ltr'><strong>quod</strong></span> <span class='ocrx_word' id='word_1_183' title='bbox 2147 1285 2401 1325; x_wconf 88' lang='lat' dir='ltr'><strong>eversum</strong></span> <span class='ocrx_word' id='word_1_184' title='bbox 2450 1270 2517 1324; x_wconf 86' lang='lat' dir='ltr'><strong>ab</strong></span> <span class='ocrx_word' id='word_1_185' title='bbox 2560 1266 2833 1325; x_wconf 83' lang='lat' dir='ltr'><strong>Antiocho</strong></span> <span class='ocrx_word' id='word_1_186' title='bbox 2883 1265 3341 1337; x_wconf 85' lang='lat' dir='ltr'><strong>profanatumqne</strong></span> <span class='ocrx_word' id='word_1_187' title='bbox 3371 1282 3398 1320; x_wconf 89' lang='lat' dir='ltr'><strong>a</strong></span> <span class='ocrx_word' id='word_1_188' title='bbox 3432 1282 3563 1336; x_wconf 86' lang='lat' dir='ltr'><strong>gen-</strong></span> 
     </span>
    </p>
   </div>
   <div class='ocr_carea' id='block_1_29' title="bbox 1951 1359 3560 1432">
    <p class='ocr_par' dir='ltr' id='par_1_29' title="bbox 1951 1359 3560 1432">
     <span class='ocr_line' id='line_1_29' title="bbox 1951 1359 3560 1432; baseline -0.005 -14"><span class='ocrx_word' id='word_1_189' title='bbox 1951 1365 2095 1420; x_wconf 87' lang='lat' dir='ltr'><strong>tibus</strong></span> <span class='ocrx_word' id='word_1_190' title='bbox 2128 1363 2325 1421; x_wconf 83' lang='lat' dir='ltr'><strong>foedam</strong></span> <span class='ocrx_word' id='word_1_191' title='bbox 2357 1362 2440 1419; x_wconf 89' lang='lat' dir='ltr'><strong>sui</strong></span> <span class='ocrx_word' id='word_1_192' title='bbox 2464 1361 2704 1432; x_wconf 83' lang='lat' dir='ltr'><strong>speciem</strong></span> <span class='ocrx_word' id='word_1_193' title='bbox 2734 1359 3036 1431; x_wconf 67' lang='lat' dir='ltr'><strong>praebebat.</strong></span> <span class='ocrx_word' id='word_1_194' title='bbox 3068 1359 3177 1415; x_wconf 86' lang='lat' dir='ltr'><strong>Sed</strong></span> <span class='ocrx_word' id='word_1_195' title='bbox 3197 1359 3352 1431; x_wconf 82' lang='lat' dir='ltr'><strong>Syris</strong></span> <span class='ocrx_word' id='word_1_196' title='bbox 3380 1373 3560 1414; x_wconf 84' lang='lat' dir='ltr'><strong>arcem</strong></span> 
     </span>
    </p>
   </div>
   <div class='ocr_carea' id='block_1_30' title="bbox 1952 1454 3565 1529">
    <p class='ocr_par' dir='ltr' id='par_1_30' title="bbox 1952 1454 3565 1529">
     <span class='ocr_line' id='line_1_30' title="bbox 1952 1454 3565 1529; baseline -0.002 -16"><span class='ocrx_word' id='word_1_197' title='bbox 1952 1458 2263 1514; x_wconf 85' lang='lat' dir='ltr'><strong>tenentibus</strong></span> <span class='ocrx_word' id='word_1_198' title='bbox 2295 1457 2441 1529; x_wconf 75' lang='lat' dir='ltr'><strong>(qua:</strong></span> <span class='ocrx_word' id='word_1_199' title='bbox 2478 1456 2733 1527; x_wconf 80' lang='lat' dir='ltr'><strong>contigua</strong></span> <span class='ocrx_word' id='word_1_200' title='bbox 2766 1455 2970 1524; x_wconf 82' lang='lat' dir='ltr'><strong>templo</strong></span> <span class='ocrx_word' id='word_1_201' title='bbox 2998 1464 3053 1509; x_wconf 92' lang='lat' dir='ltr'><strong>et</strong></span> <span class='ocrx_word' id='word_1_202' title='bbox 3082 1454 3186 1509; x_wconf 92' lang='lat' dir='ltr'><strong>loci</strong></span> <span class='ocrx_word' id='word_1_203' title='bbox 3228 1462 3419 1513; x_wconf 82' lang='lat' dir='ltr'><strong>natura</strong></span> <span class='ocrx_word' id='word_1_204' title='bbox 3471 1469 3565 1509; x_wconf 89' lang='lat' dir='ltr'><strong>su-</strong></span> 
     </span>
    </p>
   </div>
   <div class='ocr_carea' id='block_1_31' title="bbox 1954 1544 3562 1623">
    <p class='ocr_par' dir='ltr' id='par_1_31' title="bbox 1954 1544 3562 1623">
     <span class='ocr_line' id='line_1_31' title="bbox 1954 1544 3562 1623; baseline -0.007 -15"><span class='ocrx_word' id='word_1_205' title='bbox 1954 1554 2141 1623; x_wconf 91' lang='lat' dir='ltr'><strong>perior</strong></span> <span class='ocrx_word' id='word_1_206' title='bbox 2168 1564 2331 1622; x_wconf 86' lang='lat' dir='ltr'><strong>atque</strong></span> <span class='ocrx_word' id='word_1_207' title='bbox 2359 1548 2796 1620; x_wconf 77' lang='lat' dir='ltr'><strong>inexpugnabilis</strong></span> <span class='ocrx_word' id='word_1_208' title='bbox 2817 1550 2984 1611; x_wconf 84' lang='lat' dir='ltr'><strong>erat),</strong></span> <span class='ocrx_word' id='word_1_209' title='bbox 3014 1546 3152 1605; x_wconf 83' lang='lat' dir='ltr'><strong>adiri</strong></span> <span class='ocrx_word' id='word_1_210' title='bbox 3182 1544 3427 1617; x_wconf 81' lang='lat' dir='ltr'><strong>subjecta</strong></span> <span class='ocrx_word' id='word_1_211' title='bbox 3456 1561 3562 1599; x_wconf 91' lang='lat' dir='ltr'><strong>non</strong></span> 
     </span>
    </p>
   </div>
   <div class='ocr_carea' id='block_1_32' title="bbox 1953 1638 3569 1720">
    <p class='ocr_par' dir='ltr' id='par_1_32' title="bbox 1953 1638 3569 1720">
     <span class='ocr_line' id='line_1_32' title="bbox 1953 1638 3569 1720; baseline -0.002 -21"><span class='ocrx_word' id='word_1_212' title='bbox 1953 1656 2248 1720; x_wconf 83' lang='lat' dir='ltr'><strong>poterant,</strong></span> <span class='ocrx_word' id='word_1_213' title='bbox 2292 1645 2503 1702; x_wconf 91' lang='lat' dir='ltr'><strong>crebris</strong></span> <span class='ocrx_word' id='word_1_214' title='bbox 2556 1642 2940 1713; x_wconf 74' lang='lat' dir='ltr'><strong>eruptionibus</strong></span> <span class='ocrx_word' id='word_1_215' title='bbox 2985 1640 3424 1711; x_wconf 82' lang='lat' dir='ltr'><strong>prohibentibus.</strong></span> <span class='ocrx_word' id='word_1_216' title='bbox 3456 1638 3569 1697; x_wconf 84' lang='lat' dir='ltr'><strong>Ad-</strong></span> 
     </span>
    </p>
   </div>
   <div class='ocr_carea' id='block_1_33' title="bbox 1954 1734 3567 1804">
    <p class='ocr_par' dir='ltr' id='par_1_33' title="bbox 1954 1734 3567 1804">
     <span class='ocr_line' id='line_1_33' title="bbox 1954 1734 3567 1804; baseline -0.006 -5"><span class='ocrx_word' id='word_1_217' title='bbox 1954 1758 2177 1799; x_wconf 86' lang='lat' dir='ltr'><strong>versum</strong></span> <span class='ocrx_word' id='word_1_218' title='bbox 2208 1741 2308 1797; x_wconf 93' lang='lat' dir='ltr'><strong>hos</strong></span> <span class='ocrx_word' id='word_1_219' title='bbox 2335 1740 2501 1797; x_wconf 82' lang='lat' dir='ltr'><strong>Iudas</strong></span> <span class='ocrx_word' id='word_1_220' title='bbox 2530 1739 2921 1795; x_wconf 68' lang='lat' dir='ltr'><strong>validissimam</strong></span> <span class='ocrx_word' id='word_1_221' title='bbox 2951 1752 3178 1794; x_wconf 89' lang='lat' dir='ltr'><strong>suorum</strong></span> <span class='ocrx_word' id='word_1_222' title='bbox 3209 1736 3385 1795; x_wconf 88' lang='lat' dir='ltr'><strong>aciem</strong></span> <span class='ocrx_word' id='word_1_223' title='bbox 3415 1734 3567 1804; x_wconf 88' lang='lat' dir='ltr'><strong>obje-</strong></span> 
     </span>
    </p>
   </div>
   <div class='ocr_carea' id='block_1_34' title="bbox 226 1808 3570 1905">
    <p class='ocr_par' dir='ltr' id='par_1_34' title="bbox 226 1808 3570 1905">
     <span class='ocr_line' id='line_1_34' title="bbox 226 1808 3570 1905; baseline 0.005 -37"><span class='ocrx_word' id='word_1_224' title='bbox 226 1812 440 1869; x_wconf 71' lang='lat' dir='ltr'><strong>Grazcas</strong></span> <span class='ocrx_word' id='word_1_225' title='bbox 486 1828 726 1889; x_wconf 85' lang='lat' dir='ltr'><strong>quoque</strong></span> <span class='ocrx_word' id='word_1_226' title='bbox 757 1814 920 1868; x_wconf 85' lang='lat' dir='ltr'><strong>urbes</strong></span> <span class='ocrx_word' id='word_1_227' title='bbox 966 1830 1085 1884; x_wconf 68' lang='lat' dir='ltr'><strong>qua:</strong></span> <span class='ocrx_word' id='word_1_228' title='bbox 1120 1815 1170 1871; x_wconf 90' lang='lat' dir='ltr'><strong>in</strong></span> <span class='ocrx_word' id='word_1_229' title='bbox 1205 1814 1350 1868; x_wconf 88' lang='lat' dir='ltr'><strong>illius</strong></span> <span class='ocrx_word' id='word_1_230' title='bbox 1395 1813 1624 1884; x_wconf 87' lang='lat' dir='ltr'><strong>imperio</strong></span> <span class='ocrx_word' id='word_1_231' title='bbox 1651 1820 1805 1866; x_wconf 88' lang='lat' dir='ltr'><strong>erant</strong></span> <span class='ocrx_word' id='word_1_232' title='bbox 1831 1854 1844 1875; x_wconf 90' lang='lat'><strong>,</strong></span> <span class='ocrx_word' id='word_1_233' title='bbox 1881 1808 1931 1877; x_wconf 83' lang='grc' dir='ltr'><strong>Β</strong></span> <span class='ocrx_word' id='word_1_234' title='bbox 1955 1838 2152 1893; x_wconf 50' lang='lat' dir='ltr'><strong>cium</strong></span> <span class='ocrx_word' id='word_1_235' title='bbox 2180 1850 2320 1905; x_wconf 70' lang='lat' dir='ltr'><strong>opus</strong></span> <span class='ocrx_word' id='word_1_236' title='bbox 2350 1850 2523 1892; x_wconf 60' lang='grc' dir='ltr'><strong>εδει-ω</strong></span> <span class='ocrx_word' id='word_1_237' title='bbox 2549 1833 2686 1889; x_wconf 50' lang='lat' dir='ltr'><strong>mdis</strong></span> <span class='ocrx_word' id='word_1_238' title='bbox 2709 1841 2982 1899; x_wconf 74' lang='lat' dir='ltr'><strong>curatum,</strong></span> <span class='ocrx_word' id='word_1_239' title='bbox 3014 1830 3386 1902; x_wconf 80' lang='lat' dir='ltr'><strong>templumque</strong></span> <span class='ocrx_word' id='word_1_240' title='bbox 3414 1845 3570 1887; x_wconf 88' lang='lat' dir='ltr'><strong>muro</strong></span> 
     </span>
    </p>
   </div>
   <div class='ocr_carea' id='block_1_35' title="bbox 228 1906 1850 1982">
    <p class='ocr_par' dir='ltr' id='par_1_35' title="bbox 228 1906 1850 1982">
     <span class='ocr_line' id='line_1_35' title="bbox 228 1906 1850 1982; baseline 0 -21"><span class='ocrx_word' id='word_1_241' title='bbox 228 1916 467 1975; x_wconf 85' lang='lat' dir='ltr'><strong>repertos</strong></span> <span class='ocrx_word' id='word_1_242' title='bbox 512 1906 755 1962; x_wconf 69' lang='lat' dir='ltr'><strong>Jndtcos</strong></span> <span class='ocrx_word' id='word_1_243' title='bbox 803 1907 1111 1982; x_wconf 85' lang='lat' dir='ltr'><strong>sacriﬁcare</strong></span> <span class='ocrx_word' id='word_1_244' title='bbox 1160 1908 1429 1981; x_wconf 86' lang='lat' dir='ltr'><strong>cogebat,</strong></span> <span class='ocrx_word' id='word_1_245' title='bbox 1485 1906 1850 1977; x_wconf 85' lang='lat' dir='ltr'><strong>inautlitisque</strong></span> 
     </span>
    </p>
   </div>
   <div class='ocr_carea' id='block_1_36' title="bbox 226 1998 1851 2069">
    <p class='ocr_par' dir='ltr' id='par_1_36' title="bbox 226 1998 1851 2069">
     <span class='ocr_line' id='line_1_36' title="bbox 226 1998 1851 2069; baseline -0.001 -16"><span class='ocrx_word' id='word_1_246' title='bbox 226 1998 566 2053; x_wconf 84' lang='lat' dir='ltr'><strong>cruciatibus</strong></span> <span class='ocrx_word' id='word_1_247' title='bbox 597 2000 940 2055; x_wconf 89' lang='lat' dir='ltr'><strong>reluctantes</strong></span> <span class='ocrx_word' id='word_1_248' title='bbox 962 1999 1252 2067; x_wconf 88' lang='lat' dir='ltr'><strong>afﬁciebat.</strong></span> <span class='ocrx_word' id='word_1_249' title='bbox 1287 1999 1401 2068; x_wconf 83' lang='lat' dir='ltr'><strong>Qua</strong></span> <span class='ocrx_word' id='word_1_250' title='bbox 1431 2006 1753 2069; x_wconf 82' lang='lat' dir='ltr'><strong>tempestate</strong></span> <span class='ocrx_word' id='word_1_251' title='bbox 1787 1998 1851 2052; x_wconf 87' lang='lat' dir='ltr'><strong>il-</strong></span> 
     </span>
    </p>
   </div>
   <div class='ocr_carea' id='block_1_37' title="bbox 225 2092 1848 2165">
    <p class='ocr_par' dir='ltr' id='par_1_37' title="bbox 225 2092 1848 2165">
     <span class='ocr_line' id='line_1_37' title="bbox 225 2092 1848 2165; baseline -0.002 -17"><span class='ocrx_word' id='word_1_252' title='bbox 225 2093 400 2150; x_wconf 87' lang='lat' dir='ltr'><strong>lustris</strong></span> <span class='ocrx_word' id='word_1_253' title='bbox 457 2094 563 2148; x_wconf 88' lang='lat' dir='ltr'><strong>illa</strong></span> <span class='ocrx_word' id='word_1_254' title='bbox 622 2098 815 2165; x_wconf 81' lang='lat' dir='ltr'><strong>passio</strong></span> <span class='ocrx_word' id='word_1_255' title='bbox 860 2104 1070 2165; x_wconf 84' lang='lat' dir='ltr'><strong>septem</strong></span> <span class='ocrx_word' id='word_1_256' title='bbox 1103 2094 1327 2147; x_wconf 80' lang='lat' dir='ltr'><strong>fratrum</strong></span> <span class='ocrx_word' id='word_1_257' title='bbox 1360 2093 1659 2161; x_wconf 89' lang='lat' dir='ltr'><strong>matrisque</strong></span> <span class='ocrx_word' id='word_1_258' title='bbox 1706 2092 1848 2146; x_wconf 88' lang='lat' dir='ltr'><strong>luit:</strong></span> 
     </span>
    </p>
   </div>
   <div class='ocr_carea' id='block_1_38' title="bbox 225 2185 1847 2257">
    <p class='ocr_par' dir='ltr' id='par_1_38' title="bbox 225 2185 1847 2257">
     <span class='ocr_line' id='line_1_38' title="bbox 225 2185 1847 2257; baseline -0.001 -18"><span class='ocrx_word' id='word_1_259' title='bbox 225 2190 308 2257; x_wconf 87' lang='lat' dir='ltr'><strong>qui</strong></span> <span class='ocrx_word' id='word_1_260' title='bbox 341 2203 545 2242; x_wconf 88' lang='lat' dir='ltr'><strong>onmes</strong></span> <span class='ocrx_word' id='word_1_261' title='bbox 581 2202 709 2241; x_wconf 88' lang='lat' dir='ltr'><strong>cum</strong></span> <span class='ocrx_word' id='word_1_262' title='bbox 747 2186 922 2255; x_wconf 81' lang='lat' dir='ltr'><strong>legem</strong></span> <span class='ocrx_word' id='word_1_263' title='bbox 956 2185 1047 2240; x_wconf 91' lang='lat' dir='ltr'><strong>Dei</strong></span> <span class='ocrx_word' id='word_1_264' title='bbox 1082 2192 1136 2240; x_wconf 88' lang='lat' dir='ltr'><strong>et</strong></span> <span class='ocrx_word' id='word_1_265' title='bbox 1167 2186 1410 2255; x_wconf 58' lang='lat' dir='ltr'><strong>instituta</strong></span> <span class='ocrx_word' id='word_1_266' title='bbox 1444 2187 1707 2253; x_wconf 81' lang='lat' dir='ltr'><strong>majorum</strong></span> <span class='ocrx_word' id='word_1_267' title='bbox 1740 2185 1847 2238; x_wconf 73' lang='lat' dir='ltr'><strong>vio-</strong></span> 
     </span>
    </p>
   </div>
   <div class='ocr_carea' id='block_1_39' title="bbox 222 2277 1849 2352">
    <p class='ocr_par' dir='ltr' id='par_1_39' title="bbox 222 2277 1849 2352">
     <span class='ocr_line' id='line_1_39' title="bbox 222 2277 1849 2352; baseline -0.001 -17"><span class='ocrx_word' id='word_1_268' title='bbox 222 2280 329 2337; x_wconf 77' lang='lat' dir='ltr'><strong>larc</strong></span> <span class='ocrx_word' id='word_1_269' title='bbox 354 2280 660 2352; x_wconf 82' lang='lat' dir='ltr'><strong>suppliciis</strong></span> <span class='ocrx_word' id='word_1_270' title='bbox 704 2289 1056 2351; x_wconf 76' lang='lat' dir='ltr'><strong>cogerentur,</strong></span> <span class='ocrx_word' id='word_1_271' title='bbox 1091 2280 1227 2334; x_wconf 91' lang='lat' dir='ltr'><strong>mori</strong></span> <span class='ocrx_word' id='word_1_272' title='bbox 1267 2279 1599 2334; x_wconf 79' lang='lat' dir='ltr'><strong>maluerunt.</strong></span> <span class='ocrx_word' id='word_1_273' title='bbox 1634 2277 1714 2332; x_wconf 82' lang='lat' dir='ltr'><strong>Ad</strong></span> <span class='ocrx_word' id='word_1_274' title='bbox 1759 2294 1849 2333; x_wconf 81' lang='lat' dir='ltr'><strong>cx-</strong></span> 
     </span>
    </p>
   </div>
   <div class='ocr_carea' id='block_1_40' title="bbox 225 2376 1846 2448">
    <p class='ocr_par' dir='ltr' id='par_1_40' title="bbox 225 2376 1846 2448">
     <span class='ocr_line' id='line_1_40' title="bbox 225 2376 1846 2448; baseline -0.001 -17"><span class='ocrx_word' id='word_1_275' title='bbox 225 2384 451 2432; x_wconf 88' lang='lat' dir='ltr'><strong>tremum</strong></span> <span class='ocrx_word' id='word_1_276' title='bbox 493 2392 695 2445; x_wconf 77' lang='lat' dir='ltr'><strong>pmnas</strong></span> <span class='ocrx_word' id='word_1_277' title='bbox 718 2385 1038 2448; x_wconf 88' lang='lat' dir='ltr'><strong>mortesque</strong></span> <span class='ocrx_word' id='word_1_278' title='bbox 1061 2391 1250 2432; x_wconf 89' lang='lat' dir='ltr'><strong>eorum</strong></span> <span class='ocrx_word' id='word_1_279' title='bbox 1275 2376 1527 2431; x_wconf 90' lang='lat' dir='ltr'><strong>comitata</strong></span> <span class='ocrx_word' id='word_1_280' title='bbox 1555 2385 1729 2429; x_wconf 82' lang='lat' dir='ltr'><strong>mater</strong></span> <span class='ocrx_word' id='word_1_281' title='bbox 1747 2385 1846 2430; x_wconf 88' lang='lat' dir='ltr'><strong>est.</strong></span> 
     </span>
    </p>
   </div>
   <div class='ocr_carea' id='block_1_41' title="bbox 291 2470 1855 2547">
    <p class='ocr_par' dir='ltr' id='par_1_41' title="bbox 291 2470 1855 2547">
     <span class='ocr_line' id='line_1_41' title="bbox 291 2470 1855 2547; baseline -0.003 -18"><span class='ocrx_word' id='word_1_282' title='bbox 291 2472 433 2547; x_wconf 65' lang='lat' dir='ltr'><strong>XXI.</strong></span> <span class='ocrx_word' id='word_1_283' title='bbox 472 2473 708 2528; x_wconf 89' lang='lat' dir='ltr'><strong>Interea</strong></span> <span class='ocrx_word' id='word_1_284' title='bbox 753 2470 1083 2527; x_wconf 81' lang='lat' dir='ltr'><strong>Mathatltias</strong></span> <span class='ocrx_word' id='word_1_285' title='bbox 1128 2470 1855 2526; x_wconf 75' lang='lat' dir='ltr'><strong>moritur.Vicarintnexer-</strong></span> 
     </span>
    </p>
   </div>
   <div class='ocr_carea' id='block_1_42' title="bbox 227 2564 1857 2640">
    <p class='ocr_par' dir='ltr' id='par_1_42' title="bbox 227 2564 1857 2640">
     <span class='ocr_line' id='line_1_42' title="bbox 227 2564 1857 2640; baseline -0.004 -18"><span class='ocrx_word' id='word_1_286' title='bbox 227 2568 348 2622; x_wconf 91' lang='lat' dir='ltr'><strong>citui</strong></span> <span class='ocrx_word' id='word_1_287' title='bbox 379 2583 555 2640; x_wconf 86' lang='lat' dir='ltr'><strong>quem</strong></span> <span class='ocrx_word' id='word_1_288' title='bbox 609 2575 929 2637; x_wconf 80' lang='lat' dir='ltr'><strong>paraverat,</strong></span> <span class='ocrx_word' id='word_1_289' title='bbox 964 2566 1156 2619; x_wconf 86' lang='lat' dir='ltr'><strong>ducem</strong></span> <span class='ocrx_word' id='word_1_290' title='bbox 1200 2565 1391 2618; x_wconf 73' lang='grc' dir='ltr'>,Ιιιιὶςιιιι</span> <span class='ocrx_word' id='word_1_291' title='bbox 1445 2564 1610 2618; x_wconf 88' lang='lat' dir='ltr'><strong>ftlium</strong></span> <span class='ocrx_word' id='word_1_292' title='bbox 1653 2564 1857 2617; x_wconf 89' lang='lat' dir='ltr'><strong>subsli-</strong></span> 
     </span>
    </p>
   </div>
   <div class='ocr_carea' id='block_1_43' title="bbox 230 2656 1857 2729">
    <p class='ocr_par' dir='ltr' id='par_1_43' title="bbox 230 2656 1857 2729">
     <span class='ocr_line' id='line_1_43' title="bbox 230 2656 1857 2729; baseline -0.004 -15"><span class='ocrx_word' id='word_1_293' title='bbox 230 2659 343 2714; x_wconf 92' lang='lat' dir='ltr'><strong>tuit.</strong></span> <span class='ocrx_word' id='word_1_294' title='bbox 379 2660 565 2729; x_wconf 85' lang='lat' dir='ltr'><strong>llujus</strong></span> <span class='ocrx_word' id='word_1_295' title='bbox 595 2660 766 2713; x_wconf 88' lang='lat' dir='ltr'><strong>ductu</strong></span> <span class='ocrx_word' id='word_1_296' title='bbox 802 2656 1069 2711; x_wconf 83' lang='lat' dir='ltr'><strong>adversus</strong></span> <span class='ocrx_word' id='word_1_297' title='bbox 1099 2662 1281 2727; x_wconf 69' lang='lat' dir='ltr'><strong>regios</strong></span> <span class='ocrx_word' id='word_1_298' title='bbox 1312 2656 1687 2727; x_wconf 77' lang='lat' dir='ltr'><strong>frequentibus</strong></span> <span class='ocrx_word' id='word_1_299' title='bbox 1720 2670 1857 2724; x_wconf 73' lang='lat' dir='ltr'><strong>pra:-</strong></span> 
     </span>
    </p>
   </div>
   <div class='ocr_carea' id='block_1_44' title="bbox 226 2747 1853 2829">
    <p class='ocr_par' dir='ltr' id='par_1_44' title="bbox 226 2747 1853 2829">
     <span class='ocr_line' id='line_1_44' title="bbox 226 2747 1853 2829; baseline -0.007 -20"><span class='ocrx_word' id='word_1_300' title='bbox 226 2755 307 2809; x_wconf 86' lang='lat' dir='ltr'><strong>liis</strong></span> <span class='ocrx_word' id='word_1_301' title='bbox 338 2769 623 2829; x_wconf 81' lang='lat' dir='ltr'><strong>prospere</strong></span> <span class='ocrx_word' id='word_1_302' title='bbox 676 2761 973 2825; x_wconf 87' lang='lat' dir='ltr'><strong>pugnatum</strong></span> <span class='ocrx_word' id='word_1_303' title='bbox 1007 2769 1020 2803; x_wconf 87' lang='lat'><strong>:</strong></span> <span class='ocrx_word' id='word_1_304' title='bbox 1055 2765 1177 2803; x_wconf 91' lang='lat' dir='ltr'><strong>nam</strong></span> <span class='ocrx_word' id='word_1_305' title='bbox 1231 2750 1463 2821; x_wconf 90' lang='lat' dir='ltr'><strong>primum</strong></span> <span class='ocrx_word' id='word_1_306' title='bbox 1502 2747 1853 2818; x_wconf 83' lang='lat' dir='ltr'><strong>Apollonium</strong></span> 
     </span>
    </p>
   </div>
   <div class='ocr_carea' id='block_1_45' title="bbox 228 2841 1855 2921">
    <p class='ocr_par' dir='ltr' id='par_1_45' title="bbox 228 2841 1855 2921">
     <span class='ocr_line' id='line_1_45' title="bbox 228 2841 1855 2921; baseline -0.005 -18"><span class='ocrx_word' id='word_1_307' title='bbox 228 2849 418 2905; x_wconf 90' lang='lat' dir='ltr'><strong>ducem</strong></span> <span class='ocrx_word' id='word_1_308' title='bbox 443 2848 725 2913; x_wconf 81' lang='lat' dir='ltr'><strong>hostium,</strong></span> <span class='ocrx_word' id='word_1_309' title='bbox 752 2846 847 2917; x_wconf 87' lang='lat' dir='ltr'><strong>qui</strong></span> <span class='ocrx_word' id='word_1_310' title='bbox 877 2846 1087 2921; x_wconf 79' lang='lat' dir='ltr'><strong>magnis</strong></span> <span class='ocrx_word' id='word_1_311' title='bbox 1111 2845 1286 2914; x_wconf 85' lang='lat' dir='ltr'><strong>cupiis</strong></span> <span class='ocrx_word' id='word_1_312' title='bbox 1335 2845 1389 2898; x_wconf 91' lang='lat' dir='ltr'><strong>in</strong></span> <span class='ocrx_word' id='word_1_313' title='bbox 1420 2841 1732 2898; x_wconf 88' lang='lat' dir='ltr'><strong>conﬂictum</strong></span> <span class='ocrx_word' id='word_1_314' title='bbox 1764 2841 1855 2895; x_wconf 90' lang='lat' dir='ltr'><strong>dc-</strong></span> 
     </span>
    </p>
   </div>
   <div class='ocr_carea' id='block_1_46' title="bbox 231 2942 1858 3017">
    <p class='ocr_par' dir='ltr' id='par_1_46' title="bbox 231 2942 1858 3017">
     <span class='ocr_line' id='line_1_46' title="bbox 231 2942 1858 3017; baseline -0.003 -15"><span class='ocrx_word' id='word_1_315' title='bbox 231 2948 697 3017; x_wconf 83' lang='lat' dir='ltr'><strong>seenderat,cum</strong></span> <span class='ocrx_word' id='word_1_316' title='bbox 727 2944 884 3001; x_wconf 92' lang='lat' dir='ltr'><strong>omni</strong></span> <span class='ocrx_word' id='word_1_317' title='bbox 905 2946 1143 3001; x_wconf 82' lang='lat' dir='ltr'><strong>exercitu</strong></span> <span class='ocrx_word' id='word_1_318' title='bbox 1170 2945 1391 3000; x_wconf 88' lang='lat' dir='ltr'><strong>delevit.</strong></span> <span class='ocrx_word' id='word_1_319' title='bbox 1426 2944 1581 3013; x_wconf 86' lang='lat' dir='ltr'><strong>Quod</strong></span> <span class='ocrx_word' id='word_1_320' title='bbox 1610 2958 1730 2999; x_wconf 88' lang='lat' dir='ltr'><strong>cum</strong></span> <span class='ocrx_word' id='word_1_321' title='bbox 1758 2942 1858 2998; x_wconf 81' lang='lat' dir='ltr'><strong>Sc—</strong></span> 
     </span>
    </p>
   </div>
   <div class='ocr_carea' id='block_1_47' title="bbox 239 3036 1855 3114">
    <p class='ocr_par' dir='ltr' id='par_1_47' title="bbox 239 3036 1855 3114">
     <span class='ocr_line' id='line_1_47' title="bbox 239 3036 1855 3114; baseline -0.003 -20"><span class='ocrx_word' id='word_1_322' title='bbox 239 3055 337 3096; x_wconf 77' lang='lat' dir='ltr'><strong>run</strong></span> <span class='ocrx_word' id='word_1_323' title='bbox 369 3042 615 3114; x_wconf 88' lang='lat' dir='ltr'><strong>quidam,</strong></span> <span class='ocrx_word' id='word_1_324' title='bbox 653 3041 749 3113; x_wconf 91' lang='lat' dir='ltr'><strong>qui</strong></span> <span class='ocrx_word' id='word_1_325' title='bbox 787 3049 897 3095; x_wconf 89' lang='lat' dir='ltr'><strong>tum</strong></span> <span class='ocrx_word' id='word_1_326' title='bbox 938 3039 1108 3111; x_wconf 66' lang='lat' dir='ltr'><strong>Syria:</strong></span> <span class='ocrx_word' id='word_1_327' title='bbox 1152 3046 1423 3108; x_wconf 64' lang='lat' dir='ltr'><strong>praeerat,</strong></span> <span class='ocrx_word' id='word_1_328' title='bbox 1453 3036 1855 3107; x_wconf 82' lang='lat' dir='ltr'><strong>comperisset,</strong></span> 
     </span>
    </p>
   </div>
   <div class='ocr_carea' id='block_1_48' title="bbox 232 3129 1853 3204">
    <p class='ocr_par' dir='ltr' id='par_1_48' title="bbox 232 3129 1853 3204">
     <span class='ocr_line' id='line_1_48' title="bbox 232 3129 1853 3204; baseline -0.004 -15"><span class='ocrx_word' id='word_1_329' title='bbox 232 3135 618 3204; x_wconf 86' lang='lat' dir='ltr'><strong>multiplicatis</strong></span> <span class='ocrx_word' id='word_1_330' title='bbox 676 3131 989 3203; x_wconf 86' lang='lat' dir='ltr'><strong>legionibus</strong></span> <span class='ocrx_word' id='word_1_331' title='bbox 1036 3130 1228 3185; x_wconf 89' lang='lat' dir='ltr'><strong>Judam</strong></span> <span class='ocrx_word' id='word_1_332' title='bbox 1282 3145 1612 3200; x_wconf 77' lang='lat' dir='ltr'><strong>aggressus,</strong></span> <span class='ocrx_word' id='word_1_333' title='bbox 1672 3129 1853 3197; x_wconf 82' lang='lat' dir='ltr'><strong>ferox,</strong></span> 
     </span>
    </p>
   </div>
   <div class='ocr_carea' id='block_1_49' title="bbox 230 3224 1857 3299">
    <p class='ocr_par' dir='ltr' id='par_1_49' title="bbox 230 3224 1857 3299">
     <span class='ocr_line' id='line_1_49' title="bbox 230 3224 1857 3299; baseline 0 -22"><span class='ocrx_word' id='word_1_334' title='bbox 230 3228 353 3299; x_wconf 84' lang='lat' dir='ltr'><strong>quia</strong></span> <span class='ocrx_word' id='word_1_335' title='bbox 385 3241 627 3295; x_wconf 85' lang='lat' dir='ltr'><strong>nurnero</strong></span> <span class='ocrx_word' id='word_1_336' title='bbox 652 3224 1091 3297; x_wconf 67' lang='lat' dir='ltr'><strong>prmstabatwbi</strong></span> <span class='ocrx_word' id='word_1_337' title='bbox 1125 3224 1176 3277; x_wconf 91' lang='lat' dir='ltr'><strong>in</strong></span> <span class='ocrx_word' id='word_1_338' title='bbox 1206 3234 1480 3280; x_wconf 86' lang='lat' dir='ltr'><strong>certamen</strong></span> <span class='ocrx_word' id='word_1_339' title='bbox 1511 3224 1857 3285; x_wconf 78' lang='lat' dir='ltr'><strong>descensum,</strong></span> 
     </span>
    </p>
   </div>
   <div class='ocr_carea' id='block_1_50' title="bbox 229 3318 1860 3397">
    <p class='ocr_par' dir='ltr' id='par_1_50' title="bbox 229 3318 1860 3397">
     <span class='ocr_line' id='line_1_50' title="bbox 229 3318 1860 3397; baseline -0.005 -18"><span class='ocrx_word' id='word_1_340' title='bbox 229 3324 380 3387; x_wconf 88' lang='lat' dir='ltr'><strong>fusus</strong></span> <span class='ocrx_word' id='word_1_341' title='bbox 408 3340 474 3397; x_wconf 81' lang='lat' dir='ltr'><strong>ac</strong></span> <span class='ocrx_word' id='word_1_342' title='bbox 502 3325 748 3395; x_wconf 85' lang='lat' dir='ltr'><strong>fugatus,</strong></span> <span class='ocrx_word' id='word_1_343' title='bbox 779 3321 1102 3391; x_wconf 77' lang='lat' dir='ltr'><strong>octingentis</strong></span> <span class='ocrx_word' id='word_1_344' title='bbox 1128 3320 1297 3376; x_wconf 81' lang='lat' dir='ltr'><strong>ferme</strong></span> <span class='ocrx_word' id='word_1_345' title='bbox 1322 3320 1541 3379; x_wconf 89' lang='lat' dir='ltr'><strong>amissis</strong></span> <span class='ocrx_word' id='word_1_346' title='bbox 1564 3320 1617 3373; x_wconf 95' lang='lat' dir='ltr'><strong>in</strong></span> <span class='ocrx_word' id='word_1_347' title='bbox 1647 3318 1860 3388; x_wconf 85' lang='lat' dir='ltr'><strong>Syriam</strong></span> 
     </span>
    </p>
   </div>
   <div class='ocr_carea' id='block_1_51' title="bbox 232 3414 1865 3491">
    <p class='ocr_par' dir='ltr' id='par_1_51' title="bbox 232 3414 1865 3491">
     <span class='ocr_line' id='line_1_51' title="bbox 232 3414 1865 3491; baseline -0.002 -18"><span class='ocrx_word' id='word_1_348' title='bbox 232 3433 522 3491; x_wconf 79' lang='lat' dir='ltr'><strong>regressus</strong></span> <span class='ocrx_word' id='word_1_349' title='bbox 548 3426 659 3473; x_wconf 89' lang='lat' dir='ltr'><strong>est.</strong></span> <span class='ocrx_word' id='word_1_350' title='bbox 687 3414 749 3470; x_wconf 90' lang='lat' dir='ltr'><strong>Id</strong></span> <span class='ocrx_word' id='word_1_351' title='bbox 777 3414 870 3470; x_wconf 90' lang='lat' dir='ltr'><strong>ubi</strong></span> <span class='ocrx_word' id='word_1_352' title='bbox 897 3423 1232 3486; x_wconf 89' lang='lat' dir='ltr'><strong>compertum</strong></span> <span class='ocrx_word' id='word_1_353' title='bbox 1266 3425 1347 3471; x_wconf 89' lang='lat' dir='ltr'><strong>cst</strong></span> <span class='ocrx_word' id='word_1_354' title='bbox 1375 3414 1670 3479; x_wconf 89' lang='lat' dir='ltr'><strong>Antiocho,</strong></span> <span class='ocrx_word' id='word_1_355' title='bbox 1705 3416 1781 3469; x_wconf 91' lang='lat' dir='ltr'><strong>ira</strong></span> <span class='ocrx_word' id='word_1_356' title='bbox 1811 3423 1865 3469; x_wconf 91' lang='lat' dir='ltr'><strong>et</strong></span> 
     </span>
    </p>
   </div>
   <div class='ocr_carea' id='block_1_52' title="bbox 229 3509 1861 3582">
    <p class='ocr_par' dir='ltr' id='par_1_52' title="bbox 229 3509 1861 3582">
     <span class='ocr_line' id='line_1_52' title="bbox 229 3509 1861 3582; baseline -0.001 -17"><span class='ocrx_word' id='word_1_357' title='bbox 229 3511 422 3569; x_wconf 87' lang='lat' dir='ltr'><strong>dolore</strong></span> <span class='ocrx_word' id='word_1_358' title='bbox 450 3526 767 3567; x_wconf 84' lang='lat' dir='ltr'><strong>succensus</strong></span> <span class='ocrx_word' id='word_1_359' title='bbox 799 3510 1021 3582; x_wconf 85' lang='lat' dir='ltr'><strong>(quippe</strong></span> <span class='ocrx_word' id='word_1_360' title='bbox 1053 3509 1353 3580; x_wconf 83' lang='lat' dir='ltr'><strong>angebatur</strong></span> <span class='ocrx_word' id='word_1_361' title='bbox 1379 3509 1548 3565; x_wconf 91' lang='lat' dir='ltr'><strong>duces</strong></span> <span class='ocrx_word' id='word_1_362' title='bbox 1576 3523 1708 3564; x_wconf 90' lang='lat' dir='ltr'><strong>suos</strong></span> <span class='ocrx_word' id='word_1_363' title='bbox 1739 3524 1861 3563; x_wconf 92' lang='lat' dir='ltr'><strong>cum</strong></span> 
     </span>
    </p>
   </div>
   <div class='ocr_carea' id='block_1_53' title="bbox 233 3602 1866 3681">
    <p class='ocr_par' dir='ltr' id='par_1_53' title="bbox 233 3602 1866 3681">
     <span class='ocr_line' id='line_1_53' title="bbox 233 3602 1866 3681; baseline -0.002 -20"><span class='ocrx_word' id='word_1_364' title='bbox 233 3607 449 3681; x_wconf 87' lang='lat' dir='ltr'><strong>magnis</strong></span> <span class='ocrx_word' id='word_1_365' title='bbox 499 3605 855 3662; x_wconf 74' lang='lat' dir='ltr'><strong>exercitibus</strong></span> <span class='ocrx_word' id='word_1_366' title='bbox 906 3603 1204 3673; x_wconf 74' lang='lat' dir='ltr'><strong>devictus),</strong></span> <span class='ocrx_word' id='word_1_367' title='bbox 1247 3602 1509 3673; x_wconf 86' lang='lat' dir='ltr'><strong>auxilium</strong></span> <span class='ocrx_word' id='word_1_368' title='bbox 1554 3619 1650 3675; x_wconf 89' lang='lat' dir='ltr'><strong>per</strong></span> <span class='ocrx_word' id='word_1_369' title='bbox 1703 3617 1866 3665; x_wconf 86' lang='lat' dir='ltr'><strong>omne</strong></span> 
     </span>
    </p>
   </div>
   <div class='ocr_carea' id='block_1_54' title="bbox 234 3695 1868 3774">
    <p class='ocr_par' dir='ltr' id='par_1_54' title="bbox 234 3695 1868 3774">
     <span class='ocr_line' id='line_1_54' title="bbox 234 3695 1868 3774; baseline -0.004 -18"><span class='ocrx_word' id='word_1_370' title='bbox 234 3717 469 3774; x_wconf 80' lang='lat' dir='ltr'><strong>regnum</strong></span> <span class='ocrx_word' id='word_1_371' title='bbox 512 3698 846 3769; x_wconf 78' lang='lat' dir='ltr'><strong>contrahit:</strong></span> <span class='ocrx_word' id='word_1_372' title='bbox 879 3697 1194 3753; x_wconf 86' lang='lat' dir='ltr'><strong>donativum</strong></span> <span class='ocrx_word' id='word_1_373' title='bbox 1245 3697 1531 3765; x_wconf 88' lang='lat' dir='ltr'><strong>militibus,</strong></span> <span class='ocrx_word' id='word_1_374' title='bbox 1585 3695 1868 3751; x_wconf 76' lang='lat' dir='ltr'><strong>exhaustis</strong></span> 
     </span>
    </p>
   </div>
   <div class='ocr_carea' id='block_1_55' title="bbox 237 3776 1869 3863">
    <p class='ocr_par' dir='ltr' id='par_1_55' title="bbox 237 3776 1869 3863">
     <span class='ocr_line' id='line_1_55' title="bbox 237 3776 1869 3863; baseline -0.004 -15"><span class='ocrx_word' id='word_1_375' title='bbox 237 3796 459 3863; x_wconf 87' lang='lat' dir='ltr'><strong>penitus</strong></span> <span class='ocrx_word' id='word_1_376' title='bbox 484 3776 792 3855; x_wconf 88' lang='lat' dir='ltr'><strong>thesauris,</strong></span> <span class='ocrx_word' id='word_1_377' title='bbox 814 3790 1055 3862; x_wconf 86' lang='lat' dir='ltr'><strong>largitur.</strong></span> <span class='ocrx_word' id='word_1_378' title='bbox 1089 3790 1298 3847; x_wconf 88' lang='lat' dir='ltr'><strong>Etenim</strong></span> <span class='ocrx_word' id='word_1_379' title='bbox 1324 3799 1435 3845; x_wconf 91' lang='lat' dir='ltr'><strong>tum</strong></span> <span class='ocrx_word' id='word_1_380' title='bbox 1456 3789 1727 3860; x_wconf 66' lang='lat' dir='ltr'><strong>prmcipue</strong></span> <span class='ocrx_word' id='word_1_381' title='bbox 1750 3803 1869 3857; x_wconf 89' lang='lat' dir='ltr'><strong>gra-</strong></span> 
     </span>
    </p>
   </div>
   <div class='ocr_carea' id='block_1_56' title="bbox 237 3881 1870 3961">
    <p class='ocr_par' dir='ltr' id='par_1_56' title="bbox 237 3881 1870 3961">
     <span class='ocr_line' id='line_1_56' title="bbox 237 3881 1870 3961; baseline -0.003 -21"><span class='ocrx_word' id='word_1_382' title='bbox 237 3890 379 3953; x_wconf 84' lang='lat' dir='ltr'><strong>viter</strong></span> <span class='ocrx_word' id='word_1_383' title='bbox 404 3884 659 3961; x_wconf 70' lang='lat' dir='ltr'><strong>pecunia:</strong></span> <span class='ocrx_word' id='word_1_384' title='bbox 696 3883 878 3954; x_wconf 88' lang='lat' dir='ltr'><strong>inopia</strong></span> <span class='ocrx_word' id='word_1_385' title='bbox 908 3882 1029 3938; x_wconf 78' lang='lat' dir='ltr'><strong>affet</strong></span> <span class='ocrx_word' id='word_1_386' title='bbox 1052 3892 1137 3936; x_wconf 87' lang='lat' dir='ltr'><strong>tus</strong></span> <span class='ocrx_word' id='word_1_387' title='bbox 1167 3895 1305 3937; x_wconf 88' lang='lat' dir='ltr'><strong>erat.</strong></span> <span class='ocrx_word' id='word_1_388' title='bbox 1332 3882 1465 3938; x_wconf 88' lang='lat' dir='ltr'><strong>Nam</strong></span> <span class='ocrx_word' id='word_1_389' title='bbox 1492 3881 1870 3938; x_wconf 84' lang='lat' dir='ltr'><strong>deﬁcientibus</strong></span> 
     </span>
    </p>
   </div>
   <div class='ocr_carea' id='block_1_57' title="bbox 239 3975 1869 4053">
    <p class='ocr_par' dir='ltr' id='par_1_57' title="bbox 239 3975 1869 4053">
     <span class='ocr_line' id='line_1_57' title="bbox 239 3975 1869 4053; baseline -0.006 -18"><span class='ocrx_word' id='word_1_390' title='bbox 239 3980 309 4035; x_wconf 80' lang='lat' dir='ltr'><strong>ab</strong></span> <span class='ocrx_word' id='word_1_391' title='bbox 355 3995 424 4053; x_wconf 82' lang='lat' dir='ltr'><strong>eo</strong></span> <span class='ocrx_word' id='word_1_392' title='bbox 464 3977 703 4037; x_wconf 69' lang='lat' dir='ltr'><strong>Jutlzcis,</strong></span> <span class='ocrx_word' id='word_1_393' title='bbox 735 3975 831 4047; x_wconf 86' lang='lat' dir='ltr'><strong>qui</strong></span> <span class='ocrx_word' id='word_1_394' title='bbox 874 3978 921 4030; x_wconf 92' lang='lat' dir='ltr'><strong>ei</strong></span> <span class='ocrx_word' id='word_1_395' title='bbox 977 3976 1113 4029; x_wconf 89' lang='lat' dir='ltr'><strong>ultra</strong></span> <span class='ocrx_word' id='word_1_396' title='bbox 1160 3984 1401 4031; x_wconf 83' lang='lat' dir='ltr'><strong>trecenta</strong></span> <span class='ocrx_word' id='word_1_397' title='bbox 1435 3975 1642 4047; x_wconf 81' lang='lat' dir='ltr'><strong>argenti</strong></span> <span class='ocrx_word' id='word_1_398' title='bbox 1674 3976 1869 4029; x_wconf 87' lang='lat' dir='ltr'><strong>talenta</strong></span> 
     </span>
    </p>
   </div>
   <div class='ocr_carea' id='block_1_58' title="bbox 240 4067 1870 4143">
    <p class='ocr_par' dir='ltr' id='par_1_58' title="bbox 240 4067 1870 4143">
     <span class='ocr_line' id='line_1_58' title="bbox 240 4067 1870 4143; baseline -0.004 -17"><span class='ocrx_word' id='word_1_399' title='bbox 240 4088 423 4135; x_wconf 83' lang='lat' dir='ltr'><strong>annua</strong></span> <span class='ocrx_word' id='word_1_400' title='bbox 458 4073 881 4143; x_wconf 82' lang='lat' dir='ltr'><strong>pensitavcrant</strong></span> <span class='ocrx_word' id='word_1_401' title='bbox 908 4111 921 4135; x_wconf 94' lang='lat'><strong>,</strong></span> <span class='ocrx_word' id='word_1_402' title='bbox 957 4078 1220 4136; x_wconf 73' lang='lat' dir='ltr'><strong>praeterea</strong></span> <span class='ocrx_word' id='word_1_403' title='bbox 1254 4069 1448 4139; x_wconf 65' lang='lat' dir='ltr'><strong>graecis</strong></span> <span class='ocrx_word' id='word_1_404' title='bbox 1476 4068 1700 4123; x_wconf 85' lang='lat' dir='ltr'><strong>urbibus</strong></span> <span class='ocrx_word' id='word_1_405' title='bbox 1730 4067 1870 4121; x_wconf 83' lang='lat' dir='ltr'><strong>mul-</strong></span> 
     </span>
    </p>
   </div>
   <div class='ocr_carea' id='block_1_59' title="bbox 244 4160 1875 4239">
    <p class='ocr_par' dir='ltr' id='par_1_59' title="bbox 244 4160 1875 4239">
     <span class='ocr_line' id='line_1_59' title="bbox 244 4160 1875 4239; baseline -0.004 -18"><span class='ocrx_word' id='word_1_406' title='bbox 244 4169 425 4239; x_wconf 80' lang='lat' dir='ltr'><strong>lisque</strong></span> <span class='ocrx_word' id='word_1_407' title='bbox 474 4165 805 4239; x_wconf 84' lang='lat' dir='ltr'><strong>regionibus</strong></span> <span class='ocrx_word' id='word_1_408' title='bbox 853 4162 1251 4233; x_wconf 85' lang='lat' dir='ltr'><strong>persecutionis</strong></span> <span class='ocrx_word' id='word_1_409' title='bbox 1299 4163 1443 4217; x_wconf 91' lang='lat' dir='ltr'><strong>malo</strong></span> <span class='ocrx_word' id='word_1_410' title='bbox 1494 4162 1725 4217; x_wconf 88' lang='lat' dir='ltr'><strong>turbatis</strong></span> <span class='ocrx_word' id='word_1_411' title='bbox 1768 4160 1875 4231; x_wconf 91' lang='lat' dir='ltr'><strong>(ne</strong></span> 
     </span>
    </p>
   </div>
   <div class='ocr_carea' id='block_1_60' title="bbox 242 4256 1876 4333">
    <p class='ocr_par' dir='ltr' id='par_1_60' title="bbox 242 4256 1876 4333">
     <span class='ocr_line' id='line_1_60' title="bbox 242 4256 1876 4333; baseline -0.005 -15"><span class='ocrx_word' id='word_1_412' title='bbox 242 4263 544 4333; x_wconf 80' lang='lat' dir='ltr'><strong>gentilibus</strong></span> <span class='ocrx_word' id='word_1_413' title='bbox 576 4258 804 4333; x_wconf 87' lang='lat' dir='ltr'><strong>quidem</strong></span> <span class='ocrx_word' id='word_1_414' title='bbox 835 4269 1186 4327; x_wconf 83' lang='lat' dir='ltr'><strong>pepercerat,</strong></span> <span class='ocrx_word' id='word_1_415' title='bbox 1222 4274 1357 4331; x_wconf 85' lang='lat' dir='ltr'><strong>quos</strong></span> <span class='ocrx_word' id='word_1_416' title='bbox 1382 4258 1640 4312; x_wconf 80' lang='lat' dir='ltr'><strong>deserere</strong></span> <span class='ocrx_word' id='word_1_417' title='bbox 1670 4256 1876 4310; x_wconf 84' lang='lat' dir='ltr'><strong>invete-</strong></span> 
     </span>
    </p>
   </div>
   <div class='ocr_carea' id='block_1_61' title="bbox 246 4336 1873 4431">
    <p class='ocr_par' dir='ltr' id='par_1_61' title="bbox 246 4336 1873 4431">
     <span class='ocr_line' id='line_1_61' title="bbox 246 4336 1873 4431; baseline -0.006 -20"><span class='ocrx_word' id='word_1_418' title='bbox 246 4344 397 4431; x_wconf 86' lang='lat' dir='ltr'><strong>ratas</strong></span> <span class='ocrx_word' id='word_1_419' title='bbox 425 4336 865 4431; x_wconf 85' lang='lat' dir='ltr'><strong>superstitiones</strong></span> <span class='ocrx_word' id='word_1_420' title='bbox 892 4361 945 4407; x_wconf 91' lang='lat' dir='ltr'><strong>et</strong></span> <span class='ocrx_word' id='word_1_421' title='bbox 974 4352 1038 4406; x_wconf 90' lang='lat' dir='ltr'><strong>ad</strong></span> <span class='ocrx_word' id='word_1_422' title='bbox 1072 4368 1233 4405; x_wconf 89' lang='lat' dir='ltr'><strong>ttnum</strong></span> <span class='ocrx_word' id='word_1_423' title='bbox 1266 4354 1427 4417; x_wconf 84' lang='lat' dir='ltr'><strong>ritum</strong></span> <span class='ocrx_word' id='word_1_424' title='bbox 1457 4349 1727 4405; x_wconf 84' lang='lat' dir='ltr'><strong>deducere</strong></span> <span class='ocrx_word' id='word_1_425' title='bbox 1754 4356 1873 4413; x_wconf 85' lang='lat' dir='ltr'><strong>ten-</strong></span> 
     </span>
    </p>
   </div>
   <div class='ocr_carea' id='block_1_62' title="bbox 246 4440 1880 4523">
    <p class='ocr_par' dir='ltr' id='par_1_62' title="bbox 246 4440 1880 4523">
     <span class='ocr_line' id='line_1_62' title="bbox 246 4440 1880 4523; baseline -0.004 -21"><span class='ocrx_word' id='word_1_426' title='bbox 246 4456 463 4523; x_wconf 86' lang='lat' dir='ltr'><strong>taverat</strong></span> <span class='ocrx_word' id='word_1_427' title='bbox 496 4466 509 4502; x_wconf 89' lang='lat'>:</span> <span class='ocrx_word' id='word_1_428' title='bbox 547 4447 664 4501; x_wconf 91' lang='lat' dir='ltr'><strong>illis</strong></span> <span class='ocrx_word' id='word_1_429' title='bbox 710 4445 960 4516; x_wconf 88' lang='lat' dir='ltr'><strong>quidem,</strong></span> <span class='ocrx_word' id='word_1_430' title='bbox 1009 4445 1097 4497; x_wconf 88' lang='lat' dir='ltr'><strong>ubi</strong></span> <span class='ocrx_word' id='word_1_431' title='bbox 1132 4444 1262 4498; x_wconf 90' lang='lat' dir='ltr'><strong>nihil</strong></span> <span class='ocrx_word' id='word_1_432' title='bbox 1309 4443 1481 4499; x_wconf 85' lang='lat' dir='ltr'><strong>sancti</strong></span> <span class='ocrx_word' id='word_1_433' title='bbox 1531 4450 1685 4505; x_wconf 86' lang='lat' dir='ltr'><strong>erat,</strong></span> <span class='ocrx_word' id='word_1_434' title='bbox 1724 4440 1880 4496; x_wconf 80' lang='lat' dir='ltr'><strong>facile</strong></span> 
     </span>
    </p>
   </div>
   <div class='ocr_carea' id='block_1_63' title="bbox 247 4535 1879 4616">
    <p class='ocr_par' dir='ltr' id='par_1_63' title="bbox 247 4535 1879 4616">
     <span class='ocr_line' id='line_1_63' title="bbox 247 4535 1879 4616; baseline -0.002 -19"><span class='ocrx_word' id='word_1_435' title='bbox 247 4542 737 4616; x_wconf 78' lang='lat' dir='ltr'><strong>relinquentibus;</strong></span> <span class='ocrx_word' id='word_1_436' title='bbox 796 4541 889 4595; x_wconf 91' lang='lat' dir='ltr'><strong>sed</strong></span> <span class='ocrx_word' id='word_1_437' title='bbox 943 4548 1123 4595; x_wconf 89' lang='lat' dir='ltr'><strong>tamen</strong></span> <span class='ocrx_word' id='word_1_438' title='bbox 1168 4541 1419 4594; x_wconf 88' lang='lat' dir='ltr'><strong>omnibus</strong></span> <span class='ocrx_word' id='word_1_439' title='bbox 1452 4550 1599 4593; x_wconf 87' lang='lat' dir='ltr'><strong>metu</strong></span> <span class='ocrx_word' id='word_1_440' title='bbox 1627 4552 1689 4609; x_wconf 79' lang='lat' dir='ltr'><strong>ac</strong></span> <span class='ocrx_word' id='word_1_441' title='bbox 1722 4535 1879 4594; x_wconf 84' lang='lat' dir='ltr'><strong>clade</strong></span> 
     </span>
    </p>
   </div>
   <div class='ocr_carea' id='block_1_64' title="bbox 250 4605 1965 4712">
    <p class='ocr_par' dir='ltr' id='par_1_64' title="bbox 250 4605 1965 4712">
     <span class='ocr_line' id='line_1_64' title="bbox 250 4605 1965 4712; baseline -0.003 -19"><span class='ocrx_word' id='word_1_442' title='bbox 250 4638 511 4712; x_wconf 74' lang='lat' dir='ltr'><strong>affectis),</strong></span> <span class='ocrx_word' id='word_1_443' title='bbox 534 4635 827 4706; x_wconf 78' lang='lat' dir='ltr'><strong>vectigalia</strong></span> <span class='ocrx_word' id='word_1_444' title='bbox 846 4634 1430 4704; x_wconf 61' lang='lat' dir='ltr'><strong>cessaveranthihus</strong></span> <span class='ocrx_word' id='word_1_445' title='bbox 1454 4635 1615 4697; x_wconf 86' lang='lat' dir='ltr'><strong>rebus</strong></span> <span class='ocrx_word' id='word_1_446' title='bbox 1641 4641 1879 4701; x_wconf 82' lang='lat' dir='ltr'><strong>aestuans</strong></span> 
     </span>
    </p>
   </div>
   <div class='ocr_carea' id='block_1_65' title="bbox 254 4728 1881 4801">
    <p class='ocr_par' dir='ltr' id='par_1_65' title="bbox 254 4728 1881 4801">
     <span class='ocr_line' id='line_1_65' title="bbox 254 4728 1881 4801; baseline -0.001 -17"><span class='ocrx_word' id='word_1_447' title='bbox 254 4730 482 4801; x_wconf 86' lang='lat' dir='ltr'><strong>(etenim</strong></span> <span class='ocrx_word' id='word_1_448' title='bbox 519 4732 646 4801; x_wconf 90' lang='lat' dir='ltr'><strong>ipse</strong></span> <span class='ocrx_word' id='word_1_449' title='bbox 691 4728 821 4782; x_wconf 92' lang='lat' dir='ltr'><strong>olim</strong></span> <span class='ocrx_word' id='word_1_450' title='bbox 852 4729 1101 4784; x_wconf 89' lang='lat' dir='ltr'><strong>omnibus</strong></span> <span class='ocrx_word' id='word_1_451' title='bbox 1130 4728 1348 4799; x_wconf 84' lang='lat' dir='ltr'><strong>regibus</strong></span> <span class='ocrx_word' id='word_1_452' title='bbox 1378 4728 1710 4801; x_wconf 86' lang='lat' dir='ltr'><strong>cpulentior,</strong></span> <span class='ocrx_word' id='word_1_453' title='bbox 1740 4742 1881 4789; x_wconf 86' lang='lat' dir='ltr'><strong>suo-</strong></span> 
     </span>
    </p>
   </div>
   <div class='ocr_carea' id='block_1_66' title="bbox 254 4823 1881 4899">
    <p class='ocr_par' dir='ltr' id='par_1_66' title="bbox 254 4823 1881 4899">
     <span class='ocr_line' id='line_1_66' title="bbox 254 4823 1881 4899; baseline -0.002 -17"><span class='ocrx_word' id='word_1_454' title='bbox 254 4837 375 4899; x_wconf 84' lang='lat' dir='ltr'><strong>met</strong></span> <span class='ocrx_word' id='word_1_455' title='bbox 409 4829 629 4884; x_wconf 87' lang='lat' dir='ltr'><strong>scelere</strong></span> <span class='ocrx_word' id='word_1_456' title='bbox 664 4823 904 4895; x_wconf 84' lang='lat' dir='ltr'><strong>inapiam</strong></span> <span class='ocrx_word' id='word_1_457' title='bbox 939 4824 1305 4899; x_wconf 80' lang='lat' dir='ltr'><strong>persenset‘at)</strong></span> <span class='ocrx_word' id='word_1_458' title='bbox 1336 4827 1524 4896; x_wconf 87' lang='lat' dir='ltr'><strong>copias</strong></span> <span class='ocrx_word' id='word_1_459' title='bbox 1555 4841 1675 4883; x_wconf 82' lang='lat' dir='ltr'><strong>cum</strong></span> <span class='ocrx_word' id='word_1_460' title='bbox 1725 4825 1881 4895; x_wconf 83' lang='lat' dir='ltr'><strong>Lysia</strong></span> 
     </span>
    </p>
   </div>
   <div class='ocr_carea' id='block_1_67' title="bbox 260 4917 1886 4991">
    <p class='ocr_par' dir='ltr' id='par_1_67' title="bbox 260 4917 1886 4991">
     <span class='ocr_line' id='line_1_67' title="bbox 260 4917 1886 4991; baseline 0.002 -18"><span class='ocrx_word' id='word_1_461' title='bbox 260 4922 521 4991; x_wconf 87' lang='lat' dir='ltr'><strong>partitur,</strong></span> <span class='ocrx_word' id='word_1_462' title='bbox 558 4921 726 4990; x_wconf 89' lang='lat' dir='ltr'><strong>eique</strong></span> <span class='ocrx_word' id='word_1_463' title='bbox 776 4917 989 4988; x_wconf 84' lang='lat' dir='ltr'><strong>Syriam</strong></span> <span class='ocrx_word' id='word_1_464' title='bbox 1030 4928 1086 4973; x_wconf 92' lang='lat' dir='ltr'><strong>et</strong></span> <span class='ocrx_word' id='word_1_465' title='bbox 1128 4918 1329 4974; x_wconf 87' lang='lat' dir='ltr'><strong>bellum</strong></span> <span class='ocrx_word' id='word_1_466' title='bbox 1379 4919 1638 4987; x_wconf 70' lang='lat' dir='ltr'><strong>adversus</strong></span> <span class='ocrx_word' id='word_1_467' title='bbox 1666 4919 1886 4976; x_wconf 66' lang='grc' dir='ltr'>Ιιιόιιξοε</span> 
     </span>
    </p>
   </div>
   <div class='ocr_carea' id='block_1_68' title="bbox 263 5014 1882 5089">
    <p class='ocr_par' dir='ltr' id='par_1_68' title="bbox 263 5014 1882 5089">
     <span class='ocr_line' id='line_1_68' title="bbox 263 5014 1882 5089; baseline 0.001 -17"><span class='ocrx_word' id='word_1_468' title='bbox 263 5017 599 5079; x_wconf 71' lang='lat' dir='ltr'><strong>committit,</strong></span> <span class='ocrx_word' id='word_1_469' title='bbox 636 5014 754 5084; x_wconf 90' lang='lat' dir='ltr'><strong>ipse</strong></span> <span class='ocrx_word' id='word_1_470' title='bbox 783 5014 834 5067; x_wconf 87' lang='lat' dir='ltr'><strong>itt</strong></span> <span class='ocrx_word' id='word_1_471' title='bbox 863 5015 1053 5069; x_wconf 88' lang='lat' dir='ltr'><strong>Persas</strong></span> <span class='ocrx_word' id='word_1_472' title='bbox 1085 5014 1148 5069; x_wconf 86' lang='lat' dir='ltr'><strong>ad</strong></span> <span class='ocrx_word' id='word_1_473' title='bbox 1182 5017 1421 5086; x_wconf 87' lang='lat' dir='ltr'><strong>cogenda</strong></span> <span class='ocrx_word' id='word_1_474' title='bbox 1451 5018 1729 5088; x_wconf 81' lang='lat' dir='ltr'><strong>vectigalia</strong></span> <span class='ocrx_word' id='word_1_475' title='bbox 1759 5032 1882 5089; x_wconf 81' lang='lat' dir='ltr'><strong>pro-</strong></span> 
     </span>
    </p>
   </div>
   <div class='ocr_carea' id='block_1_69' title="bbox 265 5108 1880 5185">
    <p class='ocr_par' dir='ltr' id='par_1_69' title="bbox 265 5108 1880 5185">
     <span class='ocr_line' id='line_1_69' title="bbox 265 5108 1880 5185; baseline -0.001 -20"><span class='ocrx_word' id='word_1_476' title='bbox 265 5109 467 5165; x_wconf 88' lang='lat' dir='ltr'><strong>fectus.</strong></span> <span class='ocrx_word' id='word_1_477' title='bbox 498 5110 676 5181; x_wconf 81' lang='lat' dir='ltr'><strong>Igitur</strong></span> <span class='ocrx_word' id='word_1_478' title='bbox 705 5108 892 5179; x_wconf 81' lang='lat' dir='ltr'><strong>Lysias</strong></span> <span class='ocrx_word' id='word_1_479' title='bbox 914 5108 1076 5163; x_wconf 87' lang='lat' dir='ltr'><strong>duces</strong></span> <span class='ocrx_word' id='word_1_480' title='bbox 1105 5109 1230 5165; x_wconf 90' lang='lat' dir='ltr'><strong>belli</strong></span> <span class='ocrx_word' id='word_1_481' title='bbox 1259 5110 1482 5183; x_wconf 81' lang='lat' dir='ltr'><strong>delegit,</strong></span> <span class='ocrx_word' id='word_1_482' title='bbox 1506 5111 1880 5185; x_wconf 70' lang='lat' dir='ltr'><strong>Ptolentzeum,</strong></span> 
     </span>
    </p>
   </div>
   <div class='ocr_carea' id='block_1_70' title="bbox 270 5200 1885 5283">
    <p class='ocr_par' dir='ltr' id='par_1_70' title="bbox 270 5200 1885 5283">
     <span class='ocr_line' id='line_1_70' title="bbox 270 5200 1885 5283; baseline 0.001 -24"><span class='ocrx_word' id='word_1_483' title='bbox 270 5202 529 5283; x_wconf 80' lang='lat' dir='ltr'><strong>Gorgiam</strong></span> <span class='ocrx_word' id='word_1_484' title='bbox 560 5245 575 5269; x_wconf 89' lang='lat'><strong>,</strong></span> <span class='ocrx_word' id='word_1_485' title='bbox 627 5200 890 5255; x_wconf 84' lang='lat' dir='ltr'><strong>Doronem</strong></span> <span class='ocrx_word' id='word_1_486' title='bbox 928 5211 981 5271; x_wconf 89' lang='lat' dir='ltr'><strong>et</strong></span> <span class='ocrx_word' id='word_1_487' title='bbox 1032 5201 1353 5259; x_wconf 81' lang='lat' dir='ltr'><strong>Nicanorem</strong></span> <span class='ocrx_word' id='word_1_488' title='bbox 1407 5223 1419 5260; x_wconf 93' lang='lat'><strong>:</strong></span> <span class='ocrx_word' id='word_1_489' title='bbox 1470 5204 1556 5260; x_wconf 91' lang='lat' dir='ltr'><strong>his</strong></span> <span class='ocrx_word' id='word_1_490' title='bbox 1607 5222 1674 5260; x_wconf 84' lang='lat' dir='ltr'><strong>xr.</strong></span> <span class='ocrx_word' id='word_1_491' title='bbox 1720 5206 1885 5260; x_wconf 86' lang='lat' dir='ltr'><strong>millia</strong></span> 
     </span>
    </p>
   </div>
   <div class='ocr_carea' id='block_1_71' title="bbox 274 5297 1888 5371">
    <p class='ocr_par' dir='ltr' id='par_1_71' title="bbox 274 5297 1888 5371">
     <span class='ocr_line' id='line_1_71' title="bbox 274 5297 1888 5371; baseline -0.001 -15"><span class='ocrx_word' id='word_1_492' title='bbox 274 5300 521 5371; x_wconf 88' lang='lat' dir='ltr'><strong>peditum</strong></span> <span class='ocrx_word' id='word_1_493' title='bbox 554 5341 570 5365; x_wconf 93' lang='lat'><strong>,</strong></span> <span class='ocrx_word' id='word_1_494' title='bbox 621 5305 833 5371; x_wconf 78' lang='lat' dir='ltr'><strong>septem</strong></span> <span class='ocrx_word' id='word_1_495' title='bbox 884 5297 1126 5368; x_wconf 77' lang='lat' dir='ltr'><strong>equitum</strong></span> <span class='ocrx_word' id='word_1_496' title='bbox 1179 5298 1336 5368; x_wconf 88' lang='lat' dir='ltr'><strong>data,</strong></span> <span class='ocrx_word' id='word_1_497' title='bbox 1370 5315 1432 5365; x_wconf 83' lang='lat' dir='ltr'><strong>ac</strong></span> <span class='ocrx_word' id='word_1_498' title='bbox 1479 5301 1652 5371; x_wconf 92' lang='lat' dir='ltr'><strong>primo</strong></span> <span class='ocrx_word' id='word_1_499' title='bbox 1684 5301 1888 5369; x_wconf 87' lang='lat' dir='ltr'><strong>impetu</strong></span> 
     </span>
    </p>
   </div>
   <div class='ocr_carea' id='block_1_72' title="bbox 278 5392 1889 5469">
    <p class='ocr_par' dir='ltr' id='par_1_72' title="bbox 278 5392 1889 5469">
     <span class='ocr_line' id='line_1_72' title="bbox 278 5392 1889 5469; baseline -0.002 -19"><span class='ocrx_word' id='word_1_500' title='bbox 278 5411 536 5469; x_wconf 80' lang='lat' dir='ltr'><strong>magnum</strong></span> <span class='ocrx_word' id='word_1_501' title='bbox 600 5392 808 5449; x_wconf 66' lang='lat' dir='ltr'><strong>Iudaeis</strong></span> <span class='ocrx_word' id='word_1_502' title='bbox 841 5405 1101 5455; x_wconf 84' lang='lat' dir='ltr'><strong>terrorem</strong></span> <span class='ocrx_word' id='word_1_503' title='bbox 1146 5395 1465 5459; x_wconf 85' lang='lat' dir='ltr'><strong>intulerunt.</strong></span> <span class='ocrx_word' id='word_1_504' title='bbox 1512 5394 1647 5467; x_wconf 78' lang='lat' dir='ltr'><strong>Tum</strong></span> <span class='ocrx_word' id='word_1_505' title='bbox 1696 5393 1889 5460; x_wconf 85' lang='lat' dir='ltr'><strong>Iudas,</strong></span> 
     </span>
    </p>
   </div>
   <div class='ocr_carea' id='block_1_73' title="bbox 280 5488 1891 5559">
    <p class='ocr_par' dir='ltr' id='par_1_73' title="bbox 280 5488 1891 5559">
     <span class='ocr_line' id='line_1_73' title="bbox 280 5488 1891 5559; baseline 0 -16"><span class='ocrx_word' id='word_1_506' title='bbox 280 5491 492 5544; x_wconf 85' lang='lat' dir='ltr'><strong>cunctis</strong></span> <span class='ocrx_word' id='word_1_507' title='bbox 526 5488 970 5559; x_wconf 71' lang='lat' dir='ltr'><strong>desperantibus,</strong></span> <span class='ocrx_word' id='word_1_508' title='bbox 1004 5504 1129 5551; x_wconf 85' lang='lat' dir='ltr'><strong>suos</strong></span> <span class='ocrx_word' id='word_1_509' title='bbox 1179 5490 1519 5558; x_wconf 86' lang='lat' dir='ltr'><strong>adhortatus,</strong></span> <span class='ocrx_word' id='word_1_510' title='bbox 1550 5490 1675 5546; x_wconf 85' lang='lat' dir='ltr'><strong>forti</strong></span> <span class='ocrx_word' id='word_1_511' title='bbox 1707 5491 1891 5545; x_wconf 89' lang='lat' dir='ltr'><strong>animo</strong></span> 
     </span>
    </p>
   </div>
   <div class='ocr_carea' id='block_1_74' title="bbox 286 5580 1899 5659">
    <p class='ocr_par' dir='ltr' id='par_1_74' title="bbox 286 5580 1899 5659">
     <span class='ocr_line' id='line_1_74' title="bbox 286 5580 1899 5659; baseline 0.002 -23"><span class='ocrx_word' id='word_1_512' title='bbox 286 5580 695 5651; x_wconf 71' lang='lat' dir='ltr'><strong>descenderent</strong></span> <span class='ocrx_word' id='word_1_513' title='bbox 729 5582 778 5633; x_wconf 90' lang='lat' dir='ltr'><strong>in</strong></span> <span class='ocrx_word' id='word_1_514' title='bbox 832 5583 1070 5655; x_wconf 61' lang='lat' dir='ltr'><strong>praelium</strong></span> <span class='ocrx_word' id='word_1_515' title='bbox 1097 5602 1108 5636; x_wconf 89' lang='lat'><strong>:</strong></span> <span class='ocrx_word' id='word_1_516' title='bbox 1138 5584 1248 5643; x_wconf 85' lang='lat' dir='ltr'><strong>Deo</strong></span> <span class='ocrx_word' id='word_1_517' title='bbox 1285 5583 1436 5641; x_wconf 90' lang='lat' dir='ltr'><strong>fretis</strong></span> <span class='ocrx_word' id='word_1_518' title='bbox 1467 5583 1603 5659; x_wconf 88' lang='lat' dir='ltr'><strong>nihil</strong></span> <span class='ocrx_word' id='word_1_519' title='bbox 1636 5584 1899 5653; x_wconf 89' lang='lat' dir='ltr'><strong>invictum</strong></span> 
     </span>
    </p>
   </div>
   <div class='ocr_carea' id='block_1_75' title="bbox 290 5673 1904 5751">
    <p class='ocr_par' dir='ltr' id='par_1_75' title="bbox 290 5673 1904 5751">
     <span class='ocr_line' id='line_1_75' title="bbox 290 5673 1904 5751; baseline 0.002 -24"><span class='ocrx_word' id='word_1_520' title='bbox 290 5673 433 5742; x_wconf 83' lang='lat' dir='ltr'><strong>fore;</strong></span> <span class='ocrx_word' id='word_1_521' title='bbox 458 5691 609 5747; x_wconf 61' lang='lat' dir='ltr'><strong>saepe</strong></span> <span class='ocrx_word' id='word_1_522' title='bbox 636 5683 795 5743; x_wconf 72' lang='lat' dir='ltr'><strong>antea</strong></span> <span class='ocrx_word' id='word_1_523' title='bbox 818 5690 848 5730; x_wconf 87' lang='lat' dir='ltr'><strong>a</strong></span> <span class='ocrx_word' id='word_1_524' title='bbox 874 5676 1218 5745; x_wconf 85' lang='lat' dir='ltr'><strong>paucioribus</strong></span> <span class='ocrx_word' id='word_1_525' title='bbox 1240 5676 1528 5751; x_wconf 69' lang='lat' dir='ltr'><strong>adversum</strong></span> <span class='ocrx_word' id='word_1_526' title='bbox 1557 5677 1740 5751; x_wconf 79' lang='lat' dir='ltr'><strong>plures</strong></span> <span class='ocrx_word' id='word_1_527' title='bbox 1763 5678 1904 5749; x_wconf 89' lang='lat' dir='ltr'><strong>bene</strong></span> 
     </span>
    </p>
   </div>
   <div class='ocr_carea' id='block_1_76' title="bbox 296 5768 1905 5847">
    <p class='ocr_par' dir='ltr' id='par_1_76' title="bbox 296 5768 1905 5847">
     <span class='ocr_line' id='line_1_76' title="bbox 296 5768 1905 5847; baseline 0.001 -24"><span class='ocrx_word' id='word_1_528' title='bbox 296 5781 613 5845; x_wconf 77' lang='lat' dir='ltr'><strong>pugnatum.</strong></span> <span class='ocrx_word' id='word_1_529' title='bbox 670 5768 887 5841; x_wconf 74' lang='lat' dir='ltr'><strong>Jejunio</strong></span> <span class='ocrx_word' id='word_1_530' title='bbox 939 5770 1137 5842; x_wconf 80' lang='lat' dir='ltr'><strong>indicto</strong></span> <span class='ocrx_word' id='word_1_531' title='bbox 1195 5772 1586 5847; x_wconf 60' lang='lat' dir='ltr'><strong>ct&#39;lebratoque</strong></span> <span class='ocrx_word' id='word_1_532' title='bbox 1631 5770 1905 5832; x_wconf 79' lang='lat' dir='ltr'><strong>sacriﬁtio</strong></span> 
     </span>
    </p>
   </div>
   <div class='ocr_carea' id='block_1_77' title="bbox 301 5860 1911 5941">
    <p class='ocr_par' dir='ltr' id='par_1_77' title="bbox 301 5860 1911 5941">
     <span class='ocr_line' id='line_1_77' title="bbox 301 5860 1911 5941; baseline 0.003 -27"><span class='ocrx_word' id='word_1_533' title='bbox 301 5860 355 5915; x_wconf 88' lang='lat' dir='ltr'><strong>in</strong></span> <span class='ocrx_word' id='word_1_534' title='bbox 401 5866 571 5941; x_wconf 74' lang='lat' dir='ltr'><strong>aciem</strong></span> <span class='ocrx_word' id='word_1_535' title='bbox 629 5862 993 5935; x_wconf 82' lang='lat' dir='ltr'><strong>descensum,</strong></span> <span class='ocrx_word' id='word_1_536' title='bbox 1042 5864 1171 5935; x_wconf 66' lang='lat' dir='ltr'><strong>fusae</strong></span> <span class='ocrx_word' id='word_1_537' title='bbox 1225 5865 1461 5923; x_wconf 89' lang='lat' dir='ltr'><strong>hostium</strong></span> <span class='ocrx_word' id='word_1_538' title='bbox 1509 5866 1698 5937; x_wconf 48' lang='lat' dir='ltr'><strong>copia;</strong></span> <span class='ocrx_word' id='word_1_539' title='bbox 1740 5865 1911 5937; x_wconf 74' lang='lat' dir='ltr'><strong>ludas</strong></span> 
     </span>
    </p>
   </div>
   <div class='ocr_carea' id='block_1_78' title="bbox 1952 1924 3571 1999">
    <p class='ocr_par' dir='ltr' id='par_1_78' title="bbox 1952 1924 3571 1999">
     <span class='ocr_line' id='line_1_78' title="bbox 1952 1924 3571 1999; baseline -0.007 -10"><span class='ocrx_word' id='word_1_540' title='bbox 1952 1931 2381 1997; x_wconf 88' lang='lat' dir='ltr'><strong>circumdatum,</strong></span> <span class='ocrx_word' id='word_1_541' title='bbox 2433 1929 2830 1999; x_wconf 85' lang='lat' dir='ltr'><strong>constitutique</strong></span> <span class='ocrx_word' id='word_1_542' title='bbox 2876 1929 2970 1999; x_wconf 87' lang='lat' dir='ltr'><strong>qui</strong></span> <span class='ocrx_word' id='word_1_543' title='bbox 3022 1935 3345 1997; x_wconf 79' lang='lat' dir='ltr'><strong>perpetuum</strong></span> <span class='ocrx_word' id='word_1_544' title='bbox 3377 1924 3571 1995; x_wconf 67' lang='lat' dir='ltr'><strong>praesi-</strong></span> 
     </span>
    </p>
   </div>
   <div class='ocr_carea' id='block_1_79' title="bbox 1953 2020 3569 2097">
    <p class='ocr_par' dir='ltr' id='par_1_79' title="bbox 1953 2020 3569 2097">
     <span class='ocr_line' id='line_1_79' title="bbox 1953 2020 3569 2097; baseline -0.007 -14"><span class='ocrx_word' id='word_1_545' title='bbox 1953 2028 2102 2083; x_wconf 92' lang='lat' dir='ltr'><strong>dium</strong></span> <span class='ocrx_word' id='word_1_546' title='bbox 2131 2026 2330 2082; x_wconf 89' lang='lat' dir='ltr'><strong>armati</strong></span> <span class='ocrx_word' id='word_1_547' title='bbox 2356 2025 2645 2097; x_wconf 80' lang='lat' dir='ltr'><strong>agitarent.</strong></span> <span class='ocrx_word' id='word_1_548' title='bbox 2676 2024 2748 2079; x_wconf 83' lang='lat' dir='ltr'><strong>At</strong></span> <span class='ocrx_word' id='word_1_549' title='bbox 2784 2023 2979 2095; x_wconf 84' lang='lat' dir='ltr'><strong>Lysias</strong></span> <span class='ocrx_word' id='word_1_550' title='bbox 3009 2020 3374 2090; x_wconf 88' lang='lat' dir='ltr'><strong>multiplicato</strong></span> <span class='ocrx_word' id='word_1_551' title='bbox 3405 2030 3569 2075; x_wconf 81' lang='lat' dir='ltr'><strong>exer-</strong></span> 
     </span>
    </p>
   </div>
   <div class='ocr_carea' id='block_1_80' title="bbox 1951 2112 3573 2186">
    <p class='ocr_par' dir='ltr' id='par_1_80' title="bbox 1951 2112 3573 2186">
     <span class='ocr_line' id='line_1_80' title="bbox 1951 2112 3573 2186; baseline -0.005 -10"><span class='ocrx_word' id='word_1_552' title='bbox 1951 2122 2061 2176; x_wconf 90' lang='lat' dir='ltr'><strong>citu</strong></span> <span class='ocrx_word' id='word_1_553' title='bbox 2095 2121 2148 2173; x_wconf 91' lang='lat' dir='ltr'><strong>in</strong></span> <span class='ocrx_word' id='word_1_554' title='bbox 2192 2118 2434 2173; x_wconf 56' lang='lat' dir='ltr'><strong>Iudaeam</strong></span> <span class='ocrx_word' id='word_1_555' title='bbox 2481 2130 2784 2186; x_wconf 85' lang='lat' dir='ltr'><strong>regressus,</strong></span> <span class='ocrx_word' id='word_1_556' title='bbox 2820 2129 3037 2169; x_wconf 88' lang='lat' dir='ltr'><strong>rursum</strong></span> <span class='ocrx_word' id='word_1_557' title='bbox 3092 2112 3346 2179; x_wconf 81' lang='lat' dir='ltr'><strong>vincitur,</strong></span> <span class='ocrx_word' id='word_1_558' title='bbox 3377 2127 3573 2179; x_wconf 83' lang='lat' dir='ltr'><strong>magna</strong></span> 
     </span>
    </p>
   </div>
   <div class='ocr_carea' id='block_1_81' title="bbox 1953 2203 3572 2277">
    <p class='ocr_par' dir='ltr' id='par_1_81' title="bbox 1953 2203 3572 2277">
     <span class='ocr_line' id='line_1_81' title="bbox 1953 2203 3572 2277; baseline -0.005 -12"><span class='ocrx_word' id='word_1_559' title='bbox 1953 2212 2108 2271; x_wconf 76' lang='lat' dir='ltr'><strong>clade</strong></span> <span class='ocrx_word' id='word_1_560' title='bbox 2140 2211 2412 2267; x_wconf 78' lang='lat' dir='ltr'><strong>exercitus</strong></span> <span class='ocrx_word' id='word_1_561' title='bbox 2450 2218 2507 2264; x_wconf 89' lang='lat' dir='ltr'><strong>et</strong></span> <span class='ocrx_word' id='word_1_562' title='bbox 2546 2207 2875 2269; x_wconf 82' lang='lat' dir='ltr'><strong>auxiliorum</strong></span> <span class='ocrx_word' id='word_1_563' title='bbox 2905 2249 2917 2271; x_wconf 91' lang='lat'><strong>,</strong></span> <span class='ocrx_word' id='word_1_564' title='bbox 2966 2222 3087 2277; x_wconf 67' lang='lat' dir='ltr'><strong>quae</strong></span> <span class='ocrx_word' id='word_1_565' title='bbox 3120 2206 3172 2261; x_wconf 90' lang='lat' dir='ltr'><strong>ei</strong></span> <span class='ocrx_word' id='word_1_566' title='bbox 3199 2220 3227 2258; x_wconf 81' lang='lat' dir='ltr'><strong>a</strong></span> <span class='ocrx_word' id='word_1_567' title='bbox 3256 2203 3572 2260; x_wconf 85' lang='lat' dir='ltr'><strong>civitatibus</strong></span> 
     </span>
    </p>
   </div>
   <div class='ocr_carea' id='block_1_82' title="bbox 1956 2295 3653 2371">
    <p class='ocr_par' dir='ltr' id='par_1_82' title="bbox 1956 2295 3653 2371">
     <span class='ocr_line' id='line_1_82' title="bbox 1956 2295 3653 2371; baseline -0.006 -11"><span class='ocrx_word' id='word_1_568' title='bbox 1956 2307 2121 2360; x_wconf 82' lang='lat' dir='ltr'><strong>missa</strong></span> <span class='ocrx_word' id='word_1_569' title='bbox 2156 2304 2209 2358; x_wconf 90' lang='lat' dir='ltr'><strong>in</strong></span> <span class='ocrx_word' id='word_1_570' title='bbox 2242 2303 2443 2358; x_wconf 90' lang='lat' dir='ltr'><strong>bellum</strong></span> <span class='ocrx_word' id='word_1_571' title='bbox 2474 2301 2942 2371; x_wconf 74' lang='lat' dir='ltr'><strong>conspirat-erant.</strong></span> <span class='ocrx_word' id='word_1_572' title='bbox 2982 2297 3196 2354; x_wconf 88' lang='lat' dir='ltr'><strong>Interea</strong></span> <span class='ocrx_word' id='word_1_573' title='bbox 3225 2295 3530 2352; x_wconf 79' lang='lat' dir='ltr'><strong>Antiochus</strong></span> <span class='ocrx_word' id='word_1_574' title='bbox 3558 2336 3570 2359; x_wconf 91' lang='lat'><strong>,</strong></span> <span class='ocrx_word' id='word_1_575' title='bbox 3646 2342 3653 2349; x_wconf 88' lang='lat'><strong>.</strong></span> 
     </span>
    </p>
   </div>
   <div class='ocr_carea' id='block_1_83' title="bbox 1957 2391 3568 2471">
    <p class='ocr_par' dir='ltr' id='par_1_83' title="bbox 1957 2391 3568 2471">
     <span class='ocr_line' id='line_1_83' title="bbox 1957 2391 3568 2471; baseline -0.007 -17"><span class='ocrx_word' id='word_1_576' title='bbox 1957 2416 2117 2471; x_wconf 81' lang='lat' dir='ltr'><strong>quem</strong></span> <span class='ocrx_word' id='word_1_577' title='bbox 2145 2398 2197 2451; x_wconf 91' lang='lat' dir='ltr'><strong>in</strong></span> <span class='ocrx_word' id='word_1_578' title='bbox 2240 2395 2525 2451; x_wconf 86' lang='lat' dir='ltr'><strong>Persidem</strong></span> <span class='ocrx_word' id='word_1_579' title='bbox 2573 2392 2883 2463; x_wconf 85' lang='lat' dir='ltr'><strong>profectum</strong></span> <span class='ocrx_word' id='word_1_580' title='bbox 2915 2406 3079 2462; x_wconf 85' lang='lat' dir='ltr'><strong>supra</strong></span> <span class='ocrx_word' id='word_1_581' title='bbox 3110 2391 3568 2452; x_wconf 79' lang='lat' dir='ltr'><strong>memoravimus.</strong></span> 
     </span>
    </p>
   </div>
   <div class='ocr_carea' id='block_1_84' title="bbox 1958 2483 3569 2561">
    <p class='ocr_par' dir='ltr' id='par_1_84' title="bbox 1958 2483 3569 2561">
     <span class='ocr_line' id='line_1_84' title="bbox 1958 2483 3569 2561; baseline -0.006 -14"><span class='ocrx_word' id='word_1_582' title='bbox 1958 2491 2215 2561; x_wconf 86' lang='lat' dir='ltr'><strong>Oppidum</strong></span> <span class='ocrx_word' id='word_1_583' title='bbox 2261 2489 2513 2560; x_wconf 87' lang='lat' dir='ltr'><strong>Elymum</strong></span> <span class='ocrx_word' id='word_1_584' title='bbox 2565 2487 2807 2559; x_wconf 86' lang='lat' dir='ltr'><strong>regionis</strong></span> <span class='ocrx_word' id='word_1_585' title='bbox 2858 2485 3003 2540; x_wconf 89' lang='lat' dir='ltr'><strong>illius</strong></span> <span class='ocrx_word' id='word_1_586' title='bbox 3050 2483 3525 2555; x_wconf 80' lang='lat' dir='ltr'><strong>opulentissimum</strong></span> <span class='ocrx_word' id='word_1_587' title='bbox 3556 2524 3569 2548; x_wconf 95' lang='lat'><strong>,</strong></span> 
     </span>
    </p>
   </div>
   <div class='ocr_carea' id='block_1_85' title="bbox 1961 2575 3581 2655">
    <p class='ocr_par' dir='ltr' id='par_1_85' title="bbox 1961 2575 3581 2655">
     <span class='ocr_line' id='line_1_85' title="bbox 1961 2575 3581 2655; baseline -0.006 -16"><span class='ocrx_word' id='word_1_588' title='bbox 1961 2584 2257 2655; x_wconf 90' lang='lat' dir='ltr'><strong>fanumque</strong></span> <span class='ocrx_word' id='word_1_589' title='bbox 2315 2582 2387 2637; x_wconf 92' lang='lat' dir='ltr'><strong>ibi</strong></span> <span class='ocrx_word' id='word_1_590' title='bbox 2440 2582 2601 2635; x_wconf 89' lang='lat' dir='ltr'><strong>situm</strong></span> <span class='ocrx_word' id='word_1_591' title='bbox 2654 2580 2831 2635; x_wconf 92' lang='lat' dir='ltr'><strong>multo</strong></span> <span class='ocrx_word' id='word_1_592' title='bbox 2878 2594 3011 2634; x_wconf 87' lang='lat' dir='ltr'><strong>auro</strong></span> <span class='ocrx_word' id='word_1_593' title='bbox 3044 2577 3305 2637; x_wconf 83' lang='lat' dir='ltr'><strong>refertum</strong></span> <span class='ocrx_word' id='word_1_594' title='bbox 3338 2575 3581 2645; x_wconf 77' lang='lat' dir='ltr'><strong>diripere</strong></span> 
     </span>
    </p>
   </div>
   <div class='ocr_carea' id='block_1_86' title="bbox 1958 2667 3576 2743">
    <p class='ocr_par' dir='ltr' id='par_1_86' title="bbox 1958 2667 3576 2743">
     <span class='ocr_line' id='line_1_86' title="bbox 1958 2667 3576 2743; baseline -0.008 -9"><span class='ocrx_word' id='word_1_595' title='bbox 1958 2687 2219 2741; x_wconf 85' lang='lat' dir='ltr'><strong>conatus;</strong></span> <span class='ocrx_word' id='word_1_596' title='bbox 2268 2674 2591 2731; x_wconf 79' lang='lat' dir='ltr'><strong>conﬂuente</strong></span> <span class='ocrx_word' id='word_1_597' title='bbox 2636 2671 2875 2743; x_wconf 88' lang='lat' dir='ltr'><strong>undique</strong></span> <span class='ocrx_word' id='word_1_598' title='bbox 2915 2670 2983 2728; x_wconf 88' lang='lat' dir='ltr'><strong>ad</strong></span> <span class='ocrx_word' id='word_1_599' title='bbox 3027 2670 3409 2726; x_wconf 86' lang='lat' dir='ltr'><strong>defensionem</strong></span> <span class='ocrx_word' id='word_1_600' title='bbox 3466 2667 3576 2723; x_wconf 90' lang='lat' dir='ltr'><strong>loci</strong></span> 
     </span>
    </p>
   </div>
   <div class='ocr_carea' id='block_1_87' title="bbox 1960 2759 3578 2837">
    <p class='ocr_par' dir='ltr' id='par_1_87' title="bbox 1960 2759 3578 2837">
     <span class='ocr_line' id='line_1_87' title="bbox 1960 2759 3578 2837; baseline -0.007 -11"><span class='ocrx_word' id='word_1_601' title='bbox 1960 2768 2309 2826; x_wconf 88' lang='lat' dir='ltr'><strong>multitudine</strong></span> <span class='ocrx_word' id='word_1_602' title='bbox 2356 2766 2611 2837; x_wconf 87' lang='lat' dir='ltr'><strong>fugatus,</strong></span> <span class='ocrx_word' id='word_1_603' title='bbox 2661 2765 2888 2835; x_wconf 80' lang='lat' dir='ltr'><strong>insuper</strong></span> <span class='ocrx_word' id='word_1_604' title='bbox 2921 2764 3171 2818; x_wconf 91' lang='lat' dir='ltr'><strong>nuntium</strong></span> <span class='ocrx_word' id='word_1_605' title='bbox 3215 2759 3448 2831; x_wconf 83' lang='lat' dir='ltr'><strong>accepit,</strong></span> <span class='ocrx_word' id='word_1_606' title='bbox 3490 2775 3578 2815; x_wconf 91' lang='lat' dir='ltr'><strong>res</strong></span> 
     </span>
    </p>
   </div>
   <div class='ocr_carea' id='block_1_88' title="bbox 1961 2855 3577 2936">
    <p class='ocr_par' dir='ltr' id='par_1_88' title="bbox 1961 2855 3577 2936">
     <span class='ocr_line' id='line_1_88' title="bbox 1961 2855 3577 2936; baseline -0.009 -17"><span class='ocrx_word' id='word_1_607' title='bbox 1961 2866 2047 2920; x_wconf 88' lang='lat' dir='ltr'><strong>vel</strong></span> <span class='ocrx_word' id='word_1_608' title='bbox 2079 2882 2106 2917; x_wconf 67' lang='grc' dir='ltr'><strong>ιι</strong></span> <span class='ocrx_word' id='word_1_609' title='bbox 2144 2862 2324 2936; x_wconf 82' lang='lat' dir='ltr'><strong>Lysia,</strong></span> <span class='ocrx_word' id='word_1_610' title='bbox 2357 2860 2443 2915; x_wconf 87' lang='lat' dir='ltr'><strong>vel</strong></span> <span class='ocrx_word' id='word_1_611' title='bbox 2473 2876 2500 2914; x_wconf 90' lang='lat' dir='ltr'><strong>a</strong></span> <span class='ocrx_word' id='word_1_612' title='bbox 2532 2859 2845 2931; x_wconf 72' lang='lat' dir='ltr'><strong>Lysimacho</strong></span> <span class='ocrx_word' id='word_1_613' title='bbox 2880 2860 3225 2928; x_wconf 79' lang='lat' dir='ltr'><strong>improspere</strong></span> <span class='ocrx_word' id='word_1_614' title='bbox 3252 2864 3431 2927; x_wconf 76' lang='lat' dir='ltr'><strong>ge~tas</strong></span> <span class='ocrx_word' id='word_1_615' title='bbox 3463 2872 3474 2908; x_wconf 90' lang='lat'><strong>:</strong></span> <span class='ocrx_word' id='word_1_616' title='bbox 3505 2855 3577 2910; x_wconf 81' lang='lat' dir='ltr'><strong>ita</strong></span> 
     </span>
    </p>
   </div>
   <div class='ocr_carea' id='block_1_89' title="bbox 1962 2948 3576 3023">
    <p class='ocr_par' dir='ltr' id='par_1_89' title="bbox 1962 2948 3576 3023">
     <span class='ocr_line' id='line_1_89' title="bbox 1962 2948 3576 3023; baseline -0.007 -9"><span class='ocrx_word' id='word_1_617' title='bbox 1962 2974 2031 3014; x_wconf 84' lang='lat' dir='ltr'><strong>ex</strong></span> <span class='ocrx_word' id='word_1_618' title='bbox 2063 2972 2301 3013; x_wconf 72' lang='lat' dir='ltr'><strong>mterore</strong></span> <span class='ocrx_word' id='word_1_619' title='bbox 2329 2955 2496 3009; x_wconf 87' lang='lat' dir='ltr'><strong>animi</strong></span> <span class='ocrx_word' id='word_1_620' title='bbox 2521 2954 2773 3023; x_wconf 86' lang='lat' dir='ltr'><strong>corporis</strong></span> <span class='ocrx_word' id='word_1_621' title='bbox 2801 2951 2995 3008; x_wconf 87' lang='lat' dir='ltr'><strong>morbo</strong></span> <span class='ocrx_word' id='word_1_622' title='bbox 3025 2950 3286 3006; x_wconf 89' lang='lat' dir='ltr'><strong>incubuit.</strong></span> <span class='ocrx_word' id='word_1_623' title='bbox 3320 2948 3425 3005; x_wconf 86' lang='lat' dir='ltr'><strong>Sed</strong></span> <span class='ocrx_word' id='word_1_624' title='bbox 3455 2965 3576 3003; x_wconf 87' lang='lat' dir='ltr'><strong>cum</strong></span> 
     </span>
    </p>
   </div>
   <div class='ocr_carea' id='block_1_90' title="bbox 1964 3042 3580 3115">
    <p class='ocr_par' dir='ltr' id='par_1_90' title="bbox 1964 3042 3580 3115">
     <span class='ocr_line' id='line_1_90' title="bbox 1964 3042 3580 3115; baseline -0.007 -9"><span class='ocrx_word' id='word_1_625' title='bbox 1964 3052 2198 3106; x_wconf 86' lang='lat' dir='ltr'><strong>internis</strong></span> <span class='ocrx_word' id='word_1_626' title='bbox 2229 3048 2514 3104; x_wconf 89' lang='lat' dir='ltr'><strong>doloribus</strong></span> <span class='ocrx_word' id='word_1_627' title='bbox 2546 3054 2866 3115; x_wconf 84' lang='lat' dir='ltr'><strong>angeretur,</strong></span> <span class='ocrx_word' id='word_1_628' title='bbox 2898 3043 3264 3101; x_wconf 86' lang='lat' dir='ltr'><strong>reminiscens</strong></span> <span class='ocrx_word' id='word_1_629' title='bbox 3311 3042 3580 3098; x_wconf 89' lang='lat' dir='ltr'><strong>malorum</strong></span> 
     </span>
    </p>
   </div>
   <div class='ocr_carea' id='block_1_91' title="bbox 1964 3134 3581 3215">
    <p class='ocr_par' dir='ltr' id='par_1_91' title="bbox 1964 3134 3581 3215">
     <span class='ocr_line' id='line_1_91' title="bbox 1964 3134 3581 3215; baseline -0.008 -16"><span class='ocrx_word' id='word_1_630' title='bbox 1964 3145 2164 3215; x_wconf 90' lang='lat' dir='ltr'><strong>quibus</strong></span> <span class='ocrx_word' id='word_1_631' title='bbox 2195 3141 2453 3212; x_wconf 85' lang='lat' dir='ltr'><strong>populum</strong></span> <span class='ocrx_word' id='word_1_632' title='bbox 2484 3138 2581 3193; x_wconf 91' lang='lat' dir='ltr'><strong>Dei</strong></span> <span class='ocrx_word' id='word_1_633' title='bbox 2610 3148 2925 3201; x_wconf 84' lang='lat' dir='ltr'><strong>vexaverat,</strong></span> <span class='ocrx_word' id='word_1_634' title='bbox 2960 3135 3153 3197; x_wconf 85' lang='lat' dir='ltr'><strong>merito</strong></span> <span class='ocrx_word' id='word_1_635' title='bbox 3184 3135 3283 3190; x_wconf 88' lang='lat' dir='ltr'><strong>sibi</strong></span> <span class='ocrx_word' id='word_1_636' title='bbox 3320 3134 3408 3191; x_wconf 86' lang='lat' dir='ltr'><strong>illa</strong></span> <span class='ocrx_word' id='word_1_637' title='bbox 3439 3136 3581 3189; x_wconf 87' lang='lat' dir='ltr'><strong>acci-,</strong></span> 
     </span>
    </p>
   </div>
   <div class='ocr_carea' id='block_1_92' title="bbox 1968 3228 3575 3299">
    <p class='ocr_par' dir='ltr' id='par_1_92' title="bbox 1968 3228 3575 3299">
     <span class='ocr_line' id='line_1_92' title="bbox 1968 3228 3575 3299; baseline -0.006 -7"><span class='ocrx_word' id='word_1_638' title='bbox 1968 3238 2114 3292; x_wconf 84' lang='lat' dir='ltr'><strong>disse</strong></span> <span class='ocrx_word' id='word_1_639' title='bbox 2143 3234 2533 3295; x_wconf 91' lang='lat' dir='ltr'><strong>conﬁtebatur;</strong></span> <span class='ocrx_word' id='word_1_640' title='bbox 2566 3230 2764 3286; x_wconf 88' lang='lat' dir='ltr'><strong>deinde</strong></span> <span class='ocrx_word' id='word_1_641' title='bbox 2790 3238 2914 3299; x_wconf 90' lang='lat' dir='ltr'><strong>post</strong></span> <span class='ocrx_word' id='word_1_642' title='bbox 2944 3245 3146 3297; x_wconf 87' lang='lat' dir='ltr'><strong>paucos</strong></span> <span class='ocrx_word' id='word_1_643' title='bbox 3170 3228 3285 3285; x_wconf 88' lang='lat' dir='ltr'><strong>dies</strong></span> <span class='ocrx_word' id='word_1_644' title='bbox 3316 3228 3575 3291; x_wconf 80' lang='lat' dir='ltr'><strong>moritur,</strong></span> 
     </span>
    </p>
   </div>
   <div class='ocr_carea' id='block_1_93' title="bbox 1967 3321 3577 3398">
    <p class='ocr_par' dir='ltr' id='par_1_93' title="bbox 1967 3321 3577 3398">
     <span class='ocr_line' id='line_1_93' title="bbox 1967 3321 3577 3398; baseline -0.007 -13"><span class='ocrx_word' id='word_1_645' title='bbox 1967 3345 2091 3385; x_wconf 87' lang='lat' dir='ltr'><strong>eum</strong></span> <span class='ocrx_word' id='word_1_646' title='bbox 2121 3336 2401 3398; x_wconf 85' lang='lat' dir='ltr'><strong>regnasset</strong></span> <span class='ocrx_word' id='word_1_647' title='bbox 2426 3340 2596 3380; x_wconf 87' lang='lat' dir='ltr'><strong>annos</strong></span> <span class='ocrx_word' id='word_1_648' title='bbox 2617 3322 2890 3378; x_wconf 88' lang='lat' dir='ltr'><strong>undecim.</strong></span> <span class='ocrx_word' id='word_1_649' title='bbox 2912 3321 3184 3381; x_wconf 81' lang='lat' dir='ltr'><strong>Antiocho</strong></span> <span class='ocrx_word' id='word_1_650' title='bbox 3208 3321 3319 3376; x_wconf 90' lang='lat' dir='ltr'><strong>ﬁlio</strong></span> <span class='ocrx_word' id='word_1_651' title='bbox 3348 3336 3577 3392; x_wconf 84' lang='lat' dir='ltr'><strong>regnum</strong></span> 
     </span>
    </p>
   </div>
   <div class='ocr_carea' id='block_1_94' title="bbox 1970 3416 2969 3493">
    <p class='ocr_par' dir='ltr' id='par_1_94' title="bbox 1970 3416 2969 3493">
     <span class='ocr_line' id='line_1_94' title="bbox 1970 3416 2969 3493; baseline -0.008 -15"><span class='ocrx_word' id='word_1_652' title='bbox 1970 3422 2210 3493; x_wconf 79' lang='lat' dir='ltr'><strong>reliquit,</strong></span> <span class='ocrx_word' id='word_1_653' title='bbox 2242 3419 2327 3475; x_wconf 88' lang='lat' dir='ltr'><strong>cui</strong></span> <span class='ocrx_word' id='word_1_654' title='bbox 2357 3420 2594 3487; x_wconf 87' lang='lat' dir='ltr'><strong>Eupator</strong></span> <span class='ocrx_word' id='word_1_655' title='bbox 2626 3432 2822 3471; x_wconf 91' lang='lat' dir='ltr'><strong>nomen</strong></span> <span class='ocrx_word' id='word_1_656' title='bbox 2850 3416 2969 3470; x_wconf 86' lang='lat' dir='ltr'><strong>fuit.</strong></span> 
     </span>
    </p>
   </div>
   <div class='ocr_carea' id='block_1_95' title="bbox 2042 3508 3578 3582">
    <p class='ocr_par' dir='ltr' id='par_1_95' title="bbox 2042 3508 3578 3582">
     <span class='ocr_line' id='line_1_95' title="bbox 2042 3508 3578 3582; baseline -0.008 -9"><span class='ocrx_word' id='word_1_657' title='bbox 2042 3515 2236 3573; x_wconf 79' lang='lat' dir='ltr'><strong>XXIlI.</strong></span> <span class='ocrx_word' id='word_1_658' title='bbox 2270 3516 2341 3570; x_wconf 74' lang='lat' dir='ltr'><strong>Ea</strong></span> <span class='ocrx_word' id='word_1_659' title='bbox 2372 3520 2694 3582; x_wconf 88' lang='lat' dir='ltr'><strong>tempestate</strong></span> <span class='ocrx_word' id='word_1_660' title='bbox 2719 3508 2744 3565; x_wconf 84' lang='lat' dir='ltr'><strong>J</strong></span> <span class='ocrx_word' id='word_1_661' title='bbox 2757 3508 2889 3567; x_wconf 85' lang='lat' dir='ltr'><strong>udas</strong></span> <span class='ocrx_word' id='word_1_662' title='bbox 2919 3509 3095 3580; x_wconf 82' lang='lat' dir='ltr'><strong>Syros</strong></span> <span class='ocrx_word' id='word_1_663' title='bbox 3124 3508 3175 3567; x_wconf 92' lang='lat' dir='ltr'><strong>in</strong></span> <span class='ocrx_word' id='word_1_664' title='bbox 3207 3523 3334 3569; x_wconf 89' lang='lat' dir='ltr'><strong>arce</strong></span> <span class='ocrx_word' id='word_1_665' title='bbox 3366 3508 3578 3577; x_wconf 85' lang='lat' dir='ltr'><strong>positos</strong></span> 
     </span>
    </p>
   </div>
   <div class='ocr_carea' id='block_1_96' title="bbox 1972 3603 3580 3679">
    <p class='ocr_par' dir='ltr' id='par_1_96' title="bbox 1972 3603 3580 3679">
     <span class='ocr_line' id='line_1_96' title="bbox 1972 3603 3580 3679; baseline -0.006 -11"><span class='ocrx_word' id='word_1_666' title='bbox 1972 3612 2261 3670; x_wconf 72' lang='lat' dir='ltr'><strong>obsidebat</strong></span> <span class='ocrx_word' id='word_1_667' title='bbox 2289 3628 2301 3664; x_wconf 93' lang='lat'><strong>:</strong></span> <span class='ocrx_word' id='word_1_668' title='bbox 2334 3608 2425 3679; x_wconf 90' lang='lat' dir='ltr'><strong>qui</strong></span> <span class='ocrx_word' id='word_1_669' title='bbox 2456 3623 2582 3663; x_wconf 91' lang='lat' dir='ltr'><strong>cum</strong></span> <span class='ocrx_word' id='word_1_670' title='bbox 2633 3607 2773 3660; x_wconf 87' lang='lat' dir='ltr'><strong>fame</strong></span> <span class='ocrx_word' id='word_1_671' title='bbox 2804 3616 2965 3672; x_wconf 83' lang='lat' dir='ltr'><strong>atque</strong></span> <span class='ocrx_word' id='word_1_672' title='bbox 2998 3604 3178 3675; x_wconf 90' lang='lat' dir='ltr'><strong>inopia</strong></span> <span class='ocrx_word' id='word_1_673' title='bbox 3208 3603 3580 3666; x_wconf 87' lang='lat' dir='ltr'><strong>afﬁcerentur,</strong></span> 
     </span>
    </p>
   </div>
   <div class='ocr_carea' id='block_1_97' title="bbox 1974 3697 3584 3773">
    <p class='ocr_par' dir='ltr' id='par_1_97' title="bbox 1974 3697 3584 3773">
     <span class='ocr_line' id='line_1_97' title="bbox 1974 3697 3584 3773; baseline -0.006 -10"><span class='ocrx_word' id='word_1_674' title='bbox 1974 3707 2156 3764; x_wconf 79' lang='lat' dir='ltr'><strong>missis</strong></span> <span class='ocrx_word' id='word_1_675' title='bbox 2205 3706 2272 3760; x_wconf 92' lang='lat' dir='ltr'><strong>ad</strong></span> <span class='ocrx_word' id='word_1_676' title='bbox 2322 3718 2508 3773; x_wconf 81' lang='lat' dir='ltr'><strong>regem</strong></span> <span class='ocrx_word' id='word_1_677' title='bbox 2547 3700 2753 3756; x_wconf 91' lang='lat' dir='ltr'><strong>nuntiis</strong></span> <span class='ocrx_word' id='word_1_678' title='bbox 2794 3697 3106 3768; x_wconf 73' lang='lat' dir='ltr'><strong>prresidium</strong></span> <span class='ocrx_word' id='word_1_679' title='bbox 3156 3698 3470 3767; x_wconf 83' lang='lat' dir='ltr'><strong>implorant.</strong></span> <span class='ocrx_word' id='word_1_680' title='bbox 3512 3698 3584 3753; x_wconf 89' lang='lat' dir='ltr'><strong>Ita</strong></span> 
     </span>
    </p>
   </div>
   <div class='ocr_carea' id='block_1_98' title="bbox 1976 3788 3585 3871">
    <p class='ocr_par' dir='ltr' id='par_1_98' title="bbox 1976 3788 3585 3871">
     <span class='ocr_line' id='line_1_98' title="bbox 1976 3788 3585 3871; baseline -0.007 -16"><span class='ocrx_word' id='word_1_681' title='bbox 1976 3800 2221 3871; x_wconf 79' lang='lat' dir='ltr'><strong>Ettp;ttor</strong></span> <span class='ocrx_word' id='word_1_682' title='bbox 2269 3812 2389 3852; x_wconf 92' lang='lat' dir='ltr'><strong>cum</strong></span> <span class='ocrx_word' id='word_1_683' title='bbox 2438 3805 2655 3851; x_wconf 86' lang='lat' dir='ltr'><strong>contum</strong></span> <span class='ocrx_word' id='word_1_684' title='bbox 2710 3793 2990 3858; x_wconf 88' lang='lat' dir='ltr'><strong>millibus,</strong></span> <span class='ocrx_word' id='word_1_685' title='bbox 3034 3801 3090 3848; x_wconf 92' lang='lat' dir='ltr'><strong>et</strong></span> <span class='ocrx_word' id='word_1_686' title='bbox 3121 3791 3361 3861; x_wconf 86' lang='lat' dir='ltr'><strong>equitum</strong></span> <span class='ocrx_word' id='word_1_687' title='bbox 3396 3788 3585 3860; x_wconf 80' lang='lat' dir='ltr'><strong>viginti</strong></span> 
     </span>
    </p>
   </div>
   <div class='ocr_carea' id='block_1_99' title="bbox 1977 3885 3586 3956">
    <p class='ocr_par' dir='ltr' id='par_1_99' title="bbox 1977 3885 3586 3956">
     <span class='ocr_line' id='line_1_99' title="bbox 1977 3885 3586 3956; baseline -0.006 -9"><span class='ocrx_word' id='word_1_688' title='bbox 1977 3892 2237 3954; x_wconf 90' lang='lat' dir='ltr'><strong>millibus,</strong></span> <span class='ocrx_word' id='word_1_689' title='bbox 2266 3890 2381 3945; x_wconf 80' lang='lat' dir='ltr'><strong>suis</strong></span> <span class='ocrx_word' id='word_1_690' title='bbox 2404 3887 2651 3943; x_wconf 89' lang='lat' dir='ltr'><strong>subsidio</strong></span> <span class='ocrx_word' id='word_1_691' title='bbox 2681 3888 2847 3947; x_wconf 86' lang='lat' dir='ltr'><strong>venit,</strong></span> <span class='ocrx_word' id='word_1_692' title='bbox 2870 3885 3245 3956; x_wconf 58' lang='lat' dir='ltr'><strong>praeeuntibus</strong></span> <span class='ocrx_word' id='word_1_693' title='bbox 3269 3886 3441 3941; x_wconf 91' lang='lat' dir='ltr'><strong>aciem</strong></span> <span class='ocrx_word' id='word_1_694' title='bbox 3461 3898 3586 3939; x_wconf 92' lang='lat' dir='ltr'><strong>cum</strong></span> 
     </span>
    </p>
   </div>
   <div class='ocr_carea' id='block_1_100' title="bbox 1976 3976 3585 4057">
    <p class='ocr_par' dir='ltr' id='par_1_100' title="bbox 1976 3976 3585 4057">
     <span class='ocr_line' id='line_1_100' title="bbox 1976 3976 3585 4057; baseline -0.008 -15"><span class='ocrx_word' id='word_1_695' title='bbox 1976 3986 2180 4057; x_wconf 87' lang='lat' dir='ltr'><strong>ingenti</strong></span> <span class='ocrx_word' id='word_1_696' title='bbox 2223 3993 2436 4040; x_wconf 89' lang='lat' dir='ltr'><strong>terrore</strong></span> <span class='ocrx_word' id='word_1_697' title='bbox 2476 3980 2801 4050; x_wconf 80' lang='lat' dir='ltr'><strong>elephantis.</strong></span> <span class='ocrx_word' id='word_1_698' title='bbox 2834 3979 2973 4034; x_wconf 85' lang='lat' dir='ltr'><strong>Tum</strong></span> <span class='ocrx_word' id='word_1_699' title='bbox 3014 3977 3185 4034; x_wconf 79' lang='lat' dir='ltr'><strong>Iudas</strong></span> <span class='ocrx_word' id='word_1_700' title='bbox 3231 3982 3406 4033; x_wconf 86' lang='lat' dir='ltr'><strong>laxata</strong></span> <span class='ocrx_word' id='word_1_701' title='bbox 3438 3976 3585 4031; x_wconf 89' lang='lat' dir='ltr'><strong>obsi-</strong></span> 
     </span>
    </p>
   </div>
   <div class='ocr_carea' id='block_1_101' title="bbox 1977 4069 3591 4147">
    <p class='ocr_par' dir='ltr' id='par_1_101' title="bbox 1977 4069 3591 4147">
     <span class='ocr_line' id='line_1_101' title="bbox 1977 4069 3591 4147; baseline -0.005 -13"><span class='ocrx_word' id='word_1_702' title='bbox 1977 4078 2142 4134; x_wconf 87' lang='lat' dir='ltr'><strong>dione</strong></span> <span class='ocrx_word' id='word_1_703' title='bbox 2187 4074 2302 4147; x_wconf 85' lang='lat' dir='ltr'><strong>regi</strong></span> <span class='ocrx_word' id='word_1_704' title='bbox 2335 4074 2551 4130; x_wconf 82' lang='lat' dir='ltr'><strong>obviam</strong></span> <span class='ocrx_word' id='word_1_705' title='bbox 2601 4071 2805 4137; x_wconf 87' lang='lat' dir='ltr'><strong>tendit,</strong></span> <span class='ocrx_word' id='word_1_706' title='bbox 2848 4072 3130 4141; x_wconf 90' lang='lat' dir='ltr'><strong>primoque</strong></span> <span class='ocrx_word' id='word_1_707' title='bbox 3180 4070 3370 4140; x_wconf 65' lang='lat' dir='ltr'><strong>praelio</strong></span> <span class='ocrx_word' id='word_1_708' title='bbox 3420 4069 3591 4142; x_wconf 84' lang='lat' dir='ltr'><strong>Syros</strong></span> 
     </span>
    </p>
   </div>
   <div class='ocr_carea' id='block_1_102' title="bbox 1980 4149 3590 4239">
    <p class='ocr_par' dir='ltr' id='par_1_102' title="bbox 1980 4149 3590 4239">
     <span class='ocr_line' id='line_1_102' title="bbox 1980 4149 3590 4239; baseline -0.004 -14"><span class='ocrx_word' id='word_1_709' title='bbox 1980 4169 2173 4226; x_wconf 89' lang='lat' dir='ltr'><strong>fundit.</strong></span> <span class='ocrx_word' id='word_1_710' title='bbox 2207 4167 2322 4239; x_wconf 71' lang='lat' dir='ltr'><strong>Rex</strong></span> <span class='ocrx_word' id='word_1_711' title='bbox 2368 4167 2497 4236; x_wconf 83' lang='lat' dir='ltr'><strong>petit</strong></span> <span class='ocrx_word' id='word_1_712' title='bbox 2533 4180 2720 4235; x_wconf 86' lang='lat' dir='ltr'><strong>pacem</strong></span> <span class='ocrx_word' id='word_1_713' title='bbox 2753 4182 2766 4217; x_wconf 88' lang='lat'><strong>:</strong></span> <span class='ocrx_word' id='word_1_714' title='bbox 2796 4164 2920 4232; x_wconf 89' lang='lat' dir='ltr'><strong>quia</strong></span> <span class='ocrx_word' id='word_1_715' title='bbox 2978 4163 3143 4218; x_wconf 82' lang='lat' dir='ltr'><strong>infido</strong></span> <span class='ocrx_word' id='word_1_716' title='bbox 3174 4164 3395 4233; x_wconf 85' lang='lat' dir='ltr'><strong>ingenio</strong></span> <span class='ocrx_word' id='word_1_717' title='bbox 3448 4149 3590 4218; x_wconf 88' lang='lat' dir='ltr'><strong>male</strong></span> 
     </span>
    </p>
   </div>
   <div class='ocr_carea' id='block_1_103' title="bbox 1981 4256 3594 4333">
    <p class='ocr_par' dir='ltr' id='par_1_103' title="bbox 1981 4256 3594 4333">
     <span class='ocr_line' id='line_1_103' title="bbox 1981 4256 3594 4333; baseline -0.014 -12"><span class='ocrx_word' id='word_1_718' title='bbox 1981 4281 2141 4325; x_wconf 85' lang='lat' dir='ltr'><strong>usus,</strong></span> <span class='ocrx_word' id='word_1_719' title='bbox 2164 4261 2446 4333; x_wconf 87' lang='lat' dir='ltr'><strong>perﬁdiam</strong></span> <span class='ocrx_word' id='word_1_720' title='bbox 2477 4267 2770 4319; x_wconf 85' lang='lat' dir='ltr'><strong>consecuta</strong></span> <span class='ocrx_word' id='word_1_721' title='bbox 2798 4257 2952 4313; x_wconf 86' lang='lat' dir='ltr'><strong>ultio.</strong></span> <span class='ocrx_word' id='word_1_722' title='bbox 2988 4257 3122 4315; x_wconf 82' lang='lat' dir='ltr'><strong>Nam</strong></span> <span class='ocrx_word' id='word_1_723' title='bbox 3158 4258 3463 4311; x_wconf 83' lang='lat' dir='ltr'><strong>Demetrius</strong></span> <span class='ocrx_word' id='word_1_724' title='bbox 3496 4256 3594 4313; x_wconf 89' lang='lat' dir='ltr'><strong>Se-</strong></span> 
     </span>
    </p>
   </div>
   <div class='ocr_carea' id='block_1_104' title="bbox 1982 4348 3593 4426">
    <p class='ocr_par' dir='ltr' id='par_1_104' title="bbox 1982 4348 3593 4426">
     <span class='ocr_line' id='line_1_104' title="bbox 1982 4348 3593 4426; baseline -0.009 -11"><span class='ocrx_word' id='word_1_725' title='bbox 1982 4358 2123 4415; x_wconf 89' lang='lat' dir='ltr'><strong>Ieuci</strong></span> <span class='ocrx_word' id='word_1_726' title='bbox 2158 4357 2338 4421; x_wconf 90' lang='lat' dir='ltr'><strong>ﬁlius,</strong></span> <span class='ocrx_word' id='word_1_727' title='bbox 2371 4369 2529 4426; x_wconf 84' lang='lat' dir='ltr'><strong>quem</strong></span> <span class='ocrx_word' id='word_1_728' title='bbox 2582 4352 2845 4411; x_wconf 75' lang='lat' dir='ltr'><strong>Romanis</strong></span> <span class='ocrx_word' id='word_1_729' title='bbox 2895 4350 3141 4404; x_wconf 88' lang='lat' dir='ltr'><strong>obsidem</strong></span> <span class='ocrx_word' id='word_1_730' title='bbox 3195 4348 3377 4423; x_wconf 79' lang='lat' dir='ltr'><strong>datum</strong></span> <span class='ocrx_word' id='word_1_731' title='bbox 3428 4362 3593 4417; x_wconf 88' lang='lat' dir='ltr'><strong>supra</strong></span> 
     </span>
    </p>
   </div>
   <div class='ocr_carea' id='block_1_105' title="bbox 1984 4443 3597 4516">
    <p class='ocr_par' dir='ltr' id='par_1_105' title="bbox 1984 4443 3597 4516">
     <span class='ocr_line' id='line_1_105' title="bbox 1984 4443 3597 4516; baseline -0.001 -6"><span class='ocrx_word' id='word_1_732' title='bbox 1984 4451 2429 4516; x_wconf 84' lang='lat' dir='ltr'><strong>memoravimus,</strong></span> <span class='ocrx_word' id='word_1_733' title='bbox 2466 4460 2521 4504; x_wconf 87' lang='grc' dir='ltr'><strong>ιιι</strong></span> <span class='ocrx_word' id='word_1_734' title='bbox 2553 4448 2757 4505; x_wconf 85' lang='lat' dir='ltr'><strong>audivit</strong></span> <span class='ocrx_word' id='word_1_735' title='bbox 2782 4444 3112 4501; x_wconf 86' lang='lat' dir='ltr'><strong>Antiochum</strong></span> <span class='ocrx_word' id='word_1_736' title='bbox 3139 4443 3470 4509; x_wconf 64' lang='lat' dir='ltr'><strong>decessisse.</strong></span> <span class='ocrx_word' id='word_1_737' title='bbox 3502 4459 3597 4513; x_wconf 76' lang='lat' dir='ltr'><strong>De-</strong></span> 
     </span>
    </p>
   </div>
   <div class='ocr_carea' id='block_1_106' title="bbox 1989 4524 3595 4616">
    <p class='ocr_par' dir='ltr' id='par_1_106' title="bbox 1989 4524 3595 4616">
     <span class='ocr_line' id='line_1_106' title="bbox 1989 4524 3595 4616; baseline -0.006 -13"><span class='ocrx_word' id='word_1_738' title='bbox 1989 4524 2122 4604; x_wconf 37' lang='lat' dir='ltr'><strong>tirit.</strong></span> <span class='ocrx_word' id='word_1_739' title='bbox 2142 4556 2201 4603; x_wconf 91' lang='lat' dir='ltr'><strong>ut</strong></span> <span class='ocrx_word' id='word_1_740' title='bbox 2230 4561 2289 4602; x_wconf 90' lang='lat' dir='ltr'><strong>se</strong></span> <span class='ocrx_word' id='word_1_741' title='bbox 2324 4546 2378 4600; x_wconf 92' lang='lat' dir='ltr'><strong>in</strong></span> <span class='ocrx_word' id='word_1_742' title='bbox 2407 4558 2634 4616; x_wconf 85' lang='lat' dir='ltr'><strong>regnum</strong></span> <span class='ocrx_word' id='word_1_743' title='bbox 2666 4540 3011 4599; x_wconf 83' lang='lat' dir='ltr'><strong>remitterent</strong></span> <span class='ocrx_word' id='word_1_744' title='bbox 3041 4555 3053 4591; x_wconf 89' lang='lat'><strong>:</strong></span> <span class='ocrx_word' id='word_1_745' title='bbox 3084 4537 3229 4608; x_wconf 90' lang='lat' dir='ltr'><strong>quod</strong></span> <span class='ocrx_word' id='word_1_746' title='bbox 3259 4552 3382 4592; x_wconf 89' lang='lat' dir='ltr'><strong>cum</strong></span> <span class='ocrx_word' id='word_1_747' title='bbox 3415 4536 3466 4593; x_wconf 91' lang='lat' dir='ltr'><strong>ei</strong></span> <span class='ocrx_word' id='word_1_748' title='bbox 3501 4553 3595 4595; x_wconf 83' lang='lat' dir='ltr'><strong>ne-</strong></span> 
     </span>
    </p>
   </div>
   <div class='ocr_carea' id='block_1_107' title="bbox 1958 4637 3594 4717">
    <p class='ocr_par' dir='ltr' id='par_1_107' title="bbox 1958 4637 3594 4717">
     <span class='ocr_line' id='line_1_107' title="bbox 1958 4637 3594 4717; baseline -0.007 -17"><span class='ocrx_word' id='word_1_749' title='bbox 1958 4637 2170 4717; x_wconf 42' lang='grc' dir='ltr'><strong>ᾧειιιιιιη</strong></span> <span class='ocrx_word' id='word_1_750' title='bbox 2196 4642 2417 4711; x_wconf 80' lang='lat' dir='ltr'><strong>fuisset,</strong></span> <span class='ocrx_word' id='word_1_751' title='bbox 2441 4643 2581 4699; x_wconf 87' lang='lat' dir='ltr'><strong>clam</strong></span> <span class='ocrx_word' id='word_1_752' title='bbox 2616 4642 2785 4698; x_wconf 80' lang='lat' dir='ltr'><strong>Roma</strong></span> <span class='ocrx_word' id='word_1_753' title='bbox 2812 4637 3067 4709; x_wconf 76' lang='lat' dir='ltr'><strong>profugit,</strong></span> <span class='ocrx_word' id='word_1_754' title='bbox 3100 4638 3153 4699; x_wconf 93' lang='lat' dir='ltr'><strong>in</strong></span> <span class='ocrx_word' id='word_1_755' title='bbox 3181 4638 3395 4710; x_wconf 89' lang='lat' dir='ltr'><strong>Syriam</strong></span> <span class='ocrx_word' id='word_1_756' title='bbox 3425 4637 3594 4701; x_wconf 84' lang='lat' dir='ltr'><strong>venit,</strong></span> 
     </span>
    </p>
   </div>
   <div class='ocr_carea' id='block_1_108' title="bbox 1990 4731 3595 4811">
    <p class='ocr_par' dir='ltr' id='par_1_108' title="bbox 1990 4731 3595 4811">
     <span class='ocr_line' id='line_1_108' title="bbox 1990 4731 3595 4811; baseline -0.006 -17"><span class='ocrx_word' id='word_1_757' title='bbox 1990 4754 2327 4811; x_wconf 85' lang='lat' dir='ltr'><strong>regnumque</strong></span> <span class='ocrx_word' id='word_1_758' title='bbox 2378 4738 2708 4806; x_wconf 87' lang='lat' dir='ltr'><strong>occupavit,</strong></span> <span class='ocrx_word' id='word_1_759' title='bbox 2741 4732 3014 4790; x_wconf 81' lang='lat' dir='ltr'><strong>Antiocho</strong></span> <span class='ocrx_word' id='word_1_760' title='bbox 3066 4732 3200 4800; x_wconf 83' lang='lat' dir='ltr'><strong>filio,</strong></span> <span class='ocrx_word' id='word_1_761' title='bbox 3256 4731 3347 4802; x_wconf 91' lang='lat' dir='ltr'><strong>qui</strong></span> <span class='ocrx_word' id='word_1_762' title='bbox 3393 4745 3595 4785; x_wconf 90' lang='lat' dir='ltr'><strong>annum</strong></span> 
     </span>
    </p>
   </div>
   <div class='ocr_carea' id='block_1_109' title="bbox 1990 4825 3598 4899">
    <p class='ocr_par' dir='ltr' id='par_1_109' title="bbox 1990 4825 3598 4899">
     <span class='ocr_line' id='line_1_109' title="bbox 1990 4825 3598 4899; baseline -0.004 -12"><span class='ocrx_word' id='word_1_763' title='bbox 1990 4850 2157 4889; x_wconf 85' lang='lat' dir='ltr'><strong>unum</strong></span> <span class='ocrx_word' id='word_1_764' title='bbox 2205 4843 2260 4888; x_wconf 90' lang='lat' dir='ltr'><strong>et</strong></span> <span class='ocrx_word' id='word_1_765' title='bbox 2291 4846 2508 4887; x_wconf 89' lang='lat' dir='ltr'><strong>menses</strong></span> <span class='ocrx_word' id='word_1_766' title='bbox 2556 4845 2652 4886; x_wconf 83' lang='lat' dir='ltr'><strong>sex</strong></span> <span class='ocrx_word' id='word_1_767' title='bbox 2708 4836 3068 4899; x_wconf 83' lang='lat' dir='ltr'><strong>regnaverat,</strong></span> <span class='ocrx_word' id='word_1_768' title='bbox 3123 4827 3431 4888; x_wconf 81' lang='lat' dir='ltr'><strong>interfecto.</strong></span> <span class='ocrx_word' id='word_1_769' title='bbox 3485 4825 3598 4882; x_wconf 82' lang='lat' dir='ltr'><strong>Hoc</strong></span> 
     </span>
    </p>
   </div>
   <div class='ocr_carea' id='block_1_110' title="bbox 1990 4921 3595 4996">
    <p class='ocr_par' dir='ltr' id='par_1_110' title="bbox 1990 4921 3595 4996">
     <span class='ocr_line' id='line_1_110' title="bbox 1990 4921 3595 4996; baseline -0.004 -14"><span class='ocrx_word' id='word_1_770' title='bbox 1990 4934 2252 4996; x_wconf 84' lang='lat' dir='ltr'><strong>regnante</strong></span> <span class='ocrx_word' id='word_1_771' title='bbox 2284 4925 2514 4996; x_wconf 90' lang='lat' dir='ltr'><strong>primum</strong></span> <span class='ocrx_word' id='word_1_772' title='bbox 2543 4924 2716 4991; x_wconf 64' lang='lat' dir='ltr'><strong>Judari</strong></span> <span class='ocrx_word' id='word_1_773' title='bbox 2742 4939 2769 4977; x_wconf 89' lang='lat' dir='ltr'><strong>a</strong></span> <span class='ocrx_word' id='word_1_774' title='bbox 2802 4922 3004 4994; x_wconf 79' lang='lat' dir='ltr'><strong>pOpnlo</strong></span> <span class='ocrx_word' id='word_1_775' title='bbox 3029 4922 3272 4981; x_wconf 79' lang='lat' dir='ltr'><strong>Romano</strong></span> <span class='ocrx_word' id='word_1_776' title='bbox 3301 4921 3595 4977; x_wconf 88' lang='lat' dir='ltr'><strong>amicitiam</strong></span> 
     </span>
    </p>
   </div>
   <div class='ocr_carea' id='block_1_111' title="bbox 1992 5016 3595 5089">
    <p class='ocr_par' dir='ltr' id='par_1_111' title="bbox 1992 5016 3595 5089">
     <span class='ocr_line' id='line_1_111' title="bbox 1992 5016 3595 5089; baseline 0 -15"><span class='ocrx_word' id='word_1_777' title='bbox 1992 5019 2282 5087; x_wconf 83' lang='lat' dir='ltr'><strong>foedusque</strong></span> <span class='ocrx_word' id='word_1_778' title='bbox 2327 5019 2577 5089; x_wconf 88' lang='lat' dir='ltr'><strong>petiere:</strong></span> <span class='ocrx_word' id='word_1_779' title='bbox 2606 5018 2945 5088; x_wconf 87' lang='lat' dir='ltr'><strong>benigneque</strong></span> <span class='ocrx_word' id='word_1_780' title='bbox 2986 5025 3210 5089; x_wconf 76' lang='lat' dir='ltr'><strong>excepta</strong></span> <span class='ocrx_word' id='word_1_781' title='bbox 3244 5016 3459 5087; x_wconf 86' lang='lat' dir='ltr'><strong>legatio.</strong></span> <span class='ocrx_word' id='word_1_782' title='bbox 3496 5018 3595 5074; x_wconf 86' lang='lat' dir='ltr'><strong>Dc-</strong></span> 
     </span>
    </p>
   </div>
   <div class='ocr_carea' id='block_1_112' title="bbox 1995 5110 3594 5181">
    <p class='ocr_par' dir='ltr' id='par_1_112' title="bbox 1995 5110 3594 5181">
     <span class='ocr_line' id='line_1_112' title="bbox 1995 5110 3594 5181; baseline -0.001 -12"><span class='ocrx_word' id='word_1_783' title='bbox 1995 5123 2148 5169; x_wconf 91' lang='lat' dir='ltr'><strong>creto</strong></span> <span class='ocrx_word' id='word_1_784' title='bbox 2199 5111 2432 5168; x_wconf 89' lang='lat' dir='ltr'><strong>Senatus</strong></span> <span class='ocrx_word' id='word_1_785' title='bbox 2479 5112 2613 5167; x_wconf 86' lang='lat' dir='ltr'><strong>socii</strong></span> <span class='ocrx_word' id='word_1_786' title='bbox 2656 5122 2819 5180; x_wconf 87' lang='lat' dir='ltr'><strong>atque</strong></span> <span class='ocrx_word' id='word_1_787' title='bbox 2857 5111 3016 5166; x_wconf 84' lang='lat' dir='ltr'><strong>amici</strong></span> <span class='ocrx_word' id='word_1_788' title='bbox 3048 5110 3323 5181; x_wconf 80' lang='lat' dir='ltr'><strong>appellati.</strong></span> <span class='ocrx_word' id='word_1_789' title='bbox 3372 5111 3594 5167; x_wconf 87' lang='lat' dir='ltr'><strong>Inleritn</strong></span> 
     </span>
    </p>
   </div>
   <div class='ocr_carea' id='block_1_113' title="bbox 1997 5202 3598 5275">
    <p class='ocr_par' dir='ltr' id='par_1_113' title="bbox 1997 5202 3598 5275">
     <span class='ocr_line' id='line_1_113' title="bbox 1997 5202 3598 5275; baseline 0.001 -16"><span class='ocrx_word' id='word_1_790' title='bbox 1997 5203 2303 5259; x_wconf 69' lang='lat' dir='ltr'><strong>Demetrius</strong></span> <span class='ocrx_word' id='word_1_791' title='bbox 2354 5202 2616 5261; x_wconf 89' lang='lat' dir='ltr'><strong>adversus</strong></span> <span class='ocrx_word' id='word_1_792' title='bbox 2646 5202 2837 5258; x_wconf 82' lang='lat' dir='ltr'><strong>Judant</strong></span> <span class='ocrx_word' id='word_1_793' title='bbox 2874 5220 2968 5275; x_wconf 90' lang='lat' dir='ltr'><strong>per</strong></span> <span class='ocrx_word' id='word_1_794' title='bbox 3006 5204 3177 5260; x_wconf 88' lang='lat' dir='ltr'><strong>duces</strong></span> <span class='ocrx_word' id='word_1_795' title='bbox 3223 5220 3349 5261; x_wconf 89' lang='lat' dir='ltr'><strong>suos</strong></span> <span class='ocrx_word' id='word_1_796' title='bbox 3401 5206 3598 5260; x_wconf 90' lang='lat' dir='ltr'><strong>bellum</strong></span> 
     </span>
    </p>
   </div>
   <div class='ocr_carea' id='block_1_114' title="bbox 1998 5298 3603 5372">
    <p class='ocr_par' dir='ltr' id='par_1_114' title="bbox 1998 5298 3603 5372">
     <span class='ocr_line' id='line_1_114' title="bbox 1998 5298 3603 5372; baseline 0.001 -19"><span class='ocrx_word' id='word_1_797' title='bbox 1998 5298 2240 5370; x_wconf 87' lang='lat' dir='ltr'><strong>gerebat,</strong></span> <span class='ocrx_word' id='word_1_798' title='bbox 2271 5312 2333 5351; x_wconf 89' lang='lat' dir='ltr'><strong>ac</strong></span> <span class='ocrx_word' id='word_1_799' title='bbox 2367 5298 2599 5367; x_wconf 89' lang='lat' dir='ltr'><strong>primum</strong></span> <span class='ocrx_word' id='word_1_800' title='bbox 2628 5313 2727 5369; x_wconf 90' lang='lat' dir='ltr'><strong>per</strong></span> <span class='ocrx_word' id='word_1_801' title='bbox 2755 5298 3076 5356; x_wconf 81' lang='lat' dir='ltr'><strong>Bacchidem</strong></span> <span class='ocrx_word' id='word_1_802' title='bbox 3109 5300 3394 5372; x_wconf 85' lang='lat' dir='ltr'><strong>quemdam</strong></span> <span class='ocrx_word' id='word_1_803' title='bbox 3424 5311 3479 5356; x_wconf 94' lang='lat' dir='ltr'><strong>et</strong></span> <span class='ocrx_word' id='word_1_804' title='bbox 3508 5299 3603 5356; x_wconf 88' lang='lat' dir='ltr'><strong>Al-</strong></span> 
     </span>
    </p>
   </div>
   <div class='ocr_carea' id='block_1_115' title="bbox 2000 5392 3606 5466">
    <p class='ocr_par' dir='ltr' id='par_1_115' title="bbox 2000 5392 3606 5466">
     <span class='ocr_line' id='line_1_115' title="bbox 2000 5392 3606 5466; baseline 0.002 -17"><span class='ocrx_word' id='word_1_805' title='bbox 2000 5394 2202 5449; x_wconf 92' lang='lat' dir='ltr'><strong>cimum</strong></span> <span class='ocrx_word' id='word_1_806' title='bbox 2231 5392 2475 5448; x_wconf 58' lang='lat' dir='ltr'><strong>Judaeum</strong></span> <span class='ocrx_word' id='word_1_807' title='bbox 2507 5394 2701 5451; x_wconf 89' lang='lat' dir='ltr'><strong>ductus</strong></span> <span class='ocrx_word' id='word_1_808' title='bbox 2725 5396 3027 5461; x_wconf 80' lang='lat' dir='ltr'><strong>exercitus;</strong></span> <span class='ocrx_word' id='word_1_809' title='bbox 3060 5407 3179 5466; x_wconf 87' lang='lat' dir='ltr'><strong>post</strong></span> <span class='ocrx_word' id='word_1_810' title='bbox 3205 5397 3438 5454; x_wconf 77' lang='lat' dir='ltr'><strong>NiCattor</strong></span> <span class='ocrx_word' id='word_1_811' title='bbox 3462 5396 3606 5452; x_wconf 89' lang='lat' dir='ltr'><strong>bello</strong></span> 
     </span>
    </p>
   </div>
   <div class='ocr_carea' id='block_1_116' title="bbox 2004 5486 3606 5557">
    <p class='ocr_par' dir='ltr' id='par_1_116' title="bbox 2004 5486 3606 5557">
     <span class='ocr_line' id='line_1_116' title="bbox 2004 5486 3606 5557; baseline 0.001 -16"><span class='ocrx_word' id='word_1_812' title='bbox 2004 5488 2328 5557; x_wconf 80' lang='lat' dir='ltr'><strong>prtrpnsitus</strong></span> <span class='ocrx_word' id='word_1_813' title='bbox 2373 5486 2423 5540; x_wconf 93' lang='lat' dir='ltr'><strong>in</strong></span> <span class='ocrx_word' id='word_1_814' title='bbox 2474 5490 2660 5557; x_wconf 60' lang='lat' dir='ltr'><strong>pratlio</strong></span> <span class='ocrx_word' id='word_1_815' title='bbox 2701 5490 2975 5545; x_wconf 90' lang='lat' dir='ltr'><strong>occubuit.</strong></span> <span class='ocrx_word' id='word_1_816' title='bbox 3022 5490 3156 5545; x_wconf 82' lang='lat' dir='ltr'><strong>&#39;I‘um</strong></span> <span class='ocrx_word' id='word_1_817' title='bbox 3201 5489 3497 5546; x_wconf 84' lang='lat' dir='ltr'><strong>Bacchides</strong></span> <span class='ocrx_word' id='word_1_818' title='bbox 3549 5501 3606 5543; x_wconf 89' lang='lat' dir='ltr'><strong>et</strong></span> 
     </span>
    </p>
   </div>
   <div class='ocr_carea' id='block_1_117' title="bbox 2006 5582 3601 5657">
    <p class='ocr_par' dir='ltr' id='par_1_117' title="bbox 2006 5582 3601 5657">
     <span class='ocr_line' id='line_1_117' title="bbox 2006 5582 3601 5657; baseline 0.001 -19"><span class='ocrx_word' id='word_1_819' title='bbox 2006 5582 2246 5638; x_wconf 83' lang='lat' dir='ltr'><strong>Alcimus</strong></span> <span class='ocrx_word' id='word_1_820' title='bbox 2264 5626 2277 5648; x_wconf 93' lang='lat'><strong>,</strong></span> <span class='ocrx_word' id='word_1_821' title='bbox 2308 5585 2601 5654; x_wconf 76' lang='lat' dir='ltr'><strong>resumptis</strong></span> <span class='ocrx_word' id='word_1_822' title='bbox 2623 5586 2831 5640; x_wconf 85' lang='lat' dir='ltr'><strong>viribus</strong></span> <span class='ocrx_word' id='word_1_823' title='bbox 2857 5587 3141 5657; x_wconf 86' lang='lat' dir='ltr'><strong>auctisque</strong></span> <span class='ocrx_word' id='word_1_824' title='bbox 3169 5586 3340 5654; x_wconf 84' lang='lat' dir='ltr'><strong>copiis</strong></span> <span class='ocrx_word' id='word_1_825' title='bbox 3361 5626 3374 5648; x_wconf 94' lang='lat'><strong>,</strong></span> <span class='ocrx_word' id='word_1_826' title='bbox 3405 5583 3601 5639; x_wconf 47' lang='lat' dir='ltr'><strong>adver‘</strong></span> 
     </span>
    </p>
   </div>
   <div class='ocr_carea' id='block_1_118' title="bbox 2009 5676 3604 5751">
    <p class='ocr_par' dir='ltr' id='par_1_118' title="bbox 2009 5676 3604 5751">
     <span class='ocr_line' id='line_1_118' title="bbox 2009 5676 3604 5751; baseline 0.001 -19"><span class='ocrx_word' id='word_1_827' title='bbox 2009 5691 2126 5733; x_wconf 87' lang='lat' dir='ltr'><strong>sum</strong></span> <span class='ocrx_word' id='word_1_828' title='bbox 2181 5676 2370 5733; x_wconf 83' lang='lat' dir='ltr'><strong>ludam</strong></span> <span class='ocrx_word' id='word_1_829' title='bbox 2419 5678 2736 5750; x_wconf 85' lang='lat' dir='ltr'><strong>confligunt.</strong></span> <span class='ocrx_word' id='word_1_830' title='bbox 2788 5680 2843 5734; x_wconf 92' lang='lat' dir='ltr'><strong>In</strong></span> <span class='ocrx_word' id='word_1_831' title='bbox 2886 5696 2946 5735; x_wconf 90' lang='lat' dir='ltr'><strong>ea</strong></span> <span class='ocrx_word' id='word_1_832' title='bbox 3001 5695 3175 5749; x_wconf 81' lang='lat' dir='ltr'><strong>pugna</strong></span> <span class='ocrx_word' id='word_1_833' title='bbox 3217 5677 3449 5731; x_wconf 87' lang='lat' dir='ltr'><strong>victores</strong></span> <span class='ocrx_word' id='word_1_834' title='bbox 3481 5677 3604 5751; x_wconf 89' lang='lat' dir='ltr'><strong>Syri</strong></span> 
     </span>
    </p>
   </div>
   <div class='ocr_carea' id='block_1_119' title="bbox 2013 5771 3609 5845">
    <p class='ocr_par' dir='ltr' id='par_1_119' title="bbox 2013 5771 3609 5845">
     <span class='ocr_line' id='line_1_119' title="bbox 2013 5771 3609 5845; baseline 0.001 -16"><span class='ocrx_word' id='word_1_835' title='bbox 2013 5780 2238 5835; x_wconf 80' lang='lat' dir='ltr'><strong>cruente</strong></span> <span class='ocrx_word' id='word_1_836' title='bbox 2261 5772 2550 5845; x_wconf 74' lang='lat' dir='ltr'><strong>admodttttt</strong></span> <span class='ocrx_word' id='word_1_837' title='bbox 2577 5774 2802 5831; x_wconf 82' lang='lat' dir='ltr'><strong>victoria</strong></span> <span class='ocrx_word' id='word_1_838' title='bbox 2832 5783 2957 5827; x_wconf 78' lang='lat' dir='ltr'><strong>sunt</strong></span> <span class='ocrx_word' id='word_1_839' title='bbox 2980 5772 3082 5825; x_wconf 84' lang='lat' dir='ltr'><strong>usi.</strong></span> <span class='ocrx_word' id='word_1_840' title='bbox 3118 5771 3332 5825; x_wconf 76' lang='lat' dir='ltr'><strong>Ilebrzei</strong></span> <span class='ocrx_word' id='word_1_841' title='bbox 3353 5774 3403 5824; x_wconf 89' lang='lat' dir='ltr'><strong>itt</strong></span> <span class='ocrx_word' id='word_1_842' title='bbox 3432 5772 3609 5829; x_wconf 88' lang='lat' dir='ltr'><strong>locum</strong></span> 
     </span>
    </p>
   </div>
   <div class='ocr_carea' id='block_1_120' title="bbox 2015 5863 3614 5937">
    <p class='ocr_par' dir='ltr' id='par_1_120' title="bbox 2015 5863 3614 5937">
     <span class='ocr_line' id='line_1_120' title="bbox 2015 5863 3614 5937; baseline 0.001 -16"><span class='ocrx_word' id='word_1_843' title='bbox 2015 5865 2165 5937; x_wconf 73' lang='lat' dir='ltr'><strong>Iuda:</strong></span> <span class='ocrx_word' id='word_1_844' title='bbox 2198 5864 2487 5927; x_wconf 74' lang='lat' dir='ltr'><strong>Junnthatn</strong></span> <span class='ocrx_word' id='word_1_845' title='bbox 2523 5867 2745 5924; x_wconf 85' lang='lat' dir='ltr'><strong>fratrem</strong></span> <span class='ocrx_word' id='word_1_846' title='bbox 2772 5867 2891 5936; x_wconf 88' lang='lat' dir='ltr'><strong>ejus</strong></span> <span class='ocrx_word' id='word_1_847' title='bbox 2922 5864 3186 5936; x_wconf 80' lang='lat' dir='ltr'><strong>deligunt.</strong></span> <span class='ocrx_word' id='word_1_848' title='bbox 3223 5863 3437 5921; x_wconf 86' lang='lat' dir='ltr'><strong>Interea</strong></span> <span class='ocrx_word' id='word_1_849' title='bbox 3464 5864 3614 5923; x_wconf 58' lang='lat' dir='ltr'><strong>Aleia</strong></span> 
     </span>
    </p>
   </div>
  </div>
