4106 6344
532 305 640 379 ita

1861 292 2154 367 SULPICII
2192 295 2446 361 SEVERI

3734 287 3839 354 tu

527 452 650 492 mus
678 450 800 493 cum
834 432 977 491 foede
1026 430 1464 505 IIierosolymam
1494 433 1763 483 vastasset
1788 468 1803 493 ,
1854 426 2085 482 moritur
2115 440 2131 481 :
2164 426 2217 486 A
2242 439 2388 480 anno
2413 422 2624 478 civibus
2649 436 2887 493 praeesse
2908 421 3167 495 empisset
3188 464 3201 489 ,
3230 426 3355 493 post
3383 426 3506 477 octo
3547 432 3720 476 annos
3760 418 3844 474 in-

529 529 831 586 Bacchides
852 529 1003 584 socio
1024 525 1317 584 destitutus
1340 523 1406 578 ad
1441 538 1623 594 regem
1655 520 1817 576 redit.
1848 519 1984 573 Dein
2015 526 2138 584 post

527 625 809 681 biettninm
855 638 1043 678 rursus
1092 620 1391 676 Bacchides
1435 617 1637 672 bellum
1671 614 1874 670 Judteis
1905 614 2131 668 intulit:

531 720 711 775 victus
760 732 946 787 pacem
1000 717 1169 786 petit;
1220 729 1340 785 qua:
1392 711 1686 782 propositis
1734 707 2136 763 conditionibus

528 817 690 873 data:
724 815 781 873 Si
814 814 1071 886 perfugas
1099 812 1453 884 Captivosque
1482 816 1538 864 et
1584 808 1767 861 omnia
1800 804 1945 861 bello
1982 812 2136 876 rapta

530 909 806 967 redderet.

607 1001 799 1059 XXIV.
861 1001 997 1056 Dum
1047 999 1166 1053 hrec
1203 998 1345 1052 intra
1374 994 1615 1052 Judaaam
1662 1002 1957 1066 geruntur,
2005 989 2139 1046 ado-

529 1098 747 1154 lescens
778 1094 993 1168 quidam
1026 1093 1201 1148 Rhodi
1231 1093 1516 1157 educatus,
1552 1088 1773 1143 nomine
1802 1085 2133 1152 Alexander,

533 1189 787 1249 Antiochi
828 1204 887 1245 se
912 1204 1034 1244 esse
1058 1187 1226 1241 filium
1273 1185 1529 1240 dictitans
1557 1182 1722 1255 (quod
1749 1181 1940 1237 falsum
1971 1179 2135 1250 erat),

532 1285 750 1357 adjutus
793 1284 988 1354 opibus
1037 1280 1315 1336 Ptolema-i
1348 1280 1491 1347 regis
1520 1275 1912 1342 Alexandrini,
1946 1275 1997 1329 in
2031 1273 2135 1346 Sy-

527 1381 665 1435 riam
697 1393 819 1434 cum
848 1376 1096 1432 exercitu
1128 1374 1274 1429 venit
1308 1390 1321 1427 :
1358 1372 1693 1427 Demetrium
1729 1368 1873 1424 bello
1902 1381 2137 1435 supera-

531 1483 647 1528 tum
679 1470 881 1529 occidit
910 1511 924 1533 ,
956 1486 1078 1525 cum
1113 1474 1398 1539 regnasset
1423 1481 1595 1519 annos
1626 1480 1722 1518 xtl.
1755 1462 1854 1517 Hic
1896 1460 2133 1516 Alexan-

530 1566 650 1628 der,
706 1569 1016 1634 priusquam
1068 1561 1333 1616 adversus
1389 1560 1720 1614 Demetrium
1773 1552 2133 1624 conﬂigeret,

528 1659 710 1717 fmdus
735 1674 859 1716 cum
885 1655 1119 1713 Jonatba
1148 1655 1381 1716 fecerat,
1418 1668 1651 1721 eumque
1682 1660 1836 1706 veste
1866 1662 2133 1718 purpurea

526 1764 584 1811 et
615 1752 919 1823 insignibus
948 1748 1116 1819 regiis
1142 1748 1444 1803 donaverat
1477 1761 1491 1799 :
1525 1745 1593 1800 ob
1623 1744 1765 1815 quod
1798 1758 1920 1798 eum
1968 1740 2134 1797 Jona-

2240 515 2392 572 sidiis
2418 515 2698 572 Ptolemaei
2746 515 3153 571 circumventus
3192 513 3465 569 occubuit.
3514 512 3650 566 IIuic
3677 509 3842 567 Joan-

2242 628 2339 665 nes
2387 611 2530 667 filius
2573 615 2864 676 successit,
2898 612 2990 682 qui
3021 626 3144 666 cum
3178 608 3467 666 adversum
3515 608 3800 681 Hyrcanos
3826 647 3842 674 ,

2238 716 2455 773 gentem
2510 704 2928 768 validissimam,
2982 703 3202 776 egregie
3252 712 3565 773 pugnasset,
3610 699 3845 774 Ilyrcani

2239 812 2541 867 cognomen
2571 797 2805 867 accepit.
2833 796 3177 853 MtlrltllISt'Sl
3200 812 3375 851 annos
3405 812 3454 851 νι
3483 803 3540 849 et
3566 810 3636 851 xx
3661 809 3843 849 rerum

2239 894 2465 961 pontus.
2499 891 2631 947 Post
2660 894 2804 947 hunc
2834 891 3181 947 Aristobulus
3208 890 3450 962 pontifex
3480 889 3844 959 substitutus,

2240 990 2448 1058 primus
2501 988 2745 1044 omnium
2798 999 2920 1058 post
2973 988 3345 1059 captivitatem
3399 986 3610 1055 regium
3646 1000 3847 1042 nomen

2238 1084 2562 1153 assumpsit,
2595 1084 2867 1155 capitique
2889 1083 3138 1138 diadema
3162 1082 3440 1154 imposuit.
3469 1081 3677 1137 Exacto
3705 1096 3849 1136 anno

2239 1176 2383 1231 diem
2412 1176 2629 1231 functus
2659 1183 2762 1231 est.
2808 1175 3117 1231 Alexander
3168 1175 3365 1230 deinde
3395 1174 3540 1230 lilius
3587 1174 3709 1245 ejus
3755 1188 3848 1229 rex

2239 1273 2448 1341 pariter
2477 1281 2533 1327 et
2564 1270 2811 1342 pontifex
2843 1270 2989 1326 fuit:
3034 1271 3283 1343 regnavit
3329 1286 3503 1326 annos
3546 1286 3617 1326 vit
3669 1280 3726 1327 et
3776 1269 3852 1326 vi-

2238 1364 2409 1435 giuti;
2461 1366 2514 1419 in
2557 1364 2717 1435 cujus
2766 1364 2981 1419 actibus
3030 1363 3167 1420 nihil
3219 1374 3419 1435 przeter
3471 1364 3850 1421 crudelitatem

2240 1460 2503 1514 memoria
2536 1459 2763 1531 dignum
2816 1460 3020 1529 reperi.
3072 1459 3171 1516 llic
3218 1475 3341 1515 cum
3372 1460 3749 1516 Aristobulum
3799 1468 3854 1516 et

2241 1554 2550 1625 Hyrcanum
2590 1570 2790 1625 parvos
2822 1553 2966 1608 filios
3000 1554 3335 1625 reliquisset,
3364 1554 3550 1610 Salina
3582 1554 3701 1610 sive
3727 1552 3854 1609 Ale-

2238 1647 2446 1703 xandra
2479 1663 2613 1702 uxor
2642 1648 2763 1716 ejus
2792 1662 3021 1718 regnum
3068 1663 3166 1719 per
3208 1663 3401 1703 novem
3436 1663 3610 1704 annos
3658 1648 3850 1705 tenuit.

2239 1743 2365 1801 POSI
2397 1744 2558 1815 hujus
2588 1744 2796 1799 obitum
2839 1743 2985 1800 foeda
3030 1744 3173 1800 inter
3202 1742 3398 1801 fratres
3426 1744 3495 1800 de
3537 1759 3708 1816 regno
3738 1760 3855 1801 cer-

528 1847 657 1904 thas
705 1844 921 1900 auxiliis
968 1842 1188 1913 juverat
1217 1882 1233 1904 ,
1291 1840 1550 1909 victoque
1606 1838 1876 1892 Demetrio
1927 1834 2134 1905 primus
2164 1832 2212 1893 B
2241 1838 2463 1893 lamina.
2495 1838 2573 1893 Ac
2608 1838 2840 1907 primum
2875 1837 3158 1911 Hyrcanus
3186 1838 3475 1908 imperium
3515 1838 3805 1895 obtinebat
3835 1855 3851 1894 :

531 1940 778 1995 omnium
824 1937 1262 2008 c0ugratulatutn
1310 1939 1648 1987 occurrerat.
1706 1928 1894 1999 Neque
1948 1936 2138 1999 postea

532 2029 844 2089 Alexander
872 2030 1052 2083 datam
1101 2026 1259 2083 fidem
1304 2024 1525 2080 violavit
1556 2040 1569 2077 :
1601 2022 1674 2076 ita
1714 2020 2093 2091 quinquennio
2120 2061 2137 2087 ,

526 2140 638 2198 quo
687 2138 867 2181 rerum
918 2123 1119 2192 potitus
1165 2128 1279 2180 est,
1315 2134 1405 2173 res
1456 2116 1772 2172 Judteorum
1820 2111 2137 2184 tranquillae

523 2221 767 2277 fuerunt.
819 2216 986 2287 Igitur
1017 2214 1328 2279 Demetrius,
1362 2209 1622 2267 Demetrii
1666 2209 1840 2275 filius,
1873 2207 1964 2278 qui
2017 2217 2141 2277 post

532 2324 763 2369 mortem
796 2311 966 2381 patris
989 2305 1206 2363 Cretam
1233 2305 1573 2375 confugerat,
1607 2301 1860 2356 hortante
1884 2298 2141 2355 Listhene

529 2402 1057 2468 Cretensinmdnee,
1106 2416 1332 2473 regnum
1380 2398 1618 2470 patrium
1668 2396 1812 2451 bello
1842 2404 2137 2465 repetens,

532 2502 711 2570 impar
773 2498 980 2553 viribus
1036 2494 1392 2550 Ptolemaeum
1459 2489 1884 2544 Pliilometorem
1956 2501 2139 2557 regem

535 2594 791 2667 Egypti,
836 2589 1131 2648 Alexandri
1172 2602 1425 2643 socerum
1460 2585 1571 2655 jam
1607 2592 1719 2639 tum
1751 2598 1952 2653 genero
1978 2583 2140 2637 infeso

532 2700 647 2747 tum
668 2732 684 2754 ,
716 2698 775 2743 ιιι
819 2687 921 2743 sibi
953 2686 1026 2742 sit
1053 2682 1256 2739 auxilio
1286 2682 1564 2751 implorat.
1599 2678 1694 2734 Ille
1723 2692 1853 2733 vero
1894 2692 2001 2731 non
2031 2686 2139 2731 tam

531 2782 797 2854 supplicis
827 2780 1078 2851 precibus
1103 2791 1263 2847 quam
1292 2789 1391 2845 Spe
1420 2773 1593 2845 Syriae
1623 2769 1956 2841 occupandae
1984 2769 2139 2824 illec-

535 2886 644 2938 tus,
669 2874 854 2944 copias
875 2886 999 2928 cum
1029 2885 1095 2925 eo
1121 2869 1321 2939 jungit,
1351 2880 1414 2920 ac
1446 2864 1612 2918 filiam
1644 2861 1966 2918 Alexandro
2004 2876 2140 2932 nup-

532 2977 646 3024 tam
666 2966 763 3023 dat
791 2962 1084 3021 Demetrio.
1106 2960 1385 3016 Adversus
1411 2958 1509 3013 bos
1539 2956 1847 3012 Alexander
1875 2956 1992 3012 acie
2013 2971 2143 3011 cou-

533 3064 705 3135 ﬂigit:
738 3078 805 3120 eo
837 3062 1024 3133 prtelio
1076 3058 1405 3114 Ptolemaeus
1452 3054 1633 3117 cadit;
1676 3051 1990 3108 Alexander
2026 3052 2143 3107 vin-

534 3160 680 3215 citur
704 3167 758 3211 et
795 3154 954 3227 paulo
985 3162 1112 3224 post
1136 3149 1484 3213 interﬁcitur,
1515 3162 1637 3201 cum
1662 3154 1945 3217 regnasset
1971 3160 2143 3200 annos

531 3266 589 3317 v,
614 3250 722 3314 vel,
749 3256 806 3303 ut
836 3248 888 3302 in
920 3246 1199 3317 plerisque
1229 3242 1544 3298 auctoribus
1574 3241 1777 3311 reperi,
1804 3255 2019 3295 novem.

604 3342 772 3400 XXV.
806 3340 1115 3395 Demetrius
1154 3352 1382 3407 regnum
1427 3335 1700 3404 indeptus,
1733 3332 2005 3388 Jouatbau
2049 3332 2143 3387 be-

533 3439 699 3508 nigne
732 3436 958 3500 habuit,
990 3433 1165 3488 fmdus
1196 3446 1321 3487 cum
1363 3447 1429 3486 eo
1472 3429 1596 3486 fecit
1619 3469 1634 3495 ,
1682 3428 1900 3484 Iudaeos
1932 3428 2141 3499 legibus

534 3532 651 3587 suis
680 3529 933 3586 reddidit.
962 3528 1175 3583 Interea
1200 3524 1461 3597 Tryphon
1487 3565 1501 3591 ,
1532 3523 1621 3594 qui
1646 3523 1882 3594 partium
1906 3519 2141 3576 Alexan-

534 3624 618 3680 dri
670 3623 883 3685 fuerat,
913 3618 1208 3692 przefectus
1252 3617 1424 3689 Syriae
1451 3656 1466 3682 ,
1506 3631 1771 3686 regno....
1830 3613 1964 3668 Eum
1996 3612 2140 3667 bello

534 3714 910 3788 prohibiturus
930 3721 1119 3769 contra
1146 3710 1419 3767 .lonatbau
1464 3708 1517 3763 in
1550 3708 1795 3779 praelium
1821 3706 2137 3773 descendit,

535 3809 797 3867 terribilis
828 3824 896 3863 xt.
918 3806 1147 3863 millium
1176 3806 1442 3862 exercitu.
1475 3802 1733 3874 Tryphon
1760 3802 1853 3857 ubi
1877 3818 1936 3859 se
1968 3802 2139 3873 impa-

545 3917 660 3959 rem
693 3902 892 3967 cernit,
924 3915 1112 3974 pacem
1161 3898 1383 3953 simulat
1418 3914 1431 3950 :
1463 3906 1852 3967 receptumqne
1906 3896 1961 3949 in
2005 3896 2140 3950 ami-

536 3996 759 4060 citiam,
806 3993 1200 4064 invitatumque
1227 3990 1617 4048 Ptolemaidam
1663 3988 1959 4045 interfecit.
2009 3988 2140 4045 Post

535 4091 806 4148 Jouathan
827 4106 1034 4145 summa
1050 4105 1234 4145 rerum
1253 4088 1319 4142 ad
1337 4089 1613 4143 Simonem
1633 4084 1855 4141 fratrem
1875 4085 2138 4144 defertur.

533 4187 586 4243 Is
626 4186 787 4242 funus
825 4184 1007 4241 fratris
1040 4184 1329 4255 magnifice
1374 4184 1627 4247 curavit,
1668 4190 1989 4253 septemque
2022 4181 2142 4237 illas

534 4280 852 4353 pyramidas
880 4278 1201 4335 nobilissimi
1229 4276 1414 4347 operis
1441 4273 1746 4338 exstruxit,
1776 4274 1830 4328 in
1857 4274 2059 4345 quibus
2088 4283 2144 4330 et

534 4377 763 4432 fratrum
795 4383 851 4431 et
877 4374 1049 4445 patris
1076 4387 1198 4428 ossa
1231 4370 1495 4426 condidit.
1522 4368 1659 4424 Tum
1690 4369 2023 4437 Demetrius,
2053 4385 2144 4426 re.

531 4473 680 4528 t'ecto
707 4485 831 4526 eum
861 4467 1066 4523 Judteis
1095 4465 1304 4521 foedere
1329 4506 1345 4531 ,
1391 4462 1857 4531 contemplatione
1899 4463 2071 4519 cladis
2110 4480 2142 4521 a

533 4565 828 4637 Tryphone
880 4562 1043 4616 illam
1072 4561 1231 4630 (nam
1282 4566 1405 4628 post
1439 4556 1689 4613 Jonathae
1736 4572 1925 4612 necem
1975 4560 2139 4615 urbes

2241 1946 2365 1986 mox
2393 1930 2462 1985 ab
2488 1930 2804 1985 Aristobulo
2840 1930 3007 1985 fratre
3052 1932 3263 2002 pulsus,
3316 1930 3567 2001 confugit
3593 1929 3662 1986 ad
3693 1929 3854 1986 Pom-

2243 2027 2444 2097 peium.
2474 2026 2564 2095 qui
2600 2035 2747 2092 tum,
2802 2023 3171 2081 Mithridatico
3198 2024 3342 2080 bello
3390 2028 3643 2082 conlecto
3690 2040 3851 2095 paca-

2244 2136 2404 2197 taque
2450 2126 2708 2181 Armenia
2741 2134 2796 2180 et
2846 2123 3046 2191 Ponto,
3100 2122 3275 2178 victor
3306 2123 3551 2178 omnium
3610 2123 3850 2191 gentium

2240 2236 2379 2292 quas
2402 2222 2645 2287 adierat,
2684 2221 2978 2275 introrsum
3033 2233 3285 2290 pergere,
3316 2227 3370 2274 et
3396 2217 3572 2273 vicina
3624 2232 3853 2288 qumque

2241 2316 2489 2373 ROmano
2520 2315 2748 2386 imperio
2781 2314 3080 2386 adiungere
3111 2314 3361 2385 cupiens,
3410 2328 3605 2369 causas
3641 2314 3768 2368 belli
3800 2322 3857 2370 et

2243 2408 2527 2464 materiam
2588 2407 2841 2464 vincendi
2908 2408 3207 2479 quaerebat.
3295 2406 3464 2478 Igitur
3540 2408 3851 2480 Ilyrcztnum

2243 2503 2421 2559 libens
2462 2502 2703 2571 excepit,
2761 2501 3037 2570 ductuque
3077 2500 3196 2571 ejus
3240 2499 3457 2555 Iudaeos
3513 2500 3850 2573 aggreditur.

2248 2596 2391 2653 Urbe
2420 2605 2576 2666 capta
2608 2605 2771 2665 atque
2810 2608 2959 2659 arce,
3010 2594 3215 2665 templo
3248 2595 3509 2665 pepercit.
3568 2594 3858 2651 Arismbu-

2245 2692 2355 2746 Ium
2406 2692 2645 2745 vinctum
2696 2688 2925 2743 Romam
2974 2689 3187 2744 mittit:
3237 2687 3490 2759 Hyrcano
3514 2687 3606 2761 jus
3639 2688 3858 2753 pentifi-

2244 2793 2398 2840 catus
2462 2783 2701 2839 restituit
2758 2800 2773 2839 :
2834 2784 3202 2853 impositoque
3272 2780 3479 2837 Iuda-is
3528 2781 3854 2851 stipendio,

2244 2888 2653 2949 procuratorem
2708 2876 2791 2933 eis
2844 2877 3192 2946 Antipatrum
3238 2873 3528 2946 quemdam
3561 2873 3856 2930 Ascaloni-

2248 2981 2354 3027 tem
2386 2971 2703 3043 prmposuit.
2751 2970 3019 3026 IIircamts
3047 2978 3281 3041 quatuor
3325 2978 3381 3025 et
3428 2969 3651 3042 triginta
3684 2984 3858 3026 annos

2245 3081 2427 3121 rerum
2460 3064 2680 3136 potitus,
2726 3063 2857 3120 dum
2896 3063 3186 3120 adversum
3218 3061 3451 3119 Parthos
3491 3062 3637 3120 bella
3681 3063 3854 3136 gerit,

2247 3172 2483 3231 capitur.

2165 3230 2216 3297 ο
2320 3230 2538 3310 XXVII.
2580 3254 2717 3310 Tum
2750 3253 2995 3311 Herodes
3024 3254 3354 3325 alienigena,
3387 3254 3661 3325 Antipatri
3692 3254 3857 3311 Asca.

2245 3349 2430 3405 Ionit:e
2462 3349 2626 3415 filius,
2662 3364 2887 3419 regnum
2918 3347 3125 3405 .Iud:eae
3147 3364 3175 3401 a
3206 3361 3399 3404 senatu
3428 3357 3485 3403 et
3512 3348 3720 3419 popqu
3749 3347 3858 3404 IIo-

2243 3458 2407 3497 mann
2431 3442 2612 3513 petiit,
2643 3441 2986 3512 accepitque.
3019 3441 3171 3496 Hunc
3202 3440 3432 3512 primum
3470 3440 3649 3497 Judaei
3677 3450 3859 3497 exter-

2246 3551 2374 3591 num
2404 3550 2587 3605 regem
2618 3543 2904 3604 cmperunt
2957 3533 3194 3590 habere:
3235 3534 3437 3589 etenim
3490 3533 3603 3604 jam
3655 3532 3859 3589 adven-

2248 3636 2394 3682 tante
2423 3624 2641 3683 Christo
2672 3642 2896 3683 necesse
2923 3635 3043 3682 erat
3065 3669 3078 3691 ,
3109 3626 3409 3682 secundum
3441 3624 3699 3682 vaticinia
3732 3641 3855 3697 pro-

2245 3718 2555 3788 phetarum,
2591 3721 2708 3775 suis
2737 3734 2834 3776 eos
2858 3718 3091 3775 ducibus
3140 3719 3364 3790 privari,
3416 3734 3485 3774 ne
3534 3719 3666 3790 qttid
3712 3719 3853 3775 ultra

2243 3812 2521 3869 Christum
2553 3822 2959 3887 exspectarent.
3008 3813 3121 3870 Sub
3153 3814 3257 3869 hoc
3288 3812 3525 3881 Herode,
3570 3829 3719 3869 anno
3751 3815 3853 3869 im-

2247 3908 2384 3979 perii
2408 3908 2525 3979 ejus
2552 3910 2711 3964 tertio
2739 3918 2793 3964 et
2824 3922 2933 3963 xxx
2963 3907 3215 3963 Christus
3248 3914 3407 3962 natus
3436 3915 3546 3972 est,
3570 3906 3777 3962 Sabino
3802 3915 3856 3963 et

2248 4002 2446 4058 Ruﬁno
2480 4001 2827 4069 consulibus,
2869 4017 2961 4056 vut
2989 3999 3250 4057 kalendas
3288 3998 3600 4057 Januarias.
3645 4000 3853 4057 Verum

2247 4097 2364 4153 hate
2385 4112 2503 4168 quae
2530 4096 2841 4165 Evangeliis
2866 4111 2930 4152 ac
2970 4095 3235 4163 deinceps
3265 4094 3657 4165 Apostolorum
3707 4095 3858 4151 Acti-

2246 4190 2348 4247 bus
2370 4190 2741 4258 Contiuentur,
2771 4191 3041 4261 attingere
3065 4205 3170 4245 non
3202 4204 3386 4264 ausus,
3423 4205 3493 4246 ne
3514 4189 3646 4260 quid
3676 4188 3854 4246 forma

2246 4285 2460 4356 praecisi
2491 4285 2672 4355 operis
2717 4300 2899 4341 rerum
2940 4283 3292 4356 dignitatibus
3322 4282 3684 4352 ditninueret,
3728 4282 3858 4341 reli-

2246 4395 2350 4452 qua
2382 4394 2671 4450 exsequar.
2701 4378 2946 4435 Herodes
2988 4386 3111 4449 post
3155 4375 3495 4432 nativitatem
3529 4375 3748 4432 Domini
3773 4391 3858 4433 re-

2246 4475 2631 4544 gnavitannos
2687 4488 2774 4539 1v,
2809 4489 2934 4528 nam
2986 4487 3147 4528 omne
3202 4468 3421 4542 imperii
3464 4469 3588 4536 ejus
3638 4479 3857 4541 tempus

2248 4582 2326 4622 vn
2354 4576 2409 4623 et
2429 4584 2534 4623 xxx
2563 4568 2689 4622 anni
2711 4567 2953 4633 fuerunt,
2976 4576 3097 4637 post
3122 4582 3283 4638 quem
3312 4565 3623 4621 Archelaus
3654 4574 3856 4623 tetrar—

536 4671 728 4716 eorum
758 4666 920 4723 atque
944 4667 1105 4723 agros
1132 4649 1278 4707 bello
1311 4649 1679 4719 vastaverat).
1708 4663 1885 4703 annua
1911 4651 1989 4705 Bis
2017 4667 2143 4709 νιξο-
2166 4636 2223 4698 D
2247 4660 2347 4715 cha
2373 4661 2531 4716 anuis
2562 4677 2637 4717 tx.
2668 4660 2914 4717 IIerodes
2934 4661 3090 4715 annis
3113 4676 3184 4715 xx
3223 4670 3279 4715 et
3304 4674 3381 4714 tv.
3427 4658 3542 4715 Hoc
3563 4670 3855 4729 regnante,

537 4750 722 4819 tigalia
751 4747 804 4803 in
847 4755 1169 4817 perpetuum
1220 4742 1495 4799 remittit:
1528 4743 1732 4798 etenim
1780 4757 1951 4813 usque
1993 4744 2059 4800 ad
2089 4745 2143 4802 id

534 4854 753 4910 tempus
784 4839 1003 4911 regibus
1030 4836 1203 4909 Syria:
1225 4875 1241 4903 ,
1274 4837 1376 4891 nisi
1404 4851 1529 4891 cum
1562 4838 1728 4895 armis
1772 4839 2093 4898 resisterent
2120 4883 2137 4911 ,

533 4935 867 5008 stipendium
898 4933 1318 5003 pensitaverant.
1364 4930 1418 4986 Id
1463 4939 1674 5003 gestum
1706 4934 1964 4991 Demetrii
1995 4937 2138 5008 regis

534 5047 681 5090 anno
704 5026 944 5086 secundo
976 5044 989 5081 :
1018 5025 1160 5097 quod
1188 5024 1310 5081 ideo
1337 5024 1691 5097 signavimus,
1726 5029 1854 5098 quia
1883 5046 2053 5101 usque
2083 5034 2136 5089 in

534 5124 682 5182 hunc
709 5138 909 5177 annum
940 5136 1037 5191 per
1062 5131 1309 5190 tempora
1332 5119 1660 5177 Asianorum
1684 5139 1869 5196 regum
1893 5132 2138 5185 cucurri-

533 5232 681 5281 mus,
710 5225 770 5270 ut
791 5216 927 5270 ratio
957 5222 1257 5284 temporum
1280 5213 1486 5284 digesta
1512 5213 1737 5271 luceret.
1769 5215 1923 5273 Nunc
1951 5233 2136 5276 autem

531 5326 632 5384 per
660 5320 903 5378 tempora
929 5322 1115 5363 eorum
1148 5306 1238 5377 qui
1270 5305 1473 5363 Jndteis
1505 5308 1585 5363 vel
1616 5312 1903 5379 pontifices
1927 5313 2013 5368 vel
2051 5330 2136 5370 re-

529 5421 628 5479 ges
656 5405 870 5458 fuerunt
896 5416 1067 5472 usque
1102 5400 1171 5455 ad
1201 5397 1406 5456 Christi
1449 5403 1788 5461 nativitatem
1821 5420 2003 5461 rerum
2047 5423 2137 5462 or-

530 5502 715 5559 dinem
744 5498 1076 5569 digeremus.
2013 5559 2034 5573 .

598 5593 793 5654 XXVI.
834 5591 1003 5658 Igitur
1033 5598 1156 5663 post
1185 5588 1459 5645 Jonathan
1494 5590 1681 5645 Simon
1713 5592 1878 5647 frater
1901 5593 2040 5662 ejus,
2075 5601 2134 5648 ιιι

524 5708 691 5763 sopra
721 5689 927 5745 dictum
960 5694 1064 5748 est.
1122 5684 1366 5741 Ilebrzeis
1422 5682 1637 5754 pra:fuit
1665 5686 1786 5753 jure
1821 5686 2129 5754 pontificis:

524 5787 580 5843 id
614 5784 758 5839 enim
789 5784 840 5837 ei
866 5792 976 5835 tum
1011 5796 1039 5832 a
1071 5778 1212 5842 suis,
1246 5792 1358 5832 tum
1388 5785 1441 5832 et
1469 5792 1498 5829 a
1529 5778 1726 5845 populo
1756 5776 2002 5834 Romano
2035 5780 2130 5835 ιιοο

519 5892 674 5939 noris
711 5877 973 5936 delatum.
1033 5872 1130 5930 llic
1174 5886 1297 5928 cum
1348 5870 1593 5929 secundo
1662 5867 1925 5929 Demetrii
1986 5890 2129 5948 regis

2249 4770 2395 4812 anno
2425 4756 2579 4828 regni
2605 4766 2798 4812 octavo
2842 4765 2900 4811 et
2944 4753 3177 4822 decimo,
3234 4752 3497 4808 Dominus
3555 4752 3857 4811 crucifixus

2243 4860 2348 4919 est,
2380 4850 2535 4907 Fufio
2563 4851 2793 4909 Gemino
2832 4860 2886 4907 et
2920 4848 3168 4904 Rubellio
3211 4845 3441 4903 Gemino
3489 4847 3815 4904 consulibus
3837 4885 3855 4914 ,

2240 4963 2272 5003 a
2300 4962 2408 5018 quo
2438 4956 2686 5017 tempore
2717 4959 2887 5015 usque
2940 4941 2995 4997 in
3039 4940 3356 4997 Stiliconem
3387 4941 3677 4999 consulem
3724 4948 3859 4998 sunt

2240 5041 2367 5095 anni
2396 5055 2665 5096 ccccxxtt.

2312 5131 2553 5188 XXVIII.
2595 5131 2979 5203 Apostolorum
3023 5127 3191 5183 Actus
3222 5126 3397 5183 Lucas
3434 5126 3639 5196 edidit,
3678 5141 3853 5200 usque

2241 5226 2297 5281 in
2329 5234 2542 5294 tempus
2579 5238 2685 5296 quo
2732 5224 2930 5278 Paulus
2962 5222 3189 5276 Romam
3218 5219 3491 5276 deductus
3521 5231 3606 5276 est
3632 5220 3855 5279 Nerone

2241 5318 2547 5386 imperante
2591 5334 2605 5369 :
2658 5317 2747 5387 qui
2789 5331 2898 5371 non
2955 5315 3128 5369 dicam
3182 5328 3402 5384 regum,
3453 5314 3551 5371 sed
3602 5316 3853 5371 omnium

2241 5410 2522 5465 hominum
2564 5418 2620 5465 et
2673 5410 2757 5464 vel
2812 5406 3125 5461 immanium
3173 5406 3472 5464 bestiarum
3527 5408 3852 5466 sordidissi-

2239 5518 2383 5569 mus,
2430 5503 2624 5573 dignus
2652 5500 2857 5557 exstitit
2900 5502 2990 5572 qui
3026 5502 3461 5570 persecutionem
3492 5501 3553 5558 in
3581 5504 3853 5561 Christia-

2244 5610 2346 5651 nos
2380 5596 2585 5661 primus
2616 5596 2877 5664 inciperet
2922 5612 2935 5648 :
2986 5595 3169 5652 nescio
3198 5612 3266 5650 an
3298 5604 3355 5652 et
3402 5605 3723 5664 postremus
3750 5613 3852 5656 ex-

2241 5688 2442 5760 plebit,
2478 5687 2745 5756 siquidem
2786 5687 3044 5758 opinione
3092 5688 3385 5743 multorum
3435 5701 3727 5763 receptum
3754 5693 3850 5759 sit,

2240 5783 2413 5852 ipsum
2441 5780 2833 5837 Anticltristum
2884 5791 3192 5837 venturum.
3228 5781 3399 5851 Hujus
3431 5784 3564 5841 vitia
3621 5795 3686 5842 ut
3736 5788 3856 5857 ple-

2238 5874 2360 5934 nius
2396 5891 2754 5950 exponerem,
2791 5891 2881 5932 res
2908 5876 3257 5943 admonebat,
3291 5877 3396 5933 nisi
3427 5894 3537 5937 non
3566 5892 3721 5939 esset
3748 5882 3854 5937 hu-
