4106 6344
258 374 355 434 145

1455 375 1783 437 HISTORIA
1821 370 2075 433 SACRA.
2118 374 2251 432 LIB.
2284 376 2351 435 Il.

3473 378 3581 439 “6

246 495 332 568 jus
360 495 546 567 operis
576 503 690 553 tam
717 508 866 554 vasta
898 498 1103 571 ingredi
1130 516 1144 553 :
1195 498 1248 555 id
1301 508 1509 556 tantum
1564 508 1859 557 annotasse
1887 498 1937 558 Α
1968 512 2110 552 mam
2142 512 2328 553 rerum
2360 499 2687 568 usurpavit;
2733 514 2857 570 quas
2889 507 3245 570 posteaquam
3277 500 3344 556 ad
3375 499 3584 571 Vespa-

252 598 535 646 contenttts
566 606 714 660 sum,
747 592 892 649 hunc
921 609 1015 664 per
1037 594 1219 649 omnia
1258 591 1557 650 fmdis<ima
1588 606 1644 652 et
1672 597 1866 653 crude-

252 682 448 738 lissima
474 698 543 739 eo
572 688 936 755 processisse,
972 698 1029 742 ut
1059 697 1290 743 matrem
1338 687 1710 757 interficeret;
1746 699 1867 759 post

254 775 407 832 etiam
439 775 777 849 Pythagora:
804 780 1017 836 cuidam
1046 780 1100 835 itt
1130 780 1351 836 modum
1382 782 1708 838 solemnium
1739 799 1868 839 con-

250 868 515 939 jugiorum
576 870 880 929 nuberet:
930 873 1271 945 inditumquc
1340 876 1657 947 imperatori
1716 876 1868 932 llam-

253 976 449 1031 rneum,
500 962 606 1019 dos
678 973 739 1021 et
782 966 1015 1037 genialis
1065 976 1217 1022 torus
1263 977 1318 1023 et
1373 968 1517 1025 faces
1568 971 1863 1039 nuptiales,

252 1063 437 1109 cuncta
466 1052 717 1126 denique
745 1071 869 1127 quae
909 1057 996 1114 vel
1049 1058 1103 1113 in
1152 1058 1371 1115 feminis
1401 1075 1508 1116 non
1554 1063 1675 1118 sine
1712 1078 1868 1119 vere-

252 1147 441 1204 cundia
466 1151 916 1221 conspiciuntur,
966 1162 1228 1225 spectata.
1281 1154 1505 1223 Reliqua
1555 1171 1686 1212 vero
1722 1156 1862 1228 ejus,

256 1245 514 1299 incertum
550 1245 742 1317 pigeat
773 1262 841 1302 an
874 1248 1076 1317 pudeat
1103 1249 1275 1319 magis
1304 1247 1596 1305 disserere.
1635 1250 1731 1305 llic
1757 1252 1866 1321 pri-

254 1351 368 1393 mus
417 1334 806 1395 Christianum
864 1354 1063 1396 nomen
1127 1341 1319 1397 tollere
1377 1356 1669 1414 aggressus
1718 1352 1804 1401 est
1849 1362 1861 1399 :

251 1432 450 1502 quippe
478 1446 714 1505 semper
742 1433 961 1489 inimica
1009 1433 1302 1490 virtutibus
1330 1436 1457 1490 vitia
1491 1445 1640 1503 sunt,
1672 1445 1727 1493 et
1762 1452 1864 1507 op-

252 1525 364 1581 titni
390 1528 600 1597 quique
643 1528 716 1583 ab
764 1528 1029 1599 improbis
1073 1530 1226 1599 quasi
1277 1530 1675 1599 exprobrantes
1719 1532 1865 1603 aspi-

254 1620 485 1677 ciuntur.
550 1620 811 1692 Namque
842 1638 909 1678 eo
961 1630 1205 1691 tempore
1255 1624 1439 1679 divina
1474 1627 1616 1697 apud
1669 1628 1862 1683 urbem

255 1714 438 1786 religio
478 1714 821 1780 invaluerat,
858 1716 1019 1772 Petro
1069 1717 1144 1772 ibi
1189 1718 1560 1788 episcopatum
1610 1730 1861 1791 gerente,

256 1815 306 1861 et
349 1805 543 1875 Paulo,
593 1820 961 1881 posteaquam
1009 1810 1076 1866 ab
1121 1810 1324 1880 injusto
1373 1813 1611 1883 puerulis
1659 1813 1864 1884 judicio

1970 592 2181 647 sianum
2211 591 2415 657 delata,
2450 592 2579 648 licet
2613 591 2763 647 malo
2793 594 3072 666 exemplo,
3108 593 3253 649 bono
3284 605 3467 649 tamen
3498 595 3579 648 af-

1972 684 2112 741 fectu
2140 683 2295 753 Reip.
2326 685 2397 739 ab
2427 685 2690 755 improbis
2723 686 3090 754 vindicandae,
3141 702 3265 742 cum
3315 686 3580 744 Hieroso-

1970 778 2170 851 lymam
2204 778 2513 845 obsideret,
2546 778 2717 835 sumit
2746 780 3034 851 imperium
3068 797 3084 834 :
3116 789 3193 846 et,
3225 789 3286 835 ut
3318 795 3438 837 ntos
3466 790 3577 851 est,

1970 872 2276 927 diademate
2307 873 2472 942 capiti
2525 873 2809 944 imposito,
2863 873 2932 928 ab
2978 874 3225 930 exercitu
3279 875 3582 944 imperator

1970 967 2340 1023 consalutatus
2362 967 2543 1023 Titum
2576 969 2748 1024 tilium
2774 970 3043 1026 Caesarem
3070 971 3220 1039 facit,
3240 970 3417 1027 eidem
3449 986 3576 1043 pars

1968 1062 2274 1131 copiarum,
2305 1071 2357 1115 et
2388 1061 2706 1118 obsidenda:
2736 1062 3135 1139 Ηίθιοςοιγιηω
3163 1064 3443 1135 negotium
3476 1063 3574 1119 da-

1971 1162 2102 1209 tum.
2137 1153 2508 1225 Vespasianus
2536 1155 2761 1211 Romam
2800 1155 3101 1227 profectus,
3135 1170 3355 1211 summo
3383 1154 3574 1213 favore

1968 1257 2190 1305 senatus
2218 1258 2273 1304 et
2301 1247 2480 1318 populi
2506 1260 2779 1319 receptus,
2808 1264 2933 1303 cum
2964 1264 3024 1303 se
3047 1247 3306 1304 Vitellius
3334 1247 3631 1329 interfe-M

1968 1342 2154 1410 cisset,
2186 1343 2472 1411 imperium
2504 1341 2872 1397 conﬁrmavit.
2922 1340 3137 1398 Interea
3184 1341 3359 1398 Judaei
3411 1324 3587 1398 obsi-A

1968 1434 2132 1490 dioue
2156 1433 2349 1501 clausi,
2384 1434 2508 1505 quia
2540 1432 2692 1488 nulla
2729 1448 2906 1504 neque
2939 1435 3091 1503 pacis
3120 1450 3304 1505 neque
3332 1433 3574 1490 deditio-

1971 1527 2055 1582 nis
2096 1527 2252 1598 copia
2281 1526 2551 1593 dabatur,
2590 1524 2657 1580 ad
2702 1535 3006 1582 extremum
3055 1525 3200 1582 fame
3231 1526 3569 1592 interibant;

1970 1622 2284 1694 passimque
2327 1623 2430 1677 viae
2468 1621 2679 1694 oppleri
2729 1621 3092 1677 cadaveribus
3138 1635 3380 1690 capere,
3420 1620 3568 1676 victo

1963 1719 2075 1790 jam
2103 1718 2285 1775 officio
2337 1718 2616 1773 humandi.
2651 1717 2790 1785 Quin
2842 1717 3025 1772 omnia
3069 1714 3301 1771 nefanda
3343 1715 3568 1785 insuper

1969 1814 2111 1879 ausi,
2140 1828 2209 1868 ne
2239 1812 2490 1867 humanis
2532 1811 2752 1882 quidem
2798 1810 3127 1879 corporibus
3175 1821 3567 1880 pepercerunt.

254 1899 520 1958 Caesarem
549 1903 957 1974 appellaverat,
1008 1903 1235 1960 Romam
1284 1904 1518 1961 deducto
1555 1923 1569 1961 :
1600 1906 1668 1963 ad
1700 1923 1860 1979 quem
1892 1894 1939 1955 B
1969 1906 2072 1962 nisi
2104 1922 2226 1977 qua:
2251 1904 2522 1976 ejusmodi
2555 1903 2830 1961 alimentis
2864 1904 3022 1961 tabes
3055 1902 3438 1974 praeripuerat.
3465 1902 3575 1974 lgi-

258 2005 362 2051 tum
397 1997 744 2053 audiendum
788 1999 974 2069 plures
1002 1998 1441 2067 conveniebant;
1484 2001 1598 2073 qui,
1632 2002 1866 2059 veritate

256 2092 551 2159 intellecta,
616 2094 1016 2164 virtutibusque
1070 2094 1491 2167 Apostolorum,
1553 2110 1693 2167 quas
1749 2105 1861 2152 tum

254 2187 435 2243 crebro
462 2188 789 2255 ediderant,
818 2191 1071 2261 permmi,
1110 2192 1176 2246 ad
1208 2191 1412 2247 cultum
1457 2191 1553 2247 Dei
1587 2206 1711 2249 sese
1739 2207 1863 2249 con-

255 2278 515 2338 ferebant.
577 2283 799 2339 Etenim
846 2295 956 2339 tum
989 2284 1211 2340 illustris
1256 2286 1346 2342 illa
1378 2286 1643 2342 adversus
1683 2286 1862 2344 Simo-

255 2388 366 2430 nem
398 2374 547 2431 Petri
584 2392 651 2433 ac
680 2377 834 2433 Pauli
857 2379 1173 2449 congressio
1197 2377 1325 2445 fttit,
1360 2380 1453 2450 qui
1483 2394 1607 2435 cum
1638 2380 1860 2452 magicis

252 2469 469 2537 artibus,
502 2479 570 2525 ut
600 2484 662 2526 se
695 2470 865 2527 Deum
900 2473 1179 2542 probaret,
1206 2471 1420 2529 duobus
1450 2472 1703 2529 sulfultus
1743 2474 1858 2530 dte-

253 2562 435 2618 moniis
481 2564 807 2631 evolasset,
842 2565 1181 2622 orationibus
1232 2568 1616 2636 Apostolorum
1659 2567 1858 2639 fugatis

250 2653 609 2724 dxmouibus,
639 2656 898 2730 delapsus
928 2659 979 2713 in
1006 2668 1229 2725 terram,
1261 2660 1460 2730 p0pu|o
1489 2661 1852 2732 inspectante,

251 2747 521 2819 disrupttts
555 2761 669 2808 εει.
1610 2816 1611 2819 η

312 2842 500 2900 XXIX.
525 2846 747 2901 Interea
772 2845 1089 2902 abundante
1115 2847 1226 2918 jam
1249 2845 1686 2903 Christianorum
1717 2849 1856 2905 mul-

249 2935 486 3002 titudine,
513 2938 723 2995 accidit
752 2948 811 2994 ut
840 2939 1012 2996 Roma
1047 2940 1296 2998 incendio
1325 2943 1715 3012 conﬂagraret.
1744 2944 1854 2999 Ne-

254 3042 379 3084 rone
407 3031 544 3100 apud
594 3034 826 3088 Antium
855 3034 1186 3101 constituto;
1240 3036 1336 3090 sed
1383 3036 1568 3105 opinio
1607 3038 1851 3092 omnium

251 3125 493 3183 invidiam
530 3127 779 3184 incendii
831 3128 883 3183 in
919 3129 1219 3199 principem
1251 3132 1623 3201 retorquebat,
1654 3136 1850 3189 crede-

244 3216 499 3290 baturque
547 3222 855 3293 imperator
883 3223 1113 3294 gloriam
1147 3224 1471 3279 innovauda:
1505 3226 1652 3280 urbis
1700 3241 1850 3297 quie-

1969 2010 2056 2058 tur
2085 2001 2317 2058 defessis
2353 2000 2735 2057 defensoribus
2769 2001 3020 2070 irrupere
3051 1998 3307 2061 Romani,
3339 2013 3403 2055 ac
3451 2008 3566 2054 tum

1966 2094 2108 2151 forte
2136 2096 2189 2151 in
2213 2095 2357 2150 diem
2382 2094 2607 2149 Paschte
2630 2095 2811 2149 omnis
2830 2109 2895 2149 ex
2925 2093 3075 2164 agris
3102 2093 3338 2162 aliiSque
3361 2090 3570 2147 Judteze

1966 2190 2179 2262 oppidis
2212 2188 2503 2244 multitudo
2526 2195 2859 2243 convenerat
2883 2204 2895 2241 :
2923 2185 3181 2241 nimirum
3208 2186 3280 2240 ita
3314 2184 3426 2239 Deo
3453 2183 3571 2254 pla-

1965 2287 2153 2349 citum,
2196 2295 2252 2339 ttt
2279 2300 2343 2339 eo
2390 2292 2636 2355 tempore
2667 2297 2776 2353 quo
2809 2282 3097 2337 Dominum
3139 2278 3292 2335 cruci
3318 2278 3574 2335 affixerat

1962 2397 2099 2453 gens
2131 2381 2321 2450 impia,
2355 2379 2722 2435 internecioni
2751 2378 2997 2433 daretur.
3022 2375 3287 2432 Pharisaei
3319 2376 3571 2445 aliquan-

1964 2476 2134 2547 tisper
2180 2489 2278 2546 pro
2320 2473 2523 2544 templo
2552 2472 2819 2529 acerrime
2865 2472 3192 2525 resdterunt
3219 2487 3232 2522 :
3264 2468 3443 2523 donec
3471 2467 3571 2523 ob-r

1961 2569 2177 2625 Stinatis
2202 2567 2269 2622 ad
2302 2576 2535 2621 mortem
2562 2564 2758 2620 animis
2786 2563 2932 2619 ultro
2964 2577 3023 2617 se
3052 2560 3316 2629 subjectis
3350 2558 3569 2632 ignibus

1960 2664 2285 2719 intulerunt.
2317 2662 2585 2717 Numerus
2608 2671 3019 2730 peremptorum
3052 2658 3118 2713 ad
3144 2656 3407 2713 undecies
3435 2671 3569 2711 cen-

1961 2766 2084 2813 tena
2116 2756 2285 2811 millia
2316 2754 2551 2810 refertur
2576 2771 2590 2809 :
2614 2762 2773 2822 capta
2801 2767 2932 2808 vero
2956 2767 2986 2807 c
3017 2752 3215 2817 millia,
3247 2765 3310 2805 ac
3338 2764 3568 2805 venum-

1957 2850 2106 2905 data.
2143 2850 2337 2905 Fertur
2382 2848 2536 2903 Titus
2566 2846 2815 2903 adhibito
2864 2845 3102 2901 consilio
3154 2845 3307 2915 prius
3354 2842 3571 2900 delibe-

1960 2959 2134 3005 rasse,
2166 2960 2235 2998 an
2269 2942 2531 3009 templum
2566 2942 2702 2996 tanti
2754 2941 2941 3011 operis
2992 2949 3269 2995 everteret
3300 2955 3312 2992 :
3357 2938 3565 2992 etenim

1958 3038 2242 3095 nonnullis
2272 3036 2579 3102 videbatur,
2626 3034 2798 3089 :rdetn
2846 3040 3139 3097 sacratam,
3190 3034 3333 3087 ultra
3378 3032 3563 3087 omnia

1958 3132 2212 3188 mortalia
2239 3131 2541 3196 illustrem,
2572 3144 2676 3183 non
2710 3127 2914 3183 debere
2941 3126 3111 3182 deleri
3143 3145 3156 3179 :
3188 3140 3310 3196 qua:
3338 3131 3559 3179 servata

1958 3229 2242 3284 modestia:
2287 3225 2551 3280 Romana:
2601 3222 2998 3283 testimonium,
3047 3219 3223 3273 diruta
3257 3233 3563 3288 perennem

243 3314 427 3381 siisse;
458 3331 641 3387 neque
670 3315 784 3371 ulla
807 3332 866 3372 re
891 3315 1033 3373 Nero
1055 3317 1348 3381 efﬁciebat,
1376 3320 1506 3389 quin
1539 3318 1609 3372 ah
1638 3333 1705 3373 eo
1732 3318 1850 3389 jus-
1879 3286 1923 3349 Ο
1956 3320 2303 3377 crudelitatis
2330 3328 2515 3372 notam
2545 3317 2836 3385 praeberet.
2860 3313 2929 3368 At
2955 3322 3144 3367 contra
3176 3312 3286 3373 alii.
3320 3322 3375 3365 et
3405 3310 3565 3367 Titus

242 3408 691 3466 sumiucendittm
722 3418 1027 3481 putaretur.
1063 3410 1231 3479 Igitur
1277 3412 1437 3467 vertit
1486 3412 1744 3467 invidiam
1794 3412 1846 3467 in

239 3498 601 3566 Christianos,
633 3515 881 3573 actaeque
912 3504 964 3558 in
995 3504 1246 3558 innoxios
1274 3504 1670 3559 crudelissima:
1701 3519 1848 3573 qum-

242 3596 461 3663 stiones,
496 3599 633 3669 qttin
672 3607 729 3653 et
774 3614 929 3653 nova:
993 3608 1198 3653 mortes
1243 3597 1591 3668 excogitatze,
1622 3608 1679 3651 ttt
1711 3596 1848 3652 fera-

240 3705 349 3746 rum
379 3694 546 3762 tergis
570 3694 810 3747 conlecti
865 3692 1065 3746 laniatu
1092 3706 1285 3746 canum
1337 3690 1658 3756 interirent;
1692 3690 1842 3744 multi

239 3785 489 3841 crucibus
516 3784 690 3852 afﬁxi,
721 3799 815 3840 aut
844 3784 1062 3840 flamma
1109 3785 1213 3840 ttSti
1247 3802 1260 3840 :
1299 3785 1543 3855 plet-ique
1590 3785 1641 3838 in
1674 3784 1726 3838 id
1754 3799 1845 3839 re-

237 3878 453 3945 servati,
480 3888 537 3935 ut
572 3893 697 3934 cum
731 3878 1029 3935 dc-fecisstn
1076 3880 1215 3943 dies,
1274 3881 1326 3934 in
1382 3895 1535 3933 usum
1588 3878 1843 3933 nocturni

240 3968 453 4027 luminis
501 3982 818 4028 urerentur.
870 3970 984 4027 Hoc
1025 3972 1179 4027 initio
1209 3974 1261 4027 in
1294 3970 1632 4028 ChriStiauos
1662 3972 1845 4027 saeviri

237 4077 488 4132 coeptum.
525 4064 657 4120 Post
678 4066 846 4120 etiam
874 4064 1017 4119 datis
1050 4065 1259 4135 legibus
1292 4065 1485 4135 religio
1533 4066 1839 4137 vetabatur,

238 4157 542 4229 palamque,
572 4157 774 4213 edictis
806 4157 1098 4227 propositis
1119 4199 1133 4222 ,
1179 4158 1550 4213 ChriSIianum
1582 4172 1704 4212 esse
1733 4173 1839 4212 non

236 4248 449 4306 licebat.
473 4252 613 4306 Tum
641 4250 843 4306 Paulus
868 4265 934 4305 ac
956 4250 1150 4306 Petrus
1178 4251 1372 4322 capitis
1393 4250 1637 4305 damnati
1669 4268 1682 4303 :
1713 4265 1843 4320 quo-

236 4357 347 4399 rum
399 4346 491 4400 ttni
537 4345 734 4400 cervix
779 4342 959 4415 gladio
1011 4344 1252 4400 desecta.
1302 4344 1498 4399 Petrus
1533 4348 1584 4397 in
1618 4358 1838 4398 crucem

234 4438 472 4493 sublatus
499 4448 607 4494 est.
643 4439 784 4493 Dum
816 4439 930 4493 tunc
954 4437 1142 4494 Romae
1174 4446 1463 4509 geruntur,
1493 4436 1664 4492 Judaei
1702 4452 1841 4507 prae-

233 4531 357 4587 sidis
386 4535 468 4588 sui
498 4532 650 4590 Festi
684 4532 829 4588 Flori
859 4532 1085 4602 injurias
1114 4548 1222 4587 non
1268 4532 1540 4597 ferentes,
1570 4532 1839 4586 rebellare

233 4640 531 4698 creperum.
583 4630 863 4685 Adversus
906 4644 1002 4684 eos
1044 4627 1412 4698 Vespasianus
1461 4626 1835 4699 proconsulari

233 4718 459 4789 imperio
488 4738 519 4776 a
549 4720 767 4777 Nerone
798 4720 1019 4786 missus,
1044 4721 1230 4775 multis
1255 4720 1619 4792 gravibusque
1643 4720 1844 4787 pradiis

232 4810 475 4868 devictos
500 4813 683 4885 coegit
712 4813 852 4867 intra
886 4827 1070 4867 muros
1102 4811 1500 4883 Hierosolyma:
1521 4810 1838 4881 confugere.

235 4900 449 4958 Interim
477 4904 624 4960 Nero
648 4904 763 4973 jam
786 4904 950 4959 etiam
980 4903 1085 4959 sibi
1136 4918 1233 4973 pro
1282 4904 1617 4960 conscientia
1668 4902 1844 4958 seele-

235 5011 348 5052 rum
382 4997 613 5063 invisus,
637 4998 889 5053 humanis
916 4998 1078 5053 rebus
1119 4998 1418 5053 eximitur:
1466 4999 1734 5052 incertum
1772 5011 1839 5052 an

234 5091 347 5161 ipse
402 5094 503 5150 sibi
554 5107 790 5148 mortem
846 5091 1199 5147 consciverit.
1241 5091 1402 5149 Certe
1452 5106 1650 5162 corpus
1698 5091 1841 5147 illius

232 5184 614 5259 interemptum.
650 5184 805 5242 Unde
835 5185 1100 5251 creditur,
1133 5184 1348 5241 etiamsi
1392 5201 1453 5241 se
1491 5185 1678 5257 gladio
1725 5186 1842 5255 ipse

236 5282 587 5347 trattslixerit,
617 5291 809 5337 curato
839 5282 1060 5336 vulnere
1088 5280 1207 5350 ejus
1241 5291 1507 5349 servatus,
1539 5279 1840 5336 secundum

236 5372 366 5430 illud
400 5377 541 5447 quod
573 5378 643 5432 de
670 5392 737 5432 eo
766 5376 1027 5445 scriptum
1062 5383 1148 5429 est
1179 5393 1192 5429 :
1221 5374 1291 5430 Et
1318 5374 1475 5444 plaga
1503 5373 1699 5429 mortis
1720 5373 1841 5440 ejus

233 5480 422 5526 curata
449 5484 528 5528 est
552 5472 740 5544 (Apoc.
770 5486 864 5526 χιιι
885 5513 899 5537 ,
927 5471 1019 5540 3);
1045 5470 1147 5525 sub
1174 5470 1360 5526 saeculi
1386 5468 1493 5525 fine
1517 5467 1836 5539 mittendus,

237 5574 293 5618 ut
323 5568 642 5637 mysterium
676 5564 946 5635 iniquitati
971 5573 1249 5621 exerceat.

305 5654 475 5713 XXX.
520 5660 688 5731 Igitur
722 5674 819 5729 per
847 5672 1131 5714 excessum
1177 5656 1410 5713 Neronis
1451 5657 1620 5714 Galba
1665 5661 1840 5728 impe-

236 5751 378 5807 rium
408 5755 613 5826 rapuit:
634 5769 760 5810 mox
790 5753 955 5821 Otho,
983 5752 1152 5809 Galba
1178 5752 1491 5821 interfecto,
1514 5754 1834 5823 occupavit.

240 5843 395 5901 Tunc
420 5847 670 5905 Vitellius
696 5849 751 5902 in
792 5846 1028 5913 Gallias,
1075 5848 1246 5904 fretus
1276 5847 1609 5904 exercitibus
1637 5849 1838 5921 quibus

242 5920 493 6006 bra-erat,
531 5935 728 6000 Urbem
758 5928 1059 6013 ingressus;
1090 5942 1305 5998 Othone
1338 5940 1644 6005 interfecti);
1684 5943 1833 5995 mitti-

1956 3418 2094 3486 ipse,
2125 3411 2481 3469 eVertendutu
2517 3410 2780 3479 templum
2812 3409 2865 3462 itt
2901 3407 3093 3476 primis
3121 3404 3563 3474 cettst-baut,qtto

1956 3507 2169 3578 p!euius
2199 3505 2514 3561 Judtcorttm
2547 3512 2602 3559 et
2631 3501 3073 3557 Christianorum
3114 3499 3310 3568 religio
3340 3498 3562 3553 tollere-

1952 3610 2061 3667 tur,
2091 3601 2292 3671 quippe
2326 3599 2423 3653 has
2456 3596 2773 3667 religiones,
2807 3595 2939 3650 licet
2961 3593 3272 3649 contrarias
3303 3592 3429 3659 sibi,
3467 3593 3562 3647 iis-

1950 3695 2076 3750 dem
2101 3706 2282 3749 tamen
2313 3692 2631 3747 auctoribus
2658 3688 2965 3760 profecms;
3004 3689 3345 3743 Christianos
3377 3702 3441 3741 ex
3471 3685 3568 3742 Ju-

1951 3790 2089 3844 dteis
2136 3790 2450 3852 exstitisse;
2485 3786 2668 3841 radice
2699 3785 2914 3841 sublata
2965 3784 3193 3849 Stirpetn
3225 3781 3388 3838 facile
3419 3783 3566 3851 peri-

1951 3894 2148 3938 turam.
2193 3881 2268 3936 l:a
2316 3881 2409 3935 Dei
2445 3890 2579 3935 nutu
2628 3878 2878 3934 accensis
2923 3879 3166 3932 omnium
3197 3878 3398 3931 animis
3427 3885 3566 3931 tem-

1950 3978 2100 4049 plum
2130 3976 2397 4041 dirutum,
2433 3974 2503 4028 ab
2555 3974 2683 4028 hinc
2726 3986 2899 4026 annos
2932 3978 3210 4026 trecentos
3241 3969 3459 4040 triginta
3505 3977 3564 4024 et

1951 4087 2142 4125 unum.
2169 4070 2349 4140 Atque
2376 4068 2495 4123 htec
2520 4067 2706 4123 ultima
2744 4066 2932 4132 templi
2961 4068 3174 4121 eversio
3202 4074 3258 4119 ct.
3283 4075 3557 4131 postrema

1946 4162 2261 4219 Judteorum
2289 4162 2596 4230 captivitas,
2629 4176 2733 4231 qua
2763 4170 3016 4213 extorres
3039 4156 3210 4224 patria
3241 4172 3338 4225 per
3363 4156 3554 4212 orbem

1947 4264 2219 4312 terrarum
2250 4253 2485 4324 dispersi
2515 4261 2843 4317 cernuntur;
2873 4250 3121 4321 quotidie
3161 4247 3369 4304 mundo
3396 4249 3554 4304 testi-

1949 4349 2136 4404 monio
2166 4358 2338 4412 sunt,
2397 4363 2506 4401 non
2560 4348 2631 4402 ob
2683 4345 2835 4401 aliud
2887 4360 2984 4399 eos
3038 4359 3201 4414 quam
3250 4343 3324 4397 ob
3378 4343 3560 4398 illatas

1945 4439 2169 4498 Christo
2210 4440 2406 4511 impias
2456 4454 2651 4495 manus
2694 4439 2860 4495 fmssc
2912 4436 3183 4508 punitos:
3231 4452 3355 4491 nam
3407 4450 3557 4508 saepe

1945 4538 2084 4593 alias
2114 4553 2237 4592 cum
2287 4544 2507 4607 propter
2555 4544 2779 4608 peccata
2826 4532 3242 4601 captivitatibus
3274 4530 3559 4586 traderen-

1950 4640 2065 4699 tur,
2098 4646 2392 4703 numquam
2429 4639 2609 4685 Iameu
2640 4630 2782 4685 ultra
2815 4628 3159 4701 septuaginta
3184 4640 3359 4682 annos
3385 4624 3558 4682 servi-

1954 4727 2086 4782 tutis
2116 4740 2331 4795 ptenam
2367 4724 2763 4793 pependerunt.

2024 4818 2220 4875 XXXI.
2293 4816 2585 4888 Iuterjeeto
2630 4814 2829 4872 deinde
2880 4825 3164 4886 tempore,
3214 4812 3558 4868 Domitianus

1950 4912 2268 4982 Vespasiani
2323 4911 2466 4965 filius
2517 4919 2837 4981 persecutus
2887 4916 2972 4963 est
3017 4906 3381 4962 Christianos.
3438 4905 3562 4974 Quo

1950 5016 2196 5075 tempore
2225 5003 2490 5059 Joannem
2524 5006 2833 5073 apoStolum
2878 5010 3043 5071 atque
3073 5000 3467 5071 evangelistam
3504 4998 3563 5056 in

1951 5103 2238 5158 Pathmum
2272 5101 2507 5157 insulam
2556 5100 2867 5168 relegavitiz
2902 5096 2991 5151 ubi
3040 5096 3157 5157 ille,
3203 5094 3419 5150 arcanis
3450 5092 3559 5149 sibi

1953 5194 2235 5268 mysteriis
2267 5195 2544 5258 revelatis,
2580 5192 2777 5248 librum
2826 5205 2994 5245 Sacrae
3037 5187 3395 5261 ApoCalypsis
3444 5185 3563 5257 (qui

1952 5289 2172 5361 quidem
2206 5304 2234 5343 a
2267 5288 2537 5359 plerisque
2578 5298 2669 5341 aut
2699 5285 2868 5340 stulte
2896 5292 2989 5339 aut
3016 5283 3182 5354 impie
3220 5296 3326 5337 non
3360 5278 3561 5349 recipi-

1952 5384 2067 5452 tur)
2088 5384 2459 5453 conscriptum
2480 5380 2673 5436 edidit.
2704 5379 2822 5435 Non
2852 5379 3025 5434 multo
3040 5377 3242 5433 deinde
3270 5372 3561 5431 intervallo

1953 5480 2110 5535 tertia
2146 5479 2457 5549 persecutio
2485 5492 2583 5548 per
2610 5474 2907 5545 Trajanum
2953 5473 3091 5537 fuit;
3146 5474 3237 5542 qui
3280 5484 3404 5525 cum
3446 5476 3560 5520 tor-

1949 5571 2148 5628 mentis
2180 5583 2236 5628 et
2274 5569 2670 5642 quaestionibus
2715 5567 2849 5623 nihil
2901 5570 2956 5621 iu
3005 5563 3329 5621 Christianis
3377 5565 3557 5615 morte

1947 5677 2042 5723 aut
2075 5681 2233 5738 paena
2259 5665 2481 5736 dignum
2515 5663 2834 5732 reperisset,
2880 5658 3059 5713 ειυνὶιί
3090 5660 3142 5712 in
3170 5672 3263 5711 eos
3293 5653 3430 5707 ultra
3463 5667 3560 5708 ve-

1950 5763 2068 5819 tuit.
2096 5761 2207 5816 Sub
2236 5760 2510 5815 Hadriano
2534 5755 2732 5813 deinde
2749 5752 2920 5810 Jttdati
2942 5749 3208 5805 rebellare
3236 5747 3553 5817 voluerunt,

1949 5853 2161 5925 Syriam
2212 5869 2276 5909 ac
2320 5852 2660 5907 Palazstinam
2708 5846 2947 5916 diripere
2993 5841 3219 5925 conati;
3271 5840 3554 5908 lllisSOtlue

1950 5942 2194 5999 lett-arrisit
2247 5941 2455 5997 subacti
2509 5932 2652 5993 sunt.
2701 5935 2817 6003 Qun
2868 5937 3189 5999 tempestate
3244 5928 3551 5988 Hadrianus
