4106 6344
556 364 661 422 H7

1888 331 2182 421 SULPiCll
2217 338 2479 421 sauia

3758 367 3857 424 HS

552 480 875 542 exisiima'ns
906 476 964 541 se
986 472 1353 540 Christianam
1387 474 1550 539 iidem
1583 484 1685 537 loci
1716 478 1911 551 injuria
1942 478 2155 550 'perem-
2178 484 2234 542 Α
2260 480 2424 535 tlana.
2476 480 2611 535 Tum
2650 482 2913 551 siquidem
2972 468 3339 554 Hierosolyma
3402 482 3632 538 horrens
3667 484 3854 551 ruinis,

556 572 932 648 pturtun,.....
966 591 1017 633 et
1052 580 1104 633 itt
1134 568 1345 647 ietnpla
1396 590 1457 632 ac
1510 579 1628 631 loco
1677 574 1975 630 Dominica:
2029 590 2151 644 pas-

551 666 726 727 sionis
778 673 1089 727 dmmonnm
1147 671 1439 725 simulacra
1506 669 1822 734 constituit;
1877 678 1928 723 et
1986 667 2155 740 (quia

551 764 846 820 Christiani
880 780 947 818 ex
979 763 1177 819 Iudaeis
1208 764 1554 833 potissimum
1593 763 1925 831 putabantur
1954 779 1966 814 :
2001 774 2155 815 nam-

553 874 660 928 que
702 864 813 910 tum
851 856 1244 927 Ilieros‘olymat
1294 850 1399 907 non
1457 852 1558 907 nisi
1611 868 1681 906 ex
1738 853 2156 909 CiI‘CllIllCiriOlle

552 948 785 1005 habebat
832 946 1079 1003 Ecclesia
1138 944 1537 1017 Sacerdotem)
1597 945 1826 1000 militum
1876 946 2154 1001 cohortem

552 1045 830 1101 custodias
860 1044 914 1098 in
966 1041 1285 1114 perpetuum
1329 1039 1535 1109 agitare
1561 1038 1757 1109 jussit,
1793 1055 1910 1110 qua:
1940 1039 2158 1094 .ludmos

551 1152 742 1191 omnes
796 1134 1187 1206 Hierosolyma:
1232 1130 1384 1187 aditu
1440 1132 1674 1187 arceret.
1726 1132 1880 1200 Quod
1934 1132 2156 1203 'quidem

551 1228 875 1283 (Zh‘ristianm
910 1227 1036 1282 fidei
1066 1220 1406 1297 proficiebat,
1436 1226 1564 1296 quia
1617 1237 1725 1280 tum
1780 1240 1918 1295 pene
1968 1240 2158 1280 onmes

548 1321 826 1377 Christum
858 1319 1032 1375 Deum
1085 1318 1187 1374 sbb
1230 1319 1363 1388 legis
1413 1319 1797 1373 observatione
1841 1317 2155 1372 credebant.

548 1418 806 1471 nimirum
840 1416 891 1469 id
940 1414 1171 1468 Domino
1212 1411 1501 1467 ordinante
1534 1412 1879 1482 dispositum,
1932 1418 1995 1466 ut
2025 1412 2159 1482 legis

547 1512 781 1567 servitus
811 1524 840 1564 a
874 1509 1134 1564 libertate
1163 1506 1287 1562 lldei
1318 1519 1481 1577 atque
1532 1506 1794 1562 Ecclesia:
1825 1502 2110 1562 tolleretur
2142 1527 2154 1562 :

544 1604 615 1658 ita
650 1614 759 1658 tum
788 1600 1020 1672 primum
1055 1598 1267 1657 Marcus
1297 1616 1360 1655 ex
1408 1596 1684 1672 gentibus,
1718 1600 1857 1670 apud
1904 1600 2159 1657 llieroso—

548 1700 749 1770 lymam
783 1699 1072 1767 episcopus
1121 1695 1237 1750 fuit.
1272 1696 1474 1763 Quarta
1506 1694 1608 1750 sub
1654 1694 1929 1751 Hadriano
1976 1700 2162 1767 perse-

546 1795 693 1849 cutio
736 1802 1074 1856 numeratur,
1111 1806 1273 1861 quam
1326 1800 1505 1845 tamen
1538 1776 1661 1860 post
1705 1795 1943 1847 exerceri
1980 1792 2160 1860 prohi-

2262 575 2711 645 freqtientissimis
2758 582 2819 630 ac
2867 576 3417 646 magniﬁcentissimis
3467 576 3730 633 Eccles'iis
3778 584 3859 633 est

2258 668 2520 723 adornata
2554 686 2566 722 :
2596 682 2829 739 namque
2865 668 3065 723 llelena
3101 681 3277 725 mater
3309 669 3568 740 principis
3595 670 3861 724 Constan-

2260 764 2380 825 tini,
2410 778 2529 834 quae
2564 764 2801 835 Augusta
2828 770 2950 817 cum
2997 762 3109 816 lilio
3141 764 3533 834 conregnabat,
3578 778 3701 817 cum
3736 762 3860 818 ilie-

2261 857 2590 928 rosolymam
2623 871 2915 926 agnoscere
2943 855 3317 926 concupisset,
3352 864 3563 925 reperta
3594 854 3670 909 ibi
3719 852 3859 911 idola

2262 962 2322 1002 ac
2350 949 2546 1016 templa
2580 948 2833 1015 protrivit
2858 967 2869 1000 :
2904 962 3026 1001 mox
3057 963 3151 1002 usa
3177 949 3328 1016 regni
3354 948 3580 1011 viribus,
3610 947 3860 1003 basilicas

2262 1040 2313 1093 in
2349 1041 2467 1094 loco
2496 1038 2795 1095 Dominiem
2824 1040 3094 1109 passionis
3123 1038 3174 1095 et
3222 1040 3645 1096 resurrectionis
3692 1056 3744 1095 et
3776 1055 3860 1096 as-

2260 1134 2537 1189 censionis
2565 1133 2865 1187 constituit.
2899 1132 3033 1187 Illud
3067 1134 3287 1199 mirum,
3318 1120 3460 1204 quod
3499 1134 3649 1189 locus
3692 1135 3780 1190 ille
3808 1135 3858 1191 in

2262 1241 2368 1295 quo
2415 1236 2746 1296 postremum
2781 1227 3085 1280 institerant
3135 1226 3319 1280 dii'ina
3357 1228 3579 1297 i'eStigia
3636 1244 3758 1282 cum
3806 1229 3859 1285 in

2262 1322 2458 1375 cminm
2492 1320 2755 1374 Dominus
2784 1322 2927 1374 nube
2957 1321 3203 1375 sublatus
3233 1328 3338 1383 est,
3370 1320 3672 1376 centinuari
3709 1322 3859 1391 pavi-

2264 1422 2448 1467 mento
2478 1428 2599 1467 cum
2630 1412 2835 1483 reliqua
2864 1420 3159 1468 stratorum
3193 1425 3344 1483 parte
3384 1416 3489 1468 'non
3536 1414 3714 1484 potuit
3743 1431 3756 1467 :
3790 1416 3860 1469 si-

2262 1507 2479 1577 quidem
2509 1512 2861 1577 quaecumque
2891 1507 3321 1576 applicabatitur,
3356 1509 3593 1563 insolens
3624 1508 3861 1567 humana

2264 1604 2539 1672 suscipere
2568 1610 2708 1656 terra
2756 1610 3072 1671 respueret,
3106 1601 3347 1655 excussis
3379 1602 3428 1655 in
3460 1616 3551 1655 ora
3584 1606 3862 1671 apponen-

2265 1698 2393 1751 tium
2462 1711 2606 1763 Stepe
2654 1697 3039 1751 marmoribus.
3095 1696 3232 1763 Quin
3281 1698 3443 1752 etiam
3501 1698 3695 1753 calcati
3752 1683 3862 1755 Deo

2263 1793 2500 1862 pulveris
2532 1791 2668 1847 adeo
2700 1796 2940 1860 perenne
2967 1793 3351 1847 decumentum
3394 1802 3496 1857 Bst,
3541 1800 3597 1847 ut
3641 1786 3861 1864 vestigia

526 1886 687 1950 ‘buit,
720 1884 979 1955 injnsmm
1025 1886 1147 1939 esse
1196 1881 1573 1975 pronuntians,
1620 1892 1679 1967 ut
1722 1884 2007 1953 quisquam
2039 1884 2158 1940 sine
2190 1883 2237 1943 B
2266 1887 2523 1955 impressa
2568 1896 2895 1951 cernantur,
2946 1894 3001 1941 et
3044 1902 3167 1940 cum
3199 1887 3442 1957 quotidie
3472 1885 3860 1943 conﬂuentium

548 1981 774 2037 crimine
800 1990 926 2036 reus
955 1976 1399 2036 constitueretur.
1442 1978 1573 2035 Pest
1618 1978 1951 2036 Hadrianum
1988 1986 2158 2037 Ante.

552 2076 678 2130 nino
707 2076 800 2129 Pio
829 2074 1131 2142 itiiperante
1164 2088 1264 2143 pax
1298 2073 1545 2128 ecclesiis
1575 2072 1693 2129 fuit.

625 2162 841 2225 XXXII.
886 2158 1003 2225 Sub
1031 2167 1252 2223 Aurelio
1294 2165 1493 2222 deinde
1522 2166 1785 2223 Antonini
1815 2167 1929 2223 lilio
1969 2183 2155 2239 perse-

551 2264 698 2318 cutio
725 2258 911 2333 quinta
954 2262 1173 2333 agitata.
1207 2262 1428 2317 Actum
1483 2265 1717 2332 primum
1767 2264 1905 2318 intra
1952 2263 2157 2319 Gallias

551 2358 807 2427 martyria
846 2356 982 2420 visa,
1012 2356 1191 2410 Serius
1220 2361 1373 2410 trans
1404 2338 1566 2425 Alpes
1606 2355 1704 2410 Dei
1733 2353 1997 2424 religione
2037 2370 2156 2410 sus-

551 2458 728 2517 cepta.
780 2448 945 2505 Sexta
976 2449 1178 2505 deinde
1211 2450 1420 2505 Severo
1471 2450 1774 2519 imperante
1820 2448 2158 2504 Christiano-

550 2544 667 2597 runi
711 2543 928 2598 vexatio
960 2542 1091 2609 fuit;
1140 2556 1245 2612 quo
1301 2553 1547 2613 tempore
1591 2542 1860 2597 Leonidas
1909 2542 2158 2615 Origenis

551 2646 703 2707 pater
745 2652 956 2691 sacrum
992 2641 1041 2691 in
1076 2638 1335 2709 martyrio
1363 2637 1679 2709 sanguinem
1710 2638 1865 2693 fudit.
1901 2638 2157 2709 lnterjec-

554 2734 623 2787 tis
651 2722 848 2786 deinde
871 2733 1030 2785 annis
1062 2734 1150 2786 'vm
1179 2745 1228 2787 et
1254 2744 1361 2787 xxx
1394 2740 1490 2801 pax
1522 2730 1844 2787 Christianis
1871 2732 2012 2787 fuit:
2052 2734 2156 2788 nisi

553 2826 696 2896 quod
728 2816 905 2880 medio
935 2835 1181 2896 tempore
1212 2826 1540 2880 Maximinus
1570 2827 1953 2881 nonnullarum
1978 2829 2159 2883 Eccle-

552 2922 755 2974 siarum
788 2919 1020 2975 clericns
1052 2922 1286 2974 vexavit.
1320 2920 1437 2974 Mox
1478 2919 1647 2975 Decio
1692 2923 2015 2991 imperante,
2044 2924 2154 2993 jam

552 3023 663 3066 tum
708 3014 934 3081 sentima
985 3017 1361 3082 persecutione
1409 3016 1653 3068 saevitum
1698 3015 1747 3068 in
1798 3014 2153 3073 Christianos.

553 3106 677 3160 inde
713 3105 1027 3160 Valerimns
1057 3116 1277 3158 octavus
1308 3114 1619 3159 sanctorum
1665 3106 1835 3161 hostis
1875 3108 1991 3161 fuit.
2031 3110 2157 3163 I'ost

552 3215 697 3271 eum,
734 3198 1033 3265 int'erjectis
1058 3198 1214 3251 annis
1236 3196 1350 3252 fere
1374 3200 1786 3268 quinquaginta,
1817 3199 2154 3256 Diovtetiano

2262 1978 2393 2033 lides
2420 1978 2665 2033 certatim
2705 1979 2933 2033 Domino
2974 1980 3175 2033 calcata
3226 1978 3462 2049 diripiat,
3500 1979 3756 2033 damnum
3787 1988 3862 2035 ta-

2262 2088 2384 2126 men
2417 2088 2581 2127 arena
2630 2088 2733 2125 non
2780 2074 2982 2126 sentiat
3026 2090 3037 2124 :
3088 2080 3145 2127 et
3175 2072 3364 2126 eadem
3415 2071 3591 2127 adhuc
3626 2072 3714 2128 sui
3744 2088 3864 2142 spe-

2259 2167 2422 2233 ciem,
2458 2166 2603 2220 velut
2645 2165 2927 2235 impressis
2974 2166 3185 2235 signata
3236 2164 3498 2234 vestigiis,
3546 2171 3691 2219 terra
3742 2174 3863 2221 cus-

2263 2259 2420 2315 todit.

2331 2352 2573 2407 XXXIV.
2619 2354 2871 2422 Ejusdem
2921 2353 3125 2425 regina:
3176 2350 3443 2409 beneficio
3484 2368 3614 2408 crux
3650 2348 3863 2409 Domini

2263 2456 2375 2500 tum
2408 2456 2642 2516 reperta,
2675 2460 2797 2517 quae
2842 2460 3022 2515 neque
3055 2447 3105 2499 in
3159 2443 3428 2517 principio
3477 2446 3867 2502 obsistentibus

2260 2536 2463 2594 Judreis
2486 2548 2735 2609 potuerat
2761 2539 3105 2605 consecrari,
3141 2548 3195 2593 et
3227 2548 3413 2608 postea
3454 2537 3652 2594 dirittze
3679 2539 3867 2595 civita-

2262 2641 2329 2687 tis
2357 2646 2611 2702 oppressa
2655 2631 2959 2697 ruderibus,
2989 2643 3093 2685 non
3128 2633 3229 2685 nisi
3260 2641 3363 2686 tam
3406 2631 3640 2687 ﬁdeliter
3688 2634 3867 2703 requi-

2264 2729 2399 2784 renti
2435 2727 2631 2781 metuit
2662 2726 2895 2780 ostendi.
2922 2727 3088 2796 Igitur
3116 2726 3317 2780 Helena
3358 2729 3590 2795 primum
3637 2726 3708 2781 de
3750 2726 3865 2779 loco

2262 2823 2532 2892 passionis
2555 2822 2759 2876 certior
2782 2820 2943 2886 facta,
2988 2822 3204 2874 admona
3239 2821 3456 2874 militari
3490 2832 3673 2883 manu,
3709 2812 3865 2891 alque

2261 2914 2503 2967 omnium
2538 2914 2951 2985 provincialium
2985 2912 3332 2968 multitudine
3363 2914 3415 2966 in
3456 2913 3631 2967 studia
3667 2914 3865 2983 regina:

2260 3011 2606 3074 certantium,
2638 3007 2797 3062 effodi
2826 3016 3021 3063 terram
3049 3012 3101 3062 et
3128 3009 3373 3077 c0nligua
3403 3016 3631 3078 qua-que
3654 3025 3717 3060 ac
3752 3024 3865 3061 vas-

2262 3103 2470 3156 tissima
2504 3101 2779 3155 ruinarunt
2818 3102 3032 3171 purgati
3061 3102 3218 3172 jubet
3264 3119 3275 3153 :
3322 3114 3443 3153 mox
3476 3103 3707 3170 pretiuin
3742 3099 3861 3154 fidei

2262 3206 2312 3248 et
2342 3195 2540 3249 laboris
2574 3204 2686 3249 tres
2717 3196 2923 3265 pariter
2954 3204 3165 3261 cruces,
3198 3198 3340 3250 sicut
3381 3197 3508 3249 olitn
3543 3196 3777 3250 Domino
3805 3210 3863 3250 ac

551 3303 604 3343 et
638 3268 1018 3343 Maximiniauo
1044 3288 1437 3358 imperantibus
1468 3267 1817 3345 acerbissima
1853 3296 2153 3361 persecutio
2180 3267 2223 3327 Ε
2260 3288 2559 3347 latronibus
2606 3287 2817 3343 duobus
2868 3288 2988 3343 lixa:
3041 3287 3275 3354 fuerant,
3339 3299 3704 3356 reperiuntur.
3768 3286 3862 3343 llic

550 3396 763 3447 exorta,
798 3400 917 3453 quae
952 3398 1045 3451 per
1071 3399 1104 3437 x
1149 3383 1434 3436 continuos
1482 3390 1653 3437 annos
1685 3385 1892 3453 plebem
1944 3386 2038 3440 Dei
2067 3387 2158 3442 de-

553 3494 584 3547 p
610 3481 801 3547 ipulata
832 3490 932 3531 εει.
965 3479 1079 3544 Qua
1114 3482 1435 3546 tempestate
1467 3480 1645 3532 OllllllS
1678 3480 1791 3533 fere
1820 3478 1975 3532 sas-ro
2015 3496 2157 3535 mar-

553 3582 728 3639 tyrum
761 3582 955 3623 eruore
988 3571 1131 3621 urbis
1174 3563 1409 3623 infectus
1467 3578 1541 3623 est
1593 3591 1605 3625 :
1658 3573 1855 3640 quippe
1904 3575 2153 3627 certatim

553 3662 784 3731 gloriosa
838 3661 891 3715 in
941 3662 1235 3714 certamina
1279 3663 1559 3727 t'uebatnr,
1610 3664 1891 3731 multoque
1945 3663 2156 3720 avidius

554 3766 663 3809 tum
700 3750 956 3826 martyria
994 3756 1244 3824 gloriosis
1275 3757 1537 3809 mortibus
1564 3756 1966 3826 quzrrebantur,
1994 3770 2153 3826 qnatn

552 3852 695 3901 nunc
744 3851 1086 3918 episeopatus
1134 3850 1311 3917 pravis
1359 3849 1751 3903 ambitiooibus
1803 3848 2152 3919 appetuntur.

555 3936 728 3997 Nullis
757 3942 1006 4012 umquam
1047 3945 1216 4012 magis
1247 3942 1402 3997 bellis
1434 3942 1665 3995 mundus
1706 3942 2002 4007 exhaustus
2030 3953 2112 3998 est
2138 3960 2153 4010 ;

557 4051 731 4106 neque
790 4036 992 4106 majore
1045 4048 1298 4104 umquam
1360 4035 1635 4105 triumpho
1690 4034 1945 4100 vicimus,
1995 4051 2153 4105 quam

553 4136 674 4186 cum
708 4129 896 4184 decem
926 4132 1192 4183 aitnorum
1226 4128 1499 4198 stragibus
1540 4127 1678 4180 vinei
1712 4138 1815 4181 non
1856 4126 2152 4197 potuimus.

554 4218 785 4278 Exstant
811 4222 974 4277 etiam
1019 4221 1284 4275 mandatae
1318 4220 1517 4275 litterls
1552 4219 1828 4290 praeclara:
1870 4222 1986 4292 ejus
2021 4230 2157 4277 tem-

454 4331 467 4334 ’
555 4317 702 4387 pot-is
731 4328 1031 4387 martyrum
1067 4316 1349 4386 passiones
1386 4326 1398 4366 ε
1448 4329 1584 4384 quas
1612 4316 2020 4372 canneCtendas
2044 4330 2152 4372 non

554 4414 758 4483 putavi,
795 4428 860 4465 ne
895 4409 1112 4465 inodum
1141 4411 1323 4480 cperis
1356 4409 1700 4464 excederent.

628 4502 872 4562 XXXIII.
915 4500 1023 4560 Sed
1058 4504 1180 4557 llnis
1220 4501 1612 4572 persecutionis
1646 4504 1788 4556 illius
1831 4502 1929 4557 fuit
1958 4503 2155 4559 abhinc

551 4600 723 4654 annos
752 4606 806 4651 tit
834 4602 887 4651 et
918 4608 1082 4660 Lxxx,
1107 4606 1135 4648 a
1167 4606 1273 4664 quo
1304 4604 1551 4662 tempore
1581 4580 1875 4647 Christiani
1922 4595 2155 4665 impera-

553 4703 701 4746 tores
739 4703 862 4743 esse
916 4696 1252 4755 cmpertmt:
1316 4700 1548 4756 namque
1600 4694 1712 4739 tum
1768 4687 2157 4744 Constantinus

551 4798 732 4839 rerum
765 4778 1091 4849 potiebatur,
1125 4780 1214 4847 qui
1250 4779 1456 4847 primus
1495 4776 1736 4833 omnium
1783 4778 2154 4837 Romanorum

551 4877 857 4947 principum
886 4872 1229 4927 Christianus
1272 4870 1387 4925 luit.
1423 4872 1565 4927 Sane
1596 4884 1705 4927 tum
1742 4873 2003 4943 Licinius,
2031 4876 2155 4947 quia

550 4970 841 5024 adversum
871 4965 1291 5021 Constantinum
1322 4965 1389 5019 de
1420 4966 1645 5037 imperio
1672 4968 1919 5035 certavit,
1954 4970 2155 5028 milites

550 5076 680 5117 suos
705 5063 862 5115 litare
888 5071 1218 5130 praeceperat
1254 5074 1269 5115 :
1296 5060 1598 5115 abnuentes
1630 5061 1824 5116 militia
1850 5063 2150 5133 rejiciebat.

550 5153 662 5211 Sed
712 5154 763 5207 id
810 5153 954 5207 inter
1002 5152 1413 5221 persecutiones
1446 5158 1579 5207 non,
1597 5165 1942 5224 computatur
1972 5174 1986 5210 :
2018 5157 2156 5213 adeo

552 5262 641 5303 res
686 5248 910 5302 levioris
959 5249 1160 5318 negotii
1194 5247 1323 5315 fuit,
1357 5262 1516 5319 quam
1568 5258 1627 5304 ut
1672 5249 1739 5305 ad
1789 5250 2153 5308 Ecclesiarum

548 5343 771 5396 vulnera
807 5343 1135 5409 perveniret.
1187 5340 1400 5397 Exinde
1454 5342 1759 5414 tranquillis
1808 5346 1971 5399 rebus
2022 5360 2154 5415 pace

547 5434 899 5505 perfruitnur,
932 5444 1108 5503 neque
1142 5432 1369 5489 ulterius
1413 5437 1850 5506 persecutionem
1883 5437 2001 5491 fore
2032 5453 2153 5493 cre-

543 5527 745 5590 dimus,
782 5528 883 5582 nisi
912 5540 1031 5581 eam
1055 5543 1213 5595 quam
1237 5528 1340 5583 sub
1364 5528 1467 5583 ﬁne
1490 5528 1602 5598 jam
1632 5530 1815 5585 saeculi
1841 5529 2146 5585 Antichris-

546 5635 631 5680 tus
660 5624 936 5679 exercebit
963 5642 976 5677 :
1022 5625 1225 5679 etenim
1255 5626 1427 5680 sacris
1456 5627 1681 5681 vocibus
1710 5642 1743 5681 κ
1784 5628 1953 5697 plagis
1986 5643 2147 5683 mun-

545 5720 674 5773 dum
703 5718 1048 5797 aliieiendum
1082 5718 1481 5789 pronuntiatum
1520 5730 1641 5773 est:
1679 5717 1749 5772 ita
1794 5733 1916 5773 cum
1945 5720 2054 5787 jam
2088 5734 2143 5774 ιχ

542 5813 768 5879 fuerint,
819 5830 938 5882 qua:
968 5820 1243 5884 superest,
1291 5813 1477 5865 ultima
1508 5814 1628 5866 erit.
1686 5811 1797 5865 Hoc
1844 5822 2147 5882 temporum

546 5921 725 5969 tractu
758 5910 954 5967 mirum
1012 5920 1094 5968 est
1122 5918 1384 5981 quantum
1424 5908 1710 5966 invaluerit
1754 5910 1944 5982 religio
1971 5910 2150 5971 Chris-

2258 3396 2390 3437 vero
2414 3382 2585 3449 major
2612 3380 2966 3449 dignoscendi
2996 3376 3220 3452 patibuli
3249 3382 3302 3435 in
3330 3395 3434 3450 quo
3482 3380 3743 3435 Dominus
3774 3394 3861 3450 pe-

2261 3474 2542 3543 penderat,
2572 3472 2864 3527 difﬁcultas
2887 3476 3127 3527 omnium
3154 3476 3364 3528 animos
3396 3482 3718 3544 mentesque
3747 3470 3859 3528 tur-

2262 3561 2500 3626 baverat,
2530 3582 2598 3620 ne
2627 3579 2813 3619 errore
2844 3566 3155 3621 mortalium
3187 3566 3411 3620 forsitan
3445 3582 3541 3635 pro
3570 3582 3732 3621 cruce
3760 3566 3864 3620 Do-

2262 3659 2390 3714 mini
2421 3658 2646 3714 latronis
2678 3660 2975 3729 patibulum
3018 3670 3423 3716 consecrarent.
3458 3658 3688 3730 Capinnt
3714 3662 3864 3716 dein-

2259 3754 2326 3809 de
2353 3755 2660 3820 consilium,
2694 3762 2751 3808 ut
2792 3755 3031 3826 aliquem
3064 3770 3254 3810 recens
3296 3754 3565 3809 mortuum
3612 3757 3863 3811 crucibus

2259 3849 2631 3902 admoverent.
2663 3848 2771 3902 Nec
2801 3862 2951 3903 mora
2972 3890 2985 3912 ,
3018 3851 3172 3916 quasi
3212 3849 3311 3903 Dei
3366 3860 3498 3903 nutu
3530 3848 3741 3905 funeris
3770 3866 3859 3906 ex-

2260 3943 2438 3997 stincti
2471 3942 2804 3997 solemnibus
2836 3943 3116 4014 exsequiis
3145 3942 3522 4009 deferebatur,
3566 3961 3862 4001 concursu-

2259 4052 2365 4107 que
2410 4038 2651 4090 outniutn
2686 4035 2888 4091 feretro
2933 4052 3133 4107 corpus
3167 4038 3415 4108 eripiter.
3469 4039 3687 4094 Duabus
3720 4043 3865 4109 prius

2262 4127 2458 4182 frustra
2488 4129 2742 4183 crucibus
2772 4128 3023 4194 admotis,
3062 4130 3150 4184 ubi
3180 4128 3378 4184 Christi
3416 4130 3658 4200 patibulo
3698 4142 3864 4186 attac-

2261 4230 2373 4274 tntn
2404 4228 2507 4289 est,
2538 4222 2683 4277 dictu
2711 4224 2997 4277 mirabile!
3036 4224 3433 4292 trepidantibus
3456 4228 3672 4281 eunetis
3705 4227 3862 4283 funus

2261 4329 2567 4380 excussum,
2618 4325 2672 4370 et
2722 4316 2864 4371 inter
2907 4322 3245 4387 spectatores
3295 4333 3421 4373 suos
3473 4321 3662 4375 astitit.
3721 4320 3861 4375 Crux

2258 4421 2505 4479 reperta,
2537 4410 2809 4481 dignoque
2841 4411 3047 4466 ambitu
3076 4422 3412 4468 consecrata.

2331 4503 2551 4558 XXXV.
2595 4504 2688 4559 llis
2735 4516 2832 4575 per
2878 4506 3135 4561 Helenam
3184 4510 3352 4578 gestis
3402 4508 3650 4579 principe
3702 4511 3860 4566 libri-

2262 4600 2440 4653 stiano
2470 4600 2781 4655 libertatem
2815 4612 2980 4670 atque
3010 4609 3317 4672 exemplum
3353 4602 3473 4658 lidei
3507 4606 3746 4660 mundus
3775 4612 3862 4661 ac-

2264 4701 2523 4764 ceperat:
2560 4694 2656 4749 sed
2702 4694 2861 4766 longe
2904 4696 3146 4750 atrocius
3178 4696 3478 4766 periculum
3509 4700 3724 4755 cunctis
3765 4700 3862 4755 Ec-

2263 4786 2448 4842 clesiis
2497 4786 2585 4841 illa
2638 4798 2770 4857 pace
2821 4796 3163 4857 generatum.
3214 4790 3459 4859 Namque
3490 4800 3602 4845 tum
3638 4791 3860 4847 lueresis

2262 4882 2463 4939 Ariana
2508 4879 2756 4954 prorupit
2784 4926 2796 4947 ,
2848 4892 3127 4952 totumque
3172 4884 3359 4937 orbem
3410 4885 3626 4939 invecto
3675 4902 3860 4940 errore

2261 4977 2597 5031 turbaverat.
2649 4976 2867 5032 Etenim
2919 4976 3130 5031 duobus
3182 4976 3325 5031 Ariis
3370 4977 3654 5032 aeerrimis
3703 4981 3863 5048 perli-

2260 5070 2364 5125 dim
2400 5070 2559 5141 hujus
2593 5070 2923 5137 auctoribus,
2958 5071 3253 5138 imperator
3278 5072 3444 5125 etiam
3478 5072 3857 5142 depravatur:

2260 5168 2498 5239 dtimque
2528 5169 2631 5222 sibi
2664 5166 2941 5236 religionis
2964 5165 3202 5220 officiunt
3231 5164 3443 5220 videtur
3472 5166 3727 5237 implere,
3756 5169 3857 5224 vim

2259 5260 2658 5332 persecutionis
2686 5258 2929 5313 ekercuit
2956 5268 2969 5311 ε
2995 5260 3209 5328 actique
3242 5259 3291 5311 iu
3315 5259 3565 5312 exsilium
3591 5260 3856 5329 episcopi,

2259 5355 2502 5410 smmum
2556 5354 2607 5406 in
2657 5353 2922 5417 clericos,
2958 5351 3397 5407 animadversum
3431 5351 3482 5404 in
3535 5350 3735 5415 laicus,
3770 5353 3856 5422 qui

2257 5460 2319 5502 se
2370 5448 2437 5501 ab
2486 5446 2813 5501 Arianorum
2867 5445 3253 5501 communione
3307 5459 3674 5501 secreveram.
3729 5448 3857 5514 Qum

2257 5553 2438 5595 autem
2472 5538 2658 5594 Ariani
2702 5537 3090 5607 praadicabant,
3124 5548 3281 5594 erant
3313 5538 3689 5609 hiljllsCClllOlii
3722 5541 3858 5595 :Pa-

2261 5642 2395 5690 trem
2429 5634 2718 5689 Dominum
2752 5633 3071 5688 instituendi
3114 5634 3264 5689 orbis
3299 5648 3461 5689 causa
3507 5636 3763 5704 genuisse
3794 5638 3854 5689 li-

2258 5731 2389 5783 lium
2423 5745 2434 5781 :
2468 5742 2533 5783 eo
2567 5743 2663 5797 pro
2694 5728 2963 5799 petestate
2986 5728 3066 5782 sui
3097 5744 3163 5783 ex
3191 5727 3381 5794 nihilo,
3414 5727 3466 5781 in
3497 5730 3855 5783 substantiam

2260 5834 2452 5877 novam
2483 5831 2643 5892 atque
2671 5822 2919 5889 alteram,
2940 5820 3137 5876 factum
3168 5816 3457 5877 Dominum
3488 5837 3688 5875 novum
3722 5823 3857 5876 alte-

2257 5932 2487 5989 rumque
2518 5934 2530 5974 :
2560 5914 2733 5976 fuisse
2759 5924 2941 5976 autem
2970 5926 3185 5991 tempus
3212 5932 3320 5991 quo
3341 5918 3486 5978 ﬁlius
3508 5933 3619 5979 non
3642 5920 3850 5979 fuisset.
