  <div class='ocr_page' id='page_1' title='image "/cluster/home/n/w/nwhite01/storage/ocr_20150623/20/hvd.32044015471352/080.png"; bbox 0 0 4106 6344; ppageno 0'>
   <div class='ocr_carea' id='block_1_1' title="bbox 226 363 329 421">
    <p class='ocr_par' dir='ltr' id='par_1_1' title="bbox 226 363 329 421">
     <span class='ocr_line' id='line_1_1' title="bbox 226 363 329 421; baseline 0.019 -2"><span class='ocrx_word' id='word_1_1' title='bbox 226 363 329 421; x_wconf 72' lang='lat'><strong>“9</strong></span> 
     </span>
    </p>
   </div>
   <div class='ocr_carea' id='block_1_2' title="bbox 1469 326 2367 425">
    <p class='ocr_par' dir='ltr' id='par_1_2' title="bbox 1469 326 2367 425">
     <span class='ocr_line' id='line_1_2' title="bbox 1469 326 2367 425; baseline 0.003 -4"><span class='ocrx_word' id='word_1_2' title='bbox 1469 332 1793 425; x_wconf 68' lang='lat' dir='ltr'><strong>tttsroittit</strong></span> <span class='ocrx_word' id='word_1_3' title='bbox 1833 326 2083 423; x_wconf 58' lang='lat' dir='ltr'><strong>simul.</strong></span> <span class='ocrx_word' id='word_1_4' title='bbox 2124 332 2257 424; x_wconf 66' lang='lat' dir='ltr'><strong>Lib.</strong></span> <span class='ocrx_word' id='word_1_5' title='bbox 2301 369 2367 424; x_wconf 89' lang='lat' dir='ltr'><strong>tt.</strong></span> 
     </span>
    </p>
   </div>
   <div class='ocr_carea' id='block_1_3' title="bbox 3483 354 3592 438">
    <p class='ocr_par' dir='ltr' id='par_1_3' title="bbox 3483 354 3592 438">
     <span class='ocr_line' id='line_1_3' title="bbox 3483 354 3592 438; baseline 0.009 -1"><span class='ocrx_word' id='word_1_6' title='bbox 3483 354 3592 438; x_wconf 78' lang='lat' dir='ltr'><strong>tsé</strong></span> 
     </span>
    </p>
   </div>
   <div class='ocr_carea' id='block_1_4' title="bbox 222 458 3597 575">
    <p class='ocr_par' dir='ltr' id='par_1_4' title="bbox 222 458 3597 575">
     <span class='ocr_line' id='line_1_4' title="bbox 222 458 3597 575; baseline 0.007 -45"><span class='ocrx_word' id='word_1_7' title='bbox 222 475 395 547; x_wconf 83' lang='lat' dir='ltr'><strong>Igitur</strong></span> <span class='ocrx_word' id='word_1_8' title='bbox 442 464 622 561; x_wconf 74' lang='lat' dir='ltr'><strong>hujus</strong></span> <span class='ocrx_word' id='word_1_9' title='bbox 668 479 803 534; x_wconf 90' lang='lat' dir='ltr'><strong>mali</strong></span> <span class='ocrx_word' id='word_1_10' title='bbox 835 494 997 535; x_wconf 86' lang='lat' dir='ltr'><strong>causa</strong></span> <span class='ocrx_word' id='word_1_11' title='bbox 1043 472 1289 551; x_wconf 79' lang='lat' dir='ltr'><strong>synOdns</strong></span> <span class='ocrx_word' id='word_1_12' title='bbox 1339 478 1482 550; x_wconf 89' lang='lat' dir='ltr'><strong>apud</strong></span> <span class='ocrx_word' id='word_1_13' title='bbox 1529 466 1765 535; x_wconf 63' lang='lat' dir='ltr'><strong>Nicarani</strong></span> <span class='ocrx_word' id='word_1_14' title='bbox 1799 464 1865 534; x_wconf 59' lang='lat' dir='ltr'><strong>ei</strong></span> <span class='ocrx_word' id='word_1_15' title='bbox 1892 458 1942 541; x_wconf 79' lang='grc' dir='ltr'><strong>Ᾰ</strong></span> <span class='ocrx_word' id='word_1_16' title='bbox 1972 476 2216 538; x_wconf 73' lang='lat' dir='ltr'><strong>assertor</strong></span> <span class='ocrx_word' id='word_1_17' title='bbox 2242 464 2578 541; x_wconf 79' lang='lat' dir='ltr'><strong>exstiterat:</strong></span> <span class='ocrx_word' id='word_1_18' title='bbox 2610 464 2878 543; x_wconf 77' lang='lat' dir='ltr'><strong>Photinus</strong></span> <span class='ocrx_word' id='word_1_19' title='bbox 2923 468 3053 548; x_wconf 78' lang='lat' dir='ltr'><strong>vero</strong></span> <span class='ocrx_word' id='word_1_20' title='bbox 3096 474 3290 551; x_wconf 84' lang='lat' dir='ltr'><strong>novam</strong></span> <span class='ocrx_word' id='word_1_21' title='bbox 3340 471 3597 575; x_wconf 70' lang='lat' dir='ltr'><strong>haeresim</strong></span> 
     </span>
    </p>
   </div>
   <div class='ocr_carea' id='block_1_5' title="bbox 226 560 1872 645">
    <p class='ocr_par' dir='ltr' id='par_1_5' title="bbox 226 560 1872 645">
     <span class='ocr_line' id='line_1_5' title="bbox 226 560 1872 645; baseline 0.002 -20"><span class='ocrx_word' id='word_1_22' title='bbox 226 578 342 625; x_wconf 90' lang='lat' dir='ltr'><strong>toto</strong></span> <span class='ocrx_word' id='word_1_23' title='bbox 374 566 520 627; x_wconf 80' lang='lat' dir='ltr'><strong>orbe</strong></span> <span class='ocrx_word' id='word_1_24' title='bbox 565 574 944 628; x_wconf 76' lang='lat' dir='ltr'><strong>contrahitur.</strong></span> <span class='ocrx_word' id='word_1_25' title='bbox 982 571 1230 629; x_wconf 83' lang='lat' dir='ltr'><strong>Trecenti</strong></span> <span class='ocrx_word' id='word_1_26' title='bbox 1274 573 1542 645; x_wconf 84' lang='lat' dir='ltr'><strong>siquidem</strong></span> <span class='ocrx_word' id='word_1_27' title='bbox 1580 563 1634 629; x_wconf 87' lang='lat' dir='ltr'><strong>et</strong></span> <span class='ocrx_word' id='word_1_28' title='bbox 1667 560 1872 629; x_wconf 84' lang='lat' dir='ltr'><strong>duode-</strong></span> 
     </span>
    </p>
   </div>
   <div class='ocr_carea' id='block_1_6' title="bbox 228 652 1868 738">
    <p class='ocr_par' dir='ltr' id='par_1_6' title="bbox 228 652 1868 738">
     <span class='ocr_line' id='line_1_6' title="bbox 228 652 1868 738; baseline 0.002 -20"><span class='ocrx_word' id='word_1_29' title='bbox 228 664 421 734; x_wconf 78' lang='lat' dir='ltr'><strong>viginti</strong></span> <span class='ocrx_word' id='word_1_30' title='bbox 471 666 773 737; x_wconf 71' lang='lat' dir='ltr'><strong>episCOpis</strong></span> <span class='ocrx_word' id='word_1_31' title='bbox 818 667 1158 738; x_wconf 77' lang='lat' dir='ltr'><strong>congregatis</strong></span> <span class='ocrx_word' id='word_1_32' title='bbox 1194 654 1330 723; x_wconf 86' lang='lat' dir='ltr'><strong>fides</strong></span> <span class='ocrx_word' id='word_1_33' title='bbox 1370 669 1528 738; x_wconf 90' lang='lat' dir='ltr'><strong>plena</strong></span> <span class='ocrx_word' id='word_1_34' title='bbox 1574 652 1868 723; x_wconf 84' lang='lat' dir='ltr'><strong>Conscribi-</strong></span> 
     </span>
    </p>
   </div>
   <div class='ocr_carea' id='block_1_7' title="bbox 230 754 1869 831">
    <p class='ocr_par' dir='ltr' id='par_1_7' title="bbox 230 754 1869 831">
     <span class='ocr_line' id='line_1_7' title="bbox 230 754 1869 831; baseline 0.004 -21"><span class='ocrx_word' id='word_1_35' title='bbox 230 766 336 824; x_wconf 91' lang='lat' dir='ltr'><strong>tur,</strong></span> <span class='ocrx_word' id='word_1_36' title='bbox 372 758 624 815; x_wconf 64' lang='lat' dir='ltr'><strong>haeresis</strong></span> <span class='ocrx_word' id='word_1_37' title='bbox 660 761 871 815; x_wconf 84' lang='lat' dir='ltr'><strong>Ariana</strong></span> <span class='ocrx_word' id='word_1_38' title='bbox 919 760 1221 815; x_wconf 79' lang='lat' dir='ltr'><strong>damnatur.</strong></span> <span class='ocrx_word' id='word_1_39' title='bbox 1253 756 1559 831; x_wconf 81' lang='lat' dir='ltr'><strong>Imperator</strong></span> <span class='ocrx_word' id='word_1_40' title='bbox 1591 754 1869 817; x_wconf 85' lang='lat' dir='ltr'><strong>decretum</strong></span> 
     </span>
    </p>
   </div>
   <div class='ocr_carea' id='block_1_8' title="bbox 232 850 1867 924">
    <p class='ocr_par' dir='ltr' id='par_1_8' title="bbox 232 850 1867 924">
     <span class='ocr_line' id='line_1_8' title="bbox 232 850 1867 924; baseline 0.001 -17"><span class='ocrx_word' id='word_1_41' title='bbox 232 852 560 922; x_wconf 77' lang='lat' dir='ltr'><strong>episcopale</strong></span> <span class='ocrx_word' id='word_1_42' title='bbox 608 850 1028 924; x_wconf 86' lang='lat' dir='ltr'><strong>complectitur.</strong></span> <span class='ocrx_word' id='word_1_43' title='bbox 1062 855 1249 909; x_wconf 85' lang='lat' dir='ltr'><strong>Ariani</strong></span> <span class='ocrx_word' id='word_1_44' title='bbox 1280 854 1412 910; x_wconf 85' lang='lat' dir='ltr'>nihil</span> <span class='ocrx_word' id='word_1_45' title='bbox 1458 864 1643 909; x_wconf 88' lang='lat' dir='ltr'><strong>contra</strong></span> <span class='ocrx_word' id='word_1_46' title='bbox 1678 871 1867 910; x_wconf 89' lang='lat' dir='ltr'><strong>sanam</strong></span> 
     </span>
    </p>
   </div>
   <div class='ocr_carea' id='block_1_9' title="bbox 228 943 1870 1017">
    <p class='ocr_par' dir='ltr' id='par_1_9' title="bbox 228 943 1870 1017">
     <span class='ocr_line' id='line_1_9' title="bbox 228 943 1870 1017; baseline 0.002 -18"><span class='ocrx_word' id='word_1_47' title='bbox 228 943 390 999; x_wconf 81' lang='lat' dir='ltr'><strong>ﬁdem</strong></span> <span class='ocrx_word' id='word_1_48' title='bbox 427 953 758 1001; x_wconf 68' lang='lat' dir='ltr'><strong>retractare</strong></span> <span class='ocrx_word' id='word_1_49' title='bbox 782 948 923 1009; x_wconf 84' lang='lat' dir='ltr'><strong>ausi.</strong></span> <span class='ocrx_word' id='word_1_50' title='bbox 964 962 1022 1000; x_wconf 89' lang='lat' dir='ltr'><strong>se</strong></span> <span class='ocrx_word' id='word_1_51' title='bbox 1062 962 1277 1017; x_wconf 88' lang='lat' dir='ltr'><strong>quoque</strong></span> <span class='ocrx_word' id='word_1_52' title='bbox 1309 955 1582 1016; x_wconf 89' lang='lat' dir='ltr'><strong>tamquam</strong></span> <span class='ocrx_word' id='word_1_53' title='bbox 1623 947 1870 1017; x_wconf 88' lang='lat' dir='ltr'><strong>acquies-</strong></span> 
     </span>
    </p>
   </div>
   <div class='ocr_carea' id='block_1_10' title="bbox 223 1037 1865 1095">
    <p class='ocr_par' dir='ltr' id='par_1_10' title="bbox 223 1037 1865 1095">
     <span class='ocr_line' id='line_1_10' title="bbox 223 1037 1865 1095; baseline 0.001 -2"><span class='ocrx_word' id='word_1_54' title='bbox 223 1047 415 1093; x_wconf 89' lang='lat' dir='ltr'><strong>centes</strong></span> <span class='ocrx_word' id='word_1_55' title='bbox 468 1053 578 1093; x_wconf 90' lang='lat' dir='ltr'><strong>nec</strong></span> <span class='ocrx_word' id='word_1_56' title='bbox 636 1038 791 1093; x_wconf 86' lang='lat' dir='ltr'><strong>aliud</strong></span> <span class='ocrx_word' id='word_1_57' title='bbox 842 1038 1139 1094; x_wconf 90' lang='lat' dir='ltr'><strong>sentientes</strong></span> <span class='ocrx_word' id='word_1_58' title='bbox 1190 1037 1451 1093; x_wconf 80' lang='lat' dir='ltr'><strong>Ecclesiis</strong></span> <span class='ocrx_word' id='word_1_59' title='bbox 1493 1038 1865 1095; x_wconf 87' lang='lat' dir='ltr'><strong>miscuerunt:</strong></span> 
     </span>
    </p>
   </div>
   <div class='ocr_carea' id='block_1_11' title="bbox 223 1126 1867 1205">
    <p class='ocr_par' dir='ltr' id='par_1_11' title="bbox 223 1126 1867 1205">
     <span class='ocr_line' id='line_1_11' title="bbox 223 1126 1867 1205; baseline 0.002 -18"><span class='ocrx_word' id='word_1_60' title='bbox 223 1135 487 1187; x_wconf 85' lang='lat' dir='ltr'><strong>manebat</strong></span> <span class='ocrx_word' id='word_1_61' title='bbox 524 1138 727 1190; x_wconf 81' lang='lat' dir='ltr'><strong>tamen</strong></span> <span class='ocrx_word' id='word_1_62' title='bbox 782 1134 832 1188; x_wconf 92' lang='lat' dir='ltr'><strong>in</strong></span> <span class='ocrx_word' id='word_1_63' title='bbox 869 1135 1175 1205; x_wconf 71' lang='lat' dir='ltr'><strong>pectoribus</strong></span> <span class='ocrx_word' id='word_1_64' title='bbox 1204 1151 1391 1190; x_wconf 87' lang='lat' dir='ltr'><strong>eormn</strong></span> <span class='ocrx_word' id='word_1_65' title='bbox 1426 1137 1642 1191; x_wconf 89' lang='lat' dir='ltr'><strong>insitum</strong></span> <span class='ocrx_word' id='word_1_66' title='bbox 1691 1137 1743 1191; x_wconf 89' lang='lat' dir='ltr'><strong>in</strong></span> <span class='ocrx_word' id='word_1_67' title='bbox 1775 1126 1867 1191; x_wconf 80' lang='lat' dir='ltr'><strong>ca-</strong></span> 
     </span>
    </p>
   </div>
   <div class='ocr_carea' id='block_1_12' title="bbox 223 1222 1869 1301">
    <p class='ocr_par' dir='ltr' id='par_1_12' title="bbox 223 1222 1869 1301">
     <span class='ocr_line' id='line_1_12' title="bbox 223 1222 1869 1301; baseline 0.001 -15"><span class='ocrx_word' id='word_1_68' title='bbox 223 1229 465 1286; x_wconf 87' lang='lat' dir='ltr'><strong>tltoiicos</strong></span> <span class='ocrx_word' id='word_1_69' title='bbox 514 1228 683 1286; x_wconf 53' lang='lat' dir='ltr'><strong>yiros</strong></span> <span class='ocrx_word' id='word_1_70' title='bbox 734 1231 921 1286; x_wconf 79' lang='lat' dir='ltr'><strong>odium</strong></span> <span class='ocrx_word' id='word_1_71' title='bbox 968 1250 979 1285; x_wconf 91' lang='lat'>:</span> <span class='ocrx_word' id='word_1_72' title='bbox 1019 1240 1075 1287; x_wconf 90' lang='lat' dir='ltr'><strong>et</strong></span> <span class='ocrx_word' id='word_1_73' title='bbox 1122 1232 1409 1286; x_wconf 83' lang='lat' dir='ltr'><strong>adversum</strong></span> <span class='ocrx_word' id='word_1_74' title='bbox 1460 1222 1597 1301; x_wconf 74' lang='lat' dir='ltr'><strong>quos</strong></span> <span class='ocrx_word' id='word_1_75' title='bbox 1645 1233 1714 1287; x_wconf 92' lang='lat' dir='ltr'><strong>de</strong></span> <span class='ocrx_word' id='word_1_76' title='bbox 1764 1232 1869 1287; x_wconf 86' lang='lat' dir='ltr'><strong>fide</strong></span> 
     </span>
    </p>
   </div>
   <div class='ocr_carea' id='block_1_13' title="bbox 219 1322 1870 1393">
    <p class='ocr_par' dir='ltr' id='par_1_13' title="bbox 219 1322 1870 1393">
     <span class='ocr_line' id='line_1_13' title="bbox 219 1322 1870 1393; baseline 0.001 -15"><span class='ocrx_word' id='word_1_77' title='bbox 219 1322 546 1393; x_wconf 70' lang='lat' dir='ltr'><strong>disceptare</strong></span> <span class='ocrx_word' id='word_1_78' title='bbox 583 1342 702 1379; x_wconf 82' lang='lat' dir='ltr'><strong>non</strong></span> <span class='ocrx_word' id='word_1_79' title='bbox 746 1334 995 1393; x_wconf 88' lang='lat' dir='ltr'><strong>poterant</strong></span> <span class='ocrx_word' id='word_1_80' title='bbox 1022 1367 1035 1390; x_wconf 92' lang='lat'><strong>,</strong></span> <span class='ocrx_word' id='word_1_81' title='bbox 1066 1339 1161 1380; x_wconf 90' lang='lat' dir='ltr'><strong>eos</strong></span> <span class='ocrx_word' id='word_1_82' title='bbox 1192 1323 1499 1380; x_wconf 74' lang='lat' dir='ltr'><strong>subornatis</strong></span> <span class='ocrx_word' id='word_1_83' title='bbox 1540 1325 1870 1381; x_wconf 86' lang='lat' dir='ltr'><strong>accusatori—</strong></span> 
     </span>
    </p>
   </div>
   <div class='ocr_carea' id='block_1_14' title="bbox 218 1408 1369 1489">
    <p class='ocr_par' dir='ltr' id='par_1_14' title="bbox 218 1408 1369 1489">
     <span class='ocr_line' id='line_1_14' title="bbox 218 1408 1369 1489; baseline -0.003 -13"><span class='ocrx_word' id='word_1_84' title='bbox 218 1420 317 1476; x_wconf 91' lang='lat' dir='ltr'><strong>bus</strong></span> <span class='ocrx_word' id='word_1_85' title='bbox 348 1419 622 1489; x_wconf 90' lang='lat' dir='ltr'><strong>ﬁctisque</strong></span> <span class='ocrx_word' id='word_1_86' title='bbox 658 1418 989 1475; x_wconf 85' lang='lat' dir='ltr'><strong>criminibus</strong></span> <span class='ocrx_word' id='word_1_87' title='bbox 1020 1408 1369 1489; x_wconf 86' lang='lat' dir='ltr'><strong>appetebant.</strong></span> 
     </span>
    </p>
   </div>
   <div class='ocr_carea' id='block_1_15' title="bbox 288 1508 1869 1583">
    <p class='ocr_par' dir='ltr' id='par_1_15' title="bbox 288 1508 1869 1583">
     <span class='ocr_line' id='line_1_15' title="bbox 288 1508 1869 1583; baseline 0.002 -18"><span class='ocrx_word' id='word_1_88' title='bbox 288 1510 551 1567; x_wconf 73' lang='lat' dir='ltr'><strong>XXXVI.</strong></span> <span class='ocrx_word' id='word_1_89' title='bbox 603 1511 804 1582; x_wconf 85' lang='lat' dir='ltr'><strong>Itaque</strong></span> <span class='ocrx_word' id='word_1_90' title='bbox 836 1513 1073 1583; x_wconf 90' lang='lat' dir='ltr'><strong>primum</strong></span> <span class='ocrx_word' id='word_1_91' title='bbox 1124 1513 1477 1568; x_wconf 75' lang='lat' dir='ltr'><strong>Athanasium</strong></span> <span class='ocrx_word' id='word_1_92' title='bbox 1525 1508 1869 1568; x_wconf 73' lang='lat' dir='ltr'><strong>Alexandria:</strong></span> 
     </span>
    </p>
   </div>
   <div class='ocr_carea' id='block_1_16' title="bbox 218 1604 1870 1677">
    <p class='ocr_par' dir='ltr' id='par_1_16' title="bbox 218 1604 1870 1677">
     <span class='ocr_line' id='line_1_16' title="bbox 218 1604 1870 1677; baseline 0.001 -19"><span class='ocrx_word' id='word_1_93' title='bbox 218 1605 581 1674; x_wconf 84' lang='lat' dir='ltr'><strong>episc0pum,</strong></span> <span class='ocrx_word' id='word_1_94' title='bbox 618 1604 1103 1675; x_wconf 76' lang='lat' dir='ltr'><strong>jurisconsultum,</strong></span> <span class='ocrx_word' id='word_1_95' title='bbox 1135 1604 1229 1676; x_wconf 88' lang='lat' dir='ltr'><strong>qui</strong></span> <span class='ocrx_word' id='word_1_96' title='bbox 1258 1606 1397 1676; x_wconf 90' lang='lat' dir='ltr'><strong>apud</strong></span> <span class='ocrx_word' id='word_1_97' title='bbox 1433 1604 1707 1660; x_wconf 78' lang='lat' dir='ltr'><strong>Nicaenant</strong></span> <span class='ocrx_word' id='word_1_98' title='bbox 1742 1622 1870 1677; x_wconf 85' lang='lat' dir='ltr'><strong>syn-</strong></span> 
     </span>
    </p>
   </div>
   <div class='ocr_carea' id='block_1_17' title="bbox 216 1695 1868 1770">
    <p class='ocr_par' dir='ltr' id='par_1_17' title="bbox 216 1695 1868 1770">
     <span class='ocr_line' id='line_1_17' title="bbox 216 1695 1868 1770; baseline 0.003 -21"><span class='ocrx_word' id='word_1_99' title='bbox 216 1697 379 1751; x_wconf 88' lang='lat' dir='ltr'><strong>odum</strong></span> <span class='ocrx_word' id='word_1_100' title='bbox 410 1695 703 1753; x_wconf 83' lang='lat' dir='ltr'><strong>diaconus</strong></span> <span class='ocrx_word' id='word_1_101' title='bbox 753 1697 1036 1768; x_wconf 79' lang='lat' dir='ltr'><strong>adfuerat,</strong></span> <span class='ocrx_word' id='word_1_102' title='bbox 1070 1698 1467 1770; x_wconf 82' lang='lat' dir='ltr'><strong>aggrediuntur</strong></span> <span class='ocrx_word' id='word_1_103' title='bbox 1490 1742 1503 1764; x_wconf 96' lang='lat'><strong>,</strong></span> <span class='ocrx_word' id='word_1_104' title='bbox 1562 1700 1868 1754; x_wconf 73' lang='lat' dir='ltr'><strong>absentem-</strong></span> 
     </span>
    </p>
   </div>
   <div class='ocr_carea' id='block_1_18' title="bbox 217 1791 1909 1871">
    <p class='ocr_par' dir='ltr' id='par_1_18' title="bbox 217 1791 1909 1871">
     <span class='ocr_line' id='line_1_18' title="bbox 217 1791 1909 1871; baseline 0.003 -28"><span class='ocrx_word' id='word_1_105' title='bbox 217 1808 321 1862; x_wconf 91' lang='lat' dir='ltr'><strong>que</strong></span> <span class='ocrx_word' id='word_1_106' title='bbox 351 1793 778 1847; x_wconf 86' lang='lat' dir='ltr'><strong>condemnant.</strong></span> <span class='ocrx_word' id='word_1_107' title='bbox 822 1791 1033 1849; x_wconf 84' lang='lat' dir='ltr'><strong>Etenim</strong></span> <span class='ocrx_word' id='word_1_108' title='bbox 1061 1798 1126 1849; x_wconf 89' lang='lat' dir='ltr'><strong>ad</strong></span> <span class='ocrx_word' id='word_1_109' title='bbox 1159 1793 1385 1849; x_wconf 90' lang='lat' dir='ltr'><strong>crimina</strong></span> <span class='ocrx_word' id='word_1_110' title='bbox 1408 1809 1528 1866; x_wconf 74' lang='lat' dir='ltr'><strong>qua:</strong></span> <span class='ocrx_word' id='word_1_111' title='bbox 1550 1793 1668 1849; x_wconf 81' lang='lat' dir='ltr'><strong>falsi</strong></span> <span class='ocrx_word' id='word_1_112' title='bbox 1699 1804 1867 1871; x_wconf 80' lang='lat' dir='ltr'><strong>testes</strong></span> <span class='ocrx_word' id='word_1_113' title='bbox 1902 1858 1909 1867; x_wconf 25' lang='grc' dir='ltr'><strong><em>ι</em></strong></span> 
     </span>
    </p>
   </div>
   <div class='ocr_carea' id='block_1_19' title="bbox 1972 572 3600 658">
    <p class='ocr_par' dir='ltr' id='par_1_19' title="bbox 1972 572 3600 658">
     <span class='ocr_line' id='line_1_19' title="bbox 1972 572 3600 658; baseline 0.016 -31"><span class='ocrx_word' id='word_1_114' title='bbox 1972 573 2085 643; x_wconf 85' lang='lat' dir='ltr'><strong>jam</strong></span> <span class='ocrx_word' id='word_1_115' title='bbox 2133 586 2255 658; x_wconf 86' lang='lat' dir='ltr'><strong>ante</strong></span> <span class='ocrx_word' id='word_1_116' title='bbox 2300 578 2629 647; x_wconf 85' lang='lat' dir='ltr'><strong>protulerat,</strong></span> <span class='ocrx_word' id='word_1_117' title='bbox 2678 597 2707 635; x_wconf 92' lang='lat' dir='ltr'><strong>a</strong></span> <span class='ocrx_word' id='word_1_118' title='bbox 2753 572 2992 641; x_wconf 79' lang='lat' dir='ltr'><strong>Sabellio</strong></span> <span class='ocrx_word' id='word_1_119' title='bbox 3036 576 3254 658; x_wconf 81' lang='lat' dir='ltr'><strong>quidem</strong></span> <span class='ocrx_word' id='word_1_120' title='bbox 3284 572 3337 645; x_wconf 80' lang='lat' dir='ltr'><strong>in</strong></span> <span class='ocrx_word' id='word_1_121' title='bbox 3382 572 3600 653; x_wconf 81' lang='lat' dir='ltr'><strong>Unione</strong></span> 
     </span>
    </p>
   </div>
   <div class='ocr_carea' id='block_1_20' title="bbox 1974 654 3603 756">
    <p class='ocr_par' dir='ltr' id='par_1_20' title="bbox 1974 654 3603 756">
     <span class='ocr_line' id='line_1_20' title="bbox 1974 654 3603 756; baseline 0.015 -36"><span class='ocrx_word' id='word_1_122' title='bbox 1974 654 2349 756; x_wconf 60' lang='lat' dir='ltr'><strong>dissentiens,</strong></span> <span class='ocrx_word' id='word_1_123' title='bbox 2401 660 2497 727; x_wconf 86' lang='lat' dir='ltr'><strong>sed</strong></span> <span class='ocrx_word' id='word_1_124' title='bbox 2546 673 2765 756; x_wconf 85' lang='lat' dir='ltr'><strong>initium</strong></span> <span class='ocrx_word' id='word_1_125' title='bbox 2797 676 2998 733; x_wconf 79' lang='lat' dir='ltr'><strong>Chriin</strong></span> <span class='ocrx_word' id='word_1_126' title='bbox 3028 664 3307 756; x_wconf 37' lang='lat' dir='ltr'><strong>ex‘Maria</strong></span> <span class='ocrx_word' id='word_1_127' title='bbox 3337 668 3603 756; x_wconf 69' lang='lat' dir='ltr'><strong>prmdica-</strong></span> 
     </span>
    </p>
   </div>
   <div class='ocr_carea' id='block_1_21' title="bbox 1974 748 3603 836">
    <p class='ocr_par' dir='ltr' id='par_1_21' title="bbox 1974 748 3603 836">
     <span class='ocr_line' id='line_1_21' title="bbox 1974 748 3603 836; baseline 0.015 -25"><span class='ocrx_word' id='word_1_128' title='bbox 1974 756 2084 813; x_wconf 90' lang='lat' dir='ltr'><strong>bat.</strong></span> <span class='ocrx_word' id='word_1_129' title='bbox 2118 748 2288 829; x_wconf 84' lang='lat' dir='ltr'><strong>Igitur</strong></span> <span class='ocrx_word' id='word_1_130' title='bbox 2318 748 2508 818; x_wconf 78' lang='lat' dir='ltr'><strong>Ariani</strong></span> <span class='ocrx_word' id='word_1_131' title='bbox 2539 752 2723 821; x_wconf 80' lang='lat' dir='ltr'><strong>astuto</strong></span> <span class='ocrx_word' id='word_1_132' title='bbox 2760 756 2994 825; x_wconf 79' lang='lat' dir='ltr'><strong>consilio</strong></span> <span class='ocrx_word' id='word_1_133' title='bbox 3040 749 3269 830; x_wconf 66' lang='lat' dir='ltr'><strong>miscent</strong></span> <span class='ocrx_word' id='word_1_134' title='bbox 3315 748 3603 836; x_wconf 74' lang='lat' dir='ltr'><strong>innoxium</strong></span> 
     </span>
    </p>
   </div>
   <div class='ocr_carea' id='block_1_22' title="bbox 1974 844 3610 939">
    <p class='ocr_par' dir='ltr' id='par_1_22' title="bbox 1974 844 3610 939">
     <span class='ocr_line' id='line_1_22' title="bbox 1974 844 3610 939; baseline 0.018 -37"><span class='ocrx_word' id='word_1_135' title='bbox 1974 844 2319 921; x_wconf 70' lang='lat' dir='ltr'><strong>criminOSis,</strong></span> <span class='ocrx_word' id='word_1_136' title='bbox 2354 855 2878 932; x_wconf 90' lang='lat' dir='ltr'><strong>damnationemque</strong></span> <span class='ocrx_word' id='word_1_137' title='bbox 2910 858 3131 919; x_wconf 81' lang='lat' dir='ltr'><strong>thini</strong></span> <span class='ocrx_word' id='word_1_138' title='bbox 3174 878 3229 921; x_wconf 93' lang='lat' dir='ltr'><strong>et</strong></span> <span class='ocrx_word' id='word_1_139' title='bbox 3256 869 3521 939; x_wconf 73' lang='lat' dir='ltr'><strong>Marcelli</strong></span> <span class='ocrx_word' id='word_1_140' title='bbox 3553 854 3610 931; x_wconf 81' lang='lat' dir='ltr'><strong>et</strong></span> 
     </span>
    </p>
   </div>
   <div class='ocr_carea' id='block_1_23' title="bbox 1974 938 3604 1031">
    <p class='ocr_par' dir='ltr' id='par_1_23' title="bbox 1974 938 3604 1031">
     <span class='ocr_line' id='line_1_23' title="bbox 1974 938 3604 1031; baseline 0.015 -34"><span class='ocrx_word' id='word_1_141' title='bbox 1974 938 2258 1000; x_wconf 74' lang='lat' dir='ltr'><strong>Athanasii</strong></span> <span class='ocrx_word' id='word_1_142' title='bbox 2292 947 2499 1031; x_wconf 88' lang='lat' dir='ltr'><strong>eadem</strong></span> <span class='ocrx_word' id='word_1_143' title='bbox 2559 952 2859 1029; x_wconf 83' lang='lat' dir='ltr'><strong>sententia</strong></span> <span class='ocrx_word' id='word_1_144' title='bbox 2892 958 3370 1029; x_wconf 87' lang='lat' dir='ltr'><strong>comprehendunt</strong></span> <span class='ocrx_word' id='word_1_145' title='bbox 3409 981 3423 1017; x_wconf 92' lang='lat'><strong>:</strong></span> <span class='ocrx_word' id='word_1_146' title='bbox 3464 940 3604 1022; x_wconf 87' lang='lat' dir='ltr'><strong>Illud</strong></span> 
     </span>
    </p>
   </div>
   <div class='ocr_carea' id='block_1_24' title="bbox 1973 1032 3600 1125">
    <p class='ocr_par' dir='ltr' id='par_1_24' title="bbox 1973 1032 3600 1125">
     <span class='ocr_line' id='line_1_24' title="bbox 1973 1032 3600 1125; baseline 0.014 -38"><span class='ocrx_word' id='word_1_147' title='bbox 1973 1033 2231 1090; x_wconf 89' lang='lat' dir='ltr'><strong>nimirum</strong></span> <span class='ocrx_word' id='word_1_148' title='bbox 2279 1038 2421 1107; x_wconf 84' lang='lat' dir='ltr'><strong>apud</strong></span> <span class='ocrx_word' id='word_1_149' title='bbox 2475 1040 2867 1115; x_wconf 81' lang='lat' dir='ltr'><strong>imperatorum</strong></span> <span class='ocrx_word' id='word_1_150' title='bbox 2917 1032 3132 1103; x_wconf 86' lang='lat' dir='ltr'><strong>animos</strong></span> <span class='ocrx_word' id='word_1_151' title='bbox 3180 1061 3600 1125; x_wconf 60' lang='lat' dir='ltr'><strong>praestruentes,</strong></span> 
     </span>
    </p>
   </div>
   <div class='ocr_carea' id='block_1_25' title="bbox 1974 1132 3597 1221">
    <p class='ocr_par' dir='ltr' id='par_1_25' title="bbox 1974 1132 3597 1221">
     <span class='ocr_line' id='line_1_25' title="bbox 1974 1132 3597 1221; baseline 0.017 -41"><span class='ocrx_word' id='word_1_152' title='bbox 1974 1138 2031 1221; x_wconf 86' lang='lat' dir='ltr'><strong>ut</strong></span> <span class='ocrx_word' id='word_1_153' title='bbox 2062 1145 2167 1185; x_wconf 91' lang='lat' dir='ltr'><strong>non</strong></span> <span class='ocrx_word' id='word_1_154' title='bbox 2194 1141 2517 1201; x_wconf 83' lang='lat' dir='ltr'><strong>putarentur</strong></span> <span class='ocrx_word' id='word_1_155' title='bbox 2542 1134 2611 1192; x_wconf 88' lang='lat' dir='ltr'><strong>de</strong></span> <span class='ocrx_word' id='word_1_156' title='bbox 2639 1132 2943 1195; x_wconf 81' lang='lat' dir='ltr'><strong>AthanaSio</strong></span> <span class='ocrx_word' id='word_1_157' title='bbox 2972 1158 3263 1215; x_wconf 80' lang='lat' dir='ltr'><strong>perperam</strong></span> <span class='ocrx_word' id='word_1_158' title='bbox 3292 1148 3597 1218; x_wconf 75' lang='lat' dir='ltr'><strong>judit-asse,</strong></span> 
     </span>
    </p>
   </div>
   <div class='ocr_carea' id='block_1_26' title="bbox 1974 1220 3600 1298">
    <p class='ocr_par' dir='ltr' id='par_1_26' title="bbox 1974 1220 3600 1298">
     <span class='ocr_line' id='line_1_26' title="bbox 1974 1220 3600 1298; baseline 0.015 -24"><span class='ocrx_word' id='word_1_159' title='bbox 1974 1220 2066 1290; x_wconf 74' lang='lat' dir='ltr'><strong>Qui</strong></span> <span class='ocrx_word' id='word_1_160' title='bbox 2098 1220 2166 1278; x_wconf 91' lang='lat' dir='ltr'><strong>de</strong></span> <span class='ocrx_word' id='word_1_161' title='bbox 2195 1223 2458 1279; x_wconf 87' lang='lat' dir='ltr'><strong>Marcello</strong></span> <span class='ocrx_word' id='word_1_162' title='bbox 2489 1236 2651 1298; x_wconf 88' lang='lat' dir='ltr'><strong>atque</strong></span> <span class='ocrx_word' id='word_1_163' title='bbox 2698 1229 2930 1287; x_wconf 89' lang='lat' dir='ltr'><strong>Photino</strong></span> <span class='ocrx_word' id='word_1_164' title='bbox 2964 1250 3089 1289; x_wconf 86' lang='lat' dir='ltr'><strong>vera</strong></span> <span class='ocrx_word' id='word_1_165' title='bbox 3123 1239 3453 1295; x_wconf 88' lang='lat' dir='ltr'><strong>sensissent.</strong></span> <span class='ocrx_word' id='word_1_166' title='bbox 3490 1241 3600 1297; x_wconf 83' lang='lat' dir='ltr'><strong>Ve-</strong></span> 
     </span>
    </p>
   </div>
   <div class='ocr_carea' id='block_1_27' title="bbox 1974 1321 3603 1396">
    <p class='ocr_par' dir='ltr' id='par_1_27' title="bbox 1974 1321 3603 1396">
     <span class='ocr_line' id='line_1_27' title="bbox 1974 1321 3603 1396; baseline 0.015 -33"><span class='ocrx_word' id='word_1_167' title='bbox 1974 1321 2279 1369; x_wconf 88' lang='lat' dir='ltr'><strong>rumtamen</strong></span> <span class='ocrx_word' id='word_1_168' title='bbox 2313 1330 2374 1369; x_wconf 90' lang='lat' dir='ltr'><strong>ea</strong></span> <span class='ocrx_word' id='word_1_169' title='bbox 2409 1327 2735 1388; x_wconf 63' lang='lat' dir='ltr'><strong>tempestate</strong></span> <span class='ocrx_word' id='word_1_170' title='bbox 2785 1324 2973 1379; x_wconf 83' lang='lat' dir='ltr'><strong>Ariani</strong></span> <span class='ocrx_word' id='word_1_171' title='bbox 3004 1328 3288 1396; x_wconf 91' lang='lat' dir='ltr'><strong>perﬁdiam</strong></span> <span class='ocrx_word' id='word_1_172' title='bbox 3324 1347 3477 1386; x_wconf 85' lang='lat' dir='ltr'><strong>suam</strong></span> <span class='ocrx_word' id='word_1_173' title='bbox 3510 1349 3603 1389; x_wconf 86' lang='lat' dir='ltr'><strong>oc-</strong></span> 
     </span>
    </p>
   </div>
   <div class='ocr_carea' id='block_1_28' title="bbox 1972 1403 3599 1497">
    <p class='ocr_par' dir='ltr' id='par_1_28' title="bbox 1972 1403 3599 1497">
     <span class='ocr_line' id='line_1_28' title="bbox 1972 1403 3599 1497; baseline 0.016 -39"><span class='ocrx_word' id='word_1_174' title='bbox 1972 1403 2250 1461; x_wconf 81' lang='lat' dir='ltr'><strong>Cnltabant</strong></span> <span class='ocrx_word' id='word_1_175' title='bbox 2284 1424 2296 1461; x_wconf 93' lang='lat'><strong>:</strong></span> <span class='ocrx_word' id='word_1_176' title='bbox 2332 1423 2439 1462; x_wconf 89' lang='lat' dir='ltr'><strong>non</strong></span> <span class='ocrx_word' id='word_1_177' title='bbox 2473 1411 2588 1464; x_wconf 88' lang='lat' dir='ltr'><strong>ausi</strong></span> <span class='ocrx_word' id='word_1_178' title='bbox 2623 1413 2796 1481; x_wconf 88' lang='lat' dir='ltr'><strong>palam</strong></span> <span class='ocrx_word' id='word_1_179' title='bbox 2829 1412 3034 1473; x_wconf 84' lang='lat' dir='ltr'><strong>erroris</strong></span> <span class='ocrx_word' id='word_1_180' title='bbox 3060 1423 3141 1475; x_wconf 83' lang='lat' dir='ltr'><strong>Sui</strong></span> <span class='ocrx_word' id='word_1_181' title='bbox 3177 1425 3434 1494; x_wconf 78' lang='lat' dir='ltr'><strong>dogmata</strong></span> <span class='ocrx_word' id='word_1_182' title='bbox 3468 1445 3599 1497; x_wconf 68' lang='lat' dir='ltr'><strong>prte-</strong></span> 
     </span>
    </p>
   </div>
   <div class='ocr_carea' id='block_1_29' title="bbox 1972 1499 3596 1590">
    <p class='ocr_par' dir='ltr' id='par_1_29' title="bbox 1972 1499 3596 1590">
     <span class='ocr_line' id='line_1_29' title="bbox 1972 1499 3596 1590; baseline 0.015 -36"><span class='ocrx_word' id='word_1_183' title='bbox 1972 1499 2177 1563; x_wconf 86' lang='lat' dir='ltr'><strong>dicare,</strong></span> <span class='ocrx_word' id='word_1_184' title='bbox 2210 1500 2515 1559; x_wconf 88' lang='lat' dir='ltr'><strong>catholicos</strong></span> <span class='ocrx_word' id='word_1_185' title='bbox 2543 1520 2603 1559; x_wconf 90' lang='lat' dir='ltr'><strong>se</strong></span> <span class='ocrx_word' id='word_1_186' title='bbox 2632 1511 2920 1577; x_wconf 86' lang='lat' dir='ltr'><strong>gerebant,</strong></span> <span class='ocrx_word' id='word_1_187' title='bbox 2956 1513 3086 1568; x_wconf 91' lang='lat' dir='ltr'><strong>nihil</strong></span> <span class='ocrx_word' id='word_1_188' title='bbox 3113 1516 3214 1570; x_wconf 84' lang='lat' dir='ltr'><strong>sibi</strong></span> <span class='ocrx_word' id='word_1_189' title='bbox 3248 1520 3401 1587; x_wconf 90' lang='lat' dir='ltr'><strong>prius</strong></span> <span class='ocrx_word' id='word_1_190' title='bbox 3428 1537 3596 1590; x_wconf 82' lang='lat' dir='ltr'><strong>agen-</strong></span> 
     </span>
    </p>
   </div>
   <div class='ocr_carea' id='block_1_30' title="bbox 1972 1594 3597 1682">
    <p class='ocr_par' dir='ltr' id='par_1_30' title="bbox 1972 1594 3597 1682">
     <span class='ocr_line' id='line_1_30' title="bbox 1972 1594 3597 1682; baseline 0.014 -33"><span class='ocrx_word' id='word_1_191' title='bbox 1972 1594 2099 1649; x_wconf 91' lang='lat' dir='ltr'><strong>dum</strong></span> <span class='ocrx_word' id='word_1_192' title='bbox 2127 1596 2246 1661; x_wconf 91' lang='lat' dir='ltr'><strong>rati,</strong></span> <span class='ocrx_word' id='word_1_193' title='bbox 2270 1612 2432 1667; x_wconf 89' lang='lat' dir='ltr'><strong>quam</strong></span> <span class='ocrx_word' id='word_1_194' title='bbox 2460 1610 2514 1654; x_wconf 92' lang='lat' dir='ltr'><strong>ut</strong></span> <span class='ocrx_word' id='word_1_195' title='bbox 2535 1599 2893 1658; x_wconf 77' lang='lat' dir='ltr'><strong>Athanasium</strong></span> <span class='ocrx_word' id='word_1_196' title='bbox 2912 1606 3156 1663; x_wconf 83' lang='lat' dir='ltr'><strong>Ecclesia</strong></span> <span class='ocrx_word' id='word_1_197' title='bbox 3183 1612 3597 1682; x_wconf 84' lang='lat' dir='ltr'><strong>submoverent,</strong></span> 
     </span>
    </p>
   </div>
   <div class='ocr_carea' id='block_1_31' title="bbox 1971 1688 3589 1777">
    <p class='ocr_par' dir='ltr' id='par_1_31' title="bbox 1971 1688 3589 1777">
     <span class='ocr_line' id='line_1_31' title="bbox 1971 1688 3589 1777; baseline 0.014 -36"><span class='ocrx_word' id='word_1_198' title='bbox 1971 1688 2065 1759; x_wconf 91' lang='lat' dir='ltr'><strong>qui</strong></span> <span class='ocrx_word' id='word_1_199' title='bbox 2096 1704 2315 1761; x_wconf 86' lang='lat' dir='ltr'><strong>semper</strong></span> <span class='ocrx_word' id='word_1_200' title='bbox 2341 1691 2421 1747; x_wconf 92' lang='lat' dir='ltr'><strong>eis</strong></span> <span class='ocrx_word' id='word_1_201' title='bbox 2451 1694 2594 1748; x_wconf 82' lang='lat' dir='ltr'><strong>velut</strong></span> <span class='ocrx_word' id='word_1_202' title='bbox 2628 1712 2814 1752; x_wconf 89' lang='lat' dir='ltr'><strong>murus</strong></span> <span class='ocrx_word' id='word_1_203' title='bbox 2845 1700 3136 1757; x_wconf 89' lang='lat' dir='ltr'><strong>obstiterat</strong></span> <span class='ocrx_word' id='word_1_204' title='bbox 3167 1720 3178 1757; x_wconf 91' lang='lat'><strong>:</strong></span> <span class='ocrx_word' id='word_1_205' title='bbox 3215 1719 3323 1774; x_wconf 91' lang='lat' dir='ltr'><strong>quo</strong></span> <span class='ocrx_word' id='word_1_206' title='bbox 3356 1718 3589 1777; x_wconf 91' lang='lat' dir='ltr'><strong>remoto,</strong></span> 
     </span>
    </p>
   </div>
   <div class='ocr_carea' id='block_1_32' title="bbox 1975 1781 3591 1867">
    <p class='ocr_par' dir='ltr' id='par_1_32' title="bbox 1975 1781 3591 1867">
     <span class='ocr_line' id='line_1_32' title="bbox 1975 1781 3591 1867; baseline 0.015 -33"><span class='ocrx_word' id='word_1_207' title='bbox 1975 1781 2215 1852; x_wconf 90' lang='lat' dir='ltr'><strong>reliquos</strong></span> <span class='ocrx_word' id='word_1_208' title='bbox 2249 1783 2299 1837; x_wconf 92' lang='lat' dir='ltr'><strong>in</strong></span> <span class='ocrx_word' id='word_1_209' title='bbox 2331 1783 2614 1842; x_wconf 86' lang='lat' dir='ltr'><strong>libidinem</strong></span> <span class='ocrx_word' id='word_1_210' title='bbox 2647 1804 2799 1843; x_wconf 84' lang='lat' dir='ltr'><strong>suam</strong></span> <span class='ocrx_word' id='word_1_211' title='bbox 2833 1806 3090 1848; x_wconf 85' lang='lat' dir='ltr'><strong>cessuros</strong></span> <span class='ocrx_word' id='word_1_212' title='bbox 3137 1798 3453 1867; x_wconf 84' lang='lat' dir='ltr'><strong>sperabant.</strong></span> <span class='ocrx_word' id='word_1_213' title='bbox 3485 1802 3591 1857; x_wconf 89' lang='lat' dir='ltr'><strong>Sed</strong></span> 
     </span>
    </p>
   </div>
   <div class='ocr_carea' id='block_1_33' title="bbox 218 1874 1857 1959">
    <p class='ocr_par' dir='ltr' id='par_1_33' title="bbox 218 1886 1857 1959">
     <span class='ocr_line' id='line_1_33' title="bbox 218 1886 1857 1959; baseline 0.002 -19"><span class='ocrx_word' id='word_1_214' title='bbox 218 1898 656 1959; x_wconf 86' lang='lat' dir='ltr'><strong>congesserant,</strong></span> <span class='ocrx_word' id='word_1_215' title='bbox 709 1887 1083 1958; x_wconf 72' lang='lat' dir='ltr'><strong>aggregabant</strong></span> <span class='ocrx_word' id='word_1_216' title='bbox 1133 1886 1277 1958; x_wconf 90' lang='lat' dir='ltr'><strong>quod</strong></span> <span class='ocrx_word' id='word_1_217' title='bbox 1330 1889 1645 1944; x_wconf 86' lang='lat' dir='ltr'><strong>Marcellum</strong></span> <span class='ocrx_word' id='word_1_218' title='bbox 1697 1897 1857 1955; x_wconf 79' lang='lat' dir='ltr'><strong>atque</strong></span> 
     </span>
    </p>
   </div>
   <div class='ocr_carea' id='block_1_34' title="bbox 1960 1874 3597 1959">
    <p class='ocr_par' dir='ltr' id='par_1_34' title="bbox 1968 1874 3597 1958">
     <span class='ocr_line' id='line_1_34' title="bbox 1968 1874 3597 1958; baseline 0.013 -29"><span class='ocrx_word' id='word_1_219' title='bbox 1968 1891 2089 1943; x_wconf 89' lang='lat' dir='ltr'><strong>pars</strong></span> <span class='ocrx_word' id='word_1_220' title='bbox 2112 1876 2495 1949; x_wconf 86' lang='lat' dir='ltr'><strong>episcoporum</strong></span> <span class='ocrx_word' id='word_1_221' title='bbox 2526 1897 2647 1952; x_wconf 80' lang='lat' dir='ltr'><strong>qua:</strong></span> <span class='ocrx_word' id='word_1_222' title='bbox 2676 1883 2867 1940; x_wconf 83' lang='lat' dir='ltr'><strong>Arium</strong></span> <span class='ocrx_word' id='word_1_223' title='bbox 2901 1874 3258 1958; x_wconf 83' lang='lat' dir='ltr'><strong>sequebatur,</strong></span> <span class='ocrx_word' id='word_1_224' title='bbox 3284 1892 3597 1951; x_wconf 88' lang='lat' dir='ltr'><strong>damnatio-</strong></span> 
     </span>
    </p>
   </div>
   <div class='ocr_carea' id='block_1_35' title="bbox 222 1966 1859 2054">
    <p class='ocr_par' dir='ltr' id='par_1_35' title="bbox 222 1966 1859 2054">
     <span class='ocr_line' id='line_1_35' title="bbox 222 1966 1859 2054; baseline 0.001 -19"><span class='ocrx_word' id='word_1_225' title='bbox 222 1966 522 2036; x_wconf 86' lang='lat' dir='ltr'><strong>Pbotinum</strong></span> <span class='ocrx_word' id='word_1_226' title='bbox 564 1982 875 2037; x_wconf 66' lang='lat' dir='ltr'><strong>Itmreticos</strong></span> <span class='ocrx_word' id='word_1_227' title='bbox 905 1982 1234 2048; x_wconf 81' lang='lat' dir='ltr'><strong>sacerdotes,</strong></span> <span class='ocrx_word' id='word_1_228' title='bbox 1270 1981 1467 2054; x_wconf 87' lang='lat' dir='ltr'><strong>synodi</strong></span> <span class='ocrx_word' id='word_1_229' title='bbox 1493 1982 1700 2053; x_wconf 84' lang='lat' dir='ltr'><strong>judicio</strong></span> <span class='ocrx_word' id='word_1_230' title='bbox 1730 1998 1859 2037; x_wconf 87' lang='lat' dir='ltr'><strong>con-</strong></span> 
     </span>
    </p>
   </div>
   <div class='ocr_carea' id='block_1_36' title="bbox 221 2072 1857 2146">
    <p class='ocr_par' dir='ltr' id='par_1_36' title="bbox 221 2072 1857 2146">
     <span class='ocr_line' id='line_1_36' title="bbox 221 2072 1857 2146; baseline 0 -17"><span class='ocrx_word' id='word_1_231' title='bbox 221 2075 543 2141; x_wconf 89' lang='lat' dir='ltr'><strong>demnatos,</strong></span> <span class='ocrx_word' id='word_1_232' title='bbox 580 2092 762 2144; x_wconf 88' lang='lat' dir='ltr'><strong>pravo</strong></span> <span class='ocrx_word' id='word_1_233' title='bbox 795 2075 974 2131; x_wconf 87' lang='lat' dir='ltr'><strong>studio</strong></span> <span class='ocrx_word' id='word_1_234' title='bbox 1006 2072 1320 2146; x_wconf 83' lang='lat' dir='ltr'><strong>recepisset.</strong></span> <span class='ocrx_word' id='word_1_235' title='bbox 1372 2076 1480 2131; x_wconf 86' lang='lat' dir='ltr'><strong>Sed</strong></span> <span class='ocrx_word' id='word_1_236' title='bbox 1524 2076 1591 2131; x_wconf 91' lang='lat' dir='ltr'><strong>de</strong></span> <span class='ocrx_word' id='word_1_237' title='bbox 1624 2075 1857 2130; x_wconf 87' lang='lat' dir='ltr'><strong>Photino</strong></span> 
     </span>
    </p>
   </div>
   <div class='ocr_carea' id='block_1_37' title="bbox 221 2168 1857 2235">
    <p class='ocr_par' dir='ltr' id='par_1_37' title="bbox 221 2168 1857 2235">
     <span class='ocr_line' id='line_1_37' title="bbox 221 2168 1857 2235; baseline 0.001 -14"><span class='ocrx_word' id='word_1_238' title='bbox 221 2168 444 2221; x_wconf 84' lang='lat' dir='ltr'><strong>dubium</strong></span> <span class='ocrx_word' id='word_1_239' title='bbox 479 2184 596 2223; x_wconf 90' lang='lat' dir='ltr'><strong>non</strong></span> <span class='ocrx_word' id='word_1_240' title='bbox 626 2177 775 2235; x_wconf 87' lang='lat' dir='ltr'><strong>erat,</strong></span> <span class='ocrx_word' id='word_1_241' title='bbox 810 2170 1004 2224; x_wconf 87' lang='lat' dir='ltr'><strong>tncrito</strong></span> <span class='ocrx_word' id='word_1_242' title='bbox 1047 2169 1213 2224; x_wconf 86' lang='lat' dir='ltr'><strong>fuisse</strong></span> <span class='ocrx_word' id='word_1_243' title='bbox 1242 2170 1557 2224; x_wconf 89' lang='lat' dir='ltr'><strong>damnatum</strong></span> <span class='ocrx_word' id='word_1_244' title='bbox 1585 2189 1597 2223; x_wconf 88' lang='lat'><strong>:</strong></span> <span class='ocrx_word' id='word_1_245' title='bbox 1629 2171 1679 2224; x_wconf 93' lang='lat' dir='ltr'><strong>in</strong></span> <span class='ocrx_word' id='word_1_246' title='bbox 1721 2169 1857 2224; x_wconf 84' lang='lat' dir='ltr'><strong>Mar-</strong></span> 
     </span>
    </p>
   </div>
   <div class='ocr_carea' id='block_1_38' title="bbox 226 2250 1857 2335">
    <p class='ocr_par' dir='ltr' id='par_1_38' title="bbox 226 2250 1857 2335">
     <span class='ocr_line' id='line_1_38' title="bbox 226 2250 1857 2335; baseline 0.002 -20"><span class='ocrx_word' id='word_1_247' title='bbox 226 2262 363 2315; x_wconf 71' lang='lat' dir='ltr'><strong>cello</strong></span> <span class='ocrx_word' id='word_1_248' title='bbox 399 2261 542 2316; x_wconf 88' lang='lat' dir='ltr'><strong>nihil</strong></span> <span class='ocrx_word' id='word_1_249' title='bbox 586 2271 704 2317; x_wconf 88' lang='lat' dir='ltr'><strong>tum</strong></span> <span class='ocrx_word' id='word_1_250' title='bbox 740 2262 1089 2317; x_wconf 89' lang='lat' dir='ltr'><strong>damnatione</strong></span> <span class='ocrx_word' id='word_1_251' title='bbox 1134 2262 1357 2335; x_wconf 85' lang='lat' dir='ltr'><strong>dignum</strong></span> <span class='ocrx_word' id='word_1_252' title='bbox 1392 2277 1667 2332; x_wconf 90' lang='lat' dir='ltr'><strong>repertum</strong></span> <span class='ocrx_word' id='word_1_253' title='bbox 1699 2250 1857 2319; x_wconf 84' lang='lat' dir='ltr'><strong>vide-</strong></span> 
     </span>
    </p>
   </div>
   <div class='ocr_carea' id='block_1_39' title="bbox 225 2346 1860 2427">
    <p class='ocr_par' dir='ltr' id='par_1_39' title="bbox 225 2346 1860 2427">
     <span class='ocr_line' id='line_1_39' title="bbox 225 2346 1860 2427; baseline 0.001 -18"><span class='ocrx_word' id='word_1_254' title='bbox 225 2353 421 2419; x_wconf 83' lang='lat' dir='ltr'><strong>batur;</strong></span> <span class='ocrx_word' id='word_1_255' title='bbox 482 2348 852 2424; x_wconf 77' lang='lat' dir='ltr'><strong>maximeque</strong></span> <span class='ocrx_word' id='word_1_256' title='bbox 900 2357 949 2410; x_wconf 92' lang='lat' dir='ltr'><strong>ei</strong></span> <span class='ocrx_word' id='word_1_257' title='bbox 1002 2348 1242 2411; x_wconf 85' lang='lat' dir='ltr'><strong>studium</strong></span> <span class='ocrx_word' id='word_1_258' title='bbox 1308 2348 1541 2427; x_wconf 82' lang='lat' dir='ltr'><strong>partium</strong></span> <span class='ocrx_word' id='word_1_259' title='bbox 1598 2346 1860 2412; x_wconf 88' lang='lat' dir='ltr'><strong>innocen-</strong></span> 
     </span>
    </p>
   </div>
   <div class='ocr_carea' id='block_1_40' title="bbox 229 2434 1858 2523">
    <p class='ocr_par' dir='ltr' id='par_1_40' title="bbox 229 2434 1858 2523">
     <span class='ocr_line' id='line_1_40' title="bbox 229 2434 1858 2523; baseline 0.004 -23"><span class='ocrx_word' id='word_1_260' title='bbox 229 2445 356 2502; x_wconf 89' lang='lat' dir='ltr'><strong>tium</strong></span> <span class='ocrx_word' id='word_1_261' title='bbox 390 2459 744 2514; x_wconf 87' lang='lat' dir='ltr'><strong>accesserat,</strong></span> <span class='ocrx_word' id='word_1_262' title='bbox 780 2446 922 2519; x_wconf 74' lang='lat' dir='ltr'><strong>qaud</strong></span> <span class='ocrx_word' id='word_1_263' title='bbox 955 2446 1177 2504; x_wconf 86' lang='lat' dir='ltr'><strong>eosdem</strong></span> <span class='ocrx_word' id='word_1_264' title='bbox 1212 2450 1335 2505; x_wconf 89' lang='lat' dir='ltr'><strong>illos</strong></span> <span class='ocrx_word' id='word_1_265' title='bbox 1361 2434 1627 2520; x_wconf 86' lang='lat' dir='ltr'><strong>judicesa</strong></span> <span class='ocrx_word' id='word_1_266' title='bbox 1662 2436 1858 2523; x_wconf 75' lang='lat' dir='ltr'><strong>quibus</strong></span> 
     </span>
    </p>
   </div>
   <div class='ocr_carea' id='block_1_41' title="bbox 233 2526 1854 2611">
    <p class='ocr_par' dir='ltr' id='par_1_41' title="bbox 233 2526 1854 2611">
     <span class='ocr_line' id='line_1_41' title="bbox 233 2526 1854 2611; baseline 0.003 -16"><span class='ocrx_word' id='word_1_267' title='bbox 233 2540 405 2598; x_wconf 89' lang='lat' dir='ltr'><strong>fuerat</strong></span> <span class='ocrx_word' id='word_1_268' title='bbox 431 2536 1189 2611; x_wconf 30' lang='lat' dir='ltr'><strong>eondenmatus,,ha3reticos</strong></span> <span class='ocrx_word' id='word_1_269' title='bbox 1217 2540 1335 2598; x_wconf 87' lang='lat' dir='ltr'><strong>esse</strong></span> <span class='ocrx_word' id='word_1_270' title='bbox 1364 2559 1526 2598; x_wconf 87' lang='lat' dir='ltr'><strong>nemo</strong></span> <span class='ocrx_word' id='word_1_271' title='bbox 1556 2526 1854 2600; x_wconf 80' lang='lat' dir='ltr'><strong>dubitabat.</strong></span> 
     </span>
    </p>
   </div>
   <div class='ocr_carea' id='block_1_42' title="bbox 230 2633 1854 2706">
    <p class='ocr_par' dir='ltr' id='par_1_42' title="bbox 230 2633 1854 2706">
     <span class='ocr_line' id='line_1_42' title="bbox 230 2633 1854 2706; baseline 0.001 -17"><span class='ocrx_word' id='word_1_272' title='bbox 230 2633 507 2691; x_wconf 70' lang='lat' dir='ltr'><strong>Caeterum</strong></span> <span class='ocrx_word' id='word_1_273' title='bbox 557 2635 752 2692; x_wconf 86' lang='lat' dir='ltr'><strong>Ariani</strong></span> <span class='ocrx_word' id='word_1_274' title='bbox 800 2644 905 2690; x_wconf 86' lang='lat' dir='ltr'><strong>non</strong></span> <span class='ocrx_word' id='word_1_275' title='bbox 938 2635 1037 2693; x_wconf 91' lang='lat' dir='ltr'><strong>hos</strong></span> <span class='ocrx_word' id='word_1_276' title='bbox 1072 2637 1455 2706; x_wconf 55' lang='lat' dir='ltr'><strong>putius,quam</strong></span> <span class='ocrx_word' id='word_1_277' title='bbox 1502 2637 1854 2692; x_wconf 80' lang='lat' dir='ltr'><strong>Athanasium</strong></span> 
     </span>
    </p>
   </div>
   <div class='ocr_carea' id='block_1_43' title="bbox 236 2730 1858 2801">
    <p class='ocr_par' dir='ltr' id='par_1_43' title="bbox 236 2730 1858 2801">
     <span class='ocr_line' id='line_1_43' title="bbox 236 2730 1858 2801; baseline 0.003 -19"><span class='ocrx_word' id='word_1_278' title='bbox 236 2744 524 2785; x_wconf 83' lang='lat' dir='ltr'><strong>removere</strong></span> <span class='ocrx_word' id='word_1_279' title='bbox 555 2730 864 2799; x_wconf 84' lang='lat' dir='ltr'><strong>cupiebant</strong></span> <span class='ocrx_word' id='word_1_280' title='bbox 897 2747 909 2783; x_wconf 91' lang='lat'>:</span> <span class='ocrx_word' id='word_1_281' title='bbox 953 2730 1132 2801; x_wconf 91' lang='lat' dir='ltr'><strong>itaque</strong></span> <span class='ocrx_word' id='word_1_282' title='bbox 1172 2730 1554 2801; x_wconf 77' lang='lat' dir='ltr'><strong>imperatorem</strong></span> <span class='ocrx_word' id='word_1_283' title='bbox 1591 2748 1657 2787; x_wconf 89' lang='lat' dir='ltr'><strong>eo</strong></span> <span class='ocrx_word' id='word_1_284' title='bbox 1689 2748 1858 2801; x_wconf 89' lang='lat' dir='ltr'><strong>usque</strong></span> 
     </span>
    </p>
   </div>
   <div class='ocr_carea' id='block_1_44' title="bbox 237 2814 1859 2893">
    <p class='ocr_par' dir='ltr' id='par_1_44' title="bbox 237 2814 1859 2893">
     <span class='ocr_line' id='line_1_44' title="bbox 237 2814 1859 2893; baseline 0.001 -17"><span class='ocrx_word' id='word_1_285' title='bbox 237 2822 601 2893; x_wconf 85' lang='lat' dir='ltr'><strong>compellunt,</strong></span> <span class='ocrx_word' id='word_1_286' title='bbox 631 2828 689 2878; x_wconf 89' lang='lat' dir='ltr'><strong>ut</strong></span> <span class='ocrx_word' id='word_1_287' title='bbox 718 2823 1049 2877; x_wconf 85' lang='lat' dir='ltr'><strong>Athanasius</strong></span> <span class='ocrx_word' id='word_1_288' title='bbox 1077 2824 1385 2879; x_wconf 76' lang='lat' dir='ltr'><strong>exsulatum</strong></span> <span class='ocrx_word' id='word_1_289' title='bbox 1413 2818 1480 2879; x_wconf 86' lang='lat' dir='ltr'><strong>ad</strong></span> <span class='ocrx_word' id='word_1_290' title='bbox 1504 2824 1709 2879; x_wconf 87' lang='lat' dir='ltr'><strong>Gallias</strong></span> <span class='ocrx_word' id='word_1_291' title='bbox 1738 2814 1859 2879; x_wconf 85' lang='lat' dir='ltr'><strong>Init-</strong></span> 
     </span>
    </p>
   </div>
   <div class='ocr_carea' id='block_1_45' title="bbox 241 2916 1860 2990">
    <p class='ocr_par' dir='ltr' id='par_1_45' title="bbox 241 2916 1860 2990">
     <span class='ocr_line' id='line_1_45' title="bbox 241 2916 1860 2990; baseline 0.003 -21"><span class='ocrx_word' id='word_1_292' title='bbox 241 2925 466 2971; x_wconf 86' lang='lat' dir='ltr'><strong>teretur.</strong></span> <span class='ocrx_word' id='word_1_293' title='bbox 498 2916 622 2972; x_wconf 76' lang='lat' dir='ltr'><strong>Mox</strong></span> <span class='ocrx_word' id='word_1_294' title='bbox 670 2919 723 2971; x_wconf 89' lang='lat' dir='ltr'><strong>in</strong></span> <span class='ocrx_word' id='word_1_295' title='bbox 777 2917 1014 2989; x_wconf 62' lang='lat' dir='ltr'><strong>[Egypto</strong></span> <span class='ocrx_word' id='word_1_296' title='bbox 1055 2920 1323 2989; x_wconf 81' lang='lat' dir='ltr'><strong>octoginta</strong></span> <span class='ocrx_word' id='word_1_297' title='bbox 1358 2921 1595 2990; x_wconf 87' lang='lat' dir='ltr'><strong>episcopi</strong></span> <span class='ocrx_word' id='word_1_298' title='bbox 1633 2935 1860 2989; x_wconf 83' lang='lat' dir='ltr'><strong>congre-</strong></span> 
     </span>
    </p>
   </div>
   <div class='ocr_carea' id='block_1_46' title="bbox 246 3010 1861 3082">
    <p class='ocr_par' dir='ltr' id='par_1_46' title="bbox 246 3010 1861 3082">
     <span class='ocr_line' id='line_1_46' title="bbox 246 3010 1861 3082; baseline 0.004 -23"><span class='ocrx_word' id='word_1_299' title='bbox 246 3012 376 3079; x_wconf 81' lang='lat' dir='ltr'><strong>gati,</strong></span> <span class='ocrx_word' id='word_1_300' title='bbox 408 3010 770 3065; x_wconf 80' lang='lat' dir='ltr'><strong>Athanasium</strong></span> <span class='ocrx_word' id='word_1_301' title='bbox 798 3012 993 3081; x_wconf 86' lang='lat' dir='ltr'><strong>injuste</strong></span> <span class='ocrx_word' id='word_1_302' title='bbox 1022 3011 1438 3067; x_wconf 88' lang='lat' dir='ltr'><strong>condemnatum</strong></span> <span class='ocrx_word' id='word_1_303' title='bbox 1468 3029 1589 3068; x_wconf 86' lang='lat' dir='ltr'><strong>esse</strong></span> <span class='ocrx_word' id='word_1_304' title='bbox 1620 3026 1861 3082; x_wconf 92' lang='lat' dir='ltr'><strong>pronun-</strong></span> 
     </span>
    </p>
   </div>
   <div class='ocr_carea' id='block_1_47' title="bbox 246 3103 1857 3176">
    <p class='ocr_par' dir='ltr' id='par_1_47' title="bbox 246 3103 1857 3176">
     <span class='ocr_line' id='line_1_47' title="bbox 246 3103 1857 3176; baseline 0.002 -20"><span class='ocrx_word' id='word_1_305' title='bbox 246 3103 400 3158; x_wconf 82' lang='lat' dir='ltr'><strong>tiant.</strong></span> <span class='ocrx_word' id='word_1_306' title='bbox 441 3103 551 3160; x_wconf 85' lang='lat' dir='ltr'><strong>Res</strong></span> <span class='ocrx_word' id='word_1_307' title='bbox 582 3105 649 3160; x_wconf 83' lang='lat' dir='ltr'><strong>ad</strong></span> <span class='ocrx_word' id='word_1_308' title='bbox 698 3104 1119 3161; x_wconf 90' lang='lat' dir='ltr'><strong>Constantinum</strong></span> <span class='ocrx_word' id='word_1_309' title='bbox 1151 3107 1421 3170; x_wconf 85' lang='lat' dir='ltr'><strong>refertur;</strong></span> <span class='ocrx_word' id='word_1_310' title='bbox 1467 3105 1621 3176; x_wconf 87' lang='lat' dir='ltr'><strong>jubet</strong></span> <span class='ocrx_word' id='word_1_311' title='bbox 1648 3106 1713 3161; x_wconf 80' lang='lat' dir='ltr'><strong>ex</strong></span> <span class='ocrx_word' id='word_1_312' title='bbox 1746 3114 1857 3160; x_wconf 91' lang='lat' dir='ltr'><strong>toto</strong></span> 
     </span>
    </p>
   </div>
   <div class='ocr_carea' id='block_1_48' title="bbox 241 3196 1899 3270">
    <p class='ocr_par' dir='ltr' id='par_1_48' title="bbox 241 3196 1899 3270">
     <span class='ocr_line' id='line_1_48' title="bbox 241 3196 1899 3270; baseline 0.003 -22"><span class='ocrx_word' id='word_1_313' title='bbox 241 3198 374 3251; x_wconf 88' lang='lat' dir='ltr'><strong>orhe</strong></span> <span class='ocrx_word' id='word_1_314' title='bbox 420 3196 569 3267; x_wconf 86' lang='lat' dir='ltr'><strong>apud</strong></span> <span class='ocrx_word' id='word_1_315' title='bbox 621 3197 909 3254; x_wconf 89' lang='lat' dir='ltr'><strong>Sardicam</strong></span> <span class='ocrx_word' id='word_1_316' title='bbox 968 3199 1256 3269; x_wconf 87' lang='lat' dir='ltr'><strong>episcopos</strong></span> <span class='ocrx_word' id='word_1_317' title='bbox 1301 3201 1648 3270; x_wconf 83' lang='lat' dir='ltr'><strong>congregari,</strong></span> <span class='ocrx_word' id='word_1_318' title='bbox 1696 3210 1899 3270; x_wconf 57' lang='lat' dir='ltr'><strong>atque,</strong></span> 
     </span>
    </p>
   </div>
   <div class='ocr_carea' id='block_1_49' title="bbox 240 3272 1926 3361">
    <p class='ocr_par' dir='ltr' id='par_1_49' title="bbox 240 3272 1926 3361">
     <span class='ocr_line' id='line_1_49' title="bbox 240 3272 1926 3361; baseline 0.004 -18"><span class='ocrx_word' id='word_1_319' title='bbox 240 3305 402 3345; x_wconf 87' lang='lat' dir='ltr'><strong>omne</strong></span> <span class='ocrx_word' id='word_1_320' title='bbox 428 3290 699 3361; x_wconf 84' lang='lat' dir='ltr'><strong>judicium</strong></span> <span class='ocrx_word' id='word_1_321' title='bbox 727 3308 835 3361; x_wconf 90' lang='lat' dir='ltr'><strong>quo</strong></span> <span class='ocrx_word' id='word_1_322' title='bbox 860 3288 1193 3348; x_wconf 85' lang='lat' dir='ltr'><strong>Athanasius</strong></span> <span class='ocrx_word' id='word_1_323' title='bbox 1222 3295 1507 3350; x_wconf 86' lang='lat' dir='ltr'><strong>damnatus</strong></span> <span class='ocrx_word' id='word_1_324' title='bbox 1532 3293 1734 3361; x_wconf 83' lang='lat' dir='ltr'><strong>fuerat,</strong></span> <span class='ocrx_word' id='word_1_325' title='bbox 1767 3310 1852 3350; x_wconf 89' lang='lat' dir='ltr'><strong>te-</strong></span> <span class='ocrx_word' id='word_1_326' title='bbox 1880 3272 1926 3336; x_wconf 78' lang='lat' dir='ltr'>C</span> 
     </span>
    </p>
   </div>
   <div class='ocr_carea' id='block_1_50' title="bbox 242 3384 1852 3461">
    <p class='ocr_par' dir='ltr' id='par_1_50' title="bbox 242 3384 1852 3461">
     <span class='ocr_line' id='line_1_50' title="bbox 242 3384 1852 3461; baseline 0.004 -24"><span class='ocrx_word' id='word_1_327' title='bbox 242 3385 489 3439; x_wconf 86' lang='lat' dir='ltr'><strong>tractari.</strong></span> <span class='ocrx_word' id='word_1_328' title='bbox 524 3384 687 3455; x_wconf 36' lang='lat' dir='ltr'><strong>Inter‘</strong></span> <span class='ocrx_word' id='word_1_329' title='bbox 711 3386 828 3440; x_wconf 70' lang='lat' dir='ltr'><strong>haec</strong></span> <span class='ocrx_word' id='word_1_330' title='bbox 872 3386 1260 3443; x_wconf 87' lang='lat' dir='ltr'><strong>Constantinus</strong></span> <span class='ocrx_word' id='word_1_331' title='bbox 1313 3389 1579 3443; x_wconf 88' lang='lat' dir='ltr'><strong>moritur:</strong></span> <span class='ocrx_word' id='word_1_332' title='bbox 1614 3386 1852 3461; x_wconf 82' lang='lat' dir='ltr'><strong>synodus</strong></span> 
     </span>
    </p>
   </div>
   <div class='ocr_carea' id='block_1_51' title="bbox 239 3469 1848 3550">
    <p class='ocr_par' dir='ltr' id='par_1_51' title="bbox 239 3469 1848 3550">
     <span class='ocr_line' id='line_1_51' title="bbox 239 3469 1848 3550; baseline 0.003 -20"><span class='ocrx_word' id='word_1_333' title='bbox 239 3474 571 3550; x_wconf 74' lang='lat' dir='ltr'><strong>Congregata</strong></span> <span class='ocrx_word' id='word_1_334' title='bbox 602 3478 713 3547; x_wconf 83' lang='lat' dir='ltr'><strong>jam</strong></span> <span class='ocrx_word' id='word_1_335' title='bbox 746 3478 1103 3534; x_wconf 83' lang='lat' dir='ltr'><strong>Constantino</strong></span> <span class='ocrx_word' id='word_1_336' title='bbox 1138 3480 1471 3550; x_wconf 87' lang='lat' dir='ltr'><strong>imperatore</strong></span> <span class='ocrx_word' id='word_1_337' title='bbox 1495 3469 1848 3535; x_wconf 74' lang='lat' dir='ltr'><strong>Athanasium</strong></span> 
     </span>
    </p>
   </div>
   <div class='ocr_carea' id='block_1_52' title="bbox 239 3570 1848 3644">
    <p class='ocr_par' dir='ltr' id='par_1_52' title="bbox 239 3570 1848 3644">
     <span class='ocr_line' id='line_1_52' title="bbox 239 3570 1848 3644; baseline 0.002 -21"><span class='ocrx_word' id='word_1_338' title='bbox 239 3570 475 3625; x_wconf 84' lang='lat' dir='ltr'><strong>absolvit</strong></span> <span class='ocrx_word' id='word_1_339' title='bbox 518 3584 536 3630; x_wconf 83' lang='lat'><strong>:</strong></span> <span class='ocrx_word' id='word_1_340' title='bbox 583 3571 879 3627; x_wconf 82' lang='lat' dir='ltr'><strong>Marcellus</strong></span> <span class='ocrx_word' id='word_1_341' title='bbox 938 3588 1151 3644; x_wconf 83' lang='lat' dir='ltr'><strong>quoque</strong></span> <span class='ocrx_word' id='word_1_342' title='bbox 1203 3572 1536 3644; x_wconf 85' lang='lat' dir='ltr'><strong>episcopatui</strong></span> <span class='ocrx_word' id='word_1_343' title='bbox 1585 3570 1848 3629; x_wconf 87' lang='lat' dir='ltr'><strong>redditur.</strong></span> 
     </span>
    </p>
   </div>
   <div class='ocr_carea' id='block_1_53' title="bbox 239 3651 1849 3736">
    <p class='ocr_par' dir='ltr' id='par_1_53' title="bbox 239 3651 1849 3736">
     <span class='ocr_line' id='line_1_53' title="bbox 239 3651 1849 3736; baseline 0.002 -19"><span class='ocrx_word' id='word_1_344' title='bbox 239 3663 368 3718; x_wconf 75' lang='lat' dir='ltr'><strong>Nam</strong></span> <span class='ocrx_word' id='word_1_345' title='bbox 398 3651 472 3719; x_wconf 86' lang='lat' dir='ltr'><strong>de</strong></span> <span class='ocrx_word' id='word_1_346' title='bbox 500 3664 739 3721; x_wconf 82' lang='lat' dir='ltr'><strong>Photino</strong></span> <span class='ocrx_word' id='word_1_347' title='bbox 766 3668 1024 3736; x_wconf 87' lang='lat' dir='ltr'><strong>episeopo</strong></span> <span class='ocrx_word' id='word_1_348' title='bbox 1048 3666 1368 3722; x_wconf 82' lang='lat' dir='ltr'><strong>Sirtninensi</strong></span> <span class='ocrx_word' id='word_1_349' title='bbox 1396 3683 1503 3722; x_wconf 88' lang='lat' dir='ltr'><strong>non</strong></span> <span class='ocrx_word' id='word_1_350' title='bbox 1541 3676 1621 3724; x_wconf 80' lang='lat' dir='ltr'><strong>est</strong></span> <span class='ocrx_word' id='word_1_351' title='bbox 1651 3669 1849 3722; x_wconf 83' lang='lat' dir='ltr'><strong>reseisa</strong></span> 
     </span>
    </p>
   </div>
   <div class='ocr_carea' id='block_1_54' title="bbox 240 3756 1851 3830">
    <p class='ocr_par' dir='ltr' id='par_1_54' title="bbox 240 3756 1851 3830">
     <span class='ocr_line' id='line_1_54' title="bbox 240 3756 1851 3830; baseline 0.003 -20"><span class='ocrx_word' id='word_1_352' title='bbox 240 3759 516 3812; x_wconf 86' lang='lat' dir='ltr'><strong>sententia</strong></span> <span class='ocrx_word' id='word_1_353' title='bbox 545 3800 559 3823; x_wconf 89' lang='lat'><strong>,</strong></span> <span class='ocrx_word' id='word_1_354' title='bbox 594 3760 716 3829; x_wconf 88' lang='lat' dir='ltr'><strong>quia</strong></span> <span class='ocrx_word' id='word_1_355' title='bbox 770 3759 931 3814; x_wconf 89' lang='lat' dir='ltr'><strong>etiam</strong></span> <span class='ocrx_word' id='word_1_356' title='bbox 980 3766 1287 3814; x_wconf 86' lang='lat' dir='ltr'><strong>nostrorum</strong></span> <span class='ocrx_word' id='word_1_357' title='bbox 1316 3756 1519 3830; x_wconf 82' lang='lat' dir='ltr'><strong>judicio</strong></span> <span class='ocrx_word' id='word_1_358' title='bbox 1565 3762 1851 3816; x_wconf 59' lang='lat' dir='ltr'><strong>ha&#39;reticus</strong></span> 
     </span>
    </p>
   </div>
   <div class='ocr_carea' id='block_1_55' title="bbox 242 3848 1849 3925">
    <p class='ocr_par' dir='ltr' id='par_1_55' title="bbox 242 3848 1849 3925">
     <span class='ocr_line' id='line_1_55' title="bbox 242 3848 1849 3925; baseline 0.002 -19"><span class='ocrx_word' id='word_1_359' title='bbox 242 3854 601 3922; x_wconf 88' lang='lat' dir='ltr'><strong>probabatur.</strong></span> <span class='ocrx_word' id='word_1_360' title='bbox 636 3855 699 3909; x_wconf 85' lang='lat' dir='ltr'><strong>Et</strong></span> <span class='ocrx_word' id='word_1_361' title='bbox 734 3865 913 3909; x_wconf 89' lang='lat' dir='ltr'><strong>tamen</strong></span> <span class='ocrx_word' id='word_1_362' title='bbox 961 3854 1063 3910; x_wconf 90' lang='lat' dir='ltr'><strong>hoc</strong></span> <span class='ocrx_word' id='word_1_363' title='bbox 1094 3856 1267 3925; x_wconf 78' lang='lat' dir='ltr'><strong>ipsum</strong></span> <span class='ocrx_word' id='word_1_364' title='bbox 1308 3848 1621 3911; x_wconf 83' lang='lat' dir='ltr'><strong>Mareellum</strong></span> <span class='ocrx_word' id='word_1_365' title='bbox 1662 3870 1849 3924; x_wconf 82' lang='lat' dir='ltr'><strong>grava-</strong></span> 
     </span>
    </p>
   </div>
   <div class='ocr_carea' id='block_1_56' title="bbox 243 3947 1848 4020">
    <p class='ocr_par' dir='ltr' id='par_1_56' title="bbox 243 3947 1848 4020">
     <span class='ocr_line' id='line_1_56' title="bbox 243 3947 1848 4020; baseline 0.001 -18"><span class='ocrx_word' id='word_1_366' title='bbox 243 3947 352 4011; x_wconf 86' lang='lat' dir='ltr'><strong>bat,</strong></span> <span class='ocrx_word' id='word_1_367' title='bbox 381 3950 511 4019; x_wconf 83' lang='lat' dir='ltr'><strong>quia</strong></span> <span class='ocrx_word' id='word_1_368' title='bbox 544 3947 811 4004; x_wconf 82' lang='lat' dir='ltr'><strong>Photinns</strong></span> <span class='ocrx_word' id='word_1_369' title='bbox 840 3950 1056 4006; x_wconf 89' lang='lat' dir='ltr'><strong>auditor</strong></span> <span class='ocrx_word' id='word_1_370' title='bbox 1083 3952 1198 4020; x_wconf 87' lang='lat' dir='ltr'><strong>ejus</strong></span> <span class='ocrx_word' id='word_1_371' title='bbox 1220 3950 1388 4007; x_wconf 82' lang='lat' dir='ltr'><strong>fuisse</strong></span> <span class='ocrx_word' id='word_1_372' title='bbox 1412 3952 1465 4007; x_wconf 90' lang='lat' dir='ltr'><strong>in</strong></span> <span class='ocrx_word' id='word_1_373' title='bbox 1487 3950 1848 4007; x_wconf 84' lang='lat' dir='ltr'><strong>adoleScentia</strong></span> 
     </span>
    </p>
   </div>
   <div class='ocr_carea' id='block_1_57' title="bbox 242 4040 1847 4101">
    <p class='ocr_par' dir='ltr' id='par_1_57' title="bbox 242 4040 1847 4101">
     <span class='ocr_line' id='line_1_57' title="bbox 242 4040 1847 4101; baseline 0.003 -7"><span class='ocrx_word' id='word_1_374' title='bbox 242 4044 547 4099; x_wconf 80' lang='lat' dir='ltr'><strong>videbatur.</strong></span> <span class='ocrx_word' id='word_1_375' title='bbox 588 4040 973 4099; x_wconf 79' lang='lat' dir='ltr'><strong>Vermntanten</strong></span> <span class='ocrx_word' id='word_1_376' title='bbox 1017 4043 1082 4099; x_wconf 87' lang='lat' dir='ltr'><strong>ad</strong></span> <span class='ocrx_word' id='word_1_377' title='bbox 1125 4044 1405 4099; x_wconf 86' lang='lat' dir='ltr'><strong>Athanasii</strong></span> <span class='ocrx_word' id='word_1_378' title='bbox 1453 4044 1847 4101; x_wconf 77' lang='lat' dir='ltr'><strong>absolutionem</strong></span> 
     </span>
    </p>
   </div>
   <div class='ocr_carea' id='block_1_58' title="bbox 244 4128 1850 4207">
    <p class='ocr_par' dir='ltr' id='par_1_58' title="bbox 244 4128 1850 4207">
     <span class='ocr_line' id='line_1_58' title="bbox 244 4128 1850 4207; baseline 0 -17"><span class='ocrx_word' id='word_1_379' title='bbox 244 4136 403 4190; x_wconf 83' lang='lat' dir='ltr'><strong>etiam</strong></span> <span class='ocrx_word' id='word_1_380' title='bbox 452 4135 588 4191; x_wconf 86' lang='lat' dir='ltr'><strong>illud</strong></span> <span class='ocrx_word' id='word_1_381' title='bbox 649 4142 995 4201; x_wconf 67' lang='lat' dir='ltr'><strong>accesserat,</strong></span> <span class='ocrx_word' id='word_1_382' title='bbox 1047 4136 1190 4207; x_wconf 87' lang='lat' dir='ltr'><strong>qttod</strong></span> <span class='ocrx_word' id='word_1_383' title='bbox 1239 4136 1495 4192; x_wconf 84' lang='lat' dir='ltr'><strong>Ursacius</strong></span> <span class='ocrx_word' id='word_1_384' title='bbox 1543 4146 1597 4191; x_wconf 92' lang='lat' dir='ltr'><strong>et</strong></span> <span class='ocrx_word' id='word_1_385' title='bbox 1648 4128 1850 4192; x_wconf 80' lang='lat' dir='ltr'><strong>Valens</strong></span> 
     </span>
    </p>
   </div>
   <div class='ocr_carea' id='block_1_59' title="bbox 246 4228 1844 4302">
    <p class='ocr_par' dir='ltr' id='par_1_59' title="bbox 246 4228 1844 4302">
     <span class='ocr_line' id='line_1_59' title="bbox 246 4228 1844 4302; baseline 0.001 -19"><span class='ocrx_word' id='word_1_386' title='bbox 246 4230 518 4302; x_wconf 82' lang='lat' dir='ltr'><strong>principes</strong></span> <span class='ocrx_word' id='word_1_387' title='bbox 552 4231 878 4285; x_wconf 75' lang='lat' dir='ltr'><strong>Arianorum</strong></span> <span class='ocrx_word' id='word_1_388' title='bbox 900 4273 913 4295; x_wconf 93' lang='lat'><strong>,</strong></span> <span class='ocrx_word' id='word_1_389' title='bbox 945 4246 1065 4287; x_wconf 91' lang='lat' dir='ltr'><strong>cum</strong></span> <span class='ocrx_word' id='word_1_390' title='bbox 1108 4238 1233 4299; x_wconf 83' lang='lat' dir='ltr'><strong>post</strong></span> <span class='ocrx_word' id='word_1_391' title='bbox 1264 4231 1530 4301; x_wconf 87' lang='lat' dir='ltr'><strong>synodum</strong></span> <span class='ocrx_word' id='word_1_392' title='bbox 1561 4228 1844 4286; x_wconf 84' lang='lat' dir='ltr'><strong>Sardicen-</strong></span> 
     </span>
    </p>
   </div>
   <div class='ocr_carea' id='block_1_60' title="bbox 246 4312 1848 4392">
    <p class='ocr_par' dir='ltr' id='par_1_60' title="bbox 246 4312 1848 4392">
     <span class='ocr_line' id='line_1_60' title="bbox 246 4312 1848 4392; baseline -0.001 -16"><span class='ocrx_word' id='word_1_393' title='bbox 246 4337 353 4378; x_wconf 86' lang='lat' dir='ltr'><strong>sem</strong></span> <span class='ocrx_word' id='word_1_394' title='bbox 387 4327 709 4379; x_wconf 75' lang='lat' dir='ltr'><strong>viderentur</strong></span> <span class='ocrx_word' id='word_1_395' title='bbox 739 4341 767 4376; x_wconf 89' lang='lat' dir='ltr'><strong>a</strong></span> <span class='ocrx_word' id='word_1_396' title='bbox 816 4312 1201 4379; x_wconf 67' lang='lat' dir='ltr'><strong>eontmmiione</strong></span> <span class='ocrx_word' id='word_1_397' title='bbox 1245 4323 1440 4378; x_wconf 86' lang='lat' dir='ltr'><strong>secreti</strong></span> <span class='ocrx_word' id='word_1_398' title='bbox 1468 4364 1480 4385; x_wconf 92' lang='lat'><strong>,</strong></span> <span class='ocrx_word' id='word_1_399' title='bbox 1524 4336 1704 4377; x_wconf 86' lang='lat' dir='ltr'><strong>coram</strong></span> <span class='ocrx_word' id='word_1_400' title='bbox 1753 4332 1848 4392; x_wconf 84' lang='lat' dir='ltr'><strong>po-</strong></span> 
     </span>
    </p>
   </div>
   <div class='ocr_carea' id='block_1_61' title="bbox 246 4414 1849 4487">
    <p class='ocr_par' dir='ltr' id='par_1_61' title="bbox 246 4414 1849 4487">
     <span class='ocr_line' id='line_1_61' title="bbox 246 4414 1849 4487; baseline -0.001 -16"><span class='ocrx_word' id='word_1_401' title='bbox 246 4418 329 4472; x_wconf 88' lang='lat' dir='ltr'><strong>siti</strong></span> <span class='ocrx_word' id='word_1_402' title='bbox 361 4435 389 4472; x_wconf 87' lang='lat' dir='ltr'><strong>a</strong></span> <span class='ocrx_word' id='word_1_403' title='bbox 421 4418 567 4473; x_wconf 84' lang='lat' dir='ltr'><strong>.lnlio</strong></span> <span class='ocrx_word' id='word_1_404' title='bbox 600 4418 860 4472; x_wconf 69' lang='lat' dir='ltr'><strong>Romamn</strong></span> <span class='ocrx_word' id='word_1_405' title='bbox 888 4417 1034 4471; x_wconf 80' lang='lat' dir='ltr'><strong>urbis</strong></span> <span class='ocrx_word' id='word_1_406' title='bbox 1064 4417 1316 4487; x_wconf 88' lang='lat' dir='ltr'><strong>episc0po</strong></span> <span class='ocrx_word' id='word_1_407' title='bbox 1345 4414 1555 4470; x_wconf 82' lang='lat' dir='ltr'><strong>veniam</strong></span> <span class='ocrx_word' id='word_1_408' title='bbox 1591 4428 1849 4485; x_wconf 87' lang='lat' dir='ltr'><strong>poposce-</strong></span> 
     </span>
    </p>
   </div>
   <div class='ocr_carea' id='block_1_62' title="bbox 247 4512 1848 4583">
    <p class='ocr_par' dir='ltr' id='par_1_62' title="bbox 247 4512 1848 4583">
     <span class='ocr_line' id='line_1_62' title="bbox 247 4512 1848 4583; baseline 0 -17"><span class='ocrx_word' id='word_1_409' title='bbox 247 4524 387 4578; x_wconf 82' lang='lat' dir='ltr'><strong>runt,</strong></span> <span class='ocrx_word' id='word_1_410' title='bbox 438 4513 582 4583; x_wconf 68' lang='grc' dir='ltr'><strong>(μιυύ</strong></span> <span class='ocrx_word' id='word_1_411' title='bbox 639 4512 919 4567; x_wconf 80' lang='lat' dir='ltr'><strong>Itinoxium</strong></span> <span class='ocrx_word' id='word_1_412' title='bbox 971 4512 1429 4567; x_wconf 65' lang='lat' dir='ltr'><strong>Condeninassent</strong></span> <span class='ocrx_word' id='word_1_413' title='bbox 1481 4529 1494 4565; x_wconf 87' lang='lat'>:</span> <span class='ocrx_word' id='word_1_414' title='bbox 1545 4512 1848 4580; x_wconf 86' lang='lat' dir='ltr'><strong>meritoque</strong></span> 
     </span>
    </p>
   </div>
   <div class='ocr_carea' id='block_1_63' title="bbox 247 4602 1845 4673">
    <p class='ocr_par' dir='ltr' id='par_1_63' title="bbox 247 4602 1845 4673">
     <span class='ocr_line' id='line_1_63' title="bbox 247 4602 1845 4673; baseline -0.003 -13"><span class='ocrx_word' id='word_1_415' title='bbox 247 4614 364 4660; x_wconf 83' lang='lat' dir='ltr'><strong>cum</strong></span> <span class='ocrx_word' id='word_1_416' title='bbox 414 4602 684 4662; x_wconf 71' lang='lat' dir='ltr'><strong>sententia</strong></span> <span class='ocrx_word' id='word_1_417' title='bbox 734 4603 959 4661; x_wconf 81' lang='lat' dir='ltr'><strong>concilii</strong></span> <span class='ocrx_word' id='word_1_418' title='bbox 1006 4605 1348 4662; x_wconf 83' lang='lat' dir='ltr'><strong>Sat-dicensis</strong></span> <span class='ocrx_word' id='word_1_419' title='bbox 1377 4603 1690 4661; x_wconf 82' lang='lat' dir='ltr'><strong>absolutum</strong></span> <span class='ocrx_word' id='word_1_420' title='bbox 1724 4612 1845 4673; x_wconf 88' lang='lat' dir='ltr'><strong>pro-</strong></span> 
     </span>
    </p>
   </div>
   <div class='ocr_carea' id='block_1_64' title="bbox 248 4699 549 4754">
    <p class='ocr_par' dir='ltr' id='par_1_64' title="bbox 248 4699 549 4754">
     <span class='ocr_line' id='line_1_64' title="bbox 248 4699 549 4754; baseline -0.007 -1"><span class='ocrx_word' id='word_1_421' title='bbox 248 4699 371 4754; x_wconf 58' lang='lat' dir='ltr'><strong>fessi</strong></span> <span class='ocrx_word' id='word_1_422' title='bbox 401 4708 549 4754; x_wconf 82' lang='lat' dir='ltr'><strong>sunt.</strong></span> 
     </span>
    </p>
   </div>
   <div class='ocr_carea' id='block_1_65' title="bbox 317 4790 1838 4862">
    <p class='ocr_par' dir='ltr' id='par_1_65' title="bbox 317 4790 1838 4862">
     <span class='ocr_line' id='line_1_65' title="bbox 317 4790 1838 4862; baseline -0.003 -14"><span class='ocrx_word' id='word_1_423' title='bbox 317 4792 582 4848; x_wconf 77' lang='lat' dir='ltr'><strong>XXXVII.</strong></span> <span class='ocrx_word' id='word_1_424' title='bbox 628 4792 917 4862; x_wconf 82' lang='lat' dir='ltr'><strong>lnterjecto</strong></span> <span class='ocrx_word' id='word_1_425' title='bbox 948 4790 1143 4846; x_wconf 77' lang='lat' dir='ltr'><strong>deinde</strong></span> <span class='ocrx_word' id='word_1_426' title='bbox 1189 4792 1432 4862; x_wconf 76' lang='lat' dir='ltr'><strong>tempere</strong></span> <span class='ocrx_word' id='word_1_427' title='bbox 1480 4790 1838 4857; x_wconf 86' lang='lat' dir='ltr'><strong>Athanasius,</strong></span> 
     </span>
    </p>
   </div>
   <div class='ocr_carea' id='block_1_66' title="bbox 249 4882 1845 4955">
    <p class='ocr_par' dir='ltr' id='par_1_66' title="bbox 249 4882 1845 4955">
     <span class='ocr_line' id='line_1_66' title="bbox 249 4882 1845 4955; baseline -0.001 -16"><span class='ocrx_word' id='word_1_428' title='bbox 249 4896 363 4939; x_wconf 77' lang='lat' dir='ltr'><strong>Cum</strong></span> <span class='ocrx_word' id='word_1_429' title='bbox 401 4884 715 4941; x_wconf 52' lang='lat' dir='ltr'><strong>Mai‘eelltim</strong></span> <span class='ocrx_word' id='word_1_430' title='bbox 750 4886 937 4955; x_wconf 80' lang='lat' dir='ltr'><strong>parum</strong></span> <span class='ocrx_word' id='word_1_431' title='bbox 966 4888 1111 4938; x_wconf 68' lang='lat' dir='ltr'><strong>sana}</strong></span> <span class='ocrx_word' id='word_1_432' title='bbox 1145 4882 1264 4939; x_wconf 84' lang='lat' dir='ltr'><strong>fidei</strong></span> <span class='ocrx_word' id='word_1_433' title='bbox 1297 4899 1418 4940; x_wconf 85' lang='lat' dir='ltr'><strong>esse</strong></span> <span class='ocrx_word' id='word_1_434' title='bbox 1457 4886 1669 4955; x_wconf 82' lang='lat' dir='ltr'><strong>penitus</strong></span> <span class='ocrx_word' id='word_1_435' title='bbox 1697 4897 1845 4939; x_wconf 85' lang='lat' dir='ltr'><strong>COIII-</strong></span> 
     </span>
    </p>
   </div>
   <div class='ocr_carea' id='block_1_67' title="bbox 248 4976 1843 5049">
    <p class='ocr_par' dir='ltr' id='par_1_67' title="bbox 248 4976 1843 5049">
     <span class='ocr_line' id='line_1_67' title="bbox 248 4976 1843 5049; baseline -0.001 -15"><span class='ocrx_word' id='word_1_436' title='bbox 248 4978 513 5049; x_wconf 69' lang='lat' dir='ltr'><strong>perisset,</strong></span> <span class='ocrx_word' id='word_1_437' title='bbox 549 4992 578 5033; x_wconf 89' lang='lat' dir='ltr'><strong>a</strong></span> <span class='ocrx_word' id='word_1_438' title='bbox 626 4980 1009 5034; x_wconf 81' lang='lat' dir='ltr'><strong>communione</strong></span> <span class='ocrx_word' id='word_1_439' title='bbox 1050 4980 1369 5049; x_wconf 64' lang='lat' dir='ltr'><strong>suSpendit,</strong></span> <span class='ocrx_word' id='word_1_440' title='bbox 1418 4976 1711 5049; x_wconf 88' lang='lat' dir='ltr'><strong>habuitque</strong></span> <span class='ocrx_word' id='word_1_441' title='bbox 1752 4978 1843 5033; x_wconf 89' lang='lat' dir='ltr'><strong>ille</strong></span> 
     </span>
    </p>
   </div>
   <div class='ocr_carea' id='block_1_68' title="bbox 248 5070 1842 5145">
    <p class='ocr_par' dir='ltr' id='par_1_68' title="bbox 248 5070 1842 5145">
     <span class='ocr_line' id='line_1_68' title="bbox 248 5070 1842 5145; baseline -0.001 -18"><span class='ocrx_word' id='word_1_442' title='bbox 248 5072 380 5129; x_wconf 86' lang='lat' dir='ltr'><strong>hanc</strong></span> <span class='ocrx_word' id='word_1_443' title='bbox 432 5074 866 5141; x_wconf 85' lang='lat' dir='ltr'><strong>verecundiam,</strong></span> <span class='ocrx_word' id='word_1_444' title='bbox 924 5078 977 5128; x_wconf 83' lang='lat' dir='ltr'><strong>ttt</strong></span> <span class='ocrx_word' id='word_1_445' title='bbox 1039 5074 1173 5129; x_wconf 78' lang='lat' dir='ltr'><strong>tanti</strong></span> <span class='ocrx_word' id='word_1_446' title='bbox 1226 5077 1324 5129; x_wconf 77' lang='lat' dir='ltr'><strong>viri</strong></span> <span class='ocrx_word' id='word_1_447' title='bbox 1376 5072 1580 5145; x_wconf 85' lang='lat' dir='ltr'><strong>judicio</strong></span> <span class='ocrx_word' id='word_1_448' title='bbox 1630 5070 1842 5128; x_wconf 69' lang='lat' dir='ltr'><strong>notatus</strong></span> 
     </span>
    </p>
   </div>
   <div class='ocr_carea' id='block_1_69' title="bbox 244 5162 1842 5239">
    <p class='ocr_par' dir='ltr' id='par_1_69' title="bbox 244 5162 1842 5239">
     <span class='ocr_line' id='line_1_69' title="bbox 244 5162 1842 5239; baseline -0.001 -16"><span class='ocrx_word' id='word_1_449' title='bbox 244 5172 431 5239; x_wconf 73' lang='lat' dir='ltr'><strong>Sponte</strong></span> <span class='ocrx_word' id='word_1_450' title='bbox 464 5162 812 5225; x_wconf 71' lang='lat' dir='ltr'><strong>Concederet.</strong></span> <span class='ocrx_word' id='word_1_451' title='bbox 847 5162 1113 5224; x_wconf 79' lang='lat' dir='ltr'><strong>Caeterum</strong></span> <span class='ocrx_word' id='word_1_452' title='bbox 1146 5180 1303 5223; x_wconf 89' lang='lat' dir='ltr'><strong>antea</strong></span> <span class='ocrx_word' id='word_1_453' title='bbox 1340 5164 1620 5235; x_wconf 86' lang='lat' dir='ltr'><strong>innocens,</strong></span> <span class='ocrx_word' id='word_1_454' title='bbox 1657 5174 1842 5239; x_wconf 79' lang='lat' dir='ltr'><strong>postea</strong></span> 
     </span>
    </p>
   </div>
   <div class='ocr_carea' id='block_1_70' title="bbox 246 5258 1843 5336">
    <p class='ocr_par' dir='ltr' id='par_1_70' title="bbox 246 5258 1843 5336">
     <span class='ocr_line' id='line_1_70' title="bbox 246 5258 1843 5336; baseline -0.001 -15"><span class='ocrx_word' id='word_1_455' title='bbox 246 5267 607 5335; x_wconf 67' lang='lat' dir='ltr'><strong>depravatus,</strong></span> <span class='ocrx_word' id='word_1_456' title='bbox 660 5260 831 5321; x_wconf 85' lang='lat' dir='ltr'><strong>videri</strong></span> <span class='ocrx_word' id='word_1_457' title='bbox 886 5258 1095 5334; x_wconf 77' lang='lat' dir='ltr'><strong>poterat</strong></span> <span class='ocrx_word' id='word_1_458' title='bbox 1140 5260 1249 5336; x_wconf 89' lang='lat' dir='ltr'><strong>jam</strong></span> <span class='ocrx_word' id='word_1_459' title='bbox 1300 5268 1410 5320; x_wconf 84' lang='lat' dir='ltr'><strong>tum</strong></span> <span class='ocrx_word' id='word_1_460' title='bbox 1442 5258 1645 5320; x_wconf 78' lang='lat' dir='ltr'><strong>nocens</strong></span> <span class='ocrx_word' id='word_1_461' title='bbox 1676 5260 1843 5319; x_wconf 87' lang='lat' dir='ltr'><strong>fuisse</strong></span> 
     </span>
    </p>
   </div>
   <div class='ocr_carea' id='block_1_71' title="bbox 244 5348 1844 5432">
    <p class='ocr_par' dir='ltr' id='par_1_71' title="bbox 244 5348 1844 5432">
     <span class='ocr_line' id='line_1_71' title="bbox 244 5348 1844 5432; baseline 0 -17"><span class='ocrx_word' id='word_1_462' title='bbox 244 5376 360 5416; x_wconf 91' lang='lat' dir='ltr'><strong>eum</strong></span> <span class='ocrx_word' id='word_1_463' title='bbox 388 5362 457 5417; x_wconf 89' lang='lat' dir='ltr'><strong>de</strong></span> <span class='ocrx_word' id='word_1_464' title='bbox 486 5378 554 5417; x_wconf 93' lang='lat' dir='ltr'><strong>eo</strong></span> <span class='ocrx_word' id='word_1_465' title='bbox 577 5356 753 5416; x_wconf 79' lang='lat' dir='ltr'><strong>fuerat</strong></span> <span class='ocrx_word' id='word_1_466' title='bbox 772 5354 1093 5431; x_wconf 83' lang='lat' dir='ltr'><strong>judicatum.</strong></span> <span class='ocrx_word' id='word_1_467' title='bbox 1120 5354 1273 5416; x_wconf 85' lang='lat' dir='ltr'><strong>Nacti</strong></span> <span class='ocrx_word' id='word_1_468' title='bbox 1298 5358 1426 5432; x_wconf 76' lang='lat' dir='ltr'><strong>ergo</strong></span> <span class='ocrx_word' id='word_1_469' title='bbox 1450 5348 1635 5416; x_wconf 78' lang='lat' dir='ltr'><strong>Ariani</strong></span> <span class='ocrx_word' id='word_1_470' title='bbox 1664 5361 1844 5415; x_wconf 89' lang='lat' dir='ltr'><strong>istius-</strong></span> 
     </span>
    </p>
   </div>
   <div class='ocr_carea' id='block_1_72' title="bbox 247 5442 1843 5526">
    <p class='ocr_par' dir='ltr' id='par_1_72' title="bbox 247 5442 1843 5526">
     <span class='ocr_line' id='line_1_72' title="bbox 247 5442 1843 5526; baseline 0.001 -17"><span class='ocrx_word' id='word_1_471' title='bbox 247 5456 382 5511; x_wconf 89' lang='lat' dir='ltr'><strong>modi</strong></span> <span class='ocrx_word' id='word_1_472' title='bbox 435 5456 828 5523; x_wconf 71' lang='lat' dir='ltr'><strong>occasionem,</strong></span> <span class='ocrx_word' id='word_1_473' title='bbox 880 5454 1198 5526; x_wconf 83' lang='lat' dir='ltr'><strong>conspirant</strong></span> <span class='ocrx_word' id='word_1_474' title='bbox 1245 5454 1456 5523; x_wconf 90' lang='lat' dir='ltr'><strong>penitus</strong></span> <span class='ocrx_word' id='word_1_475' title='bbox 1504 5442 1843 5510; x_wconf 84' lang='lat' dir='ltr'><strong>Sardicensis</strong></span> 
     </span>
    </p>
   </div>
   <div class='ocr_carea' id='block_1_73' title="bbox 247 5542 1838 5618">
    <p class='ocr_par' dir='ltr' id='par_1_73' title="bbox 247 5542 1838 5618">
     <span class='ocr_line' id='line_1_73' title="bbox 247 5542 1838 5618; baseline 0.001 -18"><span class='ocrx_word' id='word_1_476' title='bbox 247 5548 430 5617; x_wconf 83' lang='lat' dir='ltr'><strong>synodi</strong></span> <span class='ocrx_word' id='word_1_477' title='bbox 462 5547 684 5603; x_wconf 86' lang='lat' dir='ltr'><strong>decreta</strong></span> <span class='ocrx_word' id='word_1_478' title='bbox 714 5544 1032 5602; x_wconf 72' lang='lat' dir='ltr'><strong>subvertere</strong></span> <span class='ocrx_word' id='word_1_479' title='bbox 1066 5563 1078 5598; x_wconf 87' lang='lat'><strong>:</strong></span> <span class='ocrx_word' id='word_1_480' title='bbox 1111 5542 1312 5603; x_wconf 85' lang='lat' dir='ltr'><strong>etenim</strong></span> <span class='ocrx_word' id='word_1_481' title='bbox 1344 5548 1423 5603; x_wconf 90' lang='lat' dir='ltr'><strong>eis</strong></span> <span class='ocrx_word' id='word_1_482' title='bbox 1450 5544 1602 5602; x_wconf 84' lang='lat' dir='ltr'><strong>color</strong></span> <span class='ocrx_word' id='word_1_483' title='bbox 1623 5547 1838 5618; x_wconf 89' lang='lat' dir='ltr'><strong>quidam</strong></span> 
     </span>
    </p>
   </div>
   <div class='ocr_carea' id='block_1_74' title="bbox 248 5638 1841 5709">
    <p class='ocr_par' dir='ltr' id='par_1_74' title="bbox 248 5638 1841 5709">
     <span class='ocr_line' id='line_1_74' title="bbox 248 5638 1841 5709; baseline -0.001 -15"><span class='ocrx_word' id='word_1_484' title='bbox 248 5652 532 5709; x_wconf 78' lang='lat' dir='ltr'><strong>Sltppelet&#39;e</strong></span> <span class='ocrx_word' id='word_1_485' title='bbox 564 5638 871 5703; x_wconf 87' lang='lat' dir='ltr'><strong>videbatur,</strong></span> <span class='ocrx_word' id='word_1_486' title='bbox 918 5640 1060 5709; x_wconf 91' lang='lat' dir='ltr'><strong>quod</strong></span> <span class='ocrx_word' id='word_1_487' title='bbox 1107 5646 1211 5692; x_wconf 91' lang='lat' dir='ltr'><strong>tam</strong></span> <span class='ocrx_word' id='word_1_488' title='bbox 1263 5638 1461 5709; x_wconf 57' lang='lat' dir='ltr'><strong>injnSte</strong></span> <span class='ocrx_word' id='word_1_489' title='bbox 1510 5639 1701 5693; x_wconf 86' lang='lat' dir='ltr'><strong>fuisset</strong></span> <span class='ocrx_word' id='word_1_490' title='bbox 1746 5652 1841 5708; x_wconf 91' lang='lat' dir='ltr'><strong>pro</strong></span> 
     </span>
    </p>
   </div>
   <div class='ocr_carea' id='block_1_75' title="bbox 248 5730 1841 5801">
    <p class='ocr_par' dir='ltr' id='par_1_75' title="bbox 248 5730 1841 5801">
     <span class='ocr_line' id='line_1_75' title="bbox 248 5730 1841 5801; baseline 0.001 -15"><span class='ocrx_word' id='word_1_491' title='bbox 248 5730 539 5787; x_wconf 79' lang='lat' dir='ltr'><strong>Athanasio</strong></span> <span class='ocrx_word' id='word_1_492' title='bbox 564 5731 886 5800; x_wconf 88' lang='lat' dir='ltr'><strong>judicatutn,</strong></span> <span class='ocrx_word' id='word_1_493' title='bbox 918 5746 1078 5801; x_wconf 87' lang='lat' dir='ltr'><strong>quam</strong></span> <span class='ocrx_word' id='word_1_494' title='bbox 1114 5731 1398 5786; x_wconf 86' lang='lat' dir='ltr'><strong>Marcellus</strong></span> <span class='ocrx_word' id='word_1_495' title='bbox 1426 5732 1595 5787; x_wconf 84' lang='lat' dir='ltr'><strong>fuerat</strong></span> <span class='ocrx_word' id='word_1_496' title='bbox 1626 5730 1841 5787; x_wconf 87' lang='lat' dir='ltr'><strong>absolu—</strong></span> 
     </span>
    </p>
   </div>
   <div class='ocr_carea' id='block_1_76' title="bbox 248 5822 1842 5895">
    <p class='ocr_par' dir='ltr' id='par_1_76' title="bbox 248 5822 1842 5895">
     <span class='ocr_line' id='line_1_76' title="bbox 248 5822 1842 5895; baseline 0.001 -18"><span class='ocrx_word' id='word_1_497' title='bbox 248 5833 350 5889; x_wconf 83' lang='lat' dir='ltr'><strong>tus,</strong></span> <span class='ocrx_word' id='word_1_498' title='bbox 374 5826 461 5895; x_wconf 88' lang='lat' dir='ltr'><strong>qni</strong></span> <span class='ocrx_word' id='word_1_499' title='bbox 503 5837 651 5878; x_wconf 91' lang='lat' dir='ltr'><strong>nunc</strong></span> <span class='ocrx_word' id='word_1_500' title='bbox 675 5823 833 5877; x_wconf 87' lang='lat' dir='ltr'><strong>etiam</strong></span> <span class='ocrx_word' id='word_1_501' title='bbox 862 5822 1141 5879; x_wconf 79' lang='lat' dir='ltr'><strong>Athanasii</strong></span> <span class='ocrx_word' id='word_1_502' title='bbox 1170 5824 1375 5895; x_wconf 90' lang='lat' dir='ltr'><strong>judicio</strong></span> <span class='ocrx_word' id='word_1_503' title='bbox 1407 5825 1692 5880; x_wconf 59' lang='lat' dir='ltr'><strong>haereticus</strong></span> <span class='ocrx_word' id='word_1_504' title='bbox 1720 5840 1842 5880; x_wconf 90' lang='lat' dir='ltr'><strong>esse</strong></span> 
     </span>
    </p>
   </div>
   <div class='ocr_carea' id='block_1_77' title="bbox 248 5913 1842 5990">
    <p class='ocr_par' dir='ltr' id='par_1_77' title="bbox 248 5913 1842 5990">
     <span class='ocr_line' id='line_1_77' title="bbox 248 5913 1842 5990; baseline 0.002 -18"><span class='ocrx_word' id='word_1_505' title='bbox 248 5922 587 5989; x_wconf 84' lang='lat' dir='ltr'><strong>probaretur.</strong></span> <span class='ocrx_word' id='word_1_506' title='bbox 620 5913 865 5990; x_wconf 84' lang='lat' dir='ltr'><strong>Namque</strong></span> <span class='ocrx_word' id='word_1_507' title='bbox 909 5917 1199 5978; x_wconf 78' lang='lat' dir='ltr'><strong>Marcellus</strong></span> <span class='ocrx_word' id='word_1_508' title='bbox 1242 5917 1569 5977; x_wconf 79' lang='lat' dir='ltr'><strong>Sabellianae</strong></span> <span class='ocrx_word' id='word_1_509' title='bbox 1617 5916 1842 5975; x_wconf 80' lang='lat' dir='ltr'><strong>haeresis</strong></span> 
     </span>
    </p>
   </div>
   <div class='ocr_carea' id='block_1_78' title="bbox 1965 1972 3593 2054">
    <p class='ocr_par' dir='ltr' id='par_1_78' title="bbox 1965 1972 3593 2054">
     <span class='ocr_line' id='line_1_78' title="bbox 1965 1972 3593 2054; baseline 0.011 -27"><span class='ocrx_word' id='word_1_510' title='bbox 1965 1987 2086 2027; x_wconf 91' lang='lat' dir='ltr'><strong>nem</strong></span> <span class='ocrx_word' id='word_1_511' title='bbox 2113 1972 2396 2031; x_wconf 85' lang='lat' dir='ltr'><strong>Athanasii</strong></span> <span class='ocrx_word' id='word_1_512' title='bbox 2427 1978 2665 2049; x_wconf 89' lang='lat' dir='ltr'><strong>cupitam</strong></span> <span class='ocrx_word' id='word_1_513' title='bbox 2699 1981 2913 2052; x_wconf 84' lang='lat' dir='ltr'><strong>accepit</strong></span> <span class='ocrx_word' id='word_1_514' title='bbox 2940 2000 2953 2036; x_wconf 89' lang='lat'><strong><em>:</em></strong></span> <span class='ocrx_word' id='word_1_515' title='bbox 2988 1999 3112 2054; x_wconf 91' lang='lat' dir='ltr'><strong>pars</strong></span> <span class='ocrx_word' id='word_1_516' title='bbox 3143 1988 3315 2042; x_wconf 89' lang='lat' dir='ltr'><strong>eoacti</strong></span> <span class='ocrx_word' id='word_1_517' title='bbox 3363 1999 3508 2044; x_wconf 90' lang='lat' dir='ltr'><strong>metu</strong></span> <span class='ocrx_word' id='word_1_518' title='bbox 3538 2000 3593 2045; x_wconf 93' lang='lat' dir='ltr'><strong>et</strong></span> 
     </span>
    </p>
   </div>
   <div class='ocr_carea' id='block_1_79' title="bbox 1965 2062 3591 2150">
    <p class='ocr_par' dir='ltr' id='par_1_79' title="bbox 1965 2062 3591 2150">
     <span class='ocr_line' id='line_1_79' title="bbox 1965 2062 3591 2150; baseline 0.012 -33"><span class='ocrx_word' id='word_1_519' title='bbox 1965 2062 2224 2132; x_wconf 87' lang='lat' dir='ltr'><strong>factione,</strong></span> <span class='ocrx_word' id='word_1_520' title='bbox 2259 2068 2310 2121; x_wconf 92' lang='lat' dir='ltr'><strong>in</strong></span> <span class='ocrx_word' id='word_1_521' title='bbox 2339 2070 2515 2123; x_wconf 87' lang='lat' dir='ltr'><strong>studia</strong></span> <span class='ocrx_word' id='word_1_522' title='bbox 2549 2071 2780 2140; x_wconf 78' lang='lat' dir='ltr'><strong>partium</strong></span> <span class='ocrx_word' id='word_1_523' title='bbox 2812 2086 3228 2131; x_wconf 88' lang='lat' dir='ltr'><strong>concesserant.</strong></span> <span class='ocrx_word' id='word_1_524' title='bbox 3253 2079 3443 2148; x_wconf 71' lang='lat' dir='ltr'><strong>l‘auci,</strong></span> <span class='ocrx_word' id='word_1_525' title='bbox 3469 2082 3591 2150; x_wconf 90' lang='lat' dir='ltr'><strong>qui-</strong></span> 
     </span>
    </p>
   </div>
   <div class='ocr_carea' id='block_1_80' title="bbox 1963 2150 3593 2245">
    <p class='ocr_par' dir='ltr' id='par_1_80' title="bbox 1963 2150 3593 2245">
     <span class='ocr_line' id='line_1_80' title="bbox 1963 2150 3593 2245; baseline 0.013 -35"><span class='ocrx_word' id='word_1_526' title='bbox 1963 2156 2065 2212; x_wconf 89' lang='lat' dir='ltr'><strong>bus</strong></span> <span class='ocrx_word' id='word_1_527' title='bbox 2094 2158 2227 2214; x_wconf 84' lang='lat' dir='ltr'><strong>ﬁdes</strong></span> <span class='ocrx_word' id='word_1_528' title='bbox 2254 2150 2378 2215; x_wconf 81' lang='lat' dir='ltr'><strong>cara</strong></span> <span class='ocrx_word' id='word_1_529' title='bbox 2410 2152 2464 2218; x_wconf 87' lang='lat' dir='ltr'><strong>et</strong></span> <span class='ocrx_word' id='word_1_530' title='bbox 2492 2162 2692 2221; x_wconf 83' lang='lat' dir='ltr'><strong>veritas</strong></span> <span class='ocrx_word' id='word_1_531' title='bbox 2739 2169 2924 2236; x_wconf 91' lang='lat' dir='ltr'><strong>potior</strong></span> <span class='ocrx_word' id='word_1_532' title='bbox 2971 2180 3112 2237; x_wconf 90' lang='lat' dir='ltr'><strong>erat,</strong></span> <span class='ocrx_word' id='word_1_533' title='bbox 3148 2172 3408 2243; x_wconf 87' lang='lat' dir='ltr'><strong>injustnm</strong></span> <span class='ocrx_word' id='word_1_534' title='bbox 3446 2175 3593 2245; x_wconf 86' lang='lat' dir='ltr'><strong>judi-</strong></span> 
     </span>
    </p>
   </div>
   <div class='ocr_carea' id='block_1_81' title="bbox 1962 2252 3590 2341">
    <p class='ocr_par' dir='ltr' id='par_1_81' title="bbox 1962 2252 3590 2341">
     <span class='ocr_line' id='line_1_81' title="bbox 1962 2252 3590 2341; baseline 0.012 -36"><span class='ocrx_word' id='word_1_535' title='bbox 1962 2252 2111 2341; x_wconf 21' lang='lat' dir='ltr'><strong>Cium‘</strong></span> <span class='ocrx_word' id='word_1_536' title='bbox 2160 2271 2264 2309; x_wconf 91' lang='lat' dir='ltr'><strong>non</strong></span> <span class='ocrx_word' id='word_1_537' title='bbox 2312 2271 2681 2328; x_wconf 90' lang='lat' dir='ltr'><strong>receperunt:</strong></span> <span class='ocrx_word' id='word_1_538' title='bbox 2714 2260 2858 2317; x_wconf 90' lang='lat' dir='ltr'><strong>inter</strong></span> <span class='ocrx_word' id='word_1_539' title='bbox 2903 2280 3040 2334; x_wconf 88' lang='lat' dir='ltr'><strong>quos</strong></span> <span class='ocrx_word' id='word_1_540' title='bbox 3080 2264 3347 2322; x_wconf 89' lang='lat' dir='ltr'><strong>Paulinus</strong></span> <span class='ocrx_word' id='word_1_541' title='bbox 3375 2271 3590 2338; x_wconf 82' lang='lat' dir='ltr'><strong>cpisco-</strong></span> 
     </span>
    </p>
   </div>
   <div class='ocr_carea' id='block_1_82' title="bbox 1964 2340 3577 2437">
    <p class='ocr_par' dir='ltr' id='par_1_82' title="bbox 1964 2340 3577 2437">
     <span class='ocr_line' id='line_1_82' title="bbox 1964 2340 3577 2437; baseline 0.012 -36"><span class='ocrx_word' id='word_1_542' title='bbox 1964 2348 2062 2417; x_wconf 87' lang='lat' dir='ltr'><strong>pus</strong></span> <span class='ocrx_word' id='word_1_543' title='bbox 2089 2340 2478 2417; x_wconf 82' lang='lat' dir='ltr'><strong>Treverorum,</strong></span> <span class='ocrx_word' id='word_1_544' title='bbox 2505 2340 2682 2409; x_wconf 82' lang='lat' dir='ltr'><strong>oblata</strong></span> <span class='ocrx_word' id='word_1_545' title='bbox 2708 2355 2808 2411; x_wconf 92' lang='lat' dir='ltr'><strong>sibi</strong></span> <span class='ocrx_word' id='word_1_546' title='bbox 2842 2358 3090 2437; x_wconf 86' lang='lat' dir='ltr'><strong>epistola,</strong></span> <span class='ocrx_word' id='word_1_547' title='bbox 3116 2359 3188 2415; x_wconf 87' lang='lat' dir='ltr'><strong>ita</strong></span> <span class='ocrx_word' id='word_1_548' title='bbox 3216 2340 3577 2432; x_wconf 84' lang='lat' dir='ltr'><strong>suscripsisse</strong></span> 
     </span>
    </p>
   </div>
   <div class='ocr_carea' id='block_1_83' title="bbox 1965 2438 3579 2519">
    <p class='ocr_par' dir='ltr' id='par_1_83' title="bbox 1965 2438 3579 2519">
     <span class='ocr_line' id='line_1_83' title="bbox 1965 2438 3579 2519; baseline 0.011 -26"><span class='ocrx_word' id='word_1_549' title='bbox 1965 2441 2215 2508; x_wconf 84' lang='lat' dir='ltr'><strong>traditur,</strong></span> <span class='ocrx_word' id='word_1_550' title='bbox 2248 2440 2307 2499; x_wconf 81' lang='lat' dir='ltr'><strong>Se</strong></span> <span class='ocrx_word' id='word_1_551' title='bbox 2339 2446 2389 2500; x_wconf 92' lang='lat' dir='ltr'><strong>in</strong></span> <span class='ocrx_word' id='word_1_552' title='bbox 2428 2445 2639 2501; x_wconf 84' lang='lat' dir='ltr'><strong>Photini</strong></span> <span class='ocrx_word' id='word_1_553' title='bbox 2669 2459 2833 2519; x_wconf 88' lang='lat' dir='ltr'><strong>atque</strong></span> <span class='ocrx_word' id='word_1_554' title='bbox 2871 2440 3117 2506; x_wconf 77' lang='lat' dir='ltr'><strong>Marcelli</strong></span> <span class='ocrx_word' id='word_1_555' title='bbox 3164 2438 3579 2512; x_wconf 78' lang='lat' dir='ltr'><strong>(lanmationem</strong></span> 
     </span>
    </p>
   </div>
   <div class='ocr_carea' id='block_1_84' title="bbox 1964 2530 3435 2621">
    <p class='ocr_par' dir='ltr' id='par_1_84' title="bbox 1964 2530 3435 2621">
     <span class='ocr_line' id='line_1_84' title="bbox 1964 2530 3435 2621; baseline 0.008 -32"><span class='ocrx_word' id='word_1_556' title='bbox 1964 2532 2209 2605; x_wconf 68' lang='lat' dir='ltr'><strong>prtehere</strong></span> <span class='ocrx_word' id='word_1_557' title='bbox 2240 2555 2588 2605; x_wconf 61' lang='lat' dir='ltr'><strong>COliSEllrlllll,</strong></span> <span class='ocrx_word' id='word_1_558' title='bbox 2618 2541 2685 2597; x_wconf 87' lang='lat' dir='ltr'><strong>de</strong></span> <span class='ocrx_word' id='word_1_559' title='bbox 2713 2530 3015 2621; x_wconf 77' lang='lat' dir='ltr'><strong>Athanasio</strong></span> <span class='ocrx_word' id='word_1_560' title='bbox 3049 2561 3153 2600; x_wconf 92' lang='lat' dir='ltr'><strong>non</strong></span> <span class='ocrx_word' id='word_1_561' title='bbox 3185 2532 3435 2617; x_wconf 88' lang='lat' dir='ltr'><strong>probare.</strong></span> 
     </span>
    </p>
   </div>
   <div class='ocr_carea' id='block_1_85' title="bbox 2036 2616 3583 2711">
    <p class='ocr_par' dir='ltr' id='par_1_85' title="bbox 2036 2616 3583 2711">
     <span class='ocr_line' id='line_1_85' title="bbox 2036 2616 3583 2711; baseline 0.007 -28"><span class='ocrx_word' id='word_1_562' title='bbox 2036 2626 2327 2687; x_wconf 75' lang='lat' dir='ltr'><strong>XXXVIII.</strong></span> <span class='ocrx_word' id='word_1_563' title='bbox 2371 2634 2506 2689; x_wconf 91' lang='lat' dir='ltr'><strong>Tum</strong></span> <span class='ocrx_word' id='word_1_564' title='bbox 2542 2652 2670 2692; x_wconf 86' lang='lat' dir='ltr'><strong>vero</strong></span> <span class='ocrx_word' id='word_1_565' title='bbox 2720 2618 2929 2711; x_wconf 73' lang='lat' dir='ltr'><strong>Ariani,</strong></span> <span class='ocrx_word' id='word_1_566' title='bbox 2960 2616 3047 2711; x_wconf 83' lang='lat' dir='ltr'><strong>ubi</strong></span> <span class='ocrx_word' id='word_1_567' title='bbox 3088 2616 3201 2693; x_wconf 85' lang='lat' dir='ltr'><strong>doli</strong></span> <span class='ocrx_word' id='word_1_568' title='bbox 3234 2624 3425 2708; x_wconf 87' lang='lat' dir='ltr'><strong>parum</strong></span> <span class='ocrx_word' id='word_1_569' title='bbox 3459 2622 3583 2711; x_wconf 88' lang='lat' dir='ltr'><strong>pro-</strong></span> 
     </span>
    </p>
   </div>
   <div class='ocr_carea' id='block_1_86' title="bbox 1961 2710 3573 2807">
    <p class='ocr_par' dir='ltr' id='par_1_86' title="bbox 1961 2710 3573 2807">
     <span class='ocr_line' id='line_1_86' title="bbox 1961 2710 3573 2807; baseline 0.008 -31"><span class='ocrx_word' id='word_1_570' title='bbox 1961 2716 2267 2791; x_wconf 83' lang='lat' dir='ltr'><strong>cesserant,</strong></span> <span class='ocrx_word' id='word_1_571' title='bbox 2292 2726 2341 2781; x_wconf 88' lang='lat' dir='ltr'><strong>vi</strong></span> <span class='ocrx_word' id='word_1_572' title='bbox 2368 2743 2530 2799; x_wconf 85' lang='lat' dir='ltr'><strong>agere</strong></span> <span class='ocrx_word' id='word_1_573' title='bbox 2550 2729 2853 2807; x_wconf 85' lang='lat' dir='ltr'><strong>decernunt</strong></span> <span class='ocrx_word' id='word_1_574' title='bbox 2881 2749 2893 2786; x_wconf 88' lang='lat'>:</span> <span class='ocrx_word' id='word_1_575' title='bbox 2920 2710 3043 2785; x_wconf 80' lang='lat' dir='ltr'><strong>nam</strong></span> <span class='ocrx_word' id='word_1_576' title='bbox 3067 2715 3347 2802; x_wconf 80' lang='lat' dir='ltr'><strong>quodlibet</strong></span> <span class='ocrx_word' id='word_1_577' title='bbox 3369 2732 3573 2789; x_wconf 89' lang='lat' dir='ltr'><strong>audere</strong></span> 
     </span>
    </p>
   </div>
   <div class='ocr_carea' id='block_1_87' title="bbox 1962 2808 3570 2898">
    <p class='ocr_par' dir='ltr' id='par_1_87' title="bbox 1962 2808 3570 2898">
     <span class='ocr_line' id='line_1_87' title="bbox 1962 2808 3570 2898; baseline 0.009 -32"><span class='ocrx_word' id='word_1_578' title='bbox 1962 2823 2123 2884; x_wconf 88' lang='lat' dir='ltr'><strong>atque</strong></span> <span class='ocrx_word' id='word_1_579' title='bbox 2150 2832 2311 2889; x_wconf 84' lang='lat' dir='ltr'><strong>agere</strong></span> <span class='ocrx_word' id='word_1_580' title='bbox 2340 2821 2492 2875; x_wconf 71' lang='lat' dir='ltr'><strong>facile</strong></span> <span class='ocrx_word' id='word_1_581' title='bbox 2520 2831 2637 2876; x_wconf 90' lang='lat' dir='ltr'><strong>erat</strong></span> <span class='ocrx_word' id='word_1_582' title='bbox 2667 2824 2811 2894; x_wconf 87' lang='lat' dir='ltr'><strong>regis</strong></span> <span class='ocrx_word' id='word_1_583' title='bbox 2838 2825 3075 2879; x_wconf 89' lang='lat' dir='ltr'><strong>amicitia</strong></span> <span class='ocrx_word' id='word_1_584' title='bbox 3102 2808 3376 2890; x_wconf 76' lang='lat' dir='ltr'><strong>subnixis,</strong></span> <span class='ocrx_word' id='word_1_585' title='bbox 3407 2842 3570 2898; x_wconf 89' lang='lat' dir='ltr'><strong>quem</strong></span> 
     </span>
    </p>
   </div>
   <div class='ocr_carea' id='block_1_88' title="bbox 1961 2900 3566 2995">
    <p class='ocr_par' dir='ltr' id='par_1_88' title="bbox 1961 2900 3566 2995">
     <span class='ocr_line' id='line_1_88' title="bbox 1961 2900 3566 2995; baseline 0.004 -24"><span class='ocrx_word' id='word_1_586' title='bbox 1961 2917 2063 2971; x_wconf 90' lang='lat' dir='ltr'><strong>sibi</strong></span> <span class='ocrx_word' id='word_1_587' title='bbox 2116 2916 2296 2986; x_wconf 81' lang='lat' dir='ltr'><strong>pravis</strong></span> <span class='ocrx_word' id='word_1_588' title='bbox 2339 2900 3165 2995; x_wconf 8' lang='lat' dir='ltr'><strong>adulationibus,devinxerant.</strong></span> <span class='ocrx_word' id='word_1_589' title='bbox 3215 2922 3356 2990; x_wconf 88' lang='lat' dir='ltr'><strong>Quin</strong></span> <span class='ocrx_word' id='word_1_590' title='bbox 3403 2906 3566 2978; x_wconf 81' lang='lat' dir='ltr'><strong>etiam</strong></span> 
     </span>
    </p>
   </div>
   <div class='ocr_carea' id='block_1_89' title="bbox 1963 2996 3562 3083">
    <p class='ocr_par' dir='ltr' id='par_1_89' title="bbox 1963 2996 3562 3083">
     <span class='ocr_line' id='line_1_89' title="bbox 1963 2996 3562 3083; baseline 0.004 -20"><span class='ocrx_word' id='word_1_591' title='bbox 1963 3024 2029 3063; x_wconf 81' lang='lat' dir='ltr'><strong>ex</strong></span> <span class='ocrx_word' id='word_1_592' title='bbox 2081 3010 2441 3063; x_wconf 89' lang='lat' dir='ltr'><strong>consensione</strong></span> <span class='ocrx_word' id='word_1_593' title='bbox 2496 3010 2792 3065; x_wconf 92' lang='lat' dir='ltr'><strong>multorum</strong></span> <span class='ocrx_word' id='word_1_594' title='bbox 2847 2998 3292 3083; x_wconf 65' lang='lat' dir='ltr'><strong>inexpugnabiles</strong></span> <span class='ocrx_word' id='word_1_595' title='bbox 3343 2996 3500 3072; x_wconf 87' lang='lat' dir='ltr'><strong>erant</strong></span> <span class='ocrx_word' id='word_1_596' title='bbox 3551 3036 3562 3070; x_wconf 90' lang='lat'>:</span> 
     </span>
    </p>
   </div>
   <div class='ocr_carea' id='block_1_90' title="bbox 1964 3082 3568 3178">
    <p class='ocr_par' dir='ltr' id='par_1_90' title="bbox 1964 3082 3568 3178">
     <span class='ocr_line' id='line_1_90' title="bbox 1964 3082 3568 3178; baseline 0.004 -22"><span class='ocrx_word' id='word_1_597' title='bbox 1964 3118 2087 3156; x_wconf 86' lang='lat' dir='ltr'><strong>nam</strong></span> <span class='ocrx_word' id='word_1_598' title='bbox 2144 3113 2333 3155; x_wconf 89' lang='lat' dir='ltr'><strong>omnes</strong></span> <span class='ocrx_word' id='word_1_599' title='bbox 2384 3101 2495 3156; x_wconf 87' lang='lat' dir='ltr'><strong>fere</strong></span> <span class='ocrx_word' id='word_1_600' title='bbox 2539 3101 2768 3156; x_wconf 90' lang='lat' dir='ltr'><strong>duarmn</strong></span> <span class='ocrx_word' id='word_1_601' title='bbox 2819 3082 3223 3160; x_wconf 56' lang='lat' dir='ltr'><strong>Pannoniarum</strong></span> <span class='ocrx_word' id='word_1_602' title='bbox 3286 3107 3523 3178; x_wconf 79' lang='lat' dir='ltr'><strong>episcopi</strong></span> <span class='ocrx_word' id='word_1_603' title='bbox 3553 3151 3568 3172; x_wconf 87' lang='lat'><strong>,</strong></span> 
     </span>
    </p>
   </div>
   <div class='ocr_carea' id='block_1_91' title="bbox 1966 3181 3563 3269">
    <p class='ocr_par' dir='ltr' id='par_1_91' title="bbox 1966 3181 3563 3269">
     <span class='ocr_line' id='line_1_91' title="bbox 1966 3181 3563 3269; baseline 0.003 -20"><span class='ocrx_word' id='word_1_604' title='bbox 1966 3196 2226 3263; x_wconf 86' lang='lat' dir='ltr'><strong>multique</strong></span> <span class='ocrx_word' id='word_1_605' title='bbox 2258 3194 2612 3250; x_wconf 90' lang='lat' dir='ltr'><strong>Orientalium</strong></span> <span class='ocrx_word' id='word_1_606' title='bbox 2646 3212 2708 3251; x_wconf 89' lang='lat' dir='ltr'><strong>ac</strong></span> <span class='ocrx_word' id='word_1_607' title='bbox 2737 3184 2844 3251; x_wconf 83' lang='lat' dir='ltr'><strong>tota</strong></span> <span class='ocrx_word' id='word_1_608' title='bbox 2875 3196 3002 3251; x_wconf 85' lang='lat' dir='ltr'><strong>Asia</strong></span> <span class='ocrx_word' id='word_1_609' title='bbox 3037 3199 3087 3252; x_wconf 90' lang='lat' dir='ltr'><strong>in</strong></span> <span class='ocrx_word' id='word_1_610' title='bbox 3119 3181 3341 3269; x_wconf 85' lang='lat' dir='ltr'><strong>perﬁdia</strong></span> <span class='ocrx_word' id='word_1_611' title='bbox 3372 3181 3563 3255; x_wconf 80' lang='lat' dir='ltr'><strong>eorum</strong></span> 
     </span>
    </p>
   </div>
   <div class='ocr_carea' id='block_1_92' title="bbox 1959 3271 3561 3369">
    <p class='ocr_par' dir='ltr' id='par_1_92' title="bbox 1959 3271 3561 3369">
     <span class='ocr_line' id='line_1_92' title="bbox 1959 3271 3561 3369; baseline 0.001 -23"><span class='ocrx_word' id='word_1_612' title='bbox 1959 3289 2396 3360; x_wconf 70' lang='lat' dir='ltr'><strong>Ceniuraverant.</strong></span> <span class='ocrx_word' id='word_1_613' title='bbox 2429 3271 2533 3346; x_wconf 76' lang='lat' dir='ltr'><strong>Sed</strong></span> <span class='ocrx_word' id='word_1_614' title='bbox 2565 3273 2839 3363; x_wconf 82' lang='lat' dir='ltr'><strong>principes</strong></span> <span class='ocrx_word' id='word_1_615' title='bbox 2865 3282 2988 3369; x_wconf 81' lang='lat' dir='ltr'><strong>mali</strong></span> <span class='ocrx_word' id='word_1_616' title='bbox 3015 3291 3172 3346; x_wconf 86' lang='lat' dir='ltr'><strong>istius</strong></span> <span class='ocrx_word' id='word_1_617' title='bbox 3201 3274 3561 3369; x_wconf 70' lang='lat' dir='ltr'><strong>habebantur,</strong></span> 
     </span>
    </p>
   </div>
   <div class='ocr_carea' id='block_1_93' title="bbox 1958 3368 3563 3465">
    <p class='ocr_par' dir='ltr' id='par_1_93' title="bbox 1958 3368 3563 3461">
     <span class='ocr_line' id='line_1_93' title="bbox 1958 3368 3563 3461; baseline 0 -20"><span class='ocrx_word' id='word_1_618' title='bbox 1958 3404 1987 3441; x_wconf 90' lang='lat' dir='ltr'><strong>a</strong></span> <span class='ocrx_word' id='word_1_619' title='bbox 2017 3385 2312 3456; x_wconf 82' lang='lat' dir='ltr'><strong>Singiduno</strong></span> <span class='ocrx_word' id='word_1_620' title='bbox 2345 3380 2631 3451; x_wconf 89' lang='lat' dir='ltr'><strong>Ursacius,</strong></span> <span class='ocrx_word' id='word_1_621' title='bbox 2664 3386 2864 3440; x_wconf 83' lang='lat' dir='ltr'><strong>Valens</strong></span> <span class='ocrx_word' id='word_1_622' title='bbox 2890 3402 2917 3437; x_wconf 89' lang='lat' dir='ltr'><strong>a</strong></span> <span class='ocrx_word' id='word_1_623' title='bbox 2970 3370 3145 3441; x_wconf 75' lang='lat' dir='ltr'><strong>Mursa</strong></span> <span class='ocrx_word' id='word_1_624' title='bbox 3171 3428 3185 3452; x_wconf 91' lang='lat'><strong>,</strong></span> <span class='ocrx_word' id='word_1_625' title='bbox 3217 3386 3285 3441; x_wconf 91' lang='lat' dir='ltr'><strong>ab</strong></span> <span class='ocrx_word' id='word_1_626' title='bbox 3308 3368 3563 3461; x_wconf 83' lang='lat' dir='ltr'><strong>Heraclia</strong></span> 
     </span>
    </p>
   </div>
   <div class='ocr_carea' id='block_1_94' title="bbox 1957 3464 3566 3559">
    <p class='ocr_par' dir='ltr' id='par_1_94' title="bbox 1957 3464 3566 3559">
     <span class='ocr_line' id='line_1_94' title="bbox 1957 3464 3566 3559; baseline 0 -24"><span class='ocrx_word' id='word_1_627' title='bbox 1957 3480 2299 3548; x_wconf 85' lang='lat' dir='ltr'><strong>Theodorus,</strong></span> <span class='ocrx_word' id='word_1_628' title='bbox 2342 3474 2649 3551; x_wconf 84' lang='lat' dir='ltr'><strong>Stephanus</strong></span> <span class='ocrx_word' id='word_1_629' title='bbox 2690 3464 3068 3559; x_wconf 79' lang='lat' dir='ltr'><strong>Antiochenus</strong></span> <span class='ocrx_word' id='word_1_630' title='bbox 3089 3522 3102 3545; x_wconf 92' lang='lat'><strong>,</strong></span> <span class='ocrx_word' id='word_1_631' title='bbox 3133 3464 3366 3547; x_wconf 79' lang='lat' dir='ltr'><strong>Aeacius</strong></span> <span class='ocrx_word' id='word_1_632' title='bbox 3390 3496 3421 3543; x_wconf 55' lang='lat' dir='ltr'><strong>,a</strong></span> <span class='ocrx_word' id='word_1_633' title='bbox 3448 3467 3566 3536; x_wconf 80' lang='lat' dir='ltr'><strong>Cae-</strong></span> 
     </span>
    </p>
   </div>
   <div class='ocr_carea' id='block_1_95' title="bbox 1956 3558 3559 3646">
    <p class='ocr_par' dir='ltr' id='par_1_95' title="bbox 1956 3558 3559 3646">
     <span class='ocr_line' id='line_1_95' title="bbox 1956 3558 3559 3646; baseline -0.001 -17"><span class='ocrx_word' id='word_1_634' title='bbox 1956 3560 2143 3640; x_wconf 80' lang='lat' dir='ltr'><strong>Sarea,</strong></span> <span class='ocrx_word' id='word_1_635' title='bbox 2195 3570 2588 3646; x_wconf 81' lang='lat' dir='ltr'><strong>Menophantus</strong></span> <span class='ocrx_word' id='word_1_636' title='bbox 2640 3558 2885 3644; x_wconf 84' lang='lat' dir='ltr'><strong>Epheso,</strong></span> <span class='ocrx_word' id='word_1_637' title='bbox 2937 3573 3201 3645; x_wconf 83' lang='lat' dir='ltr'><strong>Georgius</strong></span> <span class='ocrx_word' id='word_1_638' title='bbox 3254 3574 3559 3641; x_wconf 90' lang='lat' dir='ltr'><strong>Laodicea,</strong></span> 
     </span>
    </p>
   </div>
   <div class='ocr_carea' id='block_1_96' title="bbox 1956 3646 3562 3737">
    <p class='ocr_par' dir='ltr' id='par_1_96' title="bbox 1956 3646 3562 3737">
     <span class='ocr_line' id='line_1_96' title="bbox 1956 3646 3562 3737; baseline -0.001 -16"><span class='ocrx_word' id='word_1_639' title='bbox 1956 3656 2297 3722; x_wconf 69' lang='lat' dir='ltr'><strong>Narcisénsa</strong></span> <span class='ocrx_word' id='word_1_640' title='bbox 2346 3656 2703 3737; x_wconf 72' lang='lat' dir='ltr'><strong>Neronepdli.</strong></span> <span class='ocrx_word' id='word_1_641' title='bbox 2740 3658 2802 3719; x_wconf 90' lang='lat' dir='ltr'><strong>Ili</strong></span> <span class='ocrx_word' id='word_1_642' title='bbox 2833 3660 2902 3719; x_wconf 81' lang='lat' dir='ltr'><strong>ita</strong></span> <span class='ocrx_word' id='word_1_643' title='bbox 2947 3652 3211 3737; x_wconf 79' lang='lat' dir='ltr'><strong>palatium</strong></span> <span class='ocrx_word' id='word_1_644' title='bbox 3259 3646 3562 3733; x_wconf 69' lang='lat' dir='ltr'><strong>occupave-</strong></span> 
     </span>
    </p>
   </div>
   <div class='ocr_carea' id='block_1_97' title="bbox 1958 3742 3559 3827">
    <p class='ocr_par' dir='ltr' id='par_1_97' title="bbox 1958 3742 3559 3827">
     <span class='ocr_line' id='line_1_97' title="bbox 1958 3742 3559 3827; baseline -0.002 -14"><span class='ocrx_word' id='word_1_645' title='bbox 1958 3752 2074 3813; x_wconf 85' lang='lat' dir='ltr'><strong>rant</strong></span> <span class='ocrx_word' id='word_1_646' title='bbox 2104 3800 2116 3824; x_wconf 96' lang='lat'><strong>,</strong></span> <span class='ocrx_word' id='word_1_647' title='bbox 2151 3770 2206 3813; x_wconf 91' lang='lat' dir='ltr'><strong>ut</strong></span> <span class='ocrx_word' id='word_1_648' title='bbox 2238 3756 2371 3813; x_wconf 90' lang='lat' dir='ltr'><strong>nihil</strong></span> <span class='ocrx_word' id='word_1_649' title='bbox 2401 3759 2517 3813; x_wconf 90' lang='lat' dir='ltr'><strong>sine</strong></span> <span class='ocrx_word' id='word_1_650' title='bbox 2562 3772 2753 3813; x_wconf 91' lang='lat' dir='ltr'><strong>eorum</strong></span> <span class='ocrx_word' id='word_1_651' title='bbox 2806 3765 2939 3811; x_wconf 89' lang='lat' dir='ltr'><strong>nutu</strong></span> <span class='ocrx_word' id='word_1_652' title='bbox 2990 3744 3175 3827; x_wconf 82' lang='lat' dir='ltr'><strong>ageret</strong></span> <span class='ocrx_word' id='word_1_653' title='bbox 3222 3742 3517 3827; x_wconf 87' lang='lat' dir='ltr'><strong>imperator</strong></span> <span class='ocrx_word' id='word_1_654' title='bbox 3548 3776 3559 3810; x_wconf 85' lang='lat'><strong>:</strong></span> 
     </span>
    </p>
   </div>
   <div class='ocr_carea' id='block_1_98' title="bbox 1956 3836 3563 3927">
    <p class='ocr_par' dir='ltr' id='par_1_98' title="bbox 1956 3836 3563 3927">
     <span class='ocr_line' id='line_1_98' title="bbox 1956 3836 3563 3927; baseline -0.002 -22"><span class='ocrx_word' id='word_1_655' title='bbox 1956 3850 2223 3905; x_wconf 77' lang='lat' dir='ltr'><strong>obnoxius</strong></span> <span class='ocrx_word' id='word_1_656' title='bbox 2252 3850 2469 3920; x_wconf 91' lang='lat' dir='ltr'><strong>quidem</strong></span> <span class='ocrx_word' id='word_1_657' title='bbox 2502 3849 2777 3916; x_wconf 89' lang='lat' dir='ltr'><strong>omnibus,</strong></span> <span class='ocrx_word' id='word_1_658' title='bbox 2809 3848 2902 3904; x_wconf 88' lang='lat' dir='ltr'><strong>sed</strong></span> <span class='ocrx_word' id='word_1_659' title='bbox 2930 3839 3205 3927; x_wconf 51' lang='lat' dir='ltr'><strong>praecipue</strong></span> <span class='ocrx_word' id='word_1_660' title='bbox 3227 3836 3437 3903; x_wconf 65' lang='lat' dir='ltr'><strong>valenti</strong></span> <span class='ocrx_word' id='word_1_661' title='bbox 3469 3849 3563 3927; x_wconf 74' lang='lat' dir='ltr'><strong>tle-</strong></span> 
     </span>
    </p>
   </div>
   <div class='ocr_carea' id='block_1_99' title="bbox 1955 3924 3559 4012">
    <p class='ocr_par' dir='ltr' id='par_1_99' title="bbox 1955 3924 3559 4012">
     <span class='ocr_line' id='line_1_99' title="bbox 1955 3924 3559 4012; baseline -0.001 -15"><span class='ocrx_word' id='word_1_662' title='bbox 1955 3942 2119 3997; x_wconf 87' lang='lat' dir='ltr'><strong>ditus.</strong></span> <span class='ocrx_word' id='word_1_663' title='bbox 2154 3940 2288 3997; x_wconf 85' lang='lat' dir='ltr'><strong>Nam</strong></span> <span class='ocrx_word' id='word_1_664' title='bbox 2330 3952 2395 3997; x_wconf 87' lang='lat' dir='ltr'><strong>eo</strong></span> <span class='ocrx_word' id='word_1_665' title='bbox 2452 3938 2695 4012; x_wconf 89' lang='lat' dir='ltr'><strong>tempore</strong></span> <span class='ocrx_word' id='word_1_666' title='bbox 2743 3954 2852 4012; x_wconf 88' lang='lat' dir='ltr'><strong>quo</strong></span> <span class='ocrx_word' id='word_1_667' title='bbox 2900 3926 3043 4011; x_wconf 82' lang='lat' dir='ltr'><strong>apud</strong></span> <span class='ocrx_word' id='word_1_668' title='bbox 3087 3926 3321 3996; x_wconf 77' lang='lat' dir='ltr'><strong>MurSam</strong></span> <span class='ocrx_word' id='word_1_669' title='bbox 3368 3924 3559 3996; x_wconf 74' lang='lat' dir='ltr'><strong>contra</strong></span> 
     </span>
    </p>
   </div>
   <div class='ocr_carea' id='block_1_100' title="bbox 1956 4024 3561 4106">
    <p class='ocr_par' dir='ltr' id='par_1_100' title="bbox 1956 4024 3561 4106">
     <span class='ocr_line' id='line_1_100' title="bbox 1956 4024 3561 4106; baseline -0.003 -16"><span class='ocrx_word' id='word_1_670' title='bbox 1956 4034 2322 4106; x_wconf 77' lang='lat' dir='ltr'><strong>Magnentium</strong></span> <span class='ocrx_word' id='word_1_671' title='bbox 2366 4035 2534 4089; x_wconf 91' lang='lat' dir='ltr'><strong>armis</strong></span> <span class='ocrx_word' id='word_1_672' title='bbox 2579 4026 2887 4099; x_wconf 80' lang='lat' dir='ltr'><strong>certatum,</strong></span> <span class='ocrx_word' id='word_1_673' title='bbox 2938 4024 3290 4087; x_wconf 81' lang='lat' dir='ltr'><strong>Constantius</strong></span> <span class='ocrx_word' id='word_1_674' title='bbox 3334 4032 3561 4088; x_wconf 77' lang='lat' dir='ltr'><strong>descen-</strong></span> 
     </span>
    </p>
   </div>
   <div class='ocr_carea' id='block_1_101' title="bbox 1954 4114 3557 4197">
    <p class='ocr_par' dir='ltr' id='par_1_101' title="bbox 1954 4114 3557 4197">
     <span class='ocr_line' id='line_1_101' title="bbox 1954 4114 3557 4197; baseline -0.002 -15"><span class='ocrx_word' id='word_1_675' title='bbox 1954 4127 2085 4182; x_wconf 85' lang='lat' dir='ltr'><strong>dere</strong></span> <span class='ocrx_word' id='word_1_676' title='bbox 2132 4128 2185 4181; x_wconf 89' lang='lat' dir='ltr'><strong>in</strong></span> <span class='ocrx_word' id='word_1_677' title='bbox 2220 4124 2569 4197; x_wconf 87' lang='lat' dir='ltr'><strong>conspectum</strong></span> <span class='ocrx_word' id='word_1_678' title='bbox 2617 4122 2805 4196; x_wconf 64' lang='lat' dir='ltr'><strong>pugna:</strong></span> <span class='ocrx_word' id='word_1_679' title='bbox 2835 4116 2941 4180; x_wconf 89' lang='lat' dir='ltr'><strong>non</strong></span> <span class='ocrx_word' id='word_1_680' title='bbox 2971 4124 3137 4180; x_wconf 86' lang='lat' dir='ltr'><strong>ausus</strong></span> <span class='ocrx_word' id='word_1_681' title='bbox 3163 4166 3177 4192; x_wconf 93' lang='lat'><strong>,</strong></span> <span class='ocrx_word' id='word_1_682' title='bbox 3231 4124 3286 4180; x_wconf 88' lang='lat' dir='ltr'><strong>in</strong></span> <span class='ocrx_word' id='word_1_683' title='bbox 3333 4114 3557 4181; x_wconf 79' lang='lat' dir='ltr'><strong>basilica</strong></span> 
     </span>
    </p>
   </div>
   <div class='ocr_carea' id='block_1_102' title="bbox 1954 4204 3559 4290">
    <p class='ocr_par' dir='ltr' id='par_1_102' title="bbox 1954 4204 3559 4290">
     <span class='ocr_line' id='line_1_102' title="bbox 1954 4204 3559 4290; baseline -0.001 -17"><span class='ocrx_word' id='word_1_684' title='bbox 1954 4215 2249 4290; x_wconf 70' lang='lat' dir='ltr'><strong>Martyrum</strong></span> <span class='ocrx_word' id='word_1_685' title='bbox 2279 4226 2429 4273; x_wconf 82' lang='lat' dir='ltr'><strong>extra</strong></span> <span class='ocrx_word' id='word_1_686' title='bbox 2462 4217 2719 4287; x_wconf 76' lang='lat' dir='ltr'><strong>Oppidum</strong></span> <span class='ocrx_word' id='word_1_687' title='bbox 2750 4212 2875 4283; x_wconf 67' lang='lat' dir='ltr'><strong>sita,</strong></span> <span class='ocrx_word' id='word_1_688' title='bbox 2907 4210 3139 4270; x_wconf 83' lang='lat' dir='ltr'><strong>Valente</strong></span> <span class='ocrx_word' id='word_1_689' title='bbox 3162 4212 3272 4270; x_wconf 76' lang='lat' dir='ltr'><strong>iuni</strong></span> <span class='ocrx_word' id='word_1_690' title='bbox 3303 4218 3423 4287; x_wconf 86' lang='lat' dir='ltr'><strong>ejus</strong></span> <span class='ocrx_word' id='word_1_691' title='bbox 3454 4204 3559 4272; x_wconf 75' lang='lat' dir='ltr'><strong>loci</strong></span> 
     </span>
    </p>
   </div>
   <div class='ocr_carea' id='block_1_103' title="bbox 1952 4304 3555 4383">
    <p class='ocr_par' dir='ltr' id='par_1_103' title="bbox 1952 4304 3555 4383">
     <span class='ocr_line' id='line_1_103' title="bbox 1952 4304 3555 4383; baseline -0.002 -15"><span class='ocrx_word' id='word_1_692' title='bbox 1952 4312 2208 4383; x_wconf 75' lang='lat' dir='ltr'><strong>episcopo</strong></span> <span class='ocrx_word' id='word_1_693' title='bbox 2258 4313 2311 4367; x_wconf 86' lang='lat' dir='ltr'><strong>in</strong></span> <span class='ocrx_word' id='word_1_694' title='bbox 2343 4310 2596 4367; x_wconf 79' lang='lat' dir='ltr'><strong>sulatitttit</strong></span> <span class='ocrx_word' id='word_1_695' title='bbox 2631 4310 2940 4380; x_wconf 71' lang='lat' dir='ltr'><strong>assumpto,</strong></span> <span class='ocrx_word' id='word_1_696' title='bbox 2972 4304 3282 4365; x_wconf 72' lang='lat' dir='ltr'><strong>diversalué</strong></span> <span class='ocrx_word' id='word_1_697' title='bbox 3307 4308 3409 4365; x_wconf 81' lang='lat' dir='ltr'><strong>est.</strong></span> <span class='ocrx_word' id='word_1_698' title='bbox 3441 4304 3555 4365; x_wconf 72' lang='lat' dir='ltr'><strong>Cte-</strong></span> 
     </span>
    </p>
   </div>
   <div class='ocr_carea' id='block_1_104' title="bbox 1953 4396 3555 4474">
    <p class='ocr_par' dir='ltr' id='par_1_104' title="bbox 1953 4396 3555 4474">
     <span class='ocr_line' id='line_1_104' title="bbox 1953 4396 3555 4474; baseline -0.002 -14"><span class='ocrx_word' id='word_1_699' title='bbox 1953 4412 2127 4461; x_wconf 89' lang='lat' dir='ltr'><strong>termn</strong></span> <span class='ocrx_word' id='word_1_700' title='bbox 2158 4404 2355 4461; x_wconf 74' lang='lat' dir='ltr'><strong>valens</strong></span> <span class='ocrx_word' id='word_1_701' title='bbox 2382 4404 2583 4459; x_wconf 78' lang='lat' dir='ltr'><strong>Callide</strong></span> <span class='ocrx_word' id='word_1_702' title='bbox 2626 4406 2721 4474; x_wconf 67' lang='lat' dir='ltr'><strong>{er</strong></span> <span class='ocrx_word' id='word_1_703' title='bbox 2768 4402 2897 4459; x_wconf 69' lang='lat' dir='ltr'><strong>Suos</strong></span> <span class='ocrx_word' id='word_1_704' title='bbox 2923 4398 3302 4474; x_wconf 75' lang='lat' dir='ltr'><strong>disposuerat,</strong></span> <span class='ocrx_word' id='word_1_705' title='bbox 3350 4414 3404 4457; x_wconf 92' lang='lat' dir='ltr'><strong>ut</strong></span> <span class='ocrx_word' id='word_1_706' title='bbox 3435 4396 3555 4473; x_wconf 80' lang='lat' dir='ltr'><strong>qni&#39;s</strong></span> 
     </span>
    </p>
   </div>
   <div class='ocr_carea' id='block_1_105' title="bbox 1953 4488 3563 4572">
    <p class='ocr_par' dir='ltr' id='par_1_105' title="bbox 1953 4488 3563 4572">
     <span class='ocr_line' id='line_1_105' title="bbox 1953 4488 3563 4572; baseline -0.005 -16"><span class='ocrx_word' id='word_1_707' title='bbox 1953 4497 2127 4572; x_wconf 64' lang='lat' dir='ltr'><strong>puelli</strong></span> <span class='ocrx_word' id='word_1_708' title='bbox 2162 4498 2353 4555; x_wconf 83' lang='lat' dir='ltr'><strong>fuisset</strong></span> <span class='ocrx_word' id='word_1_709' title='bbox 2381 4498 2634 4566; x_wconf 75' lang='lat' dir='ltr'><strong>eventus,</strong></span> <span class='ocrx_word' id='word_1_710' title='bbox 2660 4499 2869 4571; x_wconf 81' lang='lat' dir='ltr'><strong>primos</strong></span> <span class='ocrx_word' id='word_1_711' title='bbox 2893 4494 3261 4569; x_wconf 81' lang='lat' dir='ltr'><strong>cognosceret</strong></span> <span class='ocrx_word' id='word_1_712' title='bbox 3287 4512 3301 4554; x_wconf 91' lang='lat'><strong>:</strong></span> <span class='ocrx_word' id='word_1_713' title='bbox 3332 4498 3413 4551; x_wconf 84' lang='lat' dir='ltr'><strong>vel</strong></span> <span class='ocrx_word' id='word_1_714' title='bbox 3440 4488 3563 4566; x_wconf 64' lang='lat' dir='ltr'><strong>grii—</strong></span> 
     </span>
    </p>
   </div>
   <div class='ocr_carea' id='block_1_106' title="bbox 1954 4578 3556 4665">
    <p class='ocr_par' dir='ltr' id='par_1_106' title="bbox 1954 4578 3556 4665">
     <span class='ocr_line' id='line_1_106' title="bbox 1954 4578 3556 4665; baseline -0.002 -16"><span class='ocrx_word' id='word_1_715' title='bbox 1954 4595 2085 4650; x_wconf 90' lang='lat' dir='ltr'><strong>tiam</strong></span> <span class='ocrx_word' id='word_1_716' title='bbox 2119 4594 2267 4665; x_wconf 81' lang='lat' dir='ltr'><strong>regis</strong></span> <span class='ocrx_word' id='word_1_717' title='bbox 2295 4590 2556 4665; x_wconf 89' lang='lat' dir='ltr'><strong>captans,</strong></span> <span class='ocrx_word' id='word_1_718' title='bbox 2593 4593 2637 4648; x_wconf 91' lang='lat' dir='ltr'><strong>si</strong></span> <span class='ocrx_word' id='word_1_719' title='bbox 2670 4578 2826 4664; x_wconf 54' lang='lat' dir='ltr'><strong>prius</strong></span> <span class='ocrx_word' id='word_1_720' title='bbox 2870 4582 3069 4647; x_wconf 88' lang='lat' dir='ltr'><strong>bonum</strong></span> <span class='ocrx_word' id='word_1_721' title='bbox 3104 4583 3363 4647; x_wconf 77' lang='lat' dir='ltr'><strong>nuntium</strong></span> <span class='ocrx_word' id='word_1_722' title='bbox 3395 4578 3556 4647; x_wconf 65' lang='lat' dir='ltr'><strong>deﬁt;</strong></span> 
     </span>
    </p>
   </div>
   <div class='ocr_carea' id='block_1_107' title="bbox 1872 4650 3561 4757">
    <p class='ocr_par' dir='ltr' id='par_1_107' title="bbox 1872 4650 3561 4757">
     <span class='ocr_line' id='line_1_107' title="bbox 1872 4650 3561 4757; baseline -0.002 -12"><span class='ocrx_word' id='word_1_723' title='bbox 1872 4650 1925 4734; x_wconf 61' lang='grc' dir='ltr'><strong>ί)</strong></span> <span class='ocrx_word' id='word_1_724' title='bbox 1953 4690 2109 4746; x_wconf 91' lang='lat' dir='ltr'><strong>lisset</strong></span> <span class='ocrx_word' id='word_1_725' title='bbox 2144 4707 2155 4743; x_wconf 91' lang='lat'><strong>:</strong></span> <span class='ocrx_word' id='word_1_726' title='bbox 2199 4690 2280 4745; x_wconf 88' lang='lat' dir='ltr'><strong>vel</strong></span> <span class='ocrx_word' id='word_1_727' title='bbox 2330 4691 2457 4745; x_wconf 65' lang='lat' dir='ltr'><strong>vitaz</strong></span> <span class='ocrx_word' id='word_1_728' title='bbox 2503 4688 2796 4743; x_wconf 90' lang='lat' dir='ltr'><strong>consulens</strong></span> <span class='ocrx_word' id='word_1_729' title='bbox 2823 4729 2839 4753; x_wconf 89' lang='lat'><strong>,</strong></span> <span class='ocrx_word' id='word_1_730' title='bbox 2889 4692 3285 4757; x_wconf 88' lang='lat' dir='ltr'><strong>antecapturus</strong></span> <span class='ocrx_word' id='word_1_731' title='bbox 3314 4668 3561 4757; x_wconf 53' lang='lat' dir='ltr'><strong>fugiendi</strong></span> 
     </span>
    </p>
   </div>
   <div class='ocr_carea' id='block_1_108' title="bbox 1949 4762 3557 4859">
    <p class='ocr_par' dir='ltr' id='par_1_108' title="bbox 1949 4762 3557 4859">
     <span class='ocr_line' id='line_1_108' title="bbox 1949 4762 3557 4859; baseline -0.002 -19"><span class='ocrx_word' id='word_1_732' title='bbox 1949 4788 2211 4857; x_wconf 67' lang='lat' dir='ltr'><strong>spatium,</strong></span> <span class='ocrx_word' id='word_1_733' title='bbox 2242 4787 2285 4840; x_wconf 89' lang='lat' dir='ltr'><strong>si</strong></span> <span class='ocrx_word' id='word_1_734' title='bbox 2312 4786 2441 4856; x_wconf 73' lang='lat' dir='ltr'><strong>Quid</strong></span> <span class='ocrx_word' id='word_1_735' title='bbox 2471 4780 2667 4839; x_wconf 73' lang='lat' dir='ltr'><strong>eontra</strong></span> <span class='ocrx_word' id='word_1_736' title='bbox 2698 4774 3006 4838; x_wconf 80' lang='lat' dir='ltr'><strong>accidis‘Sct.</strong></span> <span class='ocrx_word' id='word_1_737' title='bbox 3039 4762 3228 4853; x_wconf 63' lang='lat' dir='ltr'><strong>Itaque</strong></span> <span class='ocrx_word' id='word_1_738' title='bbox 3251 4766 3437 4853; x_wconf 79' lang='lat' dir='ltr'><strong>paucis</strong></span> <span class='ocrx_word' id='word_1_739' title='bbox 3464 4762 3557 4859; x_wconf 68' lang='lat' dir='ltr'><strong>qui</strong></span> 
     </span>
    </p>
   </div>
   <div class='ocr_carea' id='block_1_109' title="bbox 1947 4868 3555 4950">
    <p class='ocr_par' dir='ltr' id='par_1_109' title="bbox 1947 4868 3555 4950">
     <span class='ocr_line' id='line_1_109' title="bbox 1947 4868 3555 4950; baseline -0.004 -15"><span class='ocrx_word' id='word_1_740' title='bbox 1947 4883 2093 4935; x_wconf 86' lang='lat' dir='ltr'><strong>circa</strong></span> <span class='ocrx_word' id='word_1_741' title='bbox 2115 4882 2298 4950; x_wconf 79' lang='lat' dir='ltr'><strong>regem</strong></span> <span class='ocrx_word' id='word_1_742' title='bbox 2332 4874 2516 4943; x_wconf 80' lang='lat' dir='ltr'><strong>erant,</strong></span> <span class='ocrx_word' id='word_1_743' title='bbox 2547 4889 2697 4932; x_wconf 89' lang='lat' dir='ltr'><strong>metu</strong></span> <span class='ocrx_word' id='word_1_744' title='bbox 2731 4876 2976 4946; x_wconf 82' lang='lat' dir='ltr'><strong>trepidis.</strong></span> <span class='ocrx_word' id='word_1_745' title='bbox 3005 4872 3342 4946; x_wconf 78' lang='lat' dir='ltr'><strong>imperatore</strong></span> <span class='ocrx_word' id='word_1_746' title='bbox 3369 4868 3555 4941; x_wconf 75' lang='lat' dir='ltr'><strong>anxio,</strong></span> 
     </span>
    </p>
   </div>
   <div class='ocr_carea' id='block_1_110' title="bbox 1951 4958 3549 5044">
    <p class='ocr_par' dir='ltr' id='par_1_110' title="bbox 1951 4958 3549 5044">
     <span class='ocr_line' id='line_1_110' title="bbox 1951 4958 3549 5044; baseline -0.003 -17"><span class='ocrx_word' id='word_1_747' title='bbox 1951 4975 2156 5044; x_wconf 85' lang='lat' dir='ltr'><strong>primus</strong></span> <span class='ocrx_word' id='word_1_748' title='bbox 2186 4973 2404 5028; x_wconf 87' lang='lat' dir='ltr'><strong>nuntiat</strong></span> <span class='ocrx_word' id='word_1_749' title='bbox 2440 4966 2629 5028; x_wconf 84' lang='lat' dir='ltr'><strong>hostes</strong></span> <span class='ocrx_word' id='word_1_750' title='bbox 2671 4968 2877 5042; x_wconf 84' lang='lat' dir='ltr'><strong>lugere.</strong></span> <span class='ocrx_word' id='word_1_751' title='bbox 2910 4969 3045 5026; x_wconf 90' lang='lat' dir='ltr'><strong>Cum</strong></span> <span class='ocrx_word' id='word_1_752' title='bbox 3082 4964 3172 5025; x_wconf 84' lang='lat' dir='ltr'><strong>ille</strong></span> <span class='ocrx_word' id='word_1_753' title='bbox 3207 4968 3440 5026; x_wconf 83' lang='lat' dir='ltr'><strong>indicem</strong></span> <span class='ocrx_word' id='word_1_754' title='bbox 3468 4958 3549 5039; x_wconf 85' lang='lat' dir='ltr'><strong>ip-</strong></span> 
     </span>
    </p>
   </div>
   <div class='ocr_carea' id='block_1_111' title="bbox 1948 5058 3555 5138">
    <p class='ocr_par' dir='ltr' id='par_1_111' title="bbox 1948 5058 3555 5138">
     <span class='ocr_line' id='line_1_111' title="bbox 1948 5058 3555 5138; baseline -0.002 -15"><span class='ocrx_word' id='word_1_755' title='bbox 1948 5082 2068 5123; x_wconf 85' lang='lat' dir='ltr'><strong>sum</strong></span> <span class='ocrx_word' id='word_1_756' title='bbox 2104 5066 2397 5122; x_wconf 86' lang='lat' dir='ltr'><strong>intrOmitti</strong></span> <span class='ocrx_word' id='word_1_757' title='bbox 2421 5062 2701 5138; x_wconf 81' lang='lat' dir='ltr'><strong>posceret,</strong></span> <span class='ocrx_word' id='word_1_758' title='bbox 2736 5063 2959 5132; x_wconf 79' lang='lat' dir='ltr'><strong>Valens,</strong></span> <span class='ocrx_word' id='word_1_759' title='bbox 2996 5058 3051 5120; x_wconf 85' lang='lat' dir='ltr'><strong>ut</strong></span> <span class='ocrx_word' id='word_1_760' title='bbox 3078 5058 3439 5121; x_wconf 82' lang='lat' dir='ltr'><strong>reverentiam</strong></span> <span class='ocrx_word' id='word_1_761' title='bbox 3472 5060 3555 5120; x_wconf 88' lang='lat' dir='ltr'><strong>sui</strong></span> 
     </span>
    </p>
   </div>
   <div class='ocr_carea' id='block_1_112' title="bbox 1949 5148 3550 5232">
    <p class='ocr_par' dir='ltr' id='par_1_112' title="bbox 1949 5148 3550 5232">
     <span class='ocr_line' id='line_1_112' title="bbox 1949 5148 3550 5232; baseline -0.002 -17"><span class='ocrx_word' id='word_1_762' title='bbox 1949 5162 2207 5226; x_wconf 89' lang='lat' dir='ltr'><strong>adderet,</strong></span> <span class='ocrx_word' id='word_1_763' title='bbox 2260 5161 2511 5232; x_wconf 83' lang='lat' dir='ltr'><strong>angelum</strong></span> <span class='ocrx_word' id='word_1_764' title='bbox 2555 5161 2660 5215; x_wconf 86' lang='lat' dir='ltr'><strong>sibi</strong></span> <span class='ocrx_word' id='word_1_765' title='bbox 2714 5161 2888 5216; x_wconf 89' lang='lat' dir='ltr'><strong>fuisse</strong></span> <span class='ocrx_word' id='word_1_766' title='bbox 2938 5158 3185 5214; x_wconf 91' lang='lat' dir='ltr'><strong>nuntium</strong></span> <span class='ocrx_word' id='word_1_767' title='bbox 3244 5148 3550 5229; x_wconf 86' lang='lat' dir='ltr'><strong>respondit.</strong></span> 
     </span>
    </p>
   </div>
   <div class='ocr_carea' id='block_1_113' title="bbox 1949 5244 3553 5324">
    <p class='ocr_par' dir='ltr' id='par_1_113' title="bbox 1949 5244 3553 5324">
     <span class='ocr_line' id='line_1_113' title="bbox 1949 5244 3553 5324; baseline -0.004 -14"><span class='ocrx_word' id='word_1_768' title='bbox 1949 5253 2151 5310; x_wconf 79' lang='lat' dir='ltr'><strong>Facilis</strong></span> <span class='ocrx_word' id='word_1_769' title='bbox 2182 5255 2249 5309; x_wconf 87' lang='lat' dir='ltr'><strong>ad</strong></span> <span class='ocrx_word' id='word_1_770' title='bbox 2278 5250 2617 5309; x_wconf 82' lang='lat' dir='ltr'><strong>credendum</strong></span> <span class='ocrx_word' id='word_1_771' title='bbox 2670 5244 2994 5324; x_wconf 76' lang='lat' dir='ltr'><strong>imperator,</strong></span> <span class='ocrx_word' id='word_1_772' title='bbox 3036 5251 3211 5321; x_wconf 88' lang='lat' dir='ltr'><strong>palam</strong></span> <span class='ocrx_word' id='word_1_773' title='bbox 3248 5247 3431 5321; x_wconf 84' lang='lat' dir='ltr'><strong>postea</strong></span> <span class='ocrx_word' id='word_1_774' title='bbox 3465 5248 3553 5304; x_wconf 60' lang='lat' dir='ltr'><strong>di-~</strong></span> 
     </span>
    </p>
   </div>
   <div class='ocr_carea' id='block_1_114' title="bbox 1947 5332 3555 5414">
    <p class='ocr_par' dir='ltr' id='par_1_114' title="bbox 1947 5332 3555 5414">
     <span class='ocr_line' id='line_1_114' title="bbox 1947 5332 3555 5414; baseline -0.004 -10"><span class='ocrx_word' id='word_1_775' title='bbox 1947 5362 2072 5404; x_wconf 91' lang='lat' dir='ltr'><strong>cere</strong></span> <span class='ocrx_word' id='word_1_776' title='bbox 2120 5356 2202 5401; x_wconf 87' lang='lat' dir='ltr'><strong>eSt</strong></span> <span class='ocrx_word' id='word_1_777' title='bbox 2249 5343 2485 5414; x_wconf 82' lang='lat' dir='ltr'><strong>solitus,</strong></span> <span class='ocrx_word' id='word_1_778' title='bbox 2518 5350 2577 5401; x_wconf 79' lang='lat' dir='ltr'><strong>Se</strong></span> <span class='ocrx_word' id='word_1_779' title='bbox 2611 5338 2858 5401; x_wconf 75' lang='lat' dir='ltr'><strong>Valentis</strong></span> <span class='ocrx_word' id='word_1_780' title='bbox 2910 5334 3120 5400; x_wconf 80' lang='lat' dir='ltr'><strong>meritis</strong></span> <span class='ocrx_word' id='word_1_781' title='bbox 3144 5356 3161 5412; x_wconf 77' lang='lat'><strong>,‘</strong></span> <span class='ocrx_word' id='word_1_782' title='bbox 3206 5340 3311 5398; x_wconf 77' lang='lat' dir='ltr'><strong>non</strong></span> <span class='ocrx_word' id='word_1_783' title='bbox 3350 5332 3555 5398; x_wconf 79' lang='lat' dir='ltr'><strong>virttité</strong></span> 
     </span>
    </p>
   </div>
   <div class='ocr_carea' id='block_1_115' title="bbox 1946 5439 2470 5496">
    <p class='ocr_par' dir='ltr' id='par_1_115' title="bbox 1946 5439 2470 5496">
     <span class='ocr_line' id='line_1_115' title="bbox 1946 5439 2470 5496; baseline -0.008 0"><span class='ocrx_word' id='word_1_784' title='bbox 1946 5439 2223 5496; x_wconf 80' lang='lat' dir='ltr'><strong>exercitus</strong></span> <span class='ocrx_word' id='word_1_785' title='bbox 2252 5439 2470 5493; x_wconf 84' lang='lat' dir='ltr'><strong>vicisse.</strong></span> 
     </span>
    </p>
   </div>
   <div class='ocr_carea' id='block_1_116' title="bbox 2022 5520 3554 5600">
    <p class='ocr_par' dir='ltr' id='par_1_116' title="bbox 2022 5520 3554 5600">
     <span class='ocr_line' id='line_1_116' title="bbox 2022 5520 3554 5600; baseline -0.005 -14"><span class='ocrx_word' id='word_1_786' title='bbox 2022 5524 2267 5586; x_wconf 76' lang='lat' dir='ltr'><strong>XXXIX.</strong></span> <span class='ocrx_word' id='word_1_787' title='bbox 2313 5530 2395 5584; x_wconf 86' lang='lat' dir='ltr'><strong>Ab</strong></span> <span class='ocrx_word' id='word_1_788' title='bbox 2423 5530 2529 5587; x_wconf 88' lang='lat' dir='ltr'><strong>hoc</strong></span> <span class='ocrx_word' id='word_1_789' title='bbox 2578 5528 2731 5585; x_wconf 81' lang='lat' dir='ltr'><strong>initio</strong></span> <span class='ocrx_word' id='word_1_790' title='bbox 2779 5522 2946 5585; x_wconf 71' lang='lat' dir='ltr'><strong>IlleCti</strong></span> <span class='ocrx_word' id='word_1_791' title='bbox 2995 5526 3257 5600; x_wconf 76' lang='lat' dir='ltr'><strong>principis</strong></span> <span class='ocrx_word' id='word_1_792' title='bbox 3306 5520 3554 5580; x_wconf 60' lang='lat' dir='ltr'><strong>estulci&#39;e</strong></span> 
     </span>
    </p>
   </div>
   <div class='ocr_carea' id='block_1_117' title="bbox 1951 5610 3586 5697">
    <p class='ocr_par' dir='ltr' id='par_1_117' title="bbox 1951 5610 3586 5697">
     <span class='ocr_line' id='line_1_117' title="bbox 1951 5610 3586 5697; baseline -0.008 -15"><span class='ocrx_word' id='word_1_793' title='bbox 1951 5627 2163 5683; x_wconf 77' lang='lat' dir='ltr'><strong>animos</strong></span> <span class='ocrx_word' id='word_1_794' title='bbox 2196 5624 2424 5690; x_wconf 80' lang='lat' dir='ltr'><strong>Ariani,</strong></span> <span class='ocrx_word' id='word_1_795' title='bbox 2459 5622 2732 5697; x_wconf 81' lang='lat' dir='ltr'><strong>potestate</strong></span> <span class='ocrx_word' id='word_1_796' title='bbox 2774 5627 2922 5696; x_wconf 84' lang='lat' dir='ltr'><strong>regis</strong></span> <span class='ocrx_word' id='word_1_797' title='bbox 2962 5614 3112 5678; x_wconf 80' lang='lat' dir='ltr'><strong>nSnri</strong></span> <span class='ocrx_word' id='word_1_798' title='bbox 3137 5665 3152 5689; x_wconf 93' lang='lat'><strong>,</strong></span> <span class='ocrx_word' id='word_1_799' title='bbox 3178 5616 3281 5675; x_wconf 68' lang='lat' dir='ltr'><strong>ubi</strong></span> <span class='ocrx_word' id='word_1_800' title='bbox 3317 5610 3586 5674; x_wconf 83' lang='lat' dir='ltr'><strong>auctori-.</strong></span> 
     </span>
    </p>
   </div>
   <div class='ocr_carea' id='block_1_118' title="bbox 1950 5708 3551 5794">
    <p class='ocr_par' dir='ltr' id='par_1_118' title="bbox 1950 5708 3551 5794">
     <span class='ocr_line' id='line_1_118' title="bbox 1950 5708 3551 5794; baseline -0.006 -14"><span class='ocrx_word' id='word_1_801' title='bbox 1950 5735 2061 5781; x_wconf 88' lang='lat' dir='ltr'><strong>tate</strong></span> <span class='ocrx_word' id='word_1_802' title='bbox 2089 5720 2189 5780; x_wconf 75' lang='lat' dir='ltr'><strong>sua</strong></span> <span class='ocrx_word' id='word_1_803' title='bbox 2231 5724 2425 5794; x_wconf 85' lang='lat' dir='ltr'><strong>parum</strong></span> <span class='ocrx_word' id='word_1_804' title='bbox 2476 5708 2793 5777; x_wconf 70' lang='lat' dir='ltr'><strong>valuissent.</strong></span> <span class='ocrx_word' id='word_1_805' title='bbox 2840 5717 3009 5790; x_wconf 83' lang='lat' dir='ltr'><strong>Igitur</strong></span> <span class='ocrx_word' id='word_1_806' title='bbox 3050 5724 3171 5772; x_wconf 88' lang='lat' dir='ltr'><strong>cum</strong></span> <span class='ocrx_word' id='word_1_807' title='bbox 3222 5708 3551 5770; x_wconf 74' lang='lat' dir='ltr'><strong>sententiam</strong></span> 
     </span>
    </p>
   </div>
   <div class='ocr_carea' id='block_1_119' title="bbox 1950 5804 3551 5889">
    <p class='ocr_par' dir='ltr' id='par_1_119' title="bbox 1950 5804 3551 5889">
     <span class='ocr_line' id='line_1_119' title="bbox 1950 5804 3551 5889; baseline -0.007 -13"><span class='ocrx_word' id='word_1_808' title='bbox 1950 5822 2165 5887; x_wconf 74' lang='lat' dir='ltr'><strong>eorum,</strong></span> <span class='ocrx_word' id='word_1_809' title='bbox 2214 5804 2373 5889; x_wconf 71' lang='lat' dir='ltr'><strong>quam</strong></span> <span class='ocrx_word' id='word_1_810' title='bbox 2421 5815 2488 5871; x_wconf 91' lang='lat' dir='ltr'><strong>de</strong></span> <span class='ocrx_word' id='word_1_811' title='bbox 2518 5813 2820 5871; x_wconf 85' lang='lat' dir='ltr'><strong>Athanasio</strong></span> <span class='ocrx_word' id='word_1_812' title='bbox 2868 5812 3168 5877; x_wconf 86' lang='lat' dir='ltr'><strong>dederant,</strong></span> <span class='ocrx_word' id='word_1_813' title='bbox 3223 5804 3393 5861; x_wconf 76' lang='lat' dir='ltr'><strong>itoStri</strong></span> <span class='ocrx_word' id='word_1_814' title='bbox 3441 5812 3551 5864; x_wconf 87' lang='lat' dir='ltr'><strong>non</strong></span> 
     </span>
    </p>
   </div>
   <div class='ocr_carea' id='block_1_120' title="bbox 1953 5901 3560 5989">
    <p class='ocr_par' dir='ltr' id='par_1_120' title="bbox 1953 5901 3560 5989">
     <span class='ocr_line' id='line_1_120' title="bbox 1953 5901 3560 5989; baseline -0.007 -17"><span class='ocrx_word' id='word_1_815' title='bbox 1953 5918 2308 5989; x_wconf 82' lang='lat' dir='ltr'><strong>reciperent,</strong></span> <span class='ocrx_word' id='word_1_816' title='bbox 2342 5912 2582 5971; x_wconf 86' lang='lat' dir='ltr'><strong>edictum</strong></span> <span class='ocrx_word' id='word_1_817' title='bbox 2620 5910 2692 5968; x_wconf 83' lang='lat' dir='ltr'><strong>ab</strong></span> <span class='ocrx_word' id='word_1_818' title='bbox 2741 5904 3075 5982; x_wconf 82' lang='lat' dir='ltr'><strong>imperatore</strong></span> <span class='ocrx_word' id='word_1_819' title='bbox 3120 5901 3466 5978; x_wconf 68' lang='lat' dir='ltr'><strong>preponitur,</strong></span> <span class='ocrx_word' id='word_1_820' title='bbox 3500 5914 3560 5961; x_wconf 92' lang='lat' dir='ltr'><strong>ut</strong></span> 
     </span>
    </p>
   </div>
  </div>
