4106 6344
479 290 575 345 ιδι

1807 280 2097 341 SULPICII
2136 280 2395 339 SEVERI

3686 286 3788 344 152

472 403 566 475 qui
600 403 653 457 in
680 401 1088 458 damnationem
1133 400 1418 456 Athanasii
1449 414 1558 455 non
1585 397 1991 463 suscriberent,
2025 396 2078 451 in
2110 397 2155 458 Α
2188 396 2269 451 his
2296 398 2685 455 certaminibus
2728 414 3045 469 processum
3066 444 3081 468 ,
3115 411 3175 455 ut
3210 402 3515 459 istiusmodi
3565 403 3791 473 piaculis

479 497 733 554 exsilium
766 496 1130 569 pellerentur.
1169 493 1441 551 Car-terum
1471 510 1498 549 a
1544 494 1750 549 nostris
1783 502 1895 548 tum
1939 491 2085 563 apud

478 593 755 647 Arelatem
786 606 849 646 ac
880 589 1127 645 Biterras
1162 632 1176 655 ,
1211 591 1415 659 Oppida
1445 588 1770 653 Galliarum,
1804 588 2090 658 episcopo-

477 700 597 741 rum
645 684 877 739 concilia
936 684 1107 739 fuere.
1169 683 1502 748 Petebatur,
1564 692 1621 737 ut
1673 684 1986 753 priusquam
2036 682 2088 737 in

483 778 844 833 Athanasium
876 777 1223 832 subscribere
1254 786 1611 847 cogerentur,
1647 775 1716 831 de
1759 775 1865 831 fide
1909 776 2093 845 potius

482 872 856 942 disceptarent
888 890 899 925 :
936 886 999 926 ac
1031 883 1140 925 tum
1173 870 1393 925 demum
1427 871 1496 925 de
1531 888 1589 926 re
1614 869 2091 941 ct-gnoscendum,

484 978 607 1019 cum
638 965 707 1020 de
756 979 987 1033 persona
1032 962 1299 1032 judicium
1350 962 1709 1019 constitisset.
1755 962 1862 1019 Sed
1898 963 2096 1020 Valens

485 1057 732 1128 sociique
761 1057 880 1126 ejus
932 1057 1083 1127 prius
1125 1055 1411 1111 Athanasii
1461 1057 1868 1111 damnationem
1916 1067 2097 1113 extor-

486 1166 656 1222 qnere
684 1150 1010 1220 cupiebant,
1043 1149 1110 1204 de
1143 1146 1246 1203 fide
1278 1160 1494 1205 certare
1537 1165 1647 1204 non
1673 1151 1791 1204 ausi
1835 1168 1846 1203 :
1893 1150 1962 1206 ab
1994 1150 2097 1207 hoc

490 1245 730 1313 partium
764 1245 1029 1300 cttnflictu
1075 1247 1255 1315 agitur
1305 1246 1357 1300 in
1399 1245 1653 1300 ciuilium
1695 1245 1974 1301 Paulinus.
2008 1246 2097 1301 ln-

488 1350 640 1395 terea
691 1339 1057 1394 Mediolanum
1092 1340 1445 1406 convenitur,
1484 1341 1573 1395 tibi
1623 1349 1733 1394 tum
1781 1340 1971 1395 aderat
2000 1340 2099 1395 im-

496 1444 739 1503 perator.
772 1434 976 1488 Eadem
1010 1434 1103 1488 illa
1134 1433 1420 1489 contentio
1452 1434 1584 1489 nihil
1616 1435 1845 1490 invicem
1882 1435 2095 1490 relaxa-

490 1525 603 1580 bat.
656 1525 793 1581 Tum
853 1526 1128 1582 Eusebius
1186 1526 1622 1583 Vercellensinm
1678 1538 1733 1585 et
1793 1528 2009 1584 Lucifer
2072 1545 2100 1583 a

485 1620 699 1674 Caralis
726 1620 1017 1687 Sardiniae,
1051 1621 1294 1691 episc0pi
1321 1622 1571 1693 relegati.
1596 1623 1868 1679 Caeterum
1900 1625 2101 1697 Diony-

494 1713 608 1768 sius
638 1712 1134 1769 Mediolanensintn
1169 1713 1440 1769 Sacerdos
1472 1716 1525 1770 in
1556 1715 1841 1771 Athanasii
1872 1716 2101 1772 damna-

2190 492 2340 547 orbis
2371 503 2637 549 terrarum
2667 494 3066 564 implicaretur.
3095 496 3229 552 Nam
3261 496 3485 563 italiam,
3514 497 3791 572 Illyricum

2190 594 2352 655 atque
2378 586 2657 642 Orientem
2689 586 2891 645 Valens
2921 599 2976 645 et
3008 589 3269 646 Ursacius
3304 592 3624 663 cteteriqne,
3654 572 3794 663 quo-

2192 694 2311 735 rum
2348 680 2566 735 nomina
2601 680 2873 736 edidimus
2897 724 2912 745 ,
2962 682 3285 738 infecerant.
3332 683 3539 740 Gallias
3581 695 3797 740 nostras

2196 772 2482 828 Saturnius
2528 773 2935 829 Arelatensium
2966 776 3257 845 episcopus
3285 818 3298 841 ,
3334 775 3497 831 homo
3526 774 3799 845 impotens

2195 876 2251 923 et
2283 866 2565 933 factiosus,
2598 869 2906 936 premebat.
2938 868 3124 925 Osium
3176 884 3392 941 quoque
3432 871 3502 924 ab
3543 870 3800 941 Hispania

2199 960 2251 1014 iu
2282 960 2532 1017 eamdem
2565 962 2853 1032 perfidiam
2880 962 3228 1019 concessisse
3258 964 3447 1033 opinio
3475 961 3573 1018 fuit
3612 980 3626 1019 :
3656 963 3801 1035 quod

2199 1070 2266 1111 eo
2295 1058 2491 1111 mirum
2521 1066 2683 1126 atque
2714 1058 3037 1114 incredibile
3066 1058 3303 1123 videtur,
3338 1061 3459 1127 quia
3504 1060 3652 1115 omni
3691 1058 3803 1115 fere

2200 1148 2375 1203 aetatis
2399 1164 2513 1204 suae
2545 1159 2792 1221 tempore
2832 1152 3314 1208 constantissimus
3341 1160 3649 1208 nostrarum
3679 1167 3804 1223 par-

2202 1242 2358 1308 tium,
2374 1252 2423 1296 et
2447 1242 2663 1297 Nica-na
2682 1244 2922 1315 synodus
2940 1254 3164 1300 auctore
3193 1246 3287 1301 illo
3304 1245 3551 1303 confecta
3570 1244 3805 1301 habeba-

2204 1345 2320 1391 tur:
2342 1338 2443 1391 nisi
2471 1336 2761 1393 fatiscente
2784 1354 2921 1404 aevo;
2942 1341 3143 1395 ett-nim
3162 1340 3334 1411 major
3352 1344 3673 1396 centenario
3688 1340 3805 1404 fuit.

2203 1440 2261 1484 ut
2289 1439 2501 1483 sanctus
2529 1430 2774 1485 Hilarius
2818 1430 2872 1486 in
2923 1431 3175 1500 epistolis
3226 1434 3424 1499 refert;
3468 1433 3806 1490 deliraverit.

2204 1522 2417 1592 Quibus
2468 1524 2635 1579 rebus
2684 1526 3009 1595 perturbato
3037 1527 3173 1583 orbe
3220 1537 3509 1593 terrarum,
3542 1539 3598 1583 et
3621 1529 3811 1584 morbo

2206 1614 2439 1685 quodam
2468 1615 2731 1671 Ecclesiis
2762 1617 3175 1688 languentibus,
3207 1619 3427 1691 segnior
3453 1619 3812 1691 quidem,sed

2208 1721 2314 1760 non
2338 1707 2521 1761 minus
2537 1709 2717 1779 gravis
2736 1723 2865 1763 cura
2888 1708 3186 1780 principem
3214 1710 3547 1766 exercebat:
3573 1710 3718 1781 quod
3747 1711 3782 1766 li
3798 1741 3812 1753 -

494 1807 701 1861 tiOnem
743 1821 802 1861 se
829 1808 1147 1863 consentire
1177 1808 1541 1877 subscripsit,
1571 1808 1869 1863 dummodo
1901 1809 1969 1865 de
1998 1809 2101 1864 fide
2132 1794 2179 1863 Β
2206 1807 2295 1855 cel
2341 1799 2527 1854 Ariani
2575 1801 2773 1870 quibus
2818 1803 3067 1868 favebat,
3122 1803 3436 1874 superiores
3466 1803 3816 1866 viderentur.

498 1902 643 1954 inter
673 1898 966 1969 epiSCOpos
995 1912 1360 1970 quaereretur.
1391 1899 1496 1955 Sed
1531 1900 1733 1956 Valens
1764 1912 1817 1957 et
1852 1900 2112 1957 Ursacius

495 1991 816 2062 creterique,
849 2003 995 2047 metu
1030 1991 1207 2061 plebis
1235 2007 1358 2063 quae
1388 1991 1713 2047 catholicam
1750 1992 1912 2049 fidem
1957 2008 2113 2063 egre-

498 2084 588 2155 gio
620 2083 800 2139 studio
832 2084 1223 2149 conservabat,
1267 2101 1373 2139 non
1421 2086 1539 2139 ausi
1583 2083 1796 2156 piacula
1829 2087 2110 2158 profiteri,

498 2179 646 2233 intra
685 2177 943 2249 palatium
996 2188 1421 2248 congregantur.
1475 2178 1628 2233 Illinc
1677 2179 1964 2249 epistolam
2014 2180 2117 2236 sub

502 2272 851 2343 imperatoris
882 2274 1105 2327 nomine
1147 2273 1409 2328 emittunt
1449 2273 1605 2330 omni
1636 2275 1910 2346 pravitate
1945 2278 2119 2332 refer-

504 2374 650 2433 tam;
699 2383 765 2423 eo
813 2367 1075 2422 nimirum
1118 2368 1371 2432 consilio,
1423 2377 1480 2422 tit
1525 2367 1570 2422 si
1602 2385 1721 2423 eam
1770 2370 1943 2440 aequis
1975 2369 2118 2425 auri-

507 2459 609 2514 bus
643 2459 877 2529 populus
932 2460 1253 2526 recepisset,
1302 2460 1517 2530 publica
1565 2462 1893 2518 auctoritate
1936 2464 2115 2533 cupita

508 2552 850 2621 proferrent;
881 2553 966 2606 sin
998 2551 1158 2607 aliter
1189 2552 1379 2607 fuisset
1414 2562 1665 2623 excepta,
1704 2554 1883 2609 omnis
1912 2556 2117 2611 invidia

504 2645 737 2698 essetin
768 2658 920 2715 rege,
954 2653 1008 2698 et
1037 2646 1151 2716 ipsa
1185 2644 1415 2699 venialis
1449 2663 1462 2699 :
1495 2646 1621 2715 quia
1639 2646 1803 2700 etiam
1830 2655 1942 2702 tum
1967 2656 2119 2705 cate-

509 2736 816 2792 chumenus
864 2748 1271 2793 sacramentum
1323 2737 1449 2793 fidei
1498 2741 1693 2795 merito
1723 2741 2001 2797 videretur
2026 2758 2124 2813 po-

510 2830 688 2886 tuisse
738 2831 971 2885 nescire.
1005 2830 1172 2903 Igitur
1223 2832 1419 2888 lectam
1471 2832 1524 2887 in
1568 2834 1799 2891 ecclesia
1833 2836 2120 2905 epistolam

514 2925 749 2995 papulus
783 2938 1095 2981 aversatur.
1129 2926 1446 3000 Dionysius,
1474 2931 1599 3000 quia
1632 2946 1737 2985 non
1767 2941 1914 2987 esset
1937 2946 2125 2987 assen-

509 3035 625 3086 sus,
664 3021 799 3076 urbe
824 3023 1046 3092 pellitur
1075 3040 1091 3077 :
1116 3026 1411 3096 statimque
1452 3028 1570 3097 ejus
1612 3028 1665 3081 in
1694 3027 1877 3083 locum
1907 3029 2122 3097 episco-

511 3131 613 3187 pus
663 3116 1012 3188 subrogatur.
1062 3118 1317 3174 Liberius
1360 3136 1581 3191 quoque
1622 3120 1773 3177 urbis
1837 3122 2026 3177 Romae
2070 3131 2125 3177 et

2214 1893 2447 1951 necdum
2483 1904 2667 1952 tamen
2713 1896 2781 1951 de
2813 1897 2921 1953 fide
2966 1898 3109 1954 inter
3153 1899 3442 1971 episcopos
3472 1901 3815 1956 conveniret.

2285 1988 2424 2044 XLI.
2468 1988 2638 2060 Igitur
2669 1992 2811 2062 apud
2846 1991 3147 2047 Ariminum
3200 1992 3389 2049 urbem
3436 1992 3607 2048 Italiae
3653 2010 3819 2063 syno-

2215 2085 2344 2140 dum
2377 2086 2702 2155 eongregari
2730 2085 2886 2154 jubet
2912 2103 2926 2138 :
2956 2084 3117 2156 idque
3144 2085 3327 2141 Tauro
3367 2085 3624 2157 pra-fectu
3655 2087 3825 2157 impe-

2215 2188 2321 2245 rat,
2357 2188 2415 2233 ιιι
2439 2177 2702 2233 collectos
2743 2178 2794 2233 in
2826 2194 2995 2233 unum
3027 2195 3133 2233 non
3161 2189 3290 2235 ante
3318 2178 3625 2236 dimitteret
3663 2194 3823 2251 quam

2218 2270 2271 2325 in
2316 2286 2481 2327 unam
2510 2269 2676 2326 fidem
2719 2272 3136 2337 consentirent,
3171 2258 3445 2343 promisso
3475 2272 3659 2328 eidem
3696 2288 3827 2328 con-

2218 2365 2419 2432 sulatu,
2455 2366 2499 2419 si
2545 2380 2661 2419 rem
2708 2364 2926 2421 effectui
2972 2366 3313 2422 tradidisset.
3370 2366 3445 2421 Ita
3497 2366 3683 2423 missis
3731 2382 3829 2439 per

2219 2459 2517 2534 Illyricum,
2566 2462 2802 2530 Italiam,
2853 2462 3131 2529 Africam,
3180 2464 3477 2535 Hispanias
3517 2463 3830 2536 Galliasque

2222 2555 2464 2626 Magistri
2488 2557 2836 2623 officialibus.
2872 2560 3030 2615 acciti
3057 2567 3151 2613 aut
3179 2558 3335 2612 macti
3360 2558 3749 2630 quadringenti
3776 2569 3831 2615 et

2224 2647 2508 2721 aliquanto
2546 2651 2781 2721 amplius
2813 2650 3195 2706 Occidentales
3239 2652 3482 2722 episcOpi
3530 2650 3832 2707 Ariminum

2223 2759 2534 2801 convenere
2561 2764 2573 2799 :
2600 2747 2797 2817 quibus
2821 2747 3077 2803 omnibus
3106 2761 3350 2803 annonas
3373 2757 3429 2803 et
3452 2747 3680 2803 cellaria
3705 2746 3834 2803 dare

2225 2838 2527 2909 imperator
2556 2850 2922 2910 pra'ceperat.
2959 2839 3066 2896 Sed
3112 2840 3161 2894 id
3205 2840 3407 2895 nostris
3448 2838 3527 2913 (id
3556 2848 3642 2894 est
3671 2843 3837 2911 Aqui-

2226 2929 2394 3003 tanis)
2417 2930 2585 2987 Gallis
2612 2947 2677 2987 ac
2708 2932 2985 2988 Britannis
3012 2932 3269 2987 indecens
3292 2934 3467 2987 visum
3495 2951 3508 2988 :
3539 2931 3838 3003 repudiatis

2228 3025 2503 3081 fiscalibus
2534 3068 2549 3092 ,
2600 3027 2838 3097 propriis
2886 3028 3193 3098 sumptibus
3256 3025 3440 3081 vivere
3504 3027 3837 3081 maluerunt.

2228 3117 2367 3173 Tres
2402 3128 2612 3174 tantum
2640 3135 2707 3174 ex
2741 3119 3016 3175 Britannia
3051 3121 3234 3190 inopia
3264 3119 3470 3190 proprii
3504 3118 3726 3189 publico
3758 3120 3839 3175 usi

513 3210 751 3265 Hilarius
782 3211 1130 3267 Pictavorum
1155 3214 1465 3283 cpiscopus,
1498 3215 1701 3270 dantur
1726 3216 1945 3272 exsilio.
1981 3217 2126 3270 Rho-
2153 3204 2200 3268 C
2234 3224 2359 3269 sunt
2388 3257 2401 3279 ,
2433 3229 2556 3270 cum
2584 3215 2819 3269 oblatam
2864 3231 2892 3268 a
2947 3216 3161 3271 caeteris
3207 3214 3555 3270 collationem
3602 3212 3841 3285 respuis-

514 3301 736 3356 daniutn
770 3318 990 3374 quoque
1040 3304 1374 3360 Tolosanum
1429 3308 1734 3363 antistitem
1775 3311 1889 3379 (qui
1936 3320 2128 3365 natura

519 3395 718 3458 lenior,
752 3410 861 3449 non
899 3406 1009 3451 tam
1044 3397 1160 3452 suis
1193 3399 1402 3454 viribus
1432 3416 1595 3470 quam
1628 3401 1819 3457 Iiilarii
1865 3404 2132 3460 societate

520 3503 629 3542 non
677 3500 919 3545 cesserat
978 3489 1220 3561 Arianis)
1266 3491 1456 3546 eadem
1508 3495 1753 3549 conditio
1798 3497 2067 3567 implicuit
2116 3515 2131 3555 ε

520 3600 650 3642 cum
701 3596 885 3642 tamen
933 3587 1187 3643 homines
1229 3589 1408 3659 parati
1458 3602 1646 3647 essent
1695 3593 2058 3648 Athanasium
2105 3608 2134 3647 a

520 3682 911 3736 communione
961 3682 1346 3753 suspendere,
1403 3685 1566 3741 modo
1617 3696 1675 3742 ut
1720 3686 1790 3743 de
1838 3688 1946 3743 ﬁde
1994 3689 2137 3743 inter

521 3777 815 3848 episcopos
844 3790 1213 3851 quaereretur,
1258 3783 1353 3837 sed
1399 3784 1619 3839 Arianis
1668 3784 1934 3854 Optimum
1962 3784 2137 3839 visum

528 3872 1015 3941 prmstantissimos
1048 3875 1198 3930 viros
1246 3890 1277 3930 a
1322 3877 1625 3933 certamine
1672 3878 2023 3932 submovere.
2065 3878 2138 3931 Ita

527 3965 673 4036 pulsi
702 3964 754 4020 in
785 3966 1061 4035 exsilium,
1090 3983 1229 4039 quos
1257 3985 1423 4041 supra
1448 3971 1879 4025 memoravimus
1901 4012 1916 4036 ,
1941 3969 2141 4027 abhinc

532 4074 707 4115 annos
730 4060 966 4131 quinque
989 4072 1043 4116 et
1072 4061 1461 4133 quadraginta,
1485 4061 1784 4118 Arbetione
1812 4072 1868 4117 et
1891 4063 2141 4120 Lolliano

533 4154 880 4222 consulibus;
913 4155 1010 4211 sed
1035 4155 1287 4211 Liberius
1312 4158 1476 4227 paulo
1505 4167 1627 4225 post
1656 4156 1782 4212 Urbi
1810 4157 2050 4213 redditur
2074 4157 2145 4214 ob

532 4251 838 4309 seditiones
868 4251 1166 4307 Romanas.
1196 4249 1472 4307 Caeterum
1512 4251 1733 4307 exsules
1764 4252 1898 4307 satis
1928 4262 2147 4309 constat

532 4346 697 4402 totius
742 4347 891 4402 orbis
936 4347 1133 4402 studiis
1162 4346 1475 4402 celebratos
1502 4388 1515 4411 ,
1551 4347 1918 4417 pecuniasque
1960 4348 2041 4403 eis
2091 4349 2144 4404 in

532 4450 810 4513 sumptum
862 4440 1072 4496 affatim
1125 4449 1419 4511 congestas
1450 4482 1463 4502 ,
1515 4441 1880 4511 legationibus
1930 4457 2147 4513 quoque

530 4548 628 4591 eos
658 4534 831 4604 plebis
861 4533 1149 4588 catholicae
1169 4548 1235 4588 ex
1263 4531 1521 4588 omnibus
1564 4530 1681 4589 fere
1712 4530 2009 4602 proi'inciis
2036 4532 2145 4588 fre-

536 4636 848 4700 quentatos.

610 4722 724 4779 XL.
771 4721 981 4778 Interea
1022 4721 1211 4777 Ariani
1261 4737 1370 4775 non
1416 4719 1669 4786 occulte,
1720 4729 1779 4775 ut
1826 4729 2014 4786 antea,
2047 4721 2143 4777 sed

538 4819 719 4891 palam
748 4832 811 4873 ac
843 4816 1060 4887 publice
1090 4816 1317 4871 haeresis
1346 4814 1551 4886 piacula
1579 4814 1953 4884 prmdieabant
1978 4832 1991 4867 :
2016 4817 2145 4885 quin

539 4914 709 4970 etiam
767 4912 1034 4984 synodum
1087 4911 1360 4965 Nica‘natn
1426 4923 1525 4976 pro
1571 4924 1628 4963 se
1684 4908 2147 4978 interpretantes,

540 5023 700 5078 quam
734 5007 893 5060 unius
944 5006 1137 5059 littera:
1168 5002 1482 5072 adjectione
1528 5010 1925 5069 corruperant,
1958 5001 2151 5072 caligi-

542 5114 666 5155 nem
690 5098 977 5169 quamdam
1003 5096 1307 5167 injecerant
1332 5092 1549 5150 veritati
1577 5114 1588 5150 :
1615 5109 1738 5149 nam
1768 5092 1855 5147 ubi
1880 5093 2146 5165 ὁμοούσιον

540 5202 661 5250 erat
686 5192 975 5260 scriptum,
1008 5190 1151 5261 qttod
1186 5198 1266 5244 cst
1298 5190 1453 5243 unius
1484 5188 1802 5253 substantiae,
1834 5187 1908 5241 illi
1941 5187 2145 5258 ὁμοιού-

545 5308 679 5353 σιον,
710 5284 855 5355 quod
886 5292 969 5339 est
997 5283 1182 5337 similis
1210 5281 1536 5349 substantiae,
1563 5283 1825 5352 seriptum
1855 5294 1978 5335 esse
2003 5280 2150 5336 dice-

546 5380 681 5435 bant
712 5396 726 5433 :
758 5377 1126 5433 concedentes
1176 5377 1616 5436 similitudinem.
1669 5375 1799 5431 dum
1849 5374 2153 5430 adimerent

545 5477 808 5534 unitatem
833 5519 847 5543 ,
883 5477 1007 5547 quia
1040 5476 1267 5530 multum
1300 5474 1369 5530 ab
1412 5472 1621 5529 unitate
1653 5470 1956 5527 similitudo
1982 5470 2153 5526 dista-

550 5581 663 5638 ret;
695 5581 773 5636 ut,
807 5571 953 5628 verbi
983 5568 1191 5642 gratia,
1224 5568 1440 5640 pictura
1472 5567 1693 5623 humani
1724 5566 1977 5637 corporis
2005 5574 2154 5621 esset

550 5665 759 5720 homini
783 5666 995 5730 similis,
1015 5681 1114 5721 nec
1137 5672 1315 5721 tamen
1339 5664 1571 5719 haberet
1588 5663 1823 5718 hominis
1848 5661 2150 5715 \erilatetn.

549 5756 656 5836 Sed
688 5761 905 5827 quidam
937 5776 1002 5816 ex
1035 5761 1119 5816 his
1148 5760 1289 5835 ultra
1326 5768 1713 5831 processerant
1736 5802 1768 5828 ,ν
1789 5758 2152 5831 ἁνομοιοησὸοιν

548 5853 605 5910 id
634 5864 736 5924 est,
762 5856 1062 5914 dissimilem
1104 5856 1443 5914 substantiam
1465 5897 1479 5925 ,
1511 5858 1907 5920 confirmandos
1935 5893 1947 5922 ,
1980 5866 2154 5921 coque

2233 3320 2377 3376 sent,
2412 3312 2658 3366 sanctius
2688 3320 2942 3381 putantes
2985 3311 3171 3366 fiscum
3209 3324 3436 3379 gravare
3464 3326 3628 3381 quam
3659 3310 3842 3381 singu-

2234 3403 2336 3458 los.
2390 3401 2503 3457 Hoc
2550 3416 2651 3472 ego
2700 3402 2987 3458 Gavidium
3036 3402 3356 3473 episcopum
3407 3411 3656 3457 nOstrum
3687 3401 3841 3472 quasi

2235 3497 2638 3552 obtrectantem
2691 3497 2897 3553 referre
2965 3498 3185 3552 solitum
3249 3495 3455 3552 audivi.
3511 3496 3619 3554 Sed
3686 3496 3842 3567 longe

2236 3593 2398 3646 aliter
2442 3594 2710 3648 senserim
2757 3610 2770 3648 :
2820 3592 3083 3663 fandique
3129 3592 3370 3647 attribuo
3411 3590 3692 3661 episcopis
3736 3599 3842 3646 tam

2238 3700 2506 3755 pauperes
2540 3684 2711 3739 fuisse
2731 3729 2746 3753 ,
2784 3694 2841 3739 ιιι
2870 3684 3010 3740 nihil
3037 3686 3319 3755 proprium
3351 3682 3640 3745 haberent,
3668 3697 3843 3754 neque

2239 3778 2308 3832 ah
2341 3778 2463 3832 aliis
2494 3778 2674 3848 potius
2704 3794 2863 3848 quam
2896 3778 3029 3832 fisco
3077 3785 3358 3833 sumerent
3383 3815 3398 3839 ,
3451 3776 3537 3831 tibi
3568 3777 3844 3832 neminem

2239 3871 2559 3944 gravabant.
2596 3870 2672 3926 Ita
2705 3872 2759 3926 in
2794 3871 3040 3942 utrisque
3086 3870 3361 3942 egregium
3403 3870 3713 3940 exemplum
3743 3888 3755 3923 :
3782 3868 3847 3926 dc

2244 3965 2473 4034 reliquis
2501 3965 2637 4019 nihil
2682 3967 2947 4020 memoria
2978 3965 3199 4037 dignum
3247 3965 3501 4019 traditur.
3529 3963 3635 4020 Sed
3686 3963 3848 4019 redeo

2244 4060 2311 4115 ad
2336 4061 2607 4115 ordinem.
2642 4059 3007 4132 Posteaquam
3041 4075 3235 4116 omnes
3263 4101 3278 4125 ,
3309 4068 3368 4113 ut
3396 4072 3559 4127 supra
3591 4057 3845 4121 diximus,

2245 4154 2299 4208 in
2330 4169 2496 4209 unum
2539 4153 2756 4209 collecti
2796 4164 2946 4223 sunt,
2981 4154 3037 4209 fit
3083 4154 3313 4223 partium
3354 4154 3640 4207 secessio:
3669 4151 3852 4206 Eccle-

2245 4251 2380 4306 siam
2420 4249 2592 4305 nostri
2638 4248 2919 4314 obtinent;
2962 4249 3151 4303 Ariani
3196 4258 3300 4301 lant
3336 4247 3509 4303 aedem
3538 4255 3647 4300 tum
3674 4245 3744 4299 de
3775 4245 3853 4298 in-

2247 4344 2454 4399 dustria
2485 4356 2774 4400 vacantem
2809 4344 3078 4399 orationis
3106 4343 3229 4398 loco
3260 4341 3505 4412 capiunt,
3536 4339 3635 4396 sed
3665 4338 3719 4394 hi
3749 4354 3853 4394 non

2250 4444 2479 4513 amplius
2503 4458 2664 4513 quam
2693 4442 2967 4510 octoginta
3002 4460 3014 4497 :
3050 4440 3246 4510 reliqui
3276 4448 3591 4495 nostrarum
3620 4438 3851 4508 partium

2251 4546 2427 4592 erant.
2457 4535 2622 4607 Igitur
2651 4535 3030 4605 frequentibus
3052 4532 3308 4590 conciliis
3331 4531 3467 4587 nihil
3490 4539 3699 4597 actum,
3734 4544 3858 4584 nos-

2175 4597 2223 4655 D
2251 4631 2351 4683 tris
2379 4630 2432 4683 in
2464 4597 2570 4684 fide
2600 4597 2949 4684 manentibus
2975 4670 2989 4693 ,
3024 4628 3133 4683 illis
3161 4626 3229 4681 de
3256 4624 3482 4697 perfidia
3512 4638 3622 4680 non
3660 4623 3858 4678 ceden-

2255 4721 2417 4777 tibus.
2448 4721 2526 4777 Ad
2560 4731 2893 4791 postremum
2923 4721 3128 4792 placuit
3157 4719 3344 4774 decem
3374 4721 3582 4788 legatos
3620 4716 3766 4772 mitti
3793 4714 3858 4769 ad

2252 4815 2669 4884 imperatorem,
2702 4822 2757 4867 ut
2785 4828 2906 4885 quae
2930 4820 3078 4868 esset
3118 4810 3351 4881 partium
3394 4808 3531 4864 fides
3558 4816 3613 4863 et
3643 4817 3860 4864 senten-

2256 4909 2327 4963 tia
2354 4950 2370 4975 ,
2419 4916 2817 4979 cognosceret,
2869 4908 3142 4974 sciretque
3186 4918 3381 4976 pacem
3432 4917 3555 4958 cum
3588 4900 3863 4958 haereticis

2255 5014 2377 5056 esse
2409 5016 2516 5053 non
2568 5013 2751 5069 posse.
2800 4997 2946 5053 Idem
2998 4996 3182 5052 Ariani
3236 4996 3482 5058 faciunt,
3533 4996 3864 5063 mittuntque

2259 5108 2487 5150 numero
2518 5093 2633 5164 pari
2661 5095 2874 5162 legatos
2901 5135 2914 5155 ,
2961 5092 3050 5162 qui
3094 5090 3384 5145 adversum
3426 5099 3648 5145 nostros
3676 5102 3865 5143 coram

2259 5191 2589 5260 imperatore
2638 5186 3015 5257 confligerent.
3069 5183 3178 5240 Sed
3231 5200 3296 5239 ex
3345 5195 3499 5255 parte
3551 5189 3863 5237 nostrorum

2258 5287 2515 5356 leguntur
2544 5282 2792 5338 homines
2834 5280 3244 5344 adolescentes,
3277 5293 3465 5349 parum
3503 5277 3651 5333 docti
3692 5285 3746 5331 et
3778 5290 3867 5347 pa-

2258 5395 2378 5434 rum
2406 5380 2550 5433 cauti
2582 5395 2594 5429 :
2629 5377 2698 5432 ab
2724 5374 2942 5430 Ariauis
2986 5384 3166 5429 autem
3200 5372 3356 5429 missi
3397 5387 3563 5427 senes
3601 5372 3786 5427 cal-idi
3814 5380 3869 5426 et

2260 5474 2478 5544 ingenio
2512 5471 2780 5533 valentes,
2810 5483 3026 5524 veneno
3056 5467 3303 5539 perfidia:
3336 5466 3564 5534 imbuti,
3598 5468 3690 5538 qui
3729 5464 3867 5537 apud

2255 5582 2441 5639 regem
2506 5565 2663 5620 facile
2714 5564 3027 5631 superiores
3082 5563 3453 5623 exstiterunt;
3498 5562 3595 5615 sed
3666 5561 3866 5617 nostris

2258 5661 2568 5717 mandatum
2601 5673 2668 5713 ne
2696 5672 2805 5728 quo
2836 5657 3000 5713 modo
3028 5671 3150 5712 cum
3175 5654 3395 5710 Arianis
3423 5656 3865 5711 communionem

2258 5755 2480 5817 inirent,
2510 5751 2804 5822 omniaque
2831 5753 3037 5821 integra
3062 5749 3272 5822 synodo
3300 5759 3666 5817 reservarem.
3717 5824 3723 5832 .

2329 5842 2490 5904 XLII.
2539 5844 2761 5905 Interim
2812 5846 2865 5902 in
2917 5843 3186 5911 Oriente,-
3236 5844 3491 5913 excmplo
3546 5822 3867 5901 Occidente:
