  <div class='ocr_page' id='page_1' title='image "/cluster/home/n/w/nwhite01/storage/ocr_20150623/20/hvd.32044015471352/082.png"; bbox 0 0 4106 6344; ppageno 0'>
   <div class='ocr_carea' id='block_1_1' title="bbox 209 329 313 391">
    <p class='ocr_par' dir='ltr' id='par_1_1' title="bbox 209 329 313 391">
     <span class='ocr_line' id='line_1_1' title="bbox 209 329 313 391; baseline -0.01 -2"><span class='ocrx_word' id='word_1_1' title='bbox 209 329 313 391; x_wconf 76' lang='grc'><strong>155</strong></span> 
     </span>
    </p>
   </div>
   <div class='ocr_carea' id='block_1_2' title="bbox 1423 329 2325 393">
    <p class='ocr_par' dir='ltr' id='par_1_2' title="bbox 1423 329 2325 393">
     <span class='ocr_line' id='line_1_2' title="bbox 1423 329 2325 393; baseline 0.002 -2"><span class='ocrx_word' id='word_1_2' title='bbox 1423 332 1749 393; x_wconf 80' lang='lat' dir='ltr'><strong>HISTORIA</strong></span> <span class='ocrx_word' id='word_1_3' title='bbox 1787 329 2042 392; x_wconf 80' lang='lat' dir='ltr'><strong>SACRA.</strong></span> <span class='ocrx_word' id='word_1_4' title='bbox 2082 335 2215 392; x_wconf 85' lang='lat' dir='ltr'><strong>LIB.</strong></span> <span class='ocrx_word' id='word_1_5' title='bbox 2257 335 2325 393; x_wconf 92' lang='lat' dir='ltr'><strong>II.</strong></span> 
     </span>
    </p>
   </div>
   <div class='ocr_carea' id='block_1_3' title="bbox 3452 350 3556 409">
    <p class='ocr_par' dir='ltr' id='par_1_3' title="bbox 3452 350 3556 409">
     <span class='ocr_line' id='line_1_3' title="bbox 3452 350 3556 409; baseline 0 0"><span class='ocrx_word' id='word_1_6' title='bbox 3452 350 3556 409; x_wconf 72' lang='grc'><strong>154</strong></span> 
     </span>
    </p>
   </div>
   <div class='ocr_carea' id='block_1_4' title="bbox 205 447 3555 537">
    <p class='ocr_par' dir='ltr' id='par_1_4' title="bbox 205 447 3555 537">
     <span class='ocr_line' id='line_1_4' title="bbox 205 447 3555 537; baseline 0.005 -32"><span class='ocrx_word' id='word_1_7' title='bbox 205 447 360 514; x_wconf 89' lang='lat' dir='ltr'><strong>lium,</strong></span> <span class='ocrx_word' id='word_1_8' title='bbox 395 448 719 519; x_wconf 98' lang='lat' dir='ltr'><strong>imperator</strong></span> <span class='ocrx_word' id='word_1_9' title='bbox 743 448 901 520; x_wconf 89' lang='lat' dir='ltr'><strong>jubet</strong></span> <span class='ocrx_word' id='word_1_10' title='bbox 928 457 1154 505; x_wconf 92' lang='lat' dir='ltr'><strong>cunctos</strong></span> <span class='ocrx_word' id='word_1_11' title='bbox 1198 447 1315 506; x_wconf 84' lang='lat' dir='ltr'><strong>fere</strong></span> <span class='ocrx_word' id='word_1_12' title='bbox 1360 449 1647 521; x_wconf 87' lang='lat' dir='ltr'><strong>episc0pos</strong></span> <span class='ocrx_word' id='word_1_13' title='bbox 1692 449 1836 520; x_wconf 90' lang='lat' dir='ltr'><strong>apud</strong></span> <span class='ocrx_word' id='word_1_14' title='bbox 1864 448 1921 511; x_wconf 79' lang='grc' dir='ltr'>Α</span> <span class='ocrx_word' id='word_1_15' title='bbox 1944 458 2057 507; x_wconf 91' lang='lat' dir='ltr'><strong>ster</strong></span> <span class='ocrx_word' id='word_1_16' title='bbox 2078 450 2366 523; x_wconf 63' lang='lat' dir='ltr'><strong>Fregadius</strong></span> <span class='ocrx_word' id='word_1_17' title='bbox 2394 493 2410 520; x_wconf 86' lang='lat'><strong>,</strong></span> <span class='ocrx_word' id='word_1_18' title='bbox 2454 462 2511 511; x_wconf 90' lang='lat' dir='ltr'><strong>et</strong></span> <span class='ocrx_word' id='word_1_19' title='bbox 2558 453 2816 513; x_wconf 74' lang='lat' dir='ltr'><strong>Set-vatio</strong></span> <span class='ocrx_word' id='word_1_20' title='bbox 2856 457 3212 530; x_wconf 84' lang='lat' dir='ltr'><strong>Tungrorum</strong></span> <span class='ocrx_word' id='word_1_21' title='bbox 3242 463 3555 537; x_wconf 80' lang='lat' dir='ltr'><strong>episcOpus.</strong></span> 
     </span>
    </p>
   </div>
   <div class='ocr_carea' id='block_1_5' title="bbox 207 539 1828 614">
    <p class='ocr_par' dir='ltr' id='par_1_5' title="bbox 207 539 1828 614">
     <span class='ocr_line' id='line_1_5' title="bbox 207 539 1828 614; baseline 0 -15"><span class='ocrx_word' id='word_1_22' title='bbox 207 539 517 599; x_wconf 74' lang='lat' dir='ltr'><strong>Seleuciam</strong></span> <span class='ocrx_word' id='word_1_23' title='bbox 550 540 786 596; x_wconf 68' lang='lat' dir='ltr'><strong>Isauriae</strong></span> <span class='ocrx_word' id='word_1_24' title='bbox 817 540 1072 613; x_wconf 86' lang='lat' dir='ltr'><strong>oppidum</strong></span> <span class='ocrx_word' id='word_1_25' title='bbox 1098 542 1445 614; x_wconf 90' lang='lat' dir='ltr'><strong>congregari,</strong></span> <span class='ocrx_word' id='word_1_26' title='bbox 1480 558 1588 614; x_wconf 90' lang='lat' dir='ltr'><strong>qua</strong></span> <span class='ocrx_word' id='word_1_27' title='bbox 1620 551 1828 614; x_wconf 86' lang='lat' dir='ltr'><strong>tempe-</strong></span> 
     </span>
    </p>
   </div>
   <div class='ocr_carea' id='block_1_6' title="bbox 208 634 1835 709">
    <p class='ocr_par' dir='ltr' id='par_1_6' title="bbox 208 634 1835 709">
     <span class='ocr_line' id='line_1_6' title="bbox 208 634 1835 709; baseline -0.001 -17"><span class='ocrx_word' id='word_1_28' title='bbox 208 644 347 692; x_wconf 86' lang='lat' dir='ltr'><strong>state</strong></span> <span class='ocrx_word' id='word_1_29' title='bbox 380 634 637 689; x_wconf 92' lang='lat' dir='ltr'><strong>llilarius</strong></span> <span class='ocrx_word' id='word_1_30' title='bbox 671 645 930 706; x_wconf 88' lang='lat' dir='ltr'><strong>quartum</strong></span> <span class='ocrx_word' id='word_1_31' title='bbox 966 635 1075 707; x_wconf 89' lang='lat' dir='ltr'><strong>jam</strong></span> <span class='ocrx_word' id='word_1_32' title='bbox 1118 634 1295 691; x_wconf 76' lang='lat' dir='ltr'><strong>exsilii</strong></span> <span class='ocrx_word' id='word_1_33' title='bbox 1325 649 1525 690; x_wconf 88' lang='lat' dir='ltr'><strong>annum</strong></span> <span class='ocrx_word' id='word_1_34' title='bbox 1559 636 1612 690; x_wconf 92' lang='lat' dir='ltr'><strong>in</strong></span> <span class='ocrx_word' id='word_1_35' title='bbox 1656 634 1835 709; x_wconf 84' lang='lat' dir='ltr'><strong>Phry-</strong></span> 
     </span>
    </p>
   </div>
   <div class='ocr_carea' id='block_1_7' title="bbox 210 727 1835 801">
    <p class='ocr_par' dir='ltr' id='par_1_7' title="bbox 210 727 1835 801">
     <span class='ocr_line' id='line_1_7' title="bbox 210 727 1835 801; baseline 0.001 -19"><span class='ocrx_word' id='word_1_36' title='bbox 210 727 290 801; x_wconf 87' lang='lat' dir='ltr'><strong>gia</strong></span> <span class='ocrx_word' id='word_1_37' title='bbox 320 742 519 799; x_wconf 80' lang='lat' dir='ltr'><strong>agens,</strong></span> <span class='ocrx_word' id='word_1_38' title='bbox 554 728 708 783; x_wconf 91' lang='lat' dir='ltr'><strong>inter</strong></span> <span class='ocrx_word' id='word_1_39' title='bbox 739 728 981 800; x_wconf 89' lang='lat' dir='ltr'><strong>reliquos</strong></span> <span class='ocrx_word' id='word_1_40' title='bbox 1010 730 1324 800; x_wconf 86' lang='lat' dir='ltr'><strong>episc0pos,</strong></span> <span class='ocrx_word' id='word_1_41' title='bbox 1353 743 1452 799; x_wconf 89' lang='lat' dir='ltr'><strong>per</strong></span> <span class='ocrx_word' id='word_1_42' title='bbox 1479 729 1744 783; x_wconf 89' lang='lat' dir='ltr'><strong>vicarium</strong></span> <span class='ocrx_word' id='word_1_43' title='bbox 1772 744 1835 783; x_wconf 89' lang='lat' dir='ltr'><strong>ac</strong></span> 
     </span>
    </p>
   </div>
   <div class='ocr_carea' id='block_1_8' title="bbox 217 818 1833 893">
    <p class='ocr_par' dir='ltr' id='par_1_8' title="bbox 217 818 1833 893">
     <span class='ocr_line' id='line_1_8' title="bbox 217 818 1833 893; baseline 0 -18"><span class='ocrx_word' id='word_1_44' title='bbox 217 820 507 893; x_wconf 68' lang='lat' dir='ltr'><strong>prmsidem</strong></span> <span class='ocrx_word' id='word_1_45' title='bbox 540 819 675 876; x_wconf 90' lang='lat' dir='ltr'><strong>data</strong></span> <span class='ocrx_word' id='word_1_46' title='bbox 709 821 1016 876; x_wconf 90' lang='lat' dir='ltr'><strong>evectionis</strong></span> <span class='ocrx_word' id='word_1_47' title='bbox 1047 822 1226 892; x_wconf 90' lang='lat' dir='ltr'><strong>copia,</strong></span> <span class='ocrx_word' id='word_1_48' title='bbox 1250 818 1439 876; x_wconf 82' lang='lat' dir='ltr'><strong>adesse</strong></span> <span class='ocrx_word' id='word_1_49' title='bbox 1469 820 1833 889; x_wconf 75' lang='lat' dir='ltr'><strong>compellitur.</strong></span> 
     </span>
    </p>
   </div>
   <div class='ocr_carea' id='block_1_9' title="bbox 211 912 1838 986">
    <p class='ocr_par' dir='ltr' id='par_1_9' title="bbox 211 912 1838 986">
     <span class='ocr_line' id='line_1_9' title="bbox 211 912 1838 986; baseline 0 -14"><span class='ocrx_word' id='word_1_50' title='bbox 211 912 341 972; x_wconf 89' lang='lat' dir='ltr'><strong>Cum</strong></span> <span class='ocrx_word' id='word_1_51' title='bbox 373 923 565 969; x_wconf 88' lang='lat' dir='ltr'><strong>tamen</strong></span> <span class='ocrx_word' id='word_1_52' title='bbox 607 914 754 970; x_wconf 87' lang='lat' dir='ltr'><strong>nihil</strong></span> <span class='ocrx_word' id='word_1_53' title='bbox 785 915 857 971; x_wconf 92' lang='lat' dir='ltr'><strong>de</strong></span> <span class='ocrx_word' id='word_1_54' title='bbox 893 930 960 970; x_wconf 92' lang='lat' dir='ltr'><strong>eo</strong></span> <span class='ocrx_word' id='word_1_55' title='bbox 985 915 1297 986; x_wconf 82' lang='lat' dir='ltr'><strong>specialiter</strong></span> <span class='ocrx_word' id='word_1_56' title='bbox 1324 913 1635 969; x_wconf 86' lang='lat' dir='ltr'><strong>mandasset</strong></span> <span class='ocrx_word' id='word_1_57' title='bbox 1664 914 1838 985; x_wconf 88' lang='lat' dir='ltr'><strong>impe-</strong></span> 
     </span>
    </p>
   </div>
   <div class='ocr_carea' id='block_1_10' title="bbox 212 1006 1832 1079">
    <p class='ocr_par' dir='ltr' id='par_1_10' title="bbox 212 1006 1832 1079">
     <span class='ocr_line' id='line_1_10' title="bbox 212 1006 1832 1079; baseline -0.001 -16"><span class='ocrx_word' id='word_1_58' title='bbox 212 1019 390 1068; x_wconf 86' lang='lat' dir='ltr'><strong>rator,</strong></span> <span class='ocrx_word' id='word_1_59' title='bbox 416 1006 654 1076; x_wconf 87' lang='lat' dir='ltr'><strong>judices</strong></span> <span class='ocrx_word' id='word_1_60' title='bbox 684 1016 899 1062; x_wconf 87' lang='lat' dir='ltr'><strong>tantum</strong></span> <span class='ocrx_word' id='word_1_61' title='bbox 948 1006 1254 1079; x_wconf 82' lang='lat' dir='ltr'><strong>generalem</strong></span> <span class='ocrx_word' id='word_1_62' title='bbox 1282 1006 1577 1075; x_wconf 90' lang='lat' dir='ltr'><strong>jussionem</strong></span> <span class='ocrx_word' id='word_1_63' title='bbox 1614 1007 1832 1073; x_wconf 92' lang='lat' dir='ltr'><strong>secuti,</strong></span> 
     </span>
    </p>
   </div>
   <div class='ocr_carea' id='block_1_11' title="bbox 208 1100 1837 1173">
    <p class='ocr_par' dir='ltr' id='par_1_11' title="bbox 208 1100 1837 1173">
     <span class='ocr_line' id='line_1_11' title="bbox 208 1100 1837 1173; baseline 0.002 -18"><span class='ocrx_word' id='word_1_64' title='bbox 208 1115 309 1173; x_wconf 90' lang='lat' dir='ltr'><strong>qua</strong></span> <span class='ocrx_word' id='word_1_65' title='bbox 338 1114 547 1155; x_wconf 89' lang='lat' dir='ltr'><strong>omnes</strong></span> <span class='ocrx_word' id='word_1_66' title='bbox 580 1100 882 1173; x_wconf 80' lang='lat' dir='ltr'><strong>episcOpos</strong></span> <span class='ocrx_word' id='word_1_67' title='bbox 912 1101 978 1156; x_wconf 90' lang='lat' dir='ltr'><strong>ad</strong></span> <span class='ocrx_word' id='word_1_68' title='bbox 1028 1100 1319 1157; x_wconf 91' lang='lat' dir='ltr'><strong>concilium</strong></span> <span class='ocrx_word' id='word_1_69' title='bbox 1351 1116 1548 1171; x_wconf 80' lang='lat' dir='ltr'><strong>cogere</strong></span> <span class='ocrx_word' id='word_1_70' title='bbox 1570 1100 1837 1171; x_wconf 89' lang='lat' dir='ltr'><strong>jubeban-</strong></span> 
     </span>
    </p>
   </div>
   <div class='ocr_carea' id='block_1_12' title="bbox 212 1196 1834 1269">
    <p class='ocr_par' dir='ltr' id='par_1_12' title="bbox 212 1196 1834 1269">
     <span class='ocr_line' id='line_1_12' title="bbox 212 1196 1834 1269; baseline 0.001 -17"><span class='ocrx_word' id='word_1_71' title='bbox 212 1205 294 1252; x_wconf 91' lang='lat' dir='ltr'><strong>lur</strong></span> <span class='ocrx_word' id='word_1_72' title='bbox 322 1196 495 1267; x_wconf 87' lang='lat' dir='ltr'><strong>(hunc</strong></span> <span class='ocrx_word' id='word_1_73' title='bbox 549 1212 783 1268; x_wconf 85' lang='lat' dir='ltr'><strong>qtioque</strong></span> <span class='ocrx_word' id='word_1_74' title='bbox 828 1197 972 1252; x_wconf 90' lang='lat' dir='ltr'><strong>inter</strong></span> <span class='ocrx_word' id='word_1_75' title='bbox 1002 1196 1241 1269; x_wconf 87' lang='lat' dir='ltr'><strong>reliquos</strong></span> <span class='ocrx_word' id='word_1_76' title='bbox 1274 1196 1521 1253; x_wconf 81' lang='lat' dir='ltr'><strong>volentes</strong></span> <span class='ocrx_word' id='word_1_77' title='bbox 1563 1197 1792 1253; x_wconf 87' lang='lat' dir='ltr'><strong>miscere</strong></span> <span class='ocrx_word' id='word_1_78' title='bbox 1817 1239 1834 1265; x_wconf 94' lang='lat'><strong>,</strong></span> 
     </span>
    </p>
   </div>
   <div class='ocr_carea' id='block_1_13' title="bbox 214 1289 1839 1360">
    <p class='ocr_par' dir='ltr' id='par_1_13' title="bbox 214 1289 1839 1360">
     <span class='ocr_line' id='line_1_13' title="bbox 214 1289 1839 1360; baseline -0.001 -15"><span class='ocrx_word' id='word_1_79' title='bbox 214 1299 268 1345; x_wconf 92' lang='lat' dir='ltr'><strong>ut</strong></span> <span class='ocrx_word' id='word_1_80' title='bbox 292 1306 392 1360; x_wconf 87' lang='lat' dir='ltr'><strong>ego</strong></span> <span class='ocrx_word' id='word_1_81' title='bbox 416 1289 721 1360; x_wconf 90' lang='lat' dir='ltr'><strong>conjicio).</strong></span> <span class='ocrx_word' id='word_1_82' title='bbox 753 1289 849 1345; x_wconf 90' lang='lat' dir='ltr'><strong>Dei</strong></span> <span class='ocrx_word' id='word_1_83' title='bbox 880 1300 1011 1345; x_wconf 92' lang='lat' dir='ltr'><strong>nutu</strong></span> <span class='ocrx_word' id='word_1_84' title='bbox 1042 1289 1111 1344; x_wconf 89' lang='lat' dir='ltr'><strong>ita</strong></span> <span class='ocrx_word' id='word_1_85' title='bbox 1152 1297 1396 1360; x_wconf 85' lang='lat' dir='ltr'><strong>gestum,</strong></span> <span class='ocrx_word' id='word_1_86' title='bbox 1427 1299 1484 1345; x_wconf 94' lang='lat' dir='ltr'><strong>ut</strong></span> <span class='ocrx_word' id='word_1_87' title='bbox 1514 1290 1598 1345; x_wconf 91' lang='lat' dir='ltr'><strong>vir</strong></span> <span class='ocrx_word' id='word_1_88' title='bbox 1625 1289 1839 1345; x_wconf 88' lang='lat' dir='ltr'><strong>divina-</strong></span> 
     </span>
    </p>
   </div>
   <div class='ocr_carea' id='block_1_14' title="bbox 213 1383 1841 1456">
    <p class='ocr_par' dir='ltr' id='par_1_14' title="bbox 213 1383 1841 1456">
     <span class='ocr_line' id='line_1_14' title="bbox 213 1383 1841 1456; baseline -0.001 -15"><span class='ocrx_word' id='word_1_89' title='bbox 213 1401 327 1441; x_wconf 91' lang='lat' dir='ltr'><strong>rum</strong></span> <span class='ocrx_word' id='word_1_90' title='bbox 359 1401 552 1441; x_wconf 92' lang='lat' dir='ltr'><strong>rerum</strong></span> <span class='ocrx_word' id='word_1_91' title='bbox 589 1385 1059 1440; x_wconf 86' lang='lat' dir='ltr'><strong>instructissimus</strong></span> <span class='ocrx_word' id='word_1_92' title='bbox 1080 1426 1095 1451; x_wconf 92' lang='lat'><strong>,</strong></span> <span class='ocrx_word' id='word_1_93' title='bbox 1124 1399 1247 1440; x_wconf 90' lang='lat' dir='ltr'><strong>cum</strong></span> <span class='ocrx_word' id='word_1_94' title='bbox 1293 1385 1362 1440; x_wconf 91' lang='lat' dir='ltr'><strong>de</strong></span> <span class='ocrx_word' id='word_1_95' title='bbox 1390 1383 1496 1442; x_wconf 92' lang='lat' dir='ltr'><strong>ﬁde</strong></span> <span class='ocrx_word' id='word_1_96' title='bbox 1532 1385 1841 1456; x_wconf 58' lang='lat' dir='ltr'><strong>disceptari.</strong></span> 
     </span>
    </p>
   </div>
   <div class='ocr_carea' id='block_1_15' title="bbox 211 1475 1838 1548">
    <p class='ocr_par' dir='ltr' id='par_1_15' title="bbox 211 1475 1838 1548">
     <span class='ocr_line' id='line_1_15' title="bbox 211 1475 1838 1548; baseline -0.001 -14"><span class='ocrx_word' id='word_1_97' title='bbox 211 1477 331 1535; x_wconf 87' lang='lat' dir='ltr'><strong>dum</strong></span> <span class='ocrx_word' id='word_1_98' title='bbox 360 1486 507 1543; x_wconf 89' lang='lat' dir='ltr'><strong>erat,</strong></span> <span class='ocrx_word' id='word_1_99' title='bbox 537 1479 862 1535; x_wconf 87' lang='lat' dir='ltr'><strong>interesset.</strong></span> <span class='ocrx_word' id='word_1_100' title='bbox 897 1477 946 1532; x_wconf 93' lang='lat' dir='ltr'><strong>Is</strong></span> <span class='ocrx_word' id='word_1_101' title='bbox 975 1478 1061 1532; x_wconf 88' lang='lat' dir='ltr'><strong>ubi</strong></span> <span class='ocrx_word' id='word_1_102' title='bbox 1094 1475 1397 1533; x_wconf 86' lang='lat' dir='ltr'><strong>Seleuciam</strong></span> <span class='ocrx_word' id='word_1_103' title='bbox 1440 1478 1609 1543; x_wconf 81' lang='lat' dir='ltr'><strong>venit,</strong></span> <span class='ocrx_word' id='word_1_104' title='bbox 1643 1492 1838 1548; x_wconf 87' lang='lat' dir='ltr'><strong>magno</strong></span> 
     </span>
    </p>
   </div>
   <div class='ocr_carea' id='block_1_16' title="bbox 212 1571 1837 1643">
    <p class='ocr_par' dir='ltr' id='par_1_16' title="bbox 212 1571 1837 1643">
     <span class='ocr_line' id='line_1_16' title="bbox 212 1571 1837 1643; baseline -0.001 -14"><span class='ocrx_word' id='word_1_105' title='bbox 212 1589 328 1629; x_wconf 89' lang='lat' dir='ltr'><strong>cum</strong></span> <span class='ocrx_word' id='word_1_106' title='bbox 362 1572 565 1629; x_wconf 81' lang='lat' dir='ltr'><strong>favore</strong></span> <span class='ocrx_word' id='word_1_107' title='bbox 596 1584 872 1643; x_wconf 82' lang='lat' dir='ltr'><strong>exceptus</strong></span> <span class='ocrx_word' id='word_1_108' title='bbox 902 1573 1143 1626; x_wconf 89' lang='lat' dir='ltr'><strong>omnium</strong></span> <span class='ocrx_word' id='word_1_109' title='bbox 1174 1571 1312 1627; x_wconf 91' lang='lat' dir='ltr'><strong>inse</strong></span> <span class='ocrx_word' id='word_1_110' title='bbox 1338 1571 1547 1628; x_wconf 90' lang='lat' dir='ltr'><strong>animos</strong></span> <span class='ocrx_word' id='word_1_111' title='bbox 1578 1580 1633 1627; x_wconf 95' lang='lat' dir='ltr'><strong>et</strong></span> <span class='ocrx_word' id='word_1_112' title='bbox 1659 1572 1837 1627; x_wconf 89' lang='lat' dir='ltr'><strong>studia</strong></span> 
     </span>
    </p>
   </div>
   <div class='ocr_carea' id='block_1_17' title="bbox 212 1665 1839 1738">
    <p class='ocr_par' dir='ltr' id='par_1_17' title="bbox 212 1665 1839 1738">
     <span class='ocr_line' id='line_1_17' title="bbox 212 1665 1839 1738; baseline -0.001 -16"><span class='ocrx_word' id='word_1_113' title='bbox 212 1675 601 1730; x_wconf 78' lang='lat' dir='ltr'><strong>converterat;</strong></span> <span class='ocrx_word' id='word_1_114' title='bbox 628 1681 697 1722; x_wconf 90' lang='lat' dir='ltr'><strong>ac</strong></span> <span class='ocrx_word' id='word_1_115' title='bbox 731 1669 967 1738; x_wconf 92' lang='lat' dir='ltr'><strong>primum</strong></span> <span class='ocrx_word' id='word_1_116' title='bbox 999 1665 1287 1737; x_wconf 83' lang='lat' dir='ltr'><strong>quaesitum</strong></span> <span class='ocrx_word' id='word_1_117' title='bbox 1313 1665 1382 1721; x_wconf 88' lang='lat' dir='ltr'><strong>ab</strong></span> <span class='ocrx_word' id='word_1_118' title='bbox 1420 1680 1506 1729; x_wconf 92' lang='lat' dir='ltr'><strong>eo,</strong></span> <span class='ocrx_word' id='word_1_119' title='bbox 1538 1680 1659 1736; x_wconf 72' lang='lat' dir='ltr'><strong>qua:</strong></span> <span class='ocrx_word' id='word_1_120' title='bbox 1690 1673 1839 1721; x_wconf 82' lang='lat' dir='ltr'><strong>esset</strong></span> 
     </span>
    </p>
   </div>
   <div class='ocr_carea' id='block_1_18' title="bbox 214 1758 1839 1831">
    <p class='ocr_par' dir='ltr' id='par_1_18' title="bbox 214 1758 1839 1831">
     <span class='ocr_line' id='line_1_18' title="bbox 214 1758 1839 1831; baseline -0.003 -13"><span class='ocrx_word' id='word_1_121' title='bbox 214 1761 497 1818; x_wconf 81' lang='lat' dir='ltr'><strong>Gallorum</strong></span> <span class='ocrx_word' id='word_1_122' title='bbox 542 1759 733 1816; x_wconf 87' lang='lat' dir='ltr'><strong>ﬁdes:</strong></span> <span class='ocrx_word' id='word_1_123' title='bbox 769 1760 894 1831; x_wconf 84' lang='lat' dir='ltr'><strong>quia</strong></span> <span class='ocrx_word' id='word_1_124' title='bbox 945 1772 1054 1814; x_wconf 91' lang='lat' dir='ltr'><strong>tum</strong></span> <span class='ocrx_word' id='word_1_125' title='bbox 1106 1758 1323 1814; x_wconf 81' lang='lat' dir='ltr'><strong>Arianis</strong></span> <span class='ocrx_word' id='word_1_126' title='bbox 1372 1774 1535 1830; x_wconf 87' lang='lat' dir='ltr'><strong>prava</strong></span> <span class='ocrx_word' id='word_1_127' title='bbox 1562 1758 1632 1815; x_wconf 92' lang='lat' dir='ltr'><strong>de</strong></span> <span class='ocrx_word' id='word_1_128' title='bbox 1682 1760 1839 1815; x_wconf 90' lang='lat' dir='ltr'><strong>nobis</strong></span> 
     </span>
    </p>
   </div>
   <div class='ocr_carea' id='block_1_19' title="bbox 1940 545 3557 627">
    <p class='ocr_par' dir='ltr' id='par_1_19' title="bbox 1940 545 3557 627">
     <span class='ocr_line' id='line_1_19' title="bbox 1940 545 3557 627; baseline 0.011 -25"><span class='ocrx_word' id='word_1_129' title='bbox 1940 545 2070 610; x_wconf 79' lang='lat' dir='ltr'><strong>Hos,</strong></span> <span class='ocrx_word' id='word_1_130' title='bbox 2098 548 2223 619; x_wconf 88' lang='lat' dir='ltr'><strong>quia</strong></span> <span class='ocrx_word' id='word_1_131' title='bbox 2246 549 2411 605; x_wconf 90' lang='lat' dir='ltr'><strong>minis</strong></span> <span class='ocrx_word' id='word_1_132' title='bbox 2432 559 2488 605; x_wconf 90' lang='lat' dir='ltr'><strong>et</strong></span> <span class='ocrx_word' id='word_1_133' title='bbox 2521 552 2799 610; x_wconf 89' lang='lat' dir='ltr'><strong>terriculis</strong></span> <span class='ocrx_word' id='word_1_134' title='bbox 2827 569 2934 611; x_wconf 92' lang='lat' dir='ltr'><strong>non</strong></span> <span class='ocrx_word' id='word_1_135' title='bbox 2977 567 3265 614; x_wconf 86' lang='lat' dir='ltr'><strong>cesserant</strong></span> <span class='ocrx_word' id='word_1_136' title='bbox 3290 602 3306 627; x_wconf 94' lang='lat'><strong>,</strong></span> <span class='ocrx_word' id='word_1_137' title='bbox 3346 559 3557 620; x_wconf 84' lang='lat' dir='ltr'><strong>Taurus</strong></span> 
     </span>
    </p>
   </div>
   <div class='ocr_carea' id='block_1_20' title="bbox 1940 643 3559 723">
    <p class='ocr_par' dir='ltr' id='par_1_20' title="bbox 1940 643 3559 723">
     <span class='ocr_line' id='line_1_20' title="bbox 1940 643 3559 723; baseline 0.009 -24"><span class='ocrx_word' id='word_1_138' title='bbox 1940 643 2192 714; x_wconf 85' lang='lat' dir='ltr'><strong>precibus</strong></span> <span class='ocrx_word' id='word_1_139' title='bbox 2221 646 2538 717; x_wconf 79' lang='lat' dir='ltr'><strong>aggreditur</strong></span> <span class='ocrx_word' id='word_1_140' title='bbox 2565 690 2581 713; x_wconf 90' lang='lat'><strong>,</strong></span> <span class='ocrx_word' id='word_1_141' title='bbox 2614 663 2678 704; x_wconf 92' lang='lat' dir='ltr'><strong>ac</strong></span> <span class='ocrx_word' id='word_1_142' title='bbox 2719 648 3033 723; x_wconf 84' lang='lat' dir='ltr'><strong>lacrymans</strong></span> <span class='ocrx_word' id='word_1_143' title='bbox 3070 652 3384 711; x_wconf 87' lang='lat' dir='ltr'><strong>obtestatur</strong></span> <span class='ocrx_word' id='word_1_144' title='bbox 3404 698 3420 723; x_wconf 92' lang='lat'><strong>,</strong></span> <span class='ocrx_word' id='word_1_145' title='bbox 3451 657 3559 713; x_wconf 83' lang='lat' dir='ltr'><strong>mi-</strong></span> 
     </span>
    </p>
   </div>
   <div class='ocr_carea' id='block_1_21' title="bbox 1941 736 3555 807">
    <p class='ocr_par' dir='ltr' id='par_1_21' title="bbox 1941 736 3555 807">
     <span class='ocr_line' id='line_1_21' title="bbox 1941 736 3555 807; baseline 0.011 -16"><span class='ocrx_word' id='word_1_146' title='bbox 1941 736 2077 791; x_wconf 87' lang='lat' dir='ltr'><strong>tiora</strong></span> <span class='ocrx_word' id='word_1_147' title='bbox 2119 737 2195 793; x_wconf 90' lang='lat' dir='ltr'><strong>uti</strong></span> <span class='ocrx_word' id='word_1_148' title='bbox 2243 739 2646 796; x_wconf 89' lang='lat' dir='ltr'><strong>consulerent:</strong></span> <span class='ocrx_word' id='word_1_149' title='bbox 2680 740 2905 798; x_wconf 87' lang='lat' dir='ltr'><strong>clausos</strong></span> <span class='ocrx_word' id='word_1_150' title='bbox 2946 743 3094 799; x_wconf 85' lang='lat' dir='ltr'><strong>intra</strong></span> <span class='ocrx_word' id='word_1_151' title='bbox 3147 762 3311 802; x_wconf 89' lang='lat' dir='ltr'><strong>unam</strong></span> <span class='ocrx_word' id='word_1_152' title='bbox 3360 748 3555 807; x_wconf 90' lang='lat' dir='ltr'><strong>urbem</strong></span> 
     </span>
    </p>
   </div>
   <div class='ocr_carea' id='block_1_22' title="bbox 1939 828 3554 911">
    <p class='ocr_par' dir='ltr' id='par_1_22' title="bbox 1939 828 3554 911">
     <span class='ocr_line' id='line_1_22' title="bbox 1939 828 3554 911; baseline 0.009 -26"><span class='ocrx_word' id='word_1_153' title='bbox 1939 828 2226 901; x_wconf 88' lang='lat' dir='ltr'><strong>episcopos</strong></span> <span class='ocrx_word' id='word_1_154' title='bbox 2248 831 2357 900; x_wconf 88' lang='lat' dir='ltr'><strong>jam</strong></span> <span class='ocrx_word' id='word_1_155' title='bbox 2381 834 2677 903; x_wconf 90' lang='lat' dir='ltr'><strong>septimum</strong></span> <span class='ocrx_word' id='word_1_156' title='bbox 2705 850 2951 892; x_wconf 90' lang='lat' dir='ltr'><strong>mensem</strong></span> <span class='ocrx_word' id='word_1_157' title='bbox 2982 851 3152 909; x_wconf 84' lang='lat' dir='ltr'><strong>agere</strong></span> <span class='ocrx_word' id='word_1_158' title='bbox 3171 857 3185 894; x_wconf 88' lang='lat'><strong>:</strong></span> <span class='ocrx_word' id='word_1_159' title='bbox 3207 840 3407 911; x_wconf 90' lang='lat' dir='ltr'><strong>injuria</strong></span> <span class='ocrx_word' id='word_1_160' title='bbox 3433 843 3554 901; x_wconf 86' lang='lat' dir='ltr'><strong>bie-</strong></span> 
     </span>
    </p>
   </div>
   <div class='ocr_carea' id='block_1_23' title="bbox 1939 928 3553 1005">
    <p class='ocr_par' dir='ltr' id='par_1_23' title="bbox 1939 928 3553 1005">
     <span class='ocr_line' id='line_1_23' title="bbox 1939 928 3553 1005; baseline 0.008 -23"><span class='ocrx_word' id='word_1_161' title='bbox 1939 929 2045 982; x_wconf 90' lang='lat' dir='ltr'><strong>mis</strong></span> <span class='ocrx_word' id='word_1_162' title='bbox 2065 935 2120 982; x_wconf 88' lang='lat' dir='ltr'><strong>et</strong></span> <span class='ocrx_word' id='word_1_163' title='bbox 2151 928 2611 997; x_wconf 87' lang='lat' dir='ltr'><strong>in0piaconfectis</strong></span> <span class='ocrx_word' id='word_1_164' title='bbox 2638 931 2845 986; x_wconf 90' lang='lat' dir='ltr'><strong>nullam</strong></span> <span class='ocrx_word' id='word_1_165' title='bbox 2870 946 3024 1002; x_wconf 91' lang='lat' dir='ltr'><strong>spem</strong></span> <span class='ocrx_word' id='word_1_166' title='bbox 3049 934 3386 993; x_wconf 80' lang='lat' dir='ltr'><strong>reversionis</strong></span> <span class='ocrx_word' id='word_1_167' title='bbox 3399 937 3514 994; x_wconf 90' lang='lat' dir='ltr'><strong>dari</strong></span> <span class='ocrx_word' id='word_1_168' title='bbox 3538 955 3553 1005; x_wconf 88' lang='lat'><strong>;</strong></span> 
     </span>
    </p>
   </div>
   <div class='ocr_carea' id='block_1_24' title="bbox 1938 1023 3554 1101">
    <p class='ocr_par' dir='ltr' id='par_1_24' title="bbox 1938 1023 3554 1101">
     <span class='ocr_line' id='line_1_24' title="bbox 1938 1023 3554 1101; baseline 0.009 -25"><span class='ocrx_word' id='word_1_169' title='bbox 1938 1023 2060 1094; x_wconf 90' lang='lat' dir='ltr'><strong>quis</strong></span> <span class='ocrx_word' id='word_1_170' title='bbox 2091 1023 2308 1080; x_wconf 87' lang='lat' dir='ltr'><strong>tandem</strong></span> <span class='ocrx_word' id='word_1_171' title='bbox 2332 1034 2478 1081; x_wconf 88' lang='lat' dir='ltr'><strong>esset</strong></span> <span class='ocrx_word' id='word_1_172' title='bbox 2509 1025 2677 1081; x_wconf 84' lang='lat' dir='ltr'><strong>linis?</strong></span> <span class='ocrx_word' id='word_1_173' title='bbox 2705 1035 3070 1097; x_wconf 88' lang='lat' dir='ltr'><strong>sequerentur</strong></span> <span class='ocrx_word' id='word_1_174' title='bbox 3096 1029 3336 1101; x_wconf 91' lang='lat' dir='ltr'><strong>plurium</strong></span> <span class='ocrx_word' id='word_1_175' title='bbox 3366 1048 3554 1090; x_wconf 78' lang='lat' dir='ltr'><strong>exem-</strong></span> 
     </span>
    </p>
   </div>
   <div class='ocr_carea' id='block_1_25' title="bbox 1938 1117 3545 1190">
    <p class='ocr_par' dir='ltr' id='par_1_25' title="bbox 1938 1117 3545 1190">
     <span class='ocr_line' id='line_1_25' title="bbox 1938 1117 3545 1190; baseline 0.009 -18"><span class='ocrx_word' id='word_1_176' title='bbox 1938 1117 2090 1190; x_wconf 88' lang='lat' dir='ltr'><strong>plum</strong></span> <span class='ocrx_word' id='word_1_177' title='bbox 2134 1135 2149 1173; x_wconf 90' lang='lat'><strong>:</strong></span> <span class='ocrx_word' id='word_1_178' title='bbox 2196 1120 2578 1176; x_wconf 80' lang='lat' dir='ltr'><strong>auctoritatem</strong></span> <span class='ocrx_word' id='word_1_179' title='bbox 2612 1122 2811 1178; x_wconf 89' lang='lat' dir='ltr'><strong>saltem</strong></span> <span class='ocrx_word' id='word_1_180' title='bbox 2849 1136 2915 1179; x_wconf 85' lang='lat' dir='ltr'><strong>cx</strong></span> <span class='ocrx_word' id='word_1_181' title='bbox 2950 1139 3185 1182; x_wconf 90' lang='lat' dir='ltr'><strong>numero</strong></span> <span class='ocrx_word' id='word_1_182' title='bbox 3238 1139 3545 1189; x_wconf 86' lang='lat' dir='ltr'><strong>sumerent.</strong></span> 
     </span>
    </p>
   </div>
   <div class='ocr_carea' id='block_1_26' title="bbox 1939 1211 3549 1292">
    <p class='ocr_par' dir='ltr' id='par_1_26' title="bbox 1939 1211 3549 1292">
     <span class='ocr_line' id='line_1_26' title="bbox 1939 1211 3549 1292; baseline 0.007 -26"><span class='ocrx_word' id='word_1_183' title='bbox 1939 1211 2235 1267; x_wconf 84' lang='lat' dir='ltr'><strong>Enimvero</strong></span> <span class='ocrx_word' id='word_1_184' title='bbox 2266 1211 2551 1283; x_wconf 63' lang='lat' dir='ltr'><strong>Fmgadius</strong></span> <span class='ocrx_word' id='word_1_185' title='bbox 2591 1223 2842 1285; x_wconf 89' lang='lat' dir='ltr'><strong>paratum</strong></span> <span class='ocrx_word' id='word_1_186' title='bbox 2900 1230 2960 1271; x_wconf 91' lang='lat' dir='ltr'><strong>se</strong></span> <span class='ocrx_word' id='word_1_187' title='bbox 3005 1218 3208 1274; x_wconf 83' lang='lat' dir='ltr'><strong>exsilio</strong></span> <span class='ocrx_word' id='word_1_188' title='bbox 3257 1229 3424 1292; x_wconf 87' lang='lat' dir='ltr'><strong>atque</strong></span> <span class='ocrx_word' id='word_1_189' title='bbox 3477 1222 3549 1279; x_wconf 89' lang='lat' dir='ltr'><strong>ad</strong></span> 
     </span>
    </p>
   </div>
   <div class='ocr_carea' id='block_1_27' title="bbox 1939 1305 3545 1382">
    <p class='ocr_par' dir='ltr' id='par_1_27' title="bbox 1939 1305 3545 1382">
     <span class='ocr_line' id='line_1_27' title="bbox 1939 1305 3545 1382; baseline 0.006 -21"><span class='ocrx_word' id='word_1_190' title='bbox 1939 1320 2102 1361; x_wconf 91' lang='lat' dir='ltr'><strong>omne</strong></span> <span class='ocrx_word' id='word_1_191' title='bbox 2123 1305 2447 1377; x_wconf 85' lang='lat' dir='ltr'><strong>supplicium</strong></span> <span class='ocrx_word' id='word_1_192' title='bbox 2480 1306 2533 1361; x_wconf 92' lang='lat' dir='ltr'><strong>in</strong></span> <span class='ocrx_word' id='word_1_193' title='bbox 2561 1307 2704 1375; x_wconf 83' lang='lat' dir='ltr'><strong>quod</strong></span> <span class='ocrx_word' id='word_1_194' title='bbox 2749 1307 3151 1376; x_wconf 89' lang='lat' dir='ltr'><strong>deposceretur</strong></span> <span class='ocrx_word' id='word_1_195' title='bbox 3177 1352 3193 1377; x_wconf 95' lang='lat'><strong>,</strong></span> <span class='ocrx_word' id='word_1_196' title='bbox 3247 1311 3493 1382; x_wconf 91' lang='lat' dir='ltr'><strong>proﬁteri</strong></span> <span class='ocrx_word' id='word_1_197' title='bbox 3532 1332 3545 1370; x_wconf 89' lang='lat'><strong>:</strong></span> 
     </span>
    </p>
   </div>
   <div class='ocr_carea' id='block_1_28' title="bbox 1938 1398 3546 1473">
    <p class='ocr_par' dir='ltr' id='par_1_28' title="bbox 1938 1398 3546 1473">
     <span class='ocr_line' id='line_1_28' title="bbox 1938 1398 3546 1473; baseline 0.005 -19"><span class='ocrx_word' id='word_1_198' title='bbox 1938 1413 2000 1455; x_wconf 92' lang='lat' dir='ltr'><strong>se</strong></span> <span class='ocrx_word' id='word_1_199' title='bbox 2026 1398 2094 1453; x_wconf 91' lang='lat' dir='ltr'><strong>ab</strong></span> <span class='ocrx_word' id='word_1_200' title='bbox 2124 1398 2342 1454; x_wconf 84' lang='lat' dir='ltr'><strong>Arianis</strong></span> <span class='ocrx_word' id='word_1_201' title='bbox 2369 1408 2694 1470; x_wconf 84' lang='lat' dir='ltr'><strong>conceptam</strong></span> <span class='ocrx_word' id='word_1_202' title='bbox 2724 1400 2884 1457; x_wconf 88' lang='lat' dir='ltr'><strong>tidem</strong></span> <span class='ocrx_word' id='word_1_203' title='bbox 2910 1416 3019 1459; x_wconf 92' lang='lat' dir='ltr'><strong>non</strong></span> <span class='ocrx_word' id='word_1_204' title='bbox 3053 1414 3428 1473; x_wconf 90' lang='lat' dir='ltr'><strong>recepturum.</strong></span> <span class='ocrx_word' id='word_1_205' title='bbox 3467 1407 3546 1463; x_wconf 88' lang='lat' dir='ltr'><strong>Ita</strong></span> 
     </span>
    </p>
   </div>
   <div class='ocr_carea' id='block_1_29' title="bbox 1940 1491 3544 1568">
    <p class='ocr_par' dir='ltr' id='par_1_29' title="bbox 1940 1491 3544 1568">
     <span class='ocr_line' id='line_1_29' title="bbox 1940 1491 3544 1568; baseline 0.005 -21"><span class='ocrx_word' id='word_1_206' title='bbox 1940 1491 1992 1547; x_wconf 89' lang='lat' dir='ltr'><strong>in</strong></span> <span class='ocrx_word' id='word_1_207' title='bbox 2018 1491 2121 1548; x_wconf 91' lang='lat' dir='ltr'><strong>hoc</strong></span> <span class='ocrx_word' id='word_1_208' title='bbox 2146 1492 2445 1548; x_wconf 88' lang='lat' dir='ltr'><strong>certamine</strong></span> <span class='ocrx_word' id='word_1_209' title='bbox 2488 1493 2696 1565; x_wconf 85' lang='lat' dir='ltr'><strong>aliquot</strong></span> <span class='ocrx_word' id='word_1_210' title='bbox 2725 1492 2842 1550; x_wconf 91' lang='lat' dir='ltr'><strong>dies</strong></span> <span class='ocrx_word' id='word_1_211' title='bbox 2872 1496 3055 1552; x_wconf 88' lang='lat' dir='ltr'><strong>tracti.</strong></span> <span class='ocrx_word' id='word_1_212' title='bbox 3113 1494 3216 1553; x_wconf 87' lang='lat' dir='ltr'><strong>Ubi</strong></span> <span class='ocrx_word' id='word_1_213' title='bbox 3250 1512 3444 1568; x_wconf 89' lang='lat' dir='ltr'><strong>parum</strong></span> <span class='ocrx_word' id='word_1_214' title='bbox 3475 1499 3544 1555; x_wconf 89' lang='lat' dir='ltr'><strong>ad</strong></span> 
     </span>
    </p>
   </div>
   <div class='ocr_carea' id='block_1_30' title="bbox 1943 1585 3545 1659">
    <p class='ocr_par' dir='ltr' id='par_1_30' title="bbox 1943 1585 3545 1659">
     <span class='ocr_line' id='line_1_30' title="bbox 1943 1585 3545 1659; baseline 0.004 -19"><span class='ocrx_word' id='word_1_215' title='bbox 1943 1601 2131 1658; x_wconf 87' lang='lat' dir='ltr'><strong>pacem</strong></span> <span class='ocrx_word' id='word_1_216' title='bbox 2157 1585 2533 1657; x_wconf 88' lang='lat' dir='ltr'><strong>proﬁciebant,</strong></span> <span class='ocrx_word' id='word_1_217' title='bbox 2578 1586 2841 1656; x_wconf 87' lang='lat' dir='ltr'><strong>paulatim</strong></span> <span class='ocrx_word' id='word_1_218' title='bbox 2868 1596 2924 1643; x_wconf 91' lang='lat' dir='ltr'><strong>et</strong></span> <span class='ocrx_word' id='word_1_219' title='bbox 2976 1589 3094 1659; x_wconf 90' lang='lat' dir='ltr'><strong>ipse</strong></span> <span class='ocrx_word' id='word_1_220' title='bbox 3122 1589 3426 1658; x_wconf 88' lang='lat' dir='ltr'><strong>infractier,</strong></span> <span class='ocrx_word' id='word_1_221' title='bbox 3474 1591 3545 1647; x_wconf 88' lang='lat' dir='ltr'><strong>ad</strong></span> 
     </span>
    </p>
   </div>
   <div class='ocr_carea' id='block_1_31' title="bbox 1940 1679 3545 1759">
    <p class='ocr_par' dir='ltr' id='par_1_31' title="bbox 1940 1679 3545 1759">
     <span class='ocr_line' id='line_1_31' title="bbox 1940 1679 3545 1759; baseline 0.006 -24"><span class='ocrx_word' id='word_1_222' title='bbox 1940 1691 2242 1736; x_wconf 75' lang='lat' dir='ltr'><strong>extremum</strong></span> <span class='ocrx_word' id='word_1_223' title='bbox 2271 1679 2552 1751; x_wconf 88' lang='lat' dir='ltr'><strong>pr0posita</strong></span> <span class='ocrx_word' id='word_1_224' title='bbox 2590 1681 2909 1739; x_wconf 88' lang='lat' dir='ltr'><strong>conditione</strong></span> <span class='ocrx_word' id='word_1_225' title='bbox 2952 1682 3243 1742; x_wconf 87' lang='lat' dir='ltr'><strong>evincitur.</strong></span> <span class='ocrx_word' id='word_1_226' title='bbox 3297 1684 3545 1759; x_wconf 86' lang='lat' dir='ltr'><strong>Namque</strong></span> 
     </span>
    </p>
   </div>
   <div class='ocr_carea' id='block_1_32' title="bbox 1941 1772 3545 1849">
    <p class='ocr_par' dir='ltr' id='par_1_32' title="bbox 1941 1772 3545 1849">
     <span class='ocr_line' id='line_1_32' title="bbox 1941 1772 3545 1849; baseline 0.002 -20"><span class='ocrx_word' id='word_1_227' title='bbox 1941 1772 2145 1829; x_wconf 82' lang='lat' dir='ltr'><strong>Valens</strong></span> <span class='ocrx_word' id='word_1_228' title='bbox 2172 1784 2229 1829; x_wconf 91' lang='lat' dir='ltr'><strong>et</strong></span> <span class='ocrx_word' id='word_1_229' title='bbox 2253 1773 2515 1830; x_wconf 89' lang='lat' dir='ltr'><strong>Ursacius</strong></span> <span class='ocrx_word' id='word_1_230' title='bbox 2536 1774 2870 1832; x_wconf 78' lang='lat' dir='ltr'><strong>afﬁrmantes</strong></span> <span class='ocrx_word' id='word_1_231' title='bbox 2902 1784 3232 1849; x_wconf 64' lang='lat' dir='ltr'><strong>praesentem</strong></span> <span class='ocrx_word' id='word_1_232' title='bbox 3258 1778 3420 1835; x_wconf 86' lang='lat' dir='ltr'><strong>ﬁdem</strong></span> <span class='ocrx_word' id='word_1_233' title='bbox 3449 1793 3545 1835; x_wconf 89' lang='lat' dir='ltr'><strong>ca-</strong></span> 
     </span>
    </p>
   </div>
   <div class='ocr_carea' id='block_1_33' title="bbox 212 1848 1843 1941">
    <p class='ocr_par' dir='ltr' id='par_1_33' title="bbox 212 1850 1832 1926">
     <span class='ocr_line' id='line_1_33' title="bbox 212 1850 1832 1926; baseline -0.002 -17"><span class='ocrx_word' id='word_1_234' title='bbox 212 1854 569 1926; x_wconf 83' lang='lat' dir='ltr'><strong>vulgantibus</strong></span> <span class='ocrx_word' id='word_1_235' title='bbox 639 1854 885 1924; x_wconf 89' lang='lat' dir='ltr'><strong>suspecti</strong></span> <span class='ocrx_word' id='word_1_236' title='bbox 934 1853 1003 1909; x_wconf 89' lang='lat' dir='ltr'><strong>ab</strong></span> <span class='ocrx_word' id='word_1_237' title='bbox 1057 1850 1427 1908; x_wconf 87' lang='lat' dir='ltr'><strong>Orientalibus</strong></span> <span class='ocrx_word' id='word_1_238' title='bbox 1476 1851 1832 1918; x_wconf 90' lang='lat' dir='ltr'><strong>babebamur,</strong></span> 
     </span>
    </p>
   </div>
   <div class='ocr_carea' id='block_1_34' title="bbox 1949 1848 3544 1941">
    <p class='ocr_par' dir='ltr' id='par_1_34' title="bbox 1949 1867 3544 1941">
     <span class='ocr_line' id='line_1_34' title="bbox 1949 1867 3544 1941; baseline 0.005 -18"><span class='ocrx_word' id='word_1_239' title='bbox 1949 1867 2142 1923; x_wconf 83' lang='lat' dir='ltr'><strong>tbolica</strong></span> <span class='ocrx_word' id='word_1_240' title='bbox 2156 1867 2366 1925; x_wconf 89' lang='lat' dir='ltr'><strong>ratione</strong></span> <span class='ocrx_word' id='word_1_241' title='bbox 2379 1880 2701 1939; x_wconf 88' lang='lat' dir='ltr'><strong>conceptam</strong></span> <span class='ocrx_word' id='word_1_242' title='bbox 2713 1870 2804 1936; x_wconf 90' lang='lat' dir='ltr'><strong>,ab</strong></span> <span class='ocrx_word' id='word_1_243' title='bbox 2817 1869 3192 1927; x_wconf 88' lang='lat' dir='ltr'><strong>Orientalibus</strong></span> <span class='ocrx_word' id='word_1_244' title='bbox 3205 1872 3544 1941; x_wconf 84' lang='lat' dir='ltr'><strong>imperatore</strong></span> 
     </span>
    </p>
   </div>
   <div class='ocr_carea' id='block_1_35' title="bbox 215 1947 1839 2022">
    <p class='ocr_par' dir='ltr' id='par_1_35' title="bbox 215 1947 1839 2022">
     <span class='ocr_line' id='line_1_35' title="bbox 215 1947 1839 2022; baseline -0.001 -18"><span class='ocrx_word' id='word_1_245' title='bbox 215 1950 547 2022; x_wconf 85' lang='lat' dir='ltr'><strong>trionymam</strong></span> <span class='ocrx_word' id='word_1_246' title='bbox 601 1948 836 2003; x_wconf 89' lang='lat' dir='ltr'><strong>solitarii</strong></span> <span class='ocrx_word' id='word_1_247' title='bbox 882 1947 977 2003; x_wconf 81' lang='lat' dir='ltr'><strong>Dei</strong></span> <span class='ocrx_word' id='word_1_248' title='bbox 1023 1948 1277 2003; x_wconf 89' lang='lat' dir='ltr'><strong>unionem</strong></span> <span class='ocrx_word' id='word_1_249' title='bbox 1317 1947 1615 2003; x_wconf 90' lang='lat' dir='ltr'><strong>secundum</strong></span> <span class='ocrx_word' id='word_1_250' title='bbox 1651 1947 1839 2003; x_wconf 86' lang='lat' dir='ltr'><strong>Sabel-</strong></span> 
     </span>
    </p>
   </div>
   <div class='ocr_carea' id='block_1_36' title="bbox 215 2039 1839 2112">
    <p class='ocr_par' dir='ltr' id='par_1_36' title="bbox 215 2039 1839 2112">
     <span class='ocr_line' id='line_1_36' title="bbox 215 2039 1839 2112; baseline -0.003 -13"><span class='ocrx_word' id='word_1_251' title='bbox 215 2045 337 2102; x_wconf 91' lang='lat' dir='ltr'><strong>lium</strong></span> <span class='ocrx_word' id='word_1_252' title='bbox 366 2042 714 2100; x_wconf 85' lang='lat' dir='ltr'><strong>credidisse.</strong></span> <span class='ocrx_word' id='word_1_253' title='bbox 746 2041 851 2098; x_wconf 85' lang='lat' dir='ltr'><strong>Sed</strong></span> <span class='ocrx_word' id='word_1_254' title='bbox 879 2040 1129 2112; x_wconf 83' lang='lat' dir='ltr'><strong>exposita</strong></span> <span class='ocrx_word' id='word_1_255' title='bbox 1164 2039 1270 2096; x_wconf 89' lang='lat' dir='ltr'><strong>ﬁde</strong></span> <span class='ocrx_word' id='word_1_256' title='bbox 1300 2056 1416 2107; x_wconf 91' lang='lat' dir='ltr'><strong>sua,</strong></span> <span class='ocrx_word' id='word_1_257' title='bbox 1446 2041 1601 2112; x_wconf 85' lang='lat' dir='ltr'><strong>juxta</strong></span> <span class='ocrx_word' id='word_1_258' title='bbox 1629 2056 1691 2095; x_wconf 89' lang='lat' dir='ltr'><strong>ea</strong></span> <span class='ocrx_word' id='word_1_259' title='bbox 1719 2057 1839 2111; x_wconf 81' lang='lat' dir='ltr'><strong>quae</strong></span> 
     </span>
    </p>
   </div>
   <div class='ocr_carea' id='block_1_37' title="bbox 215 2137 1839 2206">
    <p class='ocr_par' dir='ltr' id='par_1_37' title="bbox 215 2137 1839 2206">
     <span class='ocr_line' id='line_1_37' title="bbox 215 2137 1839 2206; baseline -0.005 -7"><span class='ocrx_word' id='word_1_260' title='bbox 215 2141 407 2199; x_wconf 62' lang='lat' dir='ltr'><strong>Nicone</strong></span> <span class='ocrx_word' id='word_1_261' title='bbox 437 2150 608 2197; x_wconf 88' lang='lat' dir='ltr'><strong>erant</strong></span> <span class='ocrx_word' id='word_1_262' title='bbox 659 2156 691 2194; x_wconf 89' lang='lat' dir='ltr'><strong>a</strong></span> <span class='ocrx_word' id='word_1_263' title='bbox 743 2140 996 2196; x_wconf 86' lang='lat' dir='ltr'><strong>Patribus</strong></span> <span class='ocrx_word' id='word_1_264' title='bbox 1023 2137 1329 2206; x_wconf 88' lang='lat' dir='ltr'><strong>conscripta</strong></span> <span class='ocrx_word' id='word_1_265' title='bbox 1352 2181 1366 2205; x_wconf 94' lang='lat'><strong>,</strong></span> <span class='ocrx_word' id='word_1_266' title='bbox 1399 2137 1839 2192; x_wconf 84' lang='lat' dir='ltr'><strong>Occidentalibus</strong></span> 
     </span>
    </p>
   </div>
   <div class='ocr_carea' id='block_1_38' title="bbox 220 2230 1841 2310">
    <p class='ocr_par' dir='ltr' id='par_1_38' title="bbox 220 2230 1841 2310">
     <span class='ocr_line' id='line_1_38' title="bbox 220 2230 1841 2310; baseline -0.004 -17"><span class='ocrx_word' id='word_1_267' title='bbox 220 2236 494 2310; x_wconf 88' lang='lat' dir='ltr'><strong>perhibuit</strong></span> <span class='ocrx_word' id='word_1_268' title='bbox 530 2236 939 2291; x_wconf 90' lang='lat' dir='ltr'><strong>testimonium.</strong></span> <span class='ocrx_word' id='word_1_269' title='bbox 966 2232 1039 2288; x_wconf 91' lang='lat' dir='ltr'><strong>Ita</strong></span> <span class='ocrx_word' id='word_1_270' title='bbox 1064 2232 1327 2288; x_wconf 84' lang='lat' dir='ltr'><strong>absolutis</strong></span> <span class='ocrx_word' id='word_1_271' title='bbox 1351 2232 1593 2286; x_wconf 91' lang='lat' dir='ltr'><strong>omnium</strong></span> <span class='ocrx_word' id='word_1_272' title='bbox 1621 2230 1841 2298; x_wconf 88' lang='lat' dir='ltr'><strong>animis,</strong></span> 
     </span>
    </p>
   </div>
   <div class='ocr_carea' id='block_1_39' title="bbox 220 2324 1839 2392">
    <p class='ocr_par' dir='ltr' id='par_1_39' title="bbox 220 2324 1839 2392">
     <span class='ocr_line' id='line_1_39' title="bbox 220 2324 1839 2392; baseline -0.007 -5"><span class='ocrx_word' id='word_1_273' title='bbox 220 2332 353 2387; x_wconf 90' lang='lat' dir='ltr'><strong>intra</strong></span> <span class='ocrx_word' id='word_1_274' title='bbox 385 2328 804 2386; x_wconf 87' lang='lat' dir='ltr'><strong>conscientiam</strong></span> <span class='ocrx_word' id='word_1_275' title='bbox 853 2326 1273 2392; x_wconf 88' lang='lat' dir='ltr'><strong>communionis,</strong></span> <span class='ocrx_word' id='word_1_276' title='bbox 1309 2340 1409 2380; x_wconf 91' lang='lat' dir='ltr'><strong>nec</strong></span> <span class='ocrx_word' id='word_1_277' title='bbox 1455 2338 1561 2379; x_wconf 91' lang='lat' dir='ltr'><strong>non</strong></span> <span class='ocrx_word' id='word_1_278' title='bbox 1594 2326 1754 2378; x_wconf 90' lang='lat' dir='ltr'><strong>etiam</strong></span> <span class='ocrx_word' id='word_1_279' title='bbox 1786 2324 1839 2377; x_wconf 89' lang='lat' dir='ltr'><strong>in</strong></span> 
     </span>
    </p>
   </div>
   <div class='ocr_carea' id='block_1_40' title="bbox 220 2413 1839 2489">
    <p class='ocr_par' dir='ltr' id='par_1_40' title="bbox 220 2413 1839 2489">
     <span class='ocr_line' id='line_1_40' title="bbox 220 2413 1839 2489; baseline -0.007 -10"><span class='ocrx_word' id='word_1_280' title='bbox 220 2426 549 2479; x_wconf 88' lang='lat' dir='ltr'><strong>societatem</strong></span> <span class='ocrx_word' id='word_1_281' title='bbox 587 2432 876 2489; x_wconf 84' lang='lat' dir='ltr'><strong>receptus,</strong></span> <span class='ocrx_word' id='word_1_282' title='bbox 923 2417 1265 2488; x_wconf 66' lang='lat' dir='ltr'><strong>copcilioque</strong></span> <span class='ocrx_word' id='word_1_283' title='bbox 1310 2415 1552 2471; x_wconf 86' lang='lat' dir='ltr'><strong>adscitus</strong></span> <span class='ocrx_word' id='word_1_284' title='bbox 1600 2422 1705 2468; x_wconf 90' lang='lat' dir='ltr'><strong>est.</strong></span> <span class='ocrx_word' id='word_1_285' title='bbox 1741 2413 1839 2484; x_wconf 78' lang='lat' dir='ltr'><strong>Agi</strong></span> 
     </span>
    </p>
   </div>
   <div class='ocr_carea' id='block_1_41' title="bbox 223 2513 1840 2589">
    <p class='ocr_par' dir='ltr' id='par_1_41' title="bbox 223 2513 1840 2589">
     <span class='ocr_line' id='line_1_41' title="bbox 223 2513 1840 2589; baseline -0.006 -14"><span class='ocrx_word' id='word_1_286' title='bbox 223 2519 415 2575; x_wconf 86' lang='lat' dir='ltr'><strong>deinde</strong></span> <span class='ocrx_word' id='word_1_287' title='bbox 440 2528 699 2589; x_wconf 70' lang='lat' dir='ltr'><strong>emptum</strong></span> <span class='ocrx_word' id='word_1_288' title='bbox 729 2535 743 2573; x_wconf 92' lang='lat'><strong>:</strong></span> <span class='ocrx_word' id='word_1_289' title='bbox 774 2515 1086 2586; x_wconf 83' lang='lat' dir='ltr'><strong>repertique</strong></span> <span class='ocrx_word' id='word_1_290' title='bbox 1113 2528 1291 2585; x_wconf 72' lang='lat' dir='ltr'><strong>pravae</strong></span> <span class='ocrx_word' id='word_1_291' title='bbox 1321 2513 1545 2568; x_wconf 82' lang='lat' dir='ltr'><strong>haeresis</strong></span> <span class='ocrx_word' id='word_1_292' title='bbox 1567 2522 1840 2578; x_wconf 88' lang='lat' dir='ltr'><strong>auctores,</strong></span> 
     </span>
    </p>
   </div>
   <div class='ocr_carea' id='block_1_42' title="bbox 224 2605 1843 2683">
    <p class='ocr_par' dir='ltr' id='par_1_42' title="bbox 224 2605 1843 2683">
     <span class='ocr_line' id='line_1_42' title="bbox 224 2605 1843 2683; baseline -0.006 -14"><span class='ocrx_word' id='word_1_293' title='bbox 224 2621 379 2683; x_wconf 84' lang='lat' dir='ltr'><strong>atque</strong></span> <span class='ocrx_word' id='word_1_294' title='bbox 426 2613 500 2668; x_wconf 90' lang='lat' dir='ltr'><strong>ab</strong></span> <span class='ocrx_word' id='word_1_295' title='bbox 555 2610 830 2666; x_wconf 72' lang='lat' dir='ltr'><strong>Ecclesia:</strong></span> <span class='ocrx_word' id='word_1_296' title='bbox 886 2622 1114 2679; x_wconf 80' lang='lat' dir='ltr'><strong>t&#39;Orpot‘e</strong></span> <span class='ocrx_word' id='word_1_297' title='bbox 1159 2608 1355 2663; x_wconf 87' lang='lat' dir='ltr'><strong>avulsi.</strong></span> <span class='ocrx_word' id='word_1_298' title='bbox 1411 2605 1470 2661; x_wconf 91' lang='lat' dir='ltr'><strong>In</strong></span> <span class='ocrx_word' id='word_1_299' title='bbox 1502 2622 1568 2661; x_wconf 92' lang='lat' dir='ltr'><strong>eo</strong></span> <span class='ocrx_word' id='word_1_300' title='bbox 1614 2620 1843 2662; x_wconf 92' lang='lat' dir='ltr'><strong>numero</strong></span> 
     </span>
    </p>
   </div>
   <div class='ocr_carea' id='block_1_43' title="bbox 226 2701 1840 2775">
    <p class='ocr_par' dir='ltr' id='par_1_43' title="bbox 226 2701 1840 2775">
     <span class='ocr_line' id='line_1_43' title="bbox 226 2701 1840 2775; baseline -0.004 -14"><span class='ocrx_word' id='word_1_301' title='bbox 226 2706 373 2763; x_wconf 86' lang='lat' dir='ltr'><strong>fuere</strong></span> <span class='ocrx_word' id='word_1_302' title='bbox 403 2706 690 2775; x_wconf 85' lang='lat' dir='ltr'><strong>Georgius</strong></span> <span class='ocrx_word' id='word_1_303' title='bbox 741 2703 812 2757; x_wconf 89' lang='lat' dir='ltr'><strong>ab</strong></span> <span class='ocrx_word' id='word_1_304' title='bbox 851 2703 1203 2770; x_wconf 79' lang='lat' dir='ltr'><strong>Alexandria,</strong></span> <span class='ocrx_word' id='word_1_305' title='bbox 1240 2702 1506 2770; x_wconf 79' lang='lat' dir='ltr'><strong>Aeacius,</strong></span> <span class='ocrx_word' id='word_1_306' title='bbox 1540 2701 1840 2766; x_wconf 76' lang='lat' dir='ltr'><strong>Eudoxius,</strong></span> 
     </span>
    </p>
   </div>
   <div class='ocr_carea' id='block_1_44' title="bbox 224 2794 1842 2866">
    <p class='ocr_par' dir='ltr' id='par_1_44' title="bbox 224 2794 1842 2866">
     <span class='ocr_line' id='line_1_44' title="bbox 224 2794 1842 2866; baseline -0.006 -10"><span class='ocrx_word' id='word_1_307' title='bbox 224 2799 486 2866; x_wconf 87' lang='lat' dir='ltr'><strong>Uranius,</strong></span> <span class='ocrx_word' id='word_1_308' title='bbox 522 2799 823 2865; x_wconf 88' lang='lat' dir='ltr'><strong>Leontius,</strong></span> <span class='ocrx_word' id='word_1_309' title='bbox 849 2794 1187 2864; x_wconf 85' lang='lat' dir='ltr'><strong>Theodosius</strong></span> <span class='ocrx_word' id='word_1_310' title='bbox 1209 2838 1222 2859; x_wconf 92' lang='lat'><strong>,</strong></span> <span class='ocrx_word' id='word_1_311' title='bbox 1261 2794 1523 2865; x_wconf 80' lang='lat' dir='ltr'><strong>Evagrius</strong></span> <span class='ocrx_word' id='word_1_312' title='bbox 1544 2836 1558 2861; x_wconf 88' lang='lat'><strong>,</strong></span> <span class='ocrx_word' id='word_1_313' title='bbox 1589 2794 1842 2849; x_wconf 86' lang='lat' dir='ltr'><strong>Theodo-</strong></span> 
     </span>
    </p>
   </div>
   <div class='ocr_carea' id='block_1_45' title="bbox 225 2889 1843 2964">
    <p class='ocr_par' dir='ltr' id='par_1_45' title="bbox 225 2889 1843 2964">
     <span class='ocr_line' id='line_1_45' title="bbox 225 2889 1843 2964; baseline -0.006 -11"><span class='ocrx_word' id='word_1_314' title='bbox 225 2895 325 2953; x_wconf 88' lang='lat' dir='ltr'><strong>lus.</strong></span> <span class='ocrx_word' id='word_1_315' title='bbox 352 2895 463 2953; x_wconf 87' lang='lat' dir='ltr'><strong>Sed</strong></span> <span class='ocrx_word' id='word_1_316' title='bbox 486 2893 747 2952; x_wconf 84' lang='lat' dir='ltr'><strong>confecta</strong></span> <span class='ocrx_word' id='word_1_317' title='bbox 794 2893 1043 2964; x_wconf 79' lang='lat' dir='ltr'><strong>synodo,</strong></span> <span class='ocrx_word' id='word_1_318' title='bbox 1092 2891 1310 2947; x_wconf 89' lang='lat' dir='ltr'><strong>decreta</strong></span> <span class='ocrx_word' id='word_1_319' title='bbox 1361 2889 1428 2945; x_wconf 89' lang='lat' dir='ltr'><strong>ad</strong></span> <span class='ocrx_word' id='word_1_320' title='bbox 1460 2890 1843 2962; x_wconf 90' lang='lat' dir='ltr'><strong>imperatorem</strong></span> 
     </span>
    </p>
   </div>
   <div class='ocr_carea' id='block_1_46' title="bbox 229 2985 1845 3063">
    <p class='ocr_par' dir='ltr' id='par_1_46' title="bbox 229 2985 1845 3063">
     <span class='ocr_line' id='line_1_46' title="bbox 229 2985 1845 3063; baseline -0.004 -17"><span class='ocrx_word' id='word_1_321' title='bbox 229 2992 426 3063; x_wconf 85' lang='lat' dir='ltr'><strong>legatio</strong></span> <span class='ocrx_word' id='word_1_322' title='bbox 454 3007 581 3058; x_wconf 74' lang='lat' dir='ltr'><strong>quae</strong></span> <span class='ocrx_word' id='word_1_323' title='bbox 607 2997 767 3062; x_wconf 87' lang='lat' dir='ltr'><strong>gesta</strong></span> <span class='ocrx_word' id='word_1_324' title='bbox 797 2990 1118 3044; x_wconf 84' lang='lat' dir='ltr'><strong>insinuaret.</strong></span> <span class='ocrx_word' id='word_1_325' title='bbox 1149 2986 1396 3041; x_wconf 88' lang='lat' dir='ltr'><strong>Damnati</strong></span> <span class='ocrx_word' id='word_1_326' title='bbox 1422 3001 1638 3056; x_wconf 89' lang='lat' dir='ltr'><strong>quoque</strong></span> <span class='ocrx_word' id='word_1_327' title='bbox 1664 2985 1729 3039; x_wconf 91' lang='lat' dir='ltr'><strong>ad</strong></span> <span class='ocrx_word' id='word_1_328' title='bbox 1762 2999 1845 3039; x_wconf 90' lang='lat' dir='ltr'><strong>re-</strong></span> 
     </span>
    </p>
   </div>
   <div class='ocr_carea' id='block_1_47' title="bbox 228 3077 1845 3157">
    <p class='ocr_par' dir='ltr' id='par_1_47' title="bbox 228 3077 1845 3157">
     <span class='ocr_line' id='line_1_47' title="bbox 228 3077 1845 3157; baseline -0.006 -17"><span class='ocrx_word' id='word_1_329' title='bbox 228 3100 347 3157; x_wconf 86' lang='lat' dir='ltr'><strong>gem</strong></span> <span class='ocrx_word' id='word_1_330' title='bbox 377 3084 633 3154; x_wconf 80' lang='lat' dir='ltr'><strong>profecti,</strong></span> <span class='ocrx_word' id='word_1_331' title='bbox 665 3083 805 3138; x_wconf 91' lang='lat' dir='ltr'><strong>satis</strong></span> <span class='ocrx_word' id='word_1_332' title='bbox 833 3080 957 3136; x_wconf 82' lang='lat' dir='ltr'><strong>freti</strong></span> <span class='ocrx_word' id='word_1_333' title='bbox 989 3081 1261 3136; x_wconf 89' lang='lat' dir='ltr'><strong>sociorum</strong></span> <span class='ocrx_word' id='word_1_334' title='bbox 1302 3079 1511 3135; x_wconf 87' lang='lat' dir='ltr'><strong>viribus</strong></span> <span class='ocrx_word' id='word_1_335' title='bbox 1541 3087 1597 3135; x_wconf 91' lang='lat' dir='ltr'><strong>et</strong></span> <span class='ocrx_word' id='word_1_336' title='bbox 1637 3077 1845 3133; x_wconf 84' lang='lat' dir='ltr'><strong>Princi-</strong></span> 
     </span>
    </p>
   </div>
   <div class='ocr_carea' id='block_1_48' title="bbox 228 3181 635 3251">
    <p class='ocr_par' dir='ltr' id='par_1_48' title="bbox 228 3181 635 3251">
     <span class='ocr_line' id='line_1_48' title="bbox 228 3181 635 3251; baseline 0 -19"><span class='ocrx_word' id='word_1_337' title='bbox 228 3181 307 3251; x_wconf 90' lang='lat' dir='ltr'><strong>pis</strong></span> <span class='ocrx_word' id='word_1_338' title='bbox 338 3181 635 3235; x_wconf 90' lang='lat' dir='ltr'><strong>societate.</strong></span> 
     </span>
    </p>
   </div>
   <div class='ocr_carea' id='block_1_49' title="bbox 1942 1960 3550 2035">
    <p class='ocr_par' dir='ltr' id='par_1_49' title="bbox 1942 1960 3550 2035">
     <span class='ocr_line' id='line_1_49' title="bbox 1942 1960 3550 2035; baseline 0.004 -22"><span class='ocrx_word' id='word_1_339' title='bbox 1942 1968 2168 2015; x_wconf 88' lang='lat' dir='ltr'><strong>auctore</strong></span> <span class='ocrx_word' id='word_1_340' title='bbox 2188 1960 2479 2030; x_wconf 89' lang='lat' dir='ltr'><strong>prolatam,</strong></span> <span class='ocrx_word' id='word_1_341' title='bbox 2510 1976 2635 2017; x_wconf 89' lang='lat' dir='ltr'><strong>eum</strong></span> <span class='ocrx_word' id='word_1_342' title='bbox 2657 1961 2873 2031; x_wconf 89' lang='lat' dir='ltr'><strong>piaculo</strong></span> <span class='ocrx_word' id='word_1_343' title='bbox 2899 1963 3200 2033; x_wconf 88' lang='lat' dir='ltr'><strong>repudiari,</strong></span> <span class='ocrx_word' id='word_1_344' title='bbox 3224 1973 3279 2019; x_wconf 92' lang='lat' dir='ltr'><strong>et</strong></span> <span class='ocrx_word' id='word_1_345' title='bbox 3307 1963 3433 2035; x_wconf 84' lang='lat' dir='ltr'><strong>quis</strong></span> <span class='ocrx_word' id='word_1_346' title='bbox 3461 1964 3550 2021; x_wconf 91' lang='lat' dir='ltr'><strong>di-</strong></span> 
     </span>
    </p>
   </div>
   <div class='ocr_carea' id='block_1_50' title="bbox 1942 2046 3555 2128">
    <p class='ocr_par' dir='ltr' id='par_1_50' title="bbox 1942 2046 3555 2128">
     <span class='ocr_line' id='line_1_50' title="bbox 1942 2046 3555 2128; baseline 0.003 -19"><span class='ocrx_word' id='word_1_347' title='bbox 1942 2053 2280 2110; x_wconf 88' lang='lat' dir='ltr'><strong>scordiarum</strong></span> <span class='ocrx_word' id='word_1_348' title='bbox 2301 2053 2427 2110; x_wconf 85' lang='lat' dir='ltr'><strong>ﬁnis</strong></span> <span class='ocrx_word' id='word_1_349' title='bbox 2455 2054 2619 2119; x_wconf 80' lang='lat' dir='ltr'><strong>foret,</strong></span> <span class='ocrx_word' id='word_1_350' title='bbox 2649 2056 2719 2121; x_wconf 88' lang='lat' dir='ltr'><strong>si,</strong></span> <span class='ocrx_word' id='word_1_351' title='bbox 2750 2071 2870 2124; x_wconf 66' lang='lat' dir='ltr'><strong>quae</strong></span> <span class='ocrx_word' id='word_1_352' title='bbox 2889 2046 3267 2112; x_wconf 85' lang='lat' dir='ltr'><strong>Orientalibus</strong></span> <span class='ocrx_word' id='word_1_353' title='bbox 3318 2056 3555 2128; x_wconf 86' lang='lat' dir='ltr'><strong>placuis-</strong></span> 
     </span>
    </p>
   </div>
   <div class='ocr_carea' id='block_1_51' title="bbox 1942 2146 3548 2220">
    <p class='ocr_par' dir='ltr' id='par_1_51' title="bbox 1942 2146 3548 2220">
     <span class='ocr_line' id='line_1_51' title="bbox 1942 2146 3548 2220; baseline 0.001 -18"><span class='ocrx_word' id='word_1_354' title='bbox 1942 2158 2047 2213; x_wconf 92' lang='lat' dir='ltr'><strong>set,</strong></span> <span class='ocrx_word' id='word_1_355' title='bbox 2079 2146 2515 2203; x_wconf 87' lang='lat' dir='ltr'><strong>Occidentalibus</strong></span> <span class='ocrx_word' id='word_1_356' title='bbox 2558 2146 2929 2218; x_wconf 84' lang='lat' dir='ltr'><strong>displiceret?</strong></span> <span class='ocrx_word' id='word_1_357' title='bbox 2978 2147 3292 2215; x_wconf 89' lang='lat' dir='ltr'><strong>Pustremo,</strong></span> <span class='ocrx_word' id='word_1_358' title='bbox 3317 2148 3363 2203; x_wconf 89' lang='lat' dir='ltr'><strong>si</strong></span> <span class='ocrx_word' id='word_1_359' title='bbox 3416 2147 3548 2220; x_wconf 90' lang='lat' dir='ltr'><strong>quid</strong></span> 
     </span>
    </p>
   </div>
   <div class='ocr_carea' id='block_1_52' title="bbox 1942 2239 3552 2312">
    <p class='ocr_par' dir='ltr' id='par_1_52' title="bbox 1942 2239 3552 2312">
     <span class='ocr_line' id='line_1_52' title="bbox 1942 2239 3552 2312; baseline 0 -16"><span class='ocrx_word' id='word_1_360' title='bbox 1942 2240 2120 2296; x_wconf 91' lang='lat' dir='ltr'><strong>minus</strong></span> <span class='ocrx_word' id='word_1_361' title='bbox 2142 2240 2305 2310; x_wconf 87' lang='lat' dir='ltr'><strong>plene</strong></span> <span class='ocrx_word' id='word_1_362' title='bbox 2327 2240 2582 2309; x_wconf 67' lang='lat' dir='ltr'><strong>praesenti</strong></span> <span class='ocrx_word' id='word_1_363' title='bbox 2612 2240 2719 2295; x_wconf 86' lang='lat' dir='ltr'><strong>ﬁde</strong></span> <span class='ocrx_word' id='word_1_364' title='bbox 2744 2239 2951 2295; x_wconf 91' lang='lat' dir='ltr'><strong>editum</strong></span> <span class='ocrx_word' id='word_1_365' title='bbox 2981 2239 3285 2305; x_wconf 90' lang='lat' dir='ltr'><strong>videretur,</strong></span> <span class='ocrx_word' id='word_1_366' title='bbox 3329 2239 3430 2312; x_wconf 93' lang='lat' dir='ltr'><strong>ipsi</strong></span> <span class='ocrx_word' id='word_1_367' title='bbox 3454 2240 3552 2296; x_wconf 87' lang='lat' dir='ltr'><strong>ad-</strong></span> 
     </span>
    </p>
   </div>
   <div class='ocr_carea' id='block_1_53' title="bbox 1944 2331 3545 2404">
    <p class='ocr_par' dir='ltr' id='par_1_53' title="bbox 1944 2331 3545 2404">
     <span class='ocr_line' id='line_1_53' title="bbox 1944 2331 3545 2404; baseline -0.001 -15"><span class='ocrx_word' id='word_1_368' title='bbox 1944 2332 2137 2389; x_wconf 89' lang='lat' dir='ltr'><strong>derent</strong></span> <span class='ocrx_word' id='word_1_369' title='bbox 2164 2348 2286 2404; x_wconf 72' lang='lat' dir='ltr'><strong>qua:</strong></span> <span class='ocrx_word' id='word_1_370' title='bbox 2315 2332 2561 2389; x_wconf 87' lang='lat' dir='ltr'><strong>addenda</strong></span> <span class='ocrx_word' id='word_1_371' title='bbox 2588 2342 2841 2404; x_wconf 90' lang='lat' dir='ltr'><strong>putarent</strong></span> <span class='ocrx_word' id='word_1_372' title='bbox 2870 2350 2883 2387; x_wconf 91' lang='lat'><strong>:</strong></span> <span class='ocrx_word' id='word_1_373' title='bbox 2914 2331 3244 2404; x_wconf 66' lang='lat' dir='ltr'><strong>praebituros</strong></span> <span class='ocrx_word' id='word_1_374' title='bbox 3270 2346 3330 2388; x_wconf 89' lang='lat' dir='ltr'><strong>se</strong></span> <span class='ocrx_word' id='word_1_375' title='bbox 3372 2333 3425 2386; x_wconf 91' lang='lat' dir='ltr'><strong>in</strong></span> <span class='ocrx_word' id='word_1_376' title='bbox 3457 2332 3545 2387; x_wconf 91' lang='lat' dir='ltr'><strong>his</strong></span> 
     </span>
    </p>
   </div>
   <div class='ocr_carea' id='block_1_54' title="bbox 1943 2423 3548 2499">
    <p class='ocr_par' dir='ltr' id='par_1_54' title="bbox 1943 2423 3548 2499">
     <span class='ocr_line' id='line_1_54' title="bbox 1943 2423 3548 2499; baseline -0.001 -18"><span class='ocrx_word' id='word_1_377' title='bbox 1943 2442 2065 2499; x_wconf 69' lang='lat' dir='ltr'><strong>qua:</strong></span> <span class='ocrx_word' id='word_1_378' title='bbox 2087 2434 2273 2483; x_wconf 74' lang='lat' dir='ltr'><strong>essent</strong></span> <span class='ocrx_word' id='word_1_379' title='bbox 2300 2425 2534 2497; x_wconf 86' lang='lat' dir='ltr'><strong>adjecta,</strong></span> <span class='ocrx_word' id='word_1_380' title='bbox 2569 2440 2924 2483; x_wconf 90' lang='lat' dir='ltr'><strong>consensum.</strong></span> <span class='ocrx_word' id='word_1_381' title='bbox 2969 2424 3311 2481; x_wconf 89' lang='lat' dir='ltr'><strong>Favorabilis</strong></span> <span class='ocrx_word' id='word_1_382' title='bbox 3335 2423 3548 2497; x_wconf 86' lang='lat' dir='ltr'><strong>profes-</strong></span> 
     </span>
    </p>
   </div>
   <div class='ocr_carea' id='block_1_55' title="bbox 1943 2520 3545 2591">
    <p class='ocr_par' dir='ltr' id='par_1_55' title="bbox 1943 2520 3545 2591">
     <span class='ocr_line' id='line_1_55' title="bbox 1943 2520 3545 2591; baseline 0 -16"><span class='ocrx_word' id='word_1_383' title='bbox 1943 2521 2027 2575; x_wconf 90' lang='lat' dir='ltr'><strong>sio</strong></span> <span class='ocrx_word' id='word_1_384' title='bbox 2055 2520 2239 2591; x_wconf 88' lang='lat' dir='ltr'><strong>pronis</strong></span> <span class='ocrx_word' id='word_1_385' title='bbox 2277 2521 2520 2576; x_wconf 89' lang='lat' dir='ltr'><strong>omnium</strong></span> <span class='ocrx_word' id='word_1_386' title='bbox 2546 2521 2745 2576; x_wconf 91' lang='lat' dir='ltr'><strong>animis</strong></span> <span class='ocrx_word' id='word_1_387' title='bbox 2766 2531 3017 2591; x_wconf 76' lang='lat' dir='ltr'><strong>excepta,</strong></span> <span class='ocrx_word' id='word_1_388' title='bbox 3052 2535 3154 2577; x_wconf 90' lang='lat' dir='ltr'><strong>nec</strong></span> <span class='ocrx_word' id='word_1_389' title='bbox 3194 2522 3333 2575; x_wconf 90' lang='lat' dir='ltr'><strong>ultra</strong></span> <span class='ocrx_word' id='word_1_390' title='bbox 3370 2521 3545 2576; x_wconf 91' lang='lat' dir='ltr'><strong>nostri</strong></span> 
     </span>
    </p>
   </div>
   <div class='ocr_carea' id='block_1_56' title="bbox 1946 2612 3553 2686">
    <p class='ocr_par' dir='ltr' id='par_1_56' title="bbox 1946 2612 3553 2686">
     <span class='ocr_line' id='line_1_56' title="bbox 1946 2612 3553 2686; baseline -0.002 -15"><span class='ocrx_word' id='word_1_391' title='bbox 1946 2630 2244 2686; x_wconf 85' lang='lat' dir='ltr'><strong>repugnare</strong></span> <span class='ocrx_word' id='word_1_392' title='bbox 2266 2615 2403 2679; x_wconf 86' lang='lat' dir='ltr'><strong>ausi,</strong></span> <span class='ocrx_word' id='word_1_393' title='bbox 2433 2614 2542 2683; x_wconf 89' lang='lat' dir='ltr'><strong>jam</strong></span> <span class='ocrx_word' id='word_1_394' title='bbox 2575 2629 2793 2685; x_wconf 88' lang='lat' dir='ltr'><strong>quoquo</strong></span> <span class='ocrx_word' id='word_1_395' title='bbox 2817 2612 2978 2670; x_wconf 92' lang='lat' dir='ltr'><strong>modo</strong></span> <span class='ocrx_word' id='word_1_396' title='bbox 3000 2612 3163 2668; x_wconf 87' lang='lat' dir='ltr'><strong>ﬁnem</strong></span> <span class='ocrx_word' id='word_1_397' title='bbox 3187 2612 3349 2669; x_wconf 87' lang='lat' dir='ltr'><strong>rebus</strong></span> <span class='ocrx_word' id='word_1_398' title='bbox 3371 2612 3553 2680; x_wconf 79' lang='lat' dir='ltr'><strong>impo-</strong></span> 
     </span>
    </p>
   </div>
   <div class='ocr_carea' id='block_1_57' title="bbox 1948 2704 3553 2778">
    <p class='ocr_par' dir='ltr' id='par_1_57' title="bbox 1948 2704 3553 2778">
     <span class='ocr_line' id='line_1_57' title="bbox 1948 2704 3553 2778; baseline -0.003 -13"><span class='ocrx_word' id='word_1_399' title='bbox 1948 2725 2077 2765; x_wconf 89' lang='lat' dir='ltr'><strong>nere</strong></span> <span class='ocrx_word' id='word_1_400' title='bbox 2101 2710 2406 2778; x_wconf 87' lang='lat' dir='ltr'><strong>cupientes.</strong></span> <span class='ocrx_word' id='word_1_401' title='bbox 2452 2708 2583 2764; x_wconf 85' lang='lat' dir='ltr'><strong>Dein</strong></span> <span class='ocrx_word' id='word_1_402' title='bbox 2610 2716 2895 2776; x_wconf 77' lang='lat' dir='ltr'><strong>concepta:</strong></span> <span class='ocrx_word' id='word_1_403' title='bbox 2923 2722 2952 2760; x_wconf 92' lang='lat' dir='ltr'><strong>a</strong></span> <span class='ocrx_word' id='word_1_404' title='bbox 2988 2704 3248 2777; x_wconf 67' lang='lat' dir='ltr'><strong>Fargadio</strong></span> <span class='ocrx_word' id='word_1_405' title='bbox 3277 2714 3332 2761; x_wconf 92' lang='lat' dir='ltr'><strong>et</strong></span> <span class='ocrx_word' id='word_1_406' title='bbox 3357 2704 3553 2761; x_wconf 85' lang='lat' dir='ltr'><strong>Serva-</strong></span> 
     </span>
    </p>
   </div>
   <div class='ocr_carea' id='block_1_58' title="bbox 1949 2798 3551 2873">
    <p class='ocr_par' dir='ltr' id='par_1_58' title="bbox 1949 2798 3551 2873">
     <span class='ocr_line' id='line_1_58' title="bbox 1949 2798 3551 2873; baseline -0.002 -15"><span class='ocrx_word' id='word_1_407' title='bbox 1949 2804 2097 2858; x_wconf 87' lang='lat' dir='ltr'><strong>tione</strong></span> <span class='ocrx_word' id='word_1_408' title='bbox 2152 2800 2524 2873; x_wconf 71' lang='lat' dir='ltr'><strong>professiones</strong></span> <span class='ocrx_word' id='word_1_409' title='bbox 2573 2800 2661 2856; x_wconf 92' lang='lat' dir='ltr'><strong>edi</strong></span> <span class='ocrx_word' id='word_1_410' title='bbox 2706 2815 2968 2872; x_wconf 67' lang='lat' dir='ltr'><strong>coepere,</strong></span> <span class='ocrx_word' id='word_1_411' title='bbox 3025 2800 3078 2855; x_wconf 93' lang='lat' dir='ltr'><strong>in</strong></span> <span class='ocrx_word' id='word_1_412' title='bbox 3123 2798 3276 2871; x_wconf 86' lang='lat' dir='ltr'><strong>queis</strong></span> <span class='ocrx_word' id='word_1_413' title='bbox 3320 2799 3551 2870; x_wconf 90' lang='lat' dir='ltr'><strong>primum</strong></span> 
     </span>
    </p>
   </div>
   <div class='ocr_carea' id='block_1_59' title="bbox 1946 2892 3551 2965">
    <p class='ocr_par' dir='ltr' id='par_1_59' title="bbox 1946 2892 3551 2965">
     <span class='ocr_line' id='line_1_59' title="bbox 1946 2892 3551 2965; baseline -0.002 -14"><span class='ocrx_word' id='word_1_414' title='bbox 1946 2896 2236 2951; x_wconf 90' lang='lat' dir='ltr'><strong>damnatur</strong></span> <span class='ocrx_word' id='word_1_415' title='bbox 2280 2896 2486 2962; x_wconf 87' lang='lat' dir='ltr'><strong>Arius,</strong></span> <span class='ocrx_word' id='word_1_416' title='bbox 2536 2906 2759 2965; x_wconf 86' lang='lat' dir='ltr'><strong>totaque</strong></span> <span class='ocrx_word' id='word_1_417' title='bbox 2808 2893 2928 2964; x_wconf 82' lang='lat' dir='ltr'><strong>ejus</strong></span> <span class='ocrx_word' id='word_1_418' title='bbox 2986 2892 3209 2965; x_wconf 88' lang='lat' dir='ltr'><strong>perﬁdia</strong></span> <span class='ocrx_word' id='word_1_419' title='bbox 3249 2899 3551 2948; x_wconf 71' lang='lat' dir='ltr'><strong>:czrterum</strong></span> 
     </span>
    </p>
   </div>
   <div class='ocr_carea' id='block_1_60' title="bbox 1947 2987 3547 3059">
    <p class='ocr_par' dir='ltr' id='par_1_60' title="bbox 1947 2987 3547 3059">
     <span class='ocr_line' id='line_1_60' title="bbox 1947 2987 3547 3059; baseline -0.003 -13"><span class='ocrx_word' id='word_1_420' title='bbox 1947 3005 2053 3046; x_wconf 91' lang='lat' dir='ltr'><strong>non</strong></span> <span class='ocrx_word' id='word_1_421' title='bbox 2076 2991 2238 3045; x_wconf 88' lang='lat' dir='ltr'><strong>etiam</strong></span> <span class='ocrx_word' id='word_1_422' title='bbox 2268 2989 2419 3045; x_wconf 81' lang='lat' dir='ltr'><strong>Patri</strong></span> <span class='ocrx_word' id='word_1_423' title='bbox 2440 2989 2664 3059; x_wconf 78' lang='lat' dir='ltr'><strong>aequalis</strong></span> <span class='ocrx_word' id='word_1_424' title='bbox 2684 2997 2739 3044; x_wconf 89' lang='lat' dir='ltr'><strong>et</strong></span> <span class='ocrx_word' id='word_1_425' title='bbox 2761 2988 2879 3043; x_wconf 90' lang='lat' dir='ltr'><strong>sine</strong></span> <span class='ocrx_word' id='word_1_426' title='bbox 2902 2987 3079 3054; x_wconf 91' lang='lat' dir='ltr'><strong>initio,</strong></span> <span class='ocrx_word' id='word_1_427' title='bbox 3111 2987 3233 3043; x_wconf 88' lang='lat' dir='ltr'><strong>sine</strong></span> <span class='ocrx_word' id='word_1_428' title='bbox 3256 2996 3500 3057; x_wconf 89' lang='lat' dir='ltr'><strong>tempore</strong></span> <span class='ocrx_word' id='word_1_429' title='bbox 3529 3028 3547 3054; x_wconf 96' lang='lat'><strong>,</strong></span> 
     </span>
    </p>
   </div>
   <div class='ocr_carea' id='block_1_61' title="bbox 1950 3080 3552 3154">
    <p class='ocr_par' dir='ltr' id='par_1_61' title="bbox 1950 3080 3552 3154">
     <span class='ocr_line' id='line_1_61' title="bbox 1950 3080 3552 3154; baseline -0.002 -16"><span class='ocrx_word' id='word_1_430' title='bbox 1950 3084 2045 3139; x_wconf 83' lang='lat' dir='ltr'><strong>Dei</strong></span> <span class='ocrx_word' id='word_1_431' title='bbox 2073 3084 2246 3140; x_wconf 87' lang='lat' dir='ltr'><strong>Filius</strong></span> <span class='ocrx_word' id='word_1_432' title='bbox 2276 3082 2680 3154; x_wconf 79' lang='lat' dir='ltr'><strong>pronuntiatur.</strong></span> <span class='ocrx_word' id='word_1_433' title='bbox 2714 3081 2849 3136; x_wconf 84' lang='lat' dir='ltr'><strong>Tum</strong></span> <span class='ocrx_word' id='word_1_434' title='bbox 2882 3080 3108 3148; x_wconf 80' lang='lat' dir='ltr'><strong>Valens,</strong></span> <span class='ocrx_word' id='word_1_435' title='bbox 3139 3089 3413 3151; x_wconf 84' lang='lat' dir='ltr'><strong>tamquam</strong></span> <span class='ocrx_word' id='word_1_436' title='bbox 3453 3094 3552 3134; x_wconf 84' lang='lat' dir='ltr'><strong>no—</strong></span> 
     </span>
    </p>
   </div>
   <div class='ocr_carea' id='block_1_62' title="bbox 1950 3170 3554 3247">
    <p class='ocr_par' dir='ltr' id='par_1_62' title="bbox 1950 3170 3554 3247">
     <span class='ocr_line' id='line_1_62' title="bbox 1950 3170 3554 3247; baseline -0.005 -15"><span class='ocrx_word' id='word_1_437' title='bbox 1950 3189 2093 3233; x_wconf 91' lang='lat' dir='ltr'><strong>stros</strong></span> <span class='ocrx_word' id='word_1_438' title='bbox 2120 3176 2403 3247; x_wconf 90' lang='lat' dir='ltr'><strong>adjuvans,</strong></span> <span class='ocrx_word' id='word_1_439' title='bbox 2439 3175 2667 3245; x_wconf 85' lang='lat' dir='ltr'><strong>subjecit</strong></span> <span class='ocrx_word' id='word_1_440' title='bbox 2690 3176 3013 3229; x_wconf 80' lang='lat' dir='ltr'><strong>sententiam</strong></span> <span class='ocrx_word' id='word_1_441' title='bbox 3044 3174 3131 3227; x_wconf 90' lang='lat' dir='ltr'><strong>cui</strong></span> <span class='ocrx_word' id='word_1_442' title='bbox 3160 3172 3338 3227; x_wconf 86' lang='lat' dir='ltr'><strong>inerat</strong></span> <span class='ocrx_word' id='word_1_443' title='bbox 3368 3170 3554 3227; x_wconf 83' lang='lat' dir='ltr'><strong>occul-</strong></span> 
     </span>
    </p>
   </div>
   <div class='ocr_carea' id='block_1_63' title="bbox 296 3250 3557 3341">
    <p class='ocr_par' dir='ltr' id='par_1_63' title="bbox 296 3250 3557 3341">
     <span class='ocr_line' id='line_1_63' title="bbox 296 3250 3557 3341; baseline -0.003 -12"><span class='ocrx_word' id='word_1_444' title='bbox 296 3271 489 3329; x_wconf 72' lang='lat' dir='ltr'><strong>XLIII.</strong></span> <span class='ocrx_word' id='word_1_445' title='bbox 508 3273 727 3330; x_wconf 89' lang='lat' dir='ltr'><strong>Interea</strong></span> <span class='ocrx_word' id='word_1_446' title='bbox 753 3271 966 3341; x_wconf 88' lang='lat' dir='ltr'><strong>legatos</strong></span> <span class='ocrx_word' id='word_1_447' title='bbox 989 3269 1348 3324; x_wconf 61' lang='lat' dir='ltr'><strong>Ariminensis</strong></span> <span class='ocrx_word' id='word_1_448' title='bbox 1364 3267 1577 3323; x_wconf 82' lang='lat' dir='ltr'><strong>concilii</strong></span> <span class='ocrx_word' id='word_1_449' title='bbox 1598 3282 1662 3323; x_wconf 81' lang='lat' dir='ltr'><strong>ex</strong></span> <span class='ocrx_word' id='word_1_450' title='bbox 1689 3274 1842 3337; x_wconf 89' lang='lat' dir='ltr'><strong>parte</strong></span> <span class='ocrx_word' id='word_1_451' title='bbox 1870 3250 1920 3316; x_wconf 64' lang='grc' dir='ltr'><strong>(ἶ</strong></span> <span class='ocrx_word' id='word_1_452' title='bbox 1951 3283 2034 3326; x_wconf 91' lang='lat' dir='ltr'><strong>tus</strong></span> <span class='ocrx_word' id='word_1_453' title='bbox 2063 3271 2220 3326; x_wconf 80' lang='lat' dir='ltr'><strong>dolus</strong></span> <span class='ocrx_word' id='word_1_454' title='bbox 2251 3288 2265 3323; x_wconf 89' lang='lat'><strong>:</strong></span> <span class='ocrx_word' id='word_1_455' title='bbox 2298 3269 2494 3324; x_wconf 88' lang='lat' dir='ltr'><strong>Filium</strong></span> <span class='ocrx_word' id='word_1_456' title='bbox 2528 3270 2621 3323; x_wconf 86' lang='lat' dir='ltr'><strong>Dei</strong></span> <span class='ocrx_word' id='word_1_457' title='bbox 2651 3283 2756 3323; x_wconf 92' lang='lat' dir='ltr'><strong>non</strong></span> <span class='ocrx_word' id='word_1_458' title='bbox 2786 3282 2907 3323; x_wconf 91' lang='lat' dir='ltr'><strong>esse</strong></span> <span class='ocrx_word' id='word_1_459' title='bbox 2934 3276 3239 3321; x_wconf 88' lang='lat' dir='ltr'><strong>creaturam</strong></span> <span class='ocrx_word' id='word_1_460' title='bbox 3288 3267 3430 3321; x_wconf 90' lang='lat' dir='ltr'><strong>sicut</strong></span> <span class='ocrx_word' id='word_1_461' title='bbox 3450 3280 3557 3321; x_wconf 67' lang='lat' dir='ltr'><strong>ca:-</strong></span> 
     </span>
    </p>
   </div>
   <div class='ocr_carea' id='block_1_64' title="bbox 228 3361 1845 3436">
    <p class='ocr_par' dir='ltr' id='par_1_64' title="bbox 228 3361 1845 3436">
     <span class='ocr_line' id='line_1_64' title="bbox 228 3361 1845 3436; baseline -0.004 -15"><span class='ocrx_word' id='word_1_462' title='bbox 228 3374 553 3421; x_wconf 89' lang='lat' dir='ltr'><strong>nostrorum</strong></span> <span class='ocrx_word' id='word_1_463' title='bbox 615 3363 905 3436; x_wconf 76' lang='lat' dir='ltr'><strong>compellit</strong></span> <span class='ocrx_word' id='word_1_464' title='bbox 951 3364 1248 3434; x_wconf 88' lang='lat' dir='ltr'><strong>imperator</strong></span> <span class='ocrx_word' id='word_1_465' title='bbox 1288 3361 1428 3416; x_wconf 91' lang='lat' dir='ltr'><strong>nniri</strong></span> <span class='ocrx_word' id='word_1_466' title='bbox 1464 3361 1845 3417; x_wconf 52' lang='lat' dir='ltr'><strong>ha‘reticorum</strong></span> 
     </span>
    </p>
   </div>
   <div class='ocr_carea' id='block_1_65' title="bbox 227 3453 1845 3528">
    <p class='ocr_par' dir='ltr' id='par_1_65' title="bbox 227 3453 1845 3528">
     <span class='ocr_line' id='line_1_65' title="bbox 227 3453 1845 3528; baseline -0.006 -11"><span class='ocrx_word' id='word_1_467' title='bbox 227 3460 633 3525; x_wconf 89' lang='lat' dir='ltr'><strong>communioni,</strong></span> <span class='ocrx_word' id='word_1_468' title='bbox 691 3458 1013 3528; x_wconf 72' lang='lat' dir='ltr'><strong>eisdemque</strong></span> <span class='ocrx_word' id='word_1_469' title='bbox 1061 3456 1430 3524; x_wconf 86' lang='lat' dir='ltr'><strong>conscriptam</strong></span> <span class='ocrx_word' id='word_1_470' title='bbox 1460 3453 1531 3510; x_wconf 89' lang='lat' dir='ltr'><strong>ab</strong></span> <span class='ocrx_word' id='word_1_471' title='bbox 1584 3454 1845 3525; x_wconf 85' lang='lat' dir='ltr'><strong>improbis</strong></span> 
     </span>
    </p>
   </div>
   <div class='ocr_carea' id='block_1_66' title="bbox 228 3548 1847 3618">
    <p class='ocr_par' dir='ltr' id='par_1_66' title="bbox 228 3548 1847 3618">
     <span class='ocr_line' id='line_1_66' title="bbox 228 3548 1847 3618; baseline -0.006 -9"><span class='ocrx_word' id='word_1_472' title='bbox 228 3552 389 3609; x_wconf 87' lang='lat' dir='ltr'><strong>ﬁdem</strong></span> <span class='ocrx_word' id='word_1_473' title='bbox 425 3552 598 3609; x_wconf 86' lang='lat' dir='ltr'><strong>tradit</strong></span> <span class='ocrx_word' id='word_1_474' title='bbox 632 3552 814 3607; x_wconf 80' lang='lat' dir='ltr'><strong>verbis</strong></span> <span class='ocrx_word' id='word_1_475' title='bbox 845 3550 1157 3605; x_wconf 87' lang='lat' dir='ltr'><strong>fallentibus</strong></span> <span class='ocrx_word' id='word_1_476' title='bbox 1210 3548 1510 3604; x_wconf 83' lang='lat' dir='ltr'><strong>involutam</strong></span> <span class='ocrx_word' id='word_1_477' title='bbox 1535 3590 1553 3617; x_wconf 95' lang='lat'><strong>,</strong></span> <span class='ocrx_word' id='word_1_478' title='bbox 1585 3563 1709 3618; x_wconf 71' lang='lat' dir='ltr'><strong>qua:</strong></span> <span class='ocrx_word' id='word_1_479' title='bbox 1755 3562 1847 3601; x_wconf 85' lang='lat' dir='ltr'><strong>ca-</strong></span> 
     </span>
    </p>
   </div>
   <div class='ocr_carea' id='block_1_67' title="bbox 230 3642 1841 3717">
    <p class='ocr_par' dir='ltr' id='par_1_67' title="bbox 230 3642 1841 3717">
     <span class='ocr_line' id='line_1_67' title="bbox 230 3642 1841 3717; baseline -0.006 -12"><span class='ocrx_word' id='word_1_480' title='bbox 230 3648 496 3705; x_wconf 83' lang='lat' dir='ltr'><strong>tholicam</strong></span> <span class='ocrx_word' id='word_1_481' title='bbox 548 3646 899 3717; x_wconf 89' lang='lat' dir='ltr'><strong>disciplinam</strong></span> <span class='ocrx_word' id='word_1_482' title='bbox 947 3643 1172 3713; x_wconf 85' lang='lat' dir='ltr'><strong>perﬁdia</strong></span> <span class='ocrx_word' id='word_1_483' title='bbox 1224 3644 1426 3696; x_wconf 88' lang='lat' dir='ltr'><strong>latente</strong></span> <span class='ocrx_word' id='word_1_484' title='bbox 1492 3642 1841 3712; x_wconf 89' lang='lat' dir='ltr'><strong>loqueretur,</strong></span> 
     </span>
    </p>
   </div>
   <div class='ocr_carea' id='block_1_68' title="bbox 228 3736 1846 3813">
    <p class='ocr_par' dir='ltr' id='par_1_68' title="bbox 228 3736 1846 3813">
     <span class='ocr_line' id='line_1_68' title="bbox 228 3736 1846 3813; baseline -0.005 -16"><span class='ocrx_word' id='word_1_485' title='bbox 228 3757 468 3813; x_wconf 90' lang='lat' dir='ltr'><strong>namque</strong></span> <span class='ocrx_word' id='word_1_486' title='bbox 490 3742 622 3795; x_wconf 72' lang='lat' dir='ltr'><strong>asia:</strong></span> <span class='ocrx_word' id='word_1_487' title='bbox 648 3740 874 3794; x_wconf 85' lang='lat' dir='ltr'><strong>verbum</strong></span> <span class='ocrx_word' id='word_1_488' title='bbox 900 3746 1175 3807; x_wconf 88' lang='lat' dir='ltr'><strong>tamquam</strong></span> <span class='ocrx_word' id='word_1_489' title='bbox 1206 3736 1522 3805; x_wconf 89' lang='lat' dir='ltr'><strong>ambiguum</strong></span> <span class='ocrx_word' id='word_1_490' title='bbox 1549 3745 1604 3789; x_wconf 92' lang='lat' dir='ltr'><strong>et</strong></span> <span class='ocrx_word' id='word_1_491' title='bbox 1638 3743 1846 3789; x_wconf 86' lang='lat' dir='ltr'><strong>temere</strong></span> 
     </span>
    </p>
   </div>
   <div class='ocr_carea' id='block_1_69' title="bbox 226 3826 1847 3906">
    <p class='ocr_par' dir='ltr' id='par_1_69' title="bbox 226 3826 1847 3906">
     <span class='ocr_line' id='line_1_69' title="bbox 226 3826 1847 3906; baseline -0.005 -17"><span class='ocrx_word' id='word_1_492' title='bbox 226 3851 254 3889; x_wconf 87' lang='lat' dir='ltr'><strong>a</strong></span> <span class='ocrx_word' id='word_1_493' title='bbox 304 3836 561 3906; x_wconf 82' lang='lat' dir='ltr'><strong>patribus</strong></span> <span class='ocrx_word' id='word_1_494' title='bbox 595 3840 921 3902; x_wconf 85' lang='lat' dir='ltr'><strong>usurpatum</strong></span> <span class='ocrx_word' id='word_1_495' title='bbox 950 3873 965 3896; x_wconf 94' lang='lat'><strong>,</strong></span> <span class='ocrx_word' id='word_1_496' title='bbox 1001 3845 1178 3901; x_wconf 89' lang='lat' dir='ltr'><strong>neque</strong></span> <span class='ocrx_word' id='word_1_497' title='bbox 1226 3845 1288 3885; x_wconf 78' lang='lat' dir='ltr'><strong>ex</strong></span> <span class='ocrx_word' id='word_1_498' title='bbox 1325 3829 1656 3884; x_wconf 87' lang='lat' dir='ltr'><strong>auctoritate</strong></span> <span class='ocrx_word' id='word_1_499' title='bbox 1700 3826 1847 3883; x_wconf 86' lang='lat' dir='ltr'><strong>Scri-</strong></span> 
     </span>
    </p>
   </div>
   <div class='ocr_carea' id='block_1_70' title="bbox 227 3919 1845 3999">
    <p class='ocr_par' dir='ltr' id='par_1_70' title="bbox 227 3919 1845 3999">
     <span class='ocr_line' id='line_1_70' title="bbox 227 3919 1845 3999; baseline -0.006 -16"><span class='ocrx_word' id='word_1_500' title='bbox 227 3938 517 3999; x_wconf 89' lang='lat' dir='ltr'><strong>pturarum</strong></span> <span class='ocrx_word' id='word_1_501' title='bbox 568 3924 873 3996; x_wconf 87' lang='lat' dir='ltr'><strong>profectum</strong></span> <span class='ocrx_word' id='word_1_502' title='bbox 903 3923 1004 3977; x_wconf 90' lang='lat' dir='ltr'><strong>sub</strong></span> <span class='ocrx_word' id='word_1_503' title='bbox 1034 3922 1220 3992; x_wconf 89' lang='lat' dir='ltr'><strong>specie</strong></span> <span class='ocrx_word' id='word_1_504' title='bbox 1252 3920 1408 3976; x_wconf 69' lang='lat' dir='ltr'><strong>tals-ae</strong></span> <span class='ocrx_word' id='word_1_505' title='bbox 1442 3919 1673 3976; x_wconf 90' lang='lat' dir='ltr'><strong>rationis</strong></span> <span class='ocrx_word' id='word_1_506' title='bbox 1709 3919 1845 3974; x_wconf 89' lang='lat' dir='ltr'><strong>abo-</strong></span> 
     </span>
    </p>
   </div>
   <div class='ocr_carea' id='block_1_71' title="bbox 229 4013 1847 4089">
    <p class='ocr_par' dir='ltr' id='par_1_71' title="bbox 229 4013 1847 4089">
     <span class='ocr_line' id='line_1_71' title="bbox 229 4013 1847 4089; baseline -0.006 -10"><span class='ocrx_word' id='word_1_507' title='bbox 229 4023 403 4089; x_wconf 88' lang='lat' dir='ltr'><strong>lebat,</strong></span> <span class='ocrx_word' id='word_1_508' title='bbox 435 4038 504 4077; x_wconf 90' lang='lat' dir='ltr'><strong>ne</strong></span> <span class='ocrx_word' id='word_1_509' title='bbox 537 4023 700 4076; x_wconf 90' lang='lat' dir='ltr'><strong>unius</strong></span> <span class='ocrx_word' id='word_1_510' title='bbox 733 4035 858 4074; x_wconf 91' lang='lat' dir='ltr'><strong>cum</strong></span> <span class='ocrx_word' id='word_1_511' title='bbox 890 4019 1050 4072; x_wconf 86' lang='lat' dir='ltr'><strong>Patre</strong></span> <span class='ocrx_word' id='word_1_512' title='bbox 1079 4018 1399 4072; x_wconf 67' lang='lat' dir='ltr'><strong>substantia:</strong></span> <span class='ocrx_word' id='word_1_513' title='bbox 1432 4016 1604 4071; x_wconf 89' lang='lat' dir='ltr'><strong>Filius</strong></span> <span class='ocrx_word' id='word_1_514' title='bbox 1649 4013 1847 4070; x_wconf 90' lang='lat' dir='ltr'><strong>crede-</strong></span> 
     </span>
    </p>
   </div>
   <div class='ocr_carea' id='block_1_72' title="bbox 230 4106 1843 4172">
    <p class='ocr_par' dir='ltr' id='par_1_72' title="bbox 230 4106 1843 4172">
     <span class='ocr_line' id='line_1_72' title="bbox 230 4106 1843 4172; baseline -0.007 0"><span class='ocrx_word' id='word_1_515' title='bbox 230 4127 405 4172; x_wconf 89' lang='lat' dir='ltr'><strong>retur.</strong></span> <span class='ocrx_word' id='word_1_516' title='bbox 451 4115 659 4171; x_wconf 89' lang='lat' dir='ltr'><strong>Eadem</strong></span> <span class='ocrx_word' id='word_1_517' title='bbox 692 4112 830 4169; x_wconf 88' lang='lat' dir='ltr'><strong>ﬁdes</strong></span> <span class='ocrx_word' id='word_1_518' title='bbox 859 4111 1098 4167; x_wconf 89' lang='lat' dir='ltr'><strong>similem</strong></span> <span class='ocrx_word' id='word_1_519' title='bbox 1135 4110 1278 4165; x_wconf 87' lang='lat' dir='ltr'><strong>Patri</strong></span> <span class='ocrx_word' id='word_1_520' title='bbox 1310 4108 1508 4164; x_wconf 81' lang='lat' dir='ltr'><strong>Filium</strong></span> <span class='ocrx_word' id='word_1_521' title='bbox 1538 4106 1843 4172; x_wconf 83' lang='lat' dir='ltr'><strong>fatebatur;</strong></span> 
     </span>
    </p>
   </div>
   <div class='ocr_carea' id='block_1_73' title="bbox 228 4202 1845 4276">
    <p class='ocr_par' dir='ltr' id='par_1_73' title="bbox 228 4202 1845 4276">
     <span class='ocr_line' id='line_1_73' title="bbox 228 4202 1845 4276; baseline -0.008 -8"><span class='ocrx_word' id='word_1_522' title='bbox 228 4212 323 4268; x_wconf 89' lang='lat' dir='ltr'><strong>sed</strong></span> <span class='ocrx_word' id='word_1_523' title='bbox 357 4211 602 4267; x_wconf 89' lang='lat' dir='ltr'><strong>interius</strong></span> <span class='ocrx_word' id='word_1_524' title='bbox 625 4207 820 4265; x_wconf 87' lang='lat' dir='ltr'><strong>aderat</strong></span> <span class='ocrx_word' id='word_1_525' title='bbox 843 4207 994 4262; x_wconf 85' lang='lat' dir='ltr'><strong>fraus</strong></span> <span class='ocrx_word' id='word_1_526' title='bbox 1013 4214 1217 4276; x_wconf 88' lang='lat' dir='ltr'><strong>parata,</strong></span> <span class='ocrx_word' id='word_1_527' title='bbox 1252 4213 1310 4259; x_wconf 95' lang='lat' dir='ltr'><strong>ut</strong></span> <span class='ocrx_word' id='word_1_528' title='bbox 1331 4202 1708 4266; x_wconf 88' lang='lat' dir='ltr'><strong>essetsimilis,</strong></span> <span class='ocrx_word' id='word_1_529' title='bbox 1736 4217 1845 4255; x_wconf 93' lang='lat' dir='ltr'><strong>non</strong></span> 
     </span>
    </p>
   </div>
   <div class='ocr_carea' id='block_1_74' title="bbox 228 4293 1837 4375">
    <p class='ocr_par' dir='ltr' id='par_1_74' title="bbox 228 4293 1837 4375">
     <span class='ocr_line' id='line_1_74' title="bbox 228 4293 1837 4375; baseline -0.01 -14"><span class='ocrx_word' id='word_1_530' title='bbox 228 4315 375 4361; x_wconf 82' lang='lat' dir='ltr'><strong>esset</strong></span> <span class='ocrx_word' id='word_1_531' title='bbox 404 4303 657 4375; x_wconf 71' lang='lat' dir='ltr'><strong>:Bqualis.</strong></span> <span class='ocrx_word' id='word_1_532' title='bbox 724 4302 797 4356; x_wconf 86' lang='lat' dir='ltr'><strong>Ita</strong></span> <span class='ocrx_word' id='word_1_533' title='bbox 827 4300 1066 4355; x_wconf 82' lang='lat' dir='ltr'><strong>dimissis</strong></span> <span class='ocrx_word' id='word_1_534' title='bbox 1098 4298 1293 4369; x_wconf 81' lang='lat' dir='ltr'><strong>legalis</strong></span> <span class='ocrx_word' id='word_1_535' title='bbox 1320 4296 1577 4367; x_wconf 69' lang='lat' dir='ltr'><strong>prmfecto</strong></span> <span class='ocrx_word' id='word_1_536' title='bbox 1611 4293 1837 4349; x_wconf 86' lang='lat' dir='ltr'><strong>manda-</strong></span> 
     </span>
    </p>
   </div>
   <div class='ocr_carea' id='block_1_75' title="bbox 234 4385 1851 4469">
    <p class='ocr_par' dir='ltr' id='par_1_75' title="bbox 234 4385 1851 4469">
     <span class='ocr_line' id='line_1_75' title="bbox 234 4385 1851 4469; baseline -0.009 -16"><span class='ocrx_word' id='word_1_537' title='bbox 234 4408 372 4465; x_wconf 91' lang='lat' dir='ltr'><strong>tum,</strong></span> <span class='ocrx_word' id='word_1_538' title='bbox 410 4408 470 4452; x_wconf 90' lang='lat' dir='ltr'><strong>ut</strong></span> <span class='ocrx_word' id='word_1_539' title='bbox 510 4394 789 4469; x_wconf 77' lang='lat' dir='ltr'><strong>synodum</strong></span> <span class='ocrx_word' id='word_1_540' title='bbox 825 4407 933 4447; x_wconf 91' lang='lat' dir='ltr'><strong>non</strong></span> <span class='ocrx_word' id='word_1_541' title='bbox 967 4401 1095 4447; x_wconf 89' lang='lat' dir='ltr'><strong>ante</strong></span> <span class='ocrx_word' id='word_1_542' title='bbox 1136 4390 1347 4444; x_wconf 83' lang='lat' dir='ltr'><strong>laxaret</strong></span> <span class='ocrx_word' id='word_1_543' title='bbox 1397 4403 1558 4458; x_wconf 88' lang='lat' dir='ltr'><strong>quam</strong></span> <span class='ocrx_word' id='word_1_544' title='bbox 1608 4385 1851 4441; x_wconf 88' lang='lat' dir='ltr'><strong>conscri-</strong></span> 
     </span>
    </p>
   </div>
   <div class='ocr_carea' id='block_1_76' title="bbox 233 4482 1848 4566">
    <p class='ocr_par' dir='ltr' id='par_1_76' title="bbox 233 4482 1848 4566">
     <span class='ocr_line' id='line_1_76' title="bbox 233 4482 1848 4566; baseline -0.011 -14"><span class='ocrx_word' id='word_1_545' title='bbox 233 4506 340 4566; x_wconf 72' lang='lat' dir='ltr'><strong>ptre</strong></span> <span class='ocrx_word' id='word_1_546' title='bbox 374 4492 501 4549; x_wconf 88' lang='lat' dir='ltr'><strong>ﬁdei</strong></span> <span class='ocrx_word' id='word_1_547' title='bbox 531 4489 856 4548; x_wconf 90' lang='lat' dir='ltr'><strong>consentire</strong></span> <span class='ocrx_word' id='word_1_548' title='bbox 885 4502 944 4543; x_wconf 86' lang='lat' dir='ltr'><strong>se</strong></span> <span class='ocrx_word' id='word_1_549' title='bbox 973 4502 1167 4542; x_wconf 90' lang='lat' dir='ltr'><strong>omnes</strong></span> <span class='ocrx_word' id='word_1_550' title='bbox 1200 4482 1697 4554; x_wconf 87' lang='lat' dir='ltr'><strong>subscriptionibus</strong></span> <span class='ocrx_word' id='word_1_551' title='bbox 1721 4496 1848 4551; x_wconf 88' lang='lat' dir='ltr'><strong>pro-</strong></span> 
     </span>
    </p>
   </div>
   <div class='ocr_carea' id='block_1_77' title="bbox 236 4576 1847 4656">
    <p class='ocr_par' dir='ltr' id='par_1_77' title="bbox 236 4576 1847 4656">
     <span class='ocr_line' id='line_1_77' title="bbox 236 4576 1847 4656; baseline -0.013 -7"><span class='ocrx_word' id='word_1_552' title='bbox 236 4594 527 4649; x_wconf 82' lang='lat' dir='ltr'><strong>fiterentur</strong></span> <span class='ocrx_word' id='word_1_553' title='bbox 560 4608 574 4645; x_wconf 91' lang='lat'><strong>:</strong></span> <span class='ocrx_word' id='word_1_554' title='bbox 610 4603 700 4651; x_wconf 90' lang='lat' dir='ltr'><strong>ac,</strong></span> <span class='ocrx_word' id='word_1_555' title='bbox 730 4585 775 4641; x_wconf 91' lang='lat' dir='ltr'><strong>si</strong></span> <span class='ocrx_word' id='word_1_556' title='bbox 805 4584 896 4656; x_wconf 91' lang='lat' dir='ltr'><strong>qui</strong></span> <span class='ocrx_word' id='word_1_557' title='bbox 928 4582 1262 4655; x_wconf 89' lang='lat' dir='ltr'><strong>pertinacius</strong></span> <span class='ocrx_word' id='word_1_558' title='bbox 1304 4580 1658 4642; x_wconf 87' lang='lat' dir='ltr'><strong>obsisterent,</strong></span> <span class='ocrx_word' id='word_1_559' title='bbox 1688 4576 1847 4631; x_wconf 89' lang='lat' dir='ltr'><strong>dum-</strong></span> 
     </span>
    </p>
   </div>
   <div class='ocr_carea' id='block_1_78' title="bbox 1948 3356 3553 3432">
    <p class='ocr_par' dir='ltr' id='par_1_78' title="bbox 1948 3356 3553 3432">
     <span class='ocr_line' id='line_1_78' title="bbox 1948 3356 3553 3432; baseline -0.004 -13"><span class='ocrx_word' id='word_1_560' title='bbox 1948 3373 2095 3420; x_wconf 90' lang='lat' dir='ltr'><strong>teras</strong></span> <span class='ocrx_word' id='word_1_561' title='bbox 2117 3373 2402 3418; x_wconf 86' lang='lat' dir='ltr'><strong>creaturas</strong></span> <span class='ocrx_word' id='word_1_562' title='bbox 2428 3378 2441 3416; x_wconf 92' lang='lat'><strong>:</strong></span> <span class='ocrx_word' id='word_1_563' title='bbox 2467 3360 2773 3432; x_wconf 84' lang='lat' dir='ltr'><strong>fefellitque</strong></span> <span class='ocrx_word' id='word_1_564' title='bbox 2795 3359 3080 3414; x_wconf 89' lang='lat' dir='ltr'><strong>audientes</strong></span> <span class='ocrx_word' id='word_1_565' title='bbox 3093 3357 3241 3413; x_wconf 88' lang='lat' dir='ltr'><strong>fraus</strong></span> <span class='ocrx_word' id='word_1_566' title='bbox 3258 3356 3553 3430; x_wconf 78' lang='lat' dir='ltr'><strong>professio-</strong></span> 
     </span>
    </p>
   </div>
   <div class='ocr_carea' id='block_1_79' title="bbox 1948 3452 3554 3526">
    <p class='ocr_par' dir='ltr' id='par_1_79' title="bbox 1948 3452 3554 3526">
     <span class='ocr_line' id='line_1_79' title="bbox 1948 3452 3554 3526; baseline -0.005 -12"><span class='ocrx_word' id='word_1_567' title='bbox 1948 3461 2057 3514; x_wconf 89' lang='lat' dir='ltr'><strong>nis.</strong></span> <span class='ocrx_word' id='word_1_568' title='bbox 2103 3457 2316 3513; x_wconf 85' lang='lat' dir='ltr'><strong>Etenim</strong></span> <span class='ocrx_word' id='word_1_569' title='bbox 2341 3456 2424 3511; x_wconf 91' lang='lat' dir='ltr'><strong>bis</strong></span> <span class='ocrx_word' id='word_1_570' title='bbox 2448 3455 2655 3521; x_wconf 86' lang='lat' dir='ltr'><strong>verbis,</strong></span> <span class='ocrx_word' id='word_1_571' title='bbox 2684 3454 2885 3526; x_wconf 89' lang='lat' dir='ltr'><strong>quibus</strong></span> <span class='ocrx_word' id='word_1_572' title='bbox 2916 3454 3114 3509; x_wconf 91' lang='lat' dir='ltr'><strong>similis</strong></span> <span class='ocrx_word' id='word_1_573' title='bbox 3162 3468 3285 3509; x_wconf 88' lang='lat' dir='ltr'><strong>esse</strong></span> <span class='ocrx_word' id='word_1_574' title='bbox 3336 3452 3554 3508; x_wconf 56' lang='lat' dir='ltr'><strong>caeteris</strong></span> 
     </span>
    </p>
   </div>
   <div class='ocr_carea' id='block_1_80' title="bbox 1948 3545 3557 3620">
    <p class='ocr_par' dir='ltr' id='par_1_80' title="bbox 1948 3545 3557 3620">
     <span class='ocr_line' id='line_1_80' title="bbox 1948 3545 3557 3620; baseline -0.005 -11"><span class='ocrx_word' id='word_1_575' title='bbox 1948 3553 2219 3609; x_wconf 90' lang='lat' dir='ltr'><strong>creaturis</strong></span> <span class='ocrx_word' id='word_1_576' title='bbox 2248 3551 2422 3606; x_wconf 88' lang='lat' dir='ltr'><strong>Filius</strong></span> <span class='ocrx_word' id='word_1_577' title='bbox 2444 3550 2766 3620; x_wconf 75' lang='lat' dir='ltr'><strong>negabatur,</strong></span> <span class='ocrx_word' id='word_1_578' title='bbox 2822 3559 3074 3605; x_wconf 88' lang='lat' dir='ltr'><strong>creatura</strong></span> <span class='ocrx_word' id='word_1_579' title='bbox 3123 3558 3329 3614; x_wconf 90' lang='lat' dir='ltr'><strong>tamen,</strong></span> <span class='ocrx_word' id='word_1_580' title='bbox 3375 3545 3557 3618; x_wconf 88' lang='lat' dir='ltr'><strong>potior</strong></span> 
     </span>
    </p>
   </div>
   <div class='ocr_carea' id='block_1_81' title="bbox 1950 3638 3560 3715">
    <p class='ocr_par' dir='ltr' id='par_1_81' title="bbox 1950 3638 3560 3715">
     <span class='ocr_line' id='line_1_81' title="bbox 1950 3638 3560 3715; baseline -0.004 -14"><span class='ocrx_word' id='word_1_581' title='bbox 1950 3656 2162 3701; x_wconf 90' lang='lat' dir='ltr'><strong>tantum</strong></span> <span class='ocrx_word' id='word_1_582' title='bbox 2189 3645 2427 3709; x_wconf 75' lang='lat' dir='ltr'><strong>caeteris,</strong></span> <span class='ocrx_word' id='word_1_583' title='bbox 2458 3643 2946 3715; x_wconf 89' lang='lat' dir='ltr'><strong>pronuntiabatur.</strong></span> <span class='ocrx_word' id='word_1_584' title='bbox 2988 3640 3065 3696; x_wconf 90' lang='lat' dir='ltr'><strong>Ita</strong></span> <span class='ocrx_word' id='word_1_585' title='bbox 3112 3648 3307 3695; x_wconf 91' lang='lat' dir='ltr'><strong>neutra</strong></span> <span class='ocrx_word' id='word_1_586' title='bbox 3331 3655 3455 3711; x_wconf 90' lang='lat' dir='ltr'><strong>pars</strong></span> <span class='ocrx_word' id='word_1_587' title='bbox 3477 3638 3560 3694; x_wconf 35' lang='lat' dir='ltr'><strong>vis</strong></span> 
     </span>
    </p>
   </div>
   <div class='ocr_carea' id='block_1_82' title="bbox 1948 3735 3556 3809">
    <p class='ocr_par' dir='ltr' id='par_1_82' title="bbox 1948 3735 3556 3809">
     <span class='ocr_line' id='line_1_82' title="bbox 1948 3735 3556 3809; baseline -0.004 -13"><span class='ocrx_word' id='word_1_588' title='bbox 1948 3739 2091 3797; x_wconf 87' lang='lat' dir='ltr'><strong>cisse</strong></span> <span class='ocrx_word' id='word_1_589' title='bbox 2114 3754 2173 3794; x_wconf 91' lang='lat' dir='ltr'><strong>se</strong></span> <span class='ocrx_word' id='word_1_590' title='bbox 2204 3737 2422 3809; x_wconf 90' lang='lat' dir='ltr'><strong>penitus</strong></span> <span class='ocrx_word' id='word_1_591' title='bbox 2444 3779 2458 3803; x_wconf 94' lang='lat'><strong>,</strong></span> <span class='ocrx_word' id='word_1_592' title='bbox 2515 3747 2608 3792; x_wconf 89' lang='lat' dir='ltr'><strong>aut</strong></span> <span class='ocrx_word' id='word_1_593' title='bbox 2653 3737 2848 3791; x_wconf 77' lang='lat' dir='ltr'><strong>victam</strong></span> <span class='ocrx_word' id='word_1_594' title='bbox 2904 3743 3098 3807; x_wconf 89' lang='lat' dir='ltr'><strong>putare</strong></span> <span class='ocrx_word' id='word_1_595' title='bbox 3144 3743 3358 3805; x_wconf 88' lang='lat' dir='ltr'><strong>poterat</strong></span> <span class='ocrx_word' id='word_1_596' title='bbox 3388 3752 3402 3789; x_wconf 91' lang='lat'>:</span> <span class='ocrx_word' id='word_1_597' title='bbox 3433 3735 3556 3806; x_wconf 89' lang='lat' dir='ltr'><strong>quia</strong></span> 
     </span>
    </p>
   </div>
   <div class='ocr_carea' id='block_1_83' title="bbox 1951 3828 3557 3903">
    <p class='ocr_par' dir='ltr' id='par_1_83' title="bbox 1951 3828 3557 3903">
     <span class='ocr_line' id='line_1_83' title="bbox 1951 3828 3557 3903; baseline -0.003 -15"><span class='ocrx_word' id='word_1_598' title='bbox 1951 3835 2085 3888; x_wconf 89' lang='lat' dir='ltr'><strong>lides</strong></span> <span class='ocrx_word' id='word_1_599' title='bbox 2116 3834 2227 3903; x_wconf 88' lang='lat' dir='ltr'><strong>ipsa</strong></span> <span class='ocrx_word' id='word_1_600' title='bbox 2260 3846 2357 3902; x_wconf 91' lang='lat' dir='ltr'><strong>pro</strong></span> <span class='ocrx_word' id='word_1_601' title='bbox 2396 3831 2637 3897; x_wconf 81' lang='lat' dir='ltr'><strong>Ariauis,</strong></span> <span class='ocrx_word' id='word_1_602' title='bbox 2674 3830 3047 3901; x_wconf 85' lang='lat' dir='ltr'><strong>professiones</strong></span> <span class='ocrx_word' id='word_1_603' title='bbox 3074 3845 3211 3885; x_wconf 80' lang='lat' dir='ltr'><strong>vero</strong></span> <span class='ocrx_word' id='word_1_604' title='bbox 3246 3840 3431 3900; x_wconf 88' lang='lat' dir='ltr'><strong>postea</strong></span> <span class='ocrx_word' id='word_1_605' title='bbox 3462 3828 3557 3883; x_wconf 79' lang='lat' dir='ltr'><strong>ad—</strong></span> 
     </span>
    </p>
   </div>
   <div class='ocr_carea' id='block_1_84' title="bbox 1945 3923 3553 3999">
    <p class='ocr_par' dir='ltr' id='par_1_84' title="bbox 1945 3923 3553 3999">
     <span class='ocr_line' id='line_1_84' title="bbox 1945 3923 3553 3999; baseline -0.003 -16"><span class='ocrx_word' id='word_1_606' title='bbox 1945 3928 2105 3999; x_wconf 73' lang='lat' dir='ltr'><strong>jectzc</strong></span> <span class='ocrx_word' id='word_1_607' title='bbox 2131 3942 2228 3997; x_wconf 92' lang='lat' dir='ltr'><strong>pro</strong></span> <span class='ocrx_word' id='word_1_608' title='bbox 2258 3927 2462 3981; x_wconf 89' lang='lat' dir='ltr'><strong>nostris</strong></span> <span class='ocrx_word' id='word_1_609' title='bbox 2489 3934 2669 3992; x_wconf 88' lang='lat' dir='ltr'><strong>erant,</strong></span> <span class='ocrx_word' id='word_1_610' title='bbox 2712 3935 2910 3996; x_wconf 67' lang='lat' dir='ltr'><strong>prarter</strong></span> <span class='ocrx_word' id='word_1_611' title='bbox 2958 3925 3108 3981; x_wconf 90' lang='lat' dir='ltr'><strong>illam</strong></span> <span class='ocrx_word' id='word_1_612' title='bbox 3137 3940 3300 3996; x_wconf 90' lang='lat' dir='ltr'><strong>quam</strong></span> <span class='ocrx_word' id='word_1_613' title='bbox 3351 3923 3553 3981; x_wconf 83' lang='lat' dir='ltr'><strong>Valens</strong></span> 
     </span>
    </p>
   </div>
   <div class='ocr_carea' id='block_1_85' title="bbox 1949 4018 3553 4093">
    <p class='ocr_par' dir='ltr' id='par_1_85' title="bbox 1949 4018 3553 4093">
     <span class='ocr_line' id='line_1_85' title="bbox 1949 4018 3553 4093; baseline -0.003 -15"><span class='ocrx_word' id='word_1_614' title='bbox 1949 4023 2330 4093; x_wconf 84' lang='lat' dir='ltr'><strong>sobjunxerat,</strong></span> <span class='ocrx_word' id='word_1_615' title='bbox 2366 4036 2488 4091; x_wconf 67' lang='lat' dir='ltr'><strong>qua:</strong></span> <span class='ocrx_word' id='word_1_616' title='bbox 2521 4032 2631 4076; x_wconf 92' lang='lat' dir='ltr'><strong>tum</strong></span> <span class='ocrx_word' id='word_1_617' title='bbox 2662 4036 2773 4075; x_wconf 92' lang='lat' dir='ltr'><strong>non</strong></span> <span class='ocrx_word' id='word_1_618' title='bbox 2805 4019 3086 4075; x_wconf 88' lang='lat' dir='ltr'><strong>intellecta</strong></span> <span class='ocrx_word' id='word_1_619' title='bbox 3108 4062 3123 4085; x_wconf 94' lang='lat'><strong>,</strong></span> <span class='ocrx_word' id='word_1_620' title='bbox 3174 4035 3299 4075; x_wconf 91' lang='lat' dir='ltr'><strong>sero</strong></span> <span class='ocrx_word' id='word_1_621' title='bbox 3331 4018 3553 4074; x_wconf 87' lang='lat' dir='ltr'><strong>demum</strong></span> 
     </span>
    </p>
   </div>
   <div class='ocr_carea' id='block_1_86' title="bbox 1950 4112 3559 4172">
    <p class='ocr_par' dir='ltr' id='par_1_86' title="bbox 1950 4112 3559 4172">
     <span class='ocr_line' id='line_1_86' title="bbox 1950 4112 3559 4172; baseline -0.002 0"><span class='ocrx_word' id='word_1_622' title='bbox 1950 4117 2326 4172; x_wconf 75' lang='lat' dir='ltr'><strong>animadversa</strong></span> <span class='ocrx_word' id='word_1_623' title='bbox 2357 4126 2459 4171; x_wconf 88' lang='lat' dir='ltr'><strong>est.</strong></span> <span class='ocrx_word' id='word_1_624' title='bbox 2520 4115 2635 4171; x_wconf 87' lang='lat' dir='ltr'><strong>lloc</strong></span> <span class='ocrx_word' id='word_1_625' title='bbox 2678 4129 2815 4171; x_wconf 91' lang='lat' dir='ltr'><strong>vero</strong></span> <span class='ocrx_word' id='word_1_626' title='bbox 2847 4114 3010 4169; x_wconf 89' lang='lat' dir='ltr'><strong>modo</strong></span> <span class='ocrx_word' id='word_1_627' title='bbox 3040 4114 3333 4170; x_wconf 91' lang='lat' dir='ltr'><strong>concilium</strong></span> <span class='ocrx_word' id='word_1_628' title='bbox 3364 4112 3559 4168; x_wconf 89' lang='lat' dir='ltr'><strong>dimis-</strong></span> 
     </span>
    </p>
   </div>
   <div class='ocr_carea' id='block_1_87' title="bbox 1950 4210 3333 4275">
    <p class='ocr_par' dir='ltr' id='par_1_87' title="bbox 1950 4210 3333 4275">
     <span class='ocr_line' id='line_1_87' title="bbox 1950 4210 3333 4275; baseline -0.001 -9"><span class='ocrx_word' id='word_1_629' title='bbox 1950 4226 2093 4275; x_wconf 91' lang='lat' dir='ltr'><strong>sum,</strong></span> <span class='ocrx_word' id='word_1_630' title='bbox 2121 4212 2265 4267; x_wconf 89' lang='lat' dir='ltr'><strong>bono</strong></span> <span class='ocrx_word' id='word_1_631' title='bbox 2300 4211 2475 4274; x_wconf 88' lang='lat' dir='ltr'><strong>initio,</strong></span> <span class='ocrx_word' id='word_1_632' title='bbox 2508 4210 2653 4266; x_wconf 80' lang='lat' dir='ltr'><strong>foedo</strong></span> <span class='ocrx_word' id='word_1_633' title='bbox 2683 4211 2834 4265; x_wconf 87' lang='lat' dir='ltr'><strong>exitu</strong></span> <span class='ocrx_word' id='word_1_634' title='bbox 2867 4218 3333 4265; x_wconf 87' lang='lat' dir='ltr'><strong>consummatum.</strong></span> 
     </span>
    </p>
   </div>
   <div class='ocr_carea' id='block_1_88' title="bbox 2021 4304 3561 4376">
    <p class='ocr_par' dir='ltr' id='par_1_88' title="bbox 2021 4304 3561 4376">
     <span class='ocr_line' id='line_1_88' title="bbox 2021 4304 3561 4376; baseline -0.003 -15"><span class='ocrx_word' id='word_1_635' title='bbox 2021 4305 2185 4361; x_wconf 82' lang='lat' dir='ltr'><strong>XLV.</strong></span> <span class='ocrx_word' id='word_1_636' title='bbox 2222 4306 2388 4376; x_wconf 89' lang='lat' dir='ltr'><strong>Igitur</strong></span> <span class='ocrx_word' id='word_1_637' title='bbox 2419 4305 2607 4359; x_wconf 82' lang='lat' dir='ltr'><strong>Ariani</strong></span> <span class='ocrx_word' id='word_1_638' title='bbox 2643 4346 2658 4369; x_wconf 92' lang='lat'><strong>,</strong></span> <span class='ocrx_word' id='word_1_639' title='bbox 2716 4304 2881 4360; x_wconf 90' lang='lat' dir='ltr'><strong>rebus</strong></span> <span class='ocrx_word' id='word_1_640' title='bbox 2910 4304 3141 4359; x_wconf 92' lang='lat' dir='ltr'><strong>nimium</strong></span> <span class='ocrx_word' id='word_1_641' title='bbox 3194 4318 3460 4373; x_wconf 89' lang='lat' dir='ltr'><strong>prospere</strong></span> <span class='ocrx_word' id='word_1_642' title='bbox 3505 4314 3561 4358; x_wconf 88' lang='lat' dir='ltr'><strong>et</strong></span> 
     </span>
    </p>
   </div>
   <div class='ocr_carea' id='block_1_89' title="bbox 1952 4394 3559 4466">
    <p class='ocr_par' dir='ltr' id='par_1_89' title="bbox 1952 4394 3559 4466">
     <span class='ocr_line' id='line_1_89' title="bbox 1952 4394 3559 4466; baseline -0.004 -11"><span class='ocrx_word' id='word_1_643' title='bbox 1952 4399 2250 4455; x_wconf 90' lang='lat' dir='ltr'><strong>secundum</strong></span> <span class='ocrx_word' id='word_1_644' title='bbox 2277 4407 2397 4452; x_wconf 87' lang='lat' dir='ltr'><strong>vota</strong></span> <span class='ocrx_word' id='word_1_645' title='bbox 2431 4395 2754 4462; x_wconf 80' lang='lat' dir='ltr'><strong>fluentibus,</strong></span> <span class='ocrx_word' id='word_1_646' title='bbox 2785 4395 3326 4466; x_wconf 89' lang='lat' dir='ltr'><strong>Constantinopolim</strong></span> <span class='ocrx_word' id='word_1_647' title='bbox 3358 4396 3425 4449; x_wconf 89' lang='lat' dir='ltr'><strong>ad</strong></span> <span class='ocrx_word' id='word_1_648' title='bbox 3456 4394 3559 4449; x_wconf 86' lang='lat' dir='ltr'><strong>im-</strong></span> 
     </span>
    </p>
   </div>
   <div class='ocr_carea' id='block_1_90' title="bbox 1952 4487 3560 4564">
    <p class='ocr_par' dir='ltr' id='par_1_90' title="bbox 1952 4487 3560 4564">
     <span class='ocr_line' id='line_1_90' title="bbox 1952 4487 3560 4564; baseline -0.002 -17"><span class='ocrx_word' id='word_1_649' title='bbox 1952 4502 2262 4564; x_wconf 89' lang='lat' dir='ltr'><strong>peratorem</strong></span> <span class='ocrx_word' id='word_1_650' title='bbox 2317 4500 2678 4547; x_wconf 88' lang='lat' dir='ltr'><strong>concurrunt.</strong></span> <span class='ocrx_word' id='word_1_651' title='bbox 2745 4488 2822 4545; x_wconf 91' lang='lat' dir='ltr'><strong>Ibi</strong></span> <span class='ocrx_word' id='word_1_652' title='bbox 2854 4498 3108 4561; x_wconf 90' lang='lat' dir='ltr'><strong>repertos</strong></span> <span class='ocrx_word' id='word_1_653' title='bbox 3185 4487 3560 4545; x_wconf 89' lang='lat' dir='ltr'><strong>Seleucieusis</strong></span> 
     </span>
    </p>
   </div>
   <div class='ocr_carea' id='block_1_91' title="bbox 1953 4580 3561 4659">
    <p class='ocr_par' dir='ltr' id='par_1_91' title="bbox 1953 4580 3561 4659">
     <span class='ocr_line' id='line_1_91' title="bbox 1953 4580 3561 4659; baseline -0.003 -17"><span class='ocrx_word' id='word_1_654' title='bbox 1953 4585 2149 4659; x_wconf 89' lang='lat' dir='ltr'><strong>synodi</strong></span> <span class='ocrx_word' id='word_1_655' title='bbox 2178 4586 2387 4656; x_wconf 89' lang='lat' dir='ltr'><strong>legatos</strong></span> <span class='ocrx_word' id='word_1_656' title='bbox 2408 4583 2467 4639; x_wconf 92' lang='lat' dir='ltr'><strong>vi</strong></span> <span class='ocrx_word' id='word_1_657' title='bbox 2492 4583 2639 4653; x_wconf 89' lang='lat' dir='ltr'><strong>regia</strong></span> <span class='ocrx_word' id='word_1_658' title='bbox 2660 4582 2996 4655; x_wconf 90' lang='lat' dir='ltr'><strong>compellunt</strong></span> <span class='ocrx_word' id='word_1_659' title='bbox 3016 4580 3275 4654; x_wconf 81' lang='lat' dir='ltr'><strong>exemplo</strong></span> <span class='ocrx_word' id='word_1_660' title='bbox 3296 4580 3561 4638; x_wconf 84' lang='lat' dir='ltr'><strong>Occiden-</strong></span> 
     </span>
    </p>
   </div>
   <div class='ocr_carea' id='block_1_92' title="bbox 236 4653 3562 4749">
    <p class='ocr_par' dir='ltr' id='par_1_92' title="bbox 236 4653 3562 4749">
     <span class='ocr_line' id='line_1_92' title="bbox 236 4653 3562 4749; baseline -0.004 -7"><span class='ocrx_word' id='word_1_661' title='bbox 236 4687 401 4743; x_wconf 89' lang='lat' dir='ltr'><strong>modo</strong></span> <span class='ocrx_word' id='word_1_662' title='bbox 431 4686 474 4740; x_wconf 87' lang='lat' dir='ltr'><strong>is</strong></span> <span class='ocrx_word' id='word_1_663' title='bbox 499 4697 769 4741; x_wconf 90' lang='lat' dir='ltr'><strong>numerus</strong></span> <span class='ocrx_word' id='word_1_664' title='bbox 792 4680 929 4734; x_wconf 90' lang='lat' dir='ltr'><strong>intra</strong></span> <span class='ocrx_word' id='word_1_665' title='bbox 954 4677 1265 4748; x_wconf 91' lang='lat' dir='ltr'><strong>quindecim</strong></span> <span class='ocrx_word' id='word_1_666' title='bbox 1298 4683 1465 4738; x_wconf 88' lang='lat' dir='ltr'><strong>esset,</strong></span> <span class='ocrx_word' id='word_1_667' title='bbox 1506 4672 1560 4727; x_wconf 91' lang='lat' dir='ltr'><strong>in</strong></span> <span class='ocrx_word' id='word_1_668' title='bbox 1590 4672 1844 4729; x_wconf 82' lang='lat' dir='ltr'><strong>exsilium</strong></span> <span class='ocrx_word' id='word_1_669' title='bbox 1875 4653 1925 4714; x_wconf 87' lang='grc' dir='ltr'><strong>Ῑ)</strong></span> <span class='ocrx_word' id='word_1_670' title='bbox 1954 4653 2143 4733; x_wconf 67' lang='lat' dir='ltr'><strong>talium</strong></span> <span class='ocrx_word' id='word_1_671' title='bbox 2170 4653 2393 4749; x_wconf 63' lang='lat' dir='ltr'><strong>pravam</strong></span> <span class='ocrx_word' id='word_1_672' title='bbox 2444 4677 2589 4733; x_wconf 87' lang='lat' dir='ltr'><strong>illam</strong></span> <span class='ocrx_word' id='word_1_673' title='bbox 2638 4653 2801 4732; x_wconf 82' lang='lat' dir='ltr'><strong>ﬁdem</strong></span> <span class='ocrx_word' id='word_1_674' title='bbox 2852 4676 3103 4746; x_wconf 87' lang='lat' dir='ltr'><strong>recipere</strong></span> <span class='ocrx_word' id='word_1_675' title='bbox 3136 4693 3150 4731; x_wconf 90' lang='lat'><strong>:</strong></span> <span class='ocrx_word' id='word_1_676' title='bbox 3177 4653 3423 4747; x_wconf 86' lang='lat' dir='ltr'><strong>plerique</strong></span> <span class='ocrx_word' id='word_1_677' title='bbox 3466 4674 3562 4731; x_wconf 87' lang='lat' dir='ltr'><strong>ab-</strong></span> 
     </span>
    </p>
   </div>
   <div class='ocr_carea' id='block_1_93' title="bbox 234 4768 1846 4852">
    <p class='ocr_par' dir='ltr' id='par_1_93' title="bbox 234 4768 1846 4852">
     <span class='ocr_line' id='line_1_93' title="bbox 234 4768 1846 4852; baseline -0.009 -15"><span class='ocrx_word' id='word_1_678' title='bbox 234 4780 596 4852; x_wconf 77' lang='lat' dir='ltr'><strong>pellcrentur.</strong></span> <span class='ocrx_word' id='word_1_679' title='bbox 627 4773 741 4831; x_wconf 87' lang='lat' dir='ltr'><strong>Sed</strong></span> <span class='ocrx_word' id='word_1_680' title='bbox 774 4771 1043 4841; x_wconf 76' lang='lat' dir='ltr'><strong>regressis</strong></span> <span class='ocrx_word' id='word_1_681' title='bbox 1074 4770 1293 4841; x_wconf 83' lang='lat' dir='ltr'><strong>legatis,</strong></span> <span class='ocrx_word' id='word_1_682' title='bbox 1333 4770 1461 4825; x_wconf 86' lang='lat' dir='ltr'><strong>licet</strong></span> <span class='ocrx_word' id='word_1_683' title='bbox 1505 4768 1611 4823; x_wconf 90' lang='lat' dir='ltr'><strong>vim</strong></span> <span class='ocrx_word' id='word_1_684' title='bbox 1639 4768 1846 4838; x_wconf 88' lang='lat' dir='ltr'><strong>regiam</strong></span> 
     </span>
    </p>
   </div>
   <div class='ocr_carea' id='block_1_94' title="bbox 236 4862 1847 4945">
    <p class='ocr_par' dir='ltr' id='par_1_94' title="bbox 236 4862 1847 4945">
     <span class='ocr_line' id='line_1_94' title="bbox 236 4862 1847 4945; baseline -0.009 -16"><span class='ocrx_word' id='word_1_685' title='bbox 236 4871 689 4945; x_wconf 81' lang='lat' dir='ltr'><strong>deprecantibus,</strong></span> <span class='ocrx_word' id='word_1_686' title='bbox 722 4875 913 4937; x_wconf 83' lang='lat' dir='ltr'><strong>negata</strong></span> <span class='ocrx_word' id='word_1_687' title='bbox 932 4863 1271 4921; x_wconf 89' lang='lat' dir='ltr'><strong>communio.</strong></span> <span class='ocrx_word' id='word_1_688' title='bbox 1292 4862 1590 4918; x_wconf 89' lang='lat' dir='ltr'><strong>Enimvero</strong></span> <span class='ocrx_word' id='word_1_689' title='bbox 1602 4876 1847 4930; x_wconf 86' lang='lat' dir='ltr'><strong>comper-</strong></span> 
     </span>
    </p>
   </div>
   <div class='ocr_carea' id='block_1_95' title="bbox 243 4956 1848 5039">
    <p class='ocr_par' dir='ltr' id='par_1_95' title="bbox 243 4956 1848 5039">
     <span class='ocr_line' id='line_1_95' title="bbox 243 4956 1848 5039; baseline -0.01 -14"><span class='ocrx_word' id='word_1_690' title='bbox 243 4971 308 5025; x_wconf 90' lang='lat' dir='ltr'><strong>tis</strong></span> <span class='ocrx_word' id='word_1_691' title='bbox 335 4984 455 5039; x_wconf 68' lang='lat' dir='ltr'><strong>qure</strong></span> <span class='ocrx_word' id='word_1_692' title='bbox 480 4968 705 5022; x_wconf 88' lang='lat' dir='ltr'><strong>decreta</strong></span> <span class='ocrx_word' id='word_1_693' title='bbox 741 4969 901 5017; x_wconf 91' lang='lat' dir='ltr'><strong>erant</strong></span> <span class='ocrx_word' id='word_1_694' title='bbox 926 5003 939 5026; x_wconf 94' lang='lat'><strong>,</strong></span> <span class='ocrx_word' id='word_1_695' title='bbox 984 4959 1158 5029; x_wconf 87' lang='lat' dir='ltr'><strong>major</strong></span> <span class='ocrx_word' id='word_1_696' title='bbox 1203 4973 1387 5014; x_wconf 89' lang='lat' dir='ltr'><strong>rerum</strong></span> <span class='ocrx_word' id='word_1_697' title='bbox 1418 4966 1472 5012; x_wconf 89' lang='lat' dir='ltr'><strong>et</strong></span> <span class='ocrx_word' id='word_1_698' title='bbox 1493 4956 1848 5011; x_wconf 89' lang='lat' dir='ltr'><strong>consiliorum</strong></span> 
     </span>
    </p>
   </div>
   <div class='ocr_carea' id='block_1_96' title="bbox 243 5051 1849 5132">
    <p class='ocr_par' dir='ltr' id='par_1_96' title="bbox 243 5051 1849 5132">
     <span class='ocr_line' id='line_1_96' title="bbox 243 5051 1849 5132; baseline -0.009 -15"><span class='ocrx_word' id='word_1_699' title='bbox 243 5056 790 5132; x_wconf 74' lang='lat' dir='ltr'><strong>pertuibitio:dein</strong></span> <span class='ocrx_word' id='word_1_700' title='bbox 851 5053 1108 5124; x_wconf 89' lang='lat' dir='ltr'><strong>paulatim</strong></span> <span class='ocrx_word' id='word_1_701' title='bbox 1185 5051 1434 5122; x_wconf 90' lang='lat' dir='ltr'><strong>plerique</strong></span> <span class='ocrx_word' id='word_1_702' title='bbox 1500 5062 1849 5116; x_wconf 85' lang='lat' dir='ltr'><strong>uestrorum,</strong></span> 
     </span>
    </p>
   </div>
   <div class='ocr_carea' id='block_1_97' title="bbox 246 5146 1848 5228">
    <p class='ocr_par' dir='ltr' id='par_1_97' title="bbox 246 5146 1848 5228">
     <span class='ocr_line' id='line_1_97' title="bbox 246 5146 1848 5228; baseline -0.008 -14"><span class='ocrx_word' id='word_1_703' title='bbox 246 5159 431 5228; x_wconf 88' lang='lat' dir='ltr'><strong>partim</strong></span> <span class='ocrx_word' id='word_1_704' title='bbox 466 5152 855 5212; x_wconf 87' lang='lat' dir='ltr'><strong>imbecillitate</strong></span> <span class='ocrx_word' id='word_1_705' title='bbox 884 5150 1111 5221; x_wconf 88' lang='lat' dir='ltr'><strong>ingenii,</strong></span> <span class='ocrx_word' id='word_1_706' title='bbox 1164 5146 1360 5219; x_wconf 89' lang='lat' dir='ltr'><strong>partim</strong></span> <span class='ocrx_word' id='word_1_707' title='bbox 1415 5147 1578 5203; x_wconf 77' lang='lat' dir='ltr'><strong>taedio</strong></span> <span class='ocrx_word' id='word_1_708' title='bbox 1609 5148 1848 5219; x_wconf 89' lang='lat' dir='ltr'><strong>peregri-</strong></span> 
     </span>
    </p>
   </div>
   <div class='ocr_carea' id='block_1_98' title="bbox 246 5240 1851 5313">
    <p class='ocr_par' dir='ltr' id='par_1_98' title="bbox 246 5240 1851 5313">
     <span class='ocr_line' id='line_1_98' title="bbox 246 5240 1851 5313; baseline -0.009 -5"><span class='ocrx_word' id='word_1_709' title='bbox 246 5252 473 5309; x_wconf 90' lang='lat' dir='ltr'><strong>nationis</strong></span> <span class='ocrx_word' id='word_1_710' title='bbox 502 5248 696 5313; x_wconf 89' lang='lat' dir='ltr'><strong>evicti,</strong></span> <span class='ocrx_word' id='word_1_711' title='bbox 730 5246 934 5300; x_wconf 89' lang='lat' dir='ltr'><strong>dedcre</strong></span> <span class='ocrx_word' id='word_1_712' title='bbox 960 5258 1020 5300; x_wconf 91' lang='lat' dir='ltr'><strong>se</strong></span> <span class='ocrx_word' id='word_1_713' title='bbox 1047 5242 1401 5304; x_wconf 86' lang='lat' dir='ltr'><strong>adversariis,</strong></span> <span class='ocrx_word' id='word_1_714' title='bbox 1449 5240 1562 5312; x_wconf 88' lang='lat' dir='ltr'><strong>jam</strong></span> <span class='ocrx_word' id='word_1_715' title='bbox 1609 5252 1730 5313; x_wconf 89' lang='lat' dir='ltr'><strong>post</strong></span> <span class='ocrx_word' id='word_1_716' title='bbox 1761 5256 1851 5296; x_wconf 87' lang='lat' dir='ltr'><strong>re-</strong></span> 
     </span>
    </p>
   </div>
   <div class='ocr_carea' id='block_1_99' title="bbox 243 5335 1852 5414">
    <p class='ocr_par' dir='ltr' id='par_1_99' title="bbox 243 5335 1852 5414">
     <span class='ocr_line' id='line_1_99' title="bbox 243 5335 1852 5414; baseline -0.006 -15"><span class='ocrx_word' id='word_1_717' title='bbox 243 5346 407 5401; x_wconf 87' lang='lat' dir='ltr'><strong>ditum</strong></span> <span class='ocrx_word' id='word_1_718' title='bbox 434 5347 743 5414; x_wconf 85' lang='lat' dir='ltr'><strong>legatorum</strong></span> <span class='ocrx_word' id='word_1_719' title='bbox 776 5336 1180 5408; x_wconf 86' lang='lat' dir='ltr'><strong>superioribus,</strong></span> <span class='ocrx_word' id='word_1_720' title='bbox 1216 5348 1271 5391; x_wconf 90' lang='lat' dir='ltr'><strong>et</strong></span> <span class='ocrx_word' id='word_1_721' title='bbox 1300 5335 1613 5404; x_wconf 70' lang='lat' dir='ltr'><strong>ecclesiam,</strong></span> <span class='ocrx_word' id='word_1_722' title='bbox 1646 5335 1852 5393; x_wconf 89' lang='lat' dir='ltr'><strong>nostris</strong></span> 
     </span>
    </p>
   </div>
   <div class='ocr_carea' id='block_1_100' title="bbox 242 5429 1857 5500">
    <p class='ocr_par' dir='ltr' id='par_1_100' title="bbox 242 5429 1857 5500">
     <span class='ocr_line' id='line_1_100' title="bbox 242 5429 1857 5500; baseline -0.009 -4"><span class='ocrx_word' id='word_1_723' title='bbox 242 5439 362 5495; x_wconf 90' lang='lat' dir='ltr'><strong>inde</strong></span> <span class='ocrx_word' id='word_1_724' title='bbox 390 5436 661 5500; x_wconf 85' lang='lat' dir='ltr'><strong>detrusis,</strong></span> <span class='ocrx_word' id='word_1_725' title='bbox 696 5429 1068 5487; x_wconf 89' lang='lat' dir='ltr'><strong>obtinentibus</strong></span> <span class='ocrx_word' id='word_1_726' title='bbox 1097 5447 1110 5483; x_wconf 89' lang='lat'><strong>:</strong></span> <span class='ocrx_word' id='word_1_727' title='bbox 1142 5430 1391 5498; x_wconf 86' lang='lat' dir='ltr'><strong>iactaque</strong></span> <span class='ocrx_word' id='word_1_728' title='bbox 1422 5432 1586 5486; x_wconf 91' lang='lat' dir='ltr'><strong>semel</strong></span> <span class='ocrx_word' id='word_1_729' title='bbox 1622 5429 1857 5484; x_wconf 86' lang='lat' dir='ltr'><strong>inclina-</strong></span> 
     </span>
    </p>
   </div>
   <div class='ocr_carea' id='block_1_101' title="bbox 244 5522 1853 5593">
    <p class='ocr_par' dir='ltr' id='par_1_101' title="bbox 244 5522 1853 5593">
     <span class='ocr_line' id='line_1_101' title="bbox 244 5522 1853 5593; baseline -0.009 -4"><span class='ocrx_word' id='word_1_730' title='bbox 244 5535 384 5590; x_wconf 87' lang='lat' dir='ltr'><strong>tione</strong></span> <span class='ocrx_word' id='word_1_731' title='bbox 407 5532 754 5593; x_wconf 88' lang='lat' dir='ltr'><strong>animorum,</strong></span> <span class='ocrx_word' id='word_1_732' title='bbox 788 5524 1110 5579; x_wconf 71' lang='lat' dir='ltr'><strong>catervatim</strong></span> <span class='ocrx_word' id='word_1_733' title='bbox 1141 5522 1193 5577; x_wconf 93' lang='lat' dir='ltr'><strong>in</strong></span> <span class='ocrx_word' id='word_1_734' title='bbox 1222 5531 1428 5593; x_wconf 87' lang='lat' dir='ltr'><strong>partem</strong></span> <span class='ocrx_word' id='word_1_735' title='bbox 1452 5523 1681 5580; x_wconf 89' lang='lat' dir='ltr'><strong>alteram</strong></span> <span class='ocrx_word' id='word_1_736' title='bbox 1714 5537 1853 5578; x_wconf 86' lang='lat' dir='ltr'><strong>con-</strong></span> 
     </span>
    </p>
   </div>
   <div class='ocr_carea' id='block_1_102' title="bbox 239 5617 1856 5692">
    <p class='ocr_par' dir='ltr' id='par_1_102' title="bbox 239 5617 1856 5692">
     <span class='ocr_line' id='line_1_102' title="bbox 239 5617 1856 5692; baseline -0.007 -10"><span class='ocrx_word' id='word_1_737' title='bbox 239 5643 477 5692; x_wconf 74' lang='lat' dir='ltr'><strong>cessum,</strong></span> <span class='ocrx_word' id='word_1_738' title='bbox 508 5624 693 5680; x_wconf 86' lang='lat' dir='ltr'><strong>denec</strong></span> <span class='ocrx_word' id='word_1_739' title='bbox 720 5617 787 5673; x_wconf 86' lang='lat' dir='ltr'><strong>ad</strong></span> <span class='ocrx_word' id='word_1_740' title='bbox 819 5617 1008 5689; x_wconf 89' lang='lat' dir='ltr'><strong>viginti</strong></span> <span class='ocrx_word' id='word_1_741' title='bbox 1032 5632 1203 5689; x_wconf 90' lang='lat' dir='ltr'><strong>usque</strong></span> <span class='ocrx_word' id='word_1_742' title='bbox 1238 5624 1548 5675; x_wconf 88' lang='lat' dir='ltr'><strong>nostrorum</strong></span> <span class='ocrx_word' id='word_1_743' title='bbox 1582 5630 1856 5675; x_wconf 88' lang='lat' dir='ltr'><strong>numerus</strong></span> 
     </span>
    </p>
   </div>
   <div class='ocr_carea' id='block_1_103' title="bbox 240 5722 712 5778">
    <p class='ocr_par' dir='ltr' id='par_1_103' title="bbox 240 5722 712 5778">
     <span class='ocr_line' id='line_1_103' title="bbox 240 5722 712 5778; baseline -0.017 0"><span class='ocrx_word' id='word_1_744' title='bbox 240 5722 566 5778; x_wconf 87' lang='lat' dir='ltr'><strong>imminutus</strong></span> <span class='ocrx_word' id='word_1_745' title='bbox 601 5722 712 5772; x_wconf 88' lang='lat' dir='ltr'><strong>est.</strong></span> 
     </span>
    </p>
   </div>
   <div class='ocr_carea' id='block_1_104' title="bbox 235 5798 1858 5886">
    <p class='ocr_par' dir='ltr' id='par_1_104' title="bbox 235 5798 1858 5886">
     <span class='ocr_line' id='line_1_104' title="bbox 235 5798 1858 5886; baseline -0.004 -14"><span class='ocrx_word' id='word_1_746' title='bbox 235 5872 240 5880; x_wconf 80' lang='grc'><em>,</em></span> <span class='ocrx_word' id='word_1_747' title='bbox 269 5844 273 5858; x_wconf 70' lang='grc' dir='ltr'><strong><em>ς</em></strong></span> <span class='ocrx_word' id='word_1_748' title='bbox 305 5813 497 5886; x_wconf 77' lang='lat' dir='ltr'><strong>XLIV.</strong></span> <span class='ocrx_word' id='word_1_749' title='bbox 531 5809 647 5868; x_wconf 88' lang='lat' dir='ltr'><strong>Sed</strong></span> <span class='ocrx_word' id='word_1_750' title='bbox 674 5808 732 5863; x_wconf 88' lang='lat' dir='ltr'><strong>bi</strong></span> <span class='ocrx_word' id='word_1_751' title='bbox 764 5798 1301 5879; x_wconf 80' lang='lat' dir='ltr'><strong>quantopauciores,</strong></span> <span class='ocrx_word' id='word_1_752' title='bbox 1344 5814 1496 5866; x_wconf 85' lang='lat' dir='ltr'><strong>tanto</strong></span> <span class='ocrx_word' id='word_1_753' title='bbox 1546 5809 1858 5867; x_wconf 78' lang='lat' dir='ltr'><strong>validiores</strong></span> 
     </span>
    </p>
   </div>
   <div class='ocr_carea' id='block_1_105' title="bbox 237 5890 1858 5971">
    <p class='ocr_par' dir='ltr' id='par_1_105' title="bbox 237 5890 1858 5971">
     <span class='ocr_line' id='line_1_105' title="bbox 237 5890 1858 5971; baseline -0.01 -5"><span class='ocrx_word' id='word_1_754' title='bbox 237 5921 432 5965; x_wconf 68' lang='lat' dir='ltr'><strong>Nam:</strong></span> <span class='ocrx_word' id='word_1_755' title='bbox 470 5898 1064 5971; x_wconf 71' lang='lat' dir='ltr'><strong>constantissimusqtte</strong></span> <span class='ocrx_word' id='word_1_756' title='bbox 1095 5890 1235 5959; x_wconf 82' lang='lat' dir='ltr'><strong>inter</strong></span> <span class='ocrx_word' id='word_1_757' title='bbox 1256 5913 1352 5959; x_wconf 77' lang='lat' dir='ltr'><strong>eos</strong></span> <span class='ocrx_word' id='word_1_758' title='bbox 1399 5896 1703 5963; x_wconf 69' lang='lat' dir='ltr'><strong>habebatur</strong></span> <span class='ocrx_word' id='word_1_759' title='bbox 1756 5914 1858 5955; x_wconf 51' lang='lat' dir='ltr'><strong>nos</strong></span> 
     </span>
    </p>
   </div>
   <div class='ocr_carea' id='block_1_106' title="bbox 1955 4766 3561 4841">
    <p class='ocr_par' dir='ltr' id='par_1_106' title="bbox 1955 4766 3561 4841">
     <span class='ocr_line' id='line_1_106' title="bbox 1955 4766 3561 4841; baseline -0.001 -17"><span class='ocrx_word' id='word_1_760' title='bbox 1955 4780 2205 4835; x_wconf 91' lang='lat' dir='ltr'><strong>nuentes,</strong></span> <span class='ocrx_word' id='word_1_761' title='bbox 2240 4769 2499 4841; x_wconf 89' lang='lat' dir='ltr'><strong>injuriosa</strong></span> <span class='ocrx_word' id='word_1_762' title='bbox 2522 4768 2772 4824; x_wconf 89' lang='lat' dir='ltr'><strong>custodia</strong></span> <span class='ocrx_word' id='word_1_763' title='bbox 2804 4783 2870 4824; x_wconf 88' lang='lat' dir='ltr'><strong>ac</strong></span> <span class='ocrx_word' id='word_1_764' title='bbox 2894 4766 3033 4823; x_wconf 79' lang='lat' dir='ltr'><strong>fame</strong></span> <span class='ocrx_word' id='word_1_765' title='bbox 3052 4768 3257 4836; x_wconf 79' lang='lat' dir='ltr'><strong>vexati,</strong></span> <span class='ocrx_word' id='word_1_766' title='bbox 3289 4768 3561 4838; x_wconf 86' lang='lat' dir='ltr'><strong>captivam</strong></span> 
     </span>
    </p>
   </div>
   <div class='ocr_carea' id='block_1_107' title="bbox 1952 4860 3559 4929">
    <p class='ocr_par' dir='ltr' id='par_1_107' title="bbox 1952 4860 3559 4929">
     <span class='ocr_line' id='line_1_107' title="bbox 1952 4860 3559 4929; baseline -0.002 -10"><span class='ocrx_word' id='word_1_767' title='bbox 1952 4864 2355 4919; x_wconf 89' lang='lat' dir='ltr'><strong>conscientiam</strong></span> <span class='ocrx_word' id='word_1_768' title='bbox 2385 4862 2621 4929; x_wconf 88' lang='lat' dir='ltr'><strong>dedere;</strong></span> <span class='ocrx_word' id='word_1_769' title='bbox 2666 4860 2822 4917; x_wconf 89' lang='lat' dir='ltr'><strong>multi</strong></span> <span class='ocrx_word' id='word_1_770' title='bbox 2852 4862 3199 4917; x_wconf 90' lang='lat' dir='ltr'><strong>constantius</strong></span> <span class='ocrx_word' id='word_1_771' title='bbox 3215 4860 3520 4916; x_wconf 87' lang='lat' dir='ltr'><strong>retinentes</strong></span> <span class='ocrx_word' id='word_1_772' title='bbox 3544 4904 3559 4929; x_wconf 97' lang='lat'><strong>,</strong></span> 
     </span>
    </p>
   </div>
   <div class='ocr_carea' id='block_1_108' title="bbox 1954 4952 3567 5029">
    <p class='ocr_par' dir='ltr' id='par_1_108' title="bbox 1954 4952 3567 5029">
     <span class='ocr_line' id='line_1_108' title="bbox 1954 4952 3567 5029; baseline -0.002 -17"><span class='ocrx_word' id='word_1_773' title='bbox 1954 4958 2212 5028; x_wconf 89' lang='lat' dir='ltr'><strong>adempto</strong></span> <span class='ocrx_word' id='word_1_774' title='bbox 2257 4957 2603 5029; x_wconf 82' lang='lat' dir='ltr'><strong>episcopatu,</strong></span> <span class='ocrx_word' id='word_1_775' title='bbox 2648 4956 2701 5010; x_wconf 92' lang='lat' dir='ltr'><strong>in</strong></span> <span class='ocrx_word' id='word_1_776' title='bbox 2733 4955 2990 5011; x_wconf 76' lang='lat' dir='ltr'><strong>exsilium</strong></span> <span class='ocrx_word' id='word_1_777' title='bbox 3038 4952 3269 5019; x_wconf 88' lang='lat' dir='ltr'><strong>detrusi,</strong></span> <span class='ocrx_word' id='word_1_778' title='bbox 3315 4953 3567 5025; x_wconf 89' lang='lat' dir='ltr'><strong>atquein</strong></span> 
     </span>
    </p>
   </div>
   <div class='ocr_carea' id='block_1_109' title="bbox 1956 5048 3561 5122">
    <p class='ocr_par' dir='ltr' id='par_1_109' title="bbox 1956 5048 3561 5122">
     <span class='ocr_line' id='line_1_109' title="bbox 1956 5048 3561 5122; baseline -0.002 -14"><span class='ocrx_word' id='word_1_779' title='bbox 1956 5069 2145 5110; x_wconf 90' lang='lat' dir='ltr'><strong>eorum</strong></span> <span class='ocrx_word' id='word_1_780' title='bbox 2181 5055 2357 5109; x_wconf 92' lang='lat' dir='ltr'><strong>locum</strong></span> <span class='ocrx_word' id='word_1_781' title='bbox 2388 5055 2477 5107; x_wconf 91' lang='lat' dir='ltr'><strong>alii</strong></span> <span class='ocrx_word' id='word_1_782' title='bbox 2502 5052 2637 5107; x_wconf 87' lang='lat' dir='ltr'><strong>dati.</strong></span> <span class='ocrx_word' id='word_1_783' title='bbox 2693 5051 2766 5107; x_wconf 90' lang='lat' dir='ltr'><strong>Ita</strong></span> <span class='ocrx_word' id='word_1_784' title='bbox 2798 5050 3022 5122; x_wconf 89' lang='lat' dir='ltr'><strong>optimis</strong></span> <span class='ocrx_word' id='word_1_785' title='bbox 3050 5048 3430 5106; x_wconf 85' lang='lat' dir='ltr'><strong>sacerdotibus</strong></span> <span class='ocrx_word' id='word_1_786' title='bbox 3468 5058 3561 5105; x_wconf 88' lang='lat' dir='ltr'><strong>aut</strong></span> 
     </span>
    </p>
   </div>
   <div class='ocr_carea' id='block_1_110' title="bbox 1954 5142 3556 5215">
    <p class='ocr_par' dir='ltr' id='par_1_110' title="bbox 1954 5142 3556 5215">
     <span class='ocr_line' id='line_1_110' title="bbox 1954 5142 3556 5215; baseline -0.004 -12"><span class='ocrx_word' id='word_1_787' title='bbox 1954 5158 2102 5203; x_wconf 90' lang='lat' dir='ltr'><strong>metu</strong></span> <span class='ocrx_word' id='word_1_788' title='bbox 2137 5148 2361 5213; x_wconf 89' lang='lat' dir='ltr'><strong>territis,</strong></span> <span class='ocrx_word' id='word_1_789' title='bbox 2397 5156 2492 5201; x_wconf 91' lang='lat' dir='ltr'><strong>aut</strong></span> <span class='ocrx_word' id='word_1_790' title='bbox 2513 5146 2706 5202; x_wconf 81' lang='lat' dir='ltr'><strong>exsilio</strong></span> <span class='ocrx_word' id='word_1_791' title='bbox 2728 5145 2980 5200; x_wconf 87' lang='lat' dir='ltr'><strong>deductis</strong></span> <span class='ocrx_word' id='word_1_792' title='bbox 3008 5187 3023 5212; x_wconf 96' lang='lat'><strong>,</strong></span> <span class='ocrx_word' id='word_1_793' title='bbox 3079 5142 3327 5215; x_wconf 66' lang='lat' dir='ltr'><strong>perﬁdize</strong></span> <span class='ocrx_word' id='word_1_794' title='bbox 3356 5157 3556 5214; x_wconf 90' lang='lat' dir='ltr'><strong>pauco-</strong></span> 
     </span>
    </p>
   </div>
   <div class='ocr_carea' id='block_1_111' title="bbox 1954 5238 3560 5302">
    <p class='ocr_par' dir='ltr' id='par_1_111' title="bbox 1954 5238 3560 5302">
     <span class='ocr_line' id='line_1_111' title="bbox 1954 5238 3560 5302; baseline -0.004 -4"><span class='ocrx_word' id='word_1_795' title='bbox 1954 5257 2072 5298; x_wconf 90' lang='lat' dir='ltr'><strong>rum</strong></span> <span class='ocrx_word' id='word_1_796' title='bbox 2100 5241 2281 5296; x_wconf 91' lang='lat' dir='ltr'><strong>cuncti</strong></span> <span class='ocrx_word' id='word_1_797' title='bbox 2307 5250 2719 5296; x_wconf 87' lang='lat' dir='ltr'><strong>concesserant.</strong></span> <span class='ocrx_word' id='word_1_798' title='bbox 2750 5240 2957 5295; x_wconf 84' lang='lat' dir='ltr'><strong>Aderat</strong></span> <span class='ocrx_word' id='word_1_799' title='bbox 2987 5239 3060 5294; x_wconf 94' lang='lat' dir='ltr'><strong>ibi</strong></span> <span class='ocrx_word' id='word_1_800' title='bbox 3094 5249 3207 5293; x_wconf 85' lang='lat' dir='ltr'><strong>tuni</strong></span> <span class='ocrx_word' id='word_1_801' title='bbox 3238 5238 3494 5302; x_wconf 85' lang='lat' dir='ltr'><strong>Hilarius,</strong></span> <span class='ocrx_word' id='word_1_802' title='bbox 3529 5253 3560 5292; x_wconf 91' lang='lat' dir='ltr'><strong>a</strong></span> 
     </span>
    </p>
   </div>
   <div class='ocr_carea' id='block_1_112' title="bbox 1957 5330 3563 5405">
    <p class='ocr_par' dir='ltr' id='par_1_112' title="bbox 1957 5330 3563 5405">
     <span class='ocr_line' id='line_1_112' title="bbox 1957 5330 3563 5405; baseline -0.004 -14"><span class='ocrx_word' id='word_1_803' title='bbox 1957 5335 2206 5391; x_wconf 86' lang='lat' dir='ltr'><strong>Seleucia</strong></span> <span class='ocrx_word' id='word_1_804' title='bbox 2227 5335 2434 5405; x_wconf 87' lang='lat' dir='ltr'><strong>legatos</strong></span> <span class='ocrx_word' id='word_1_805' title='bbox 2461 5341 2704 5401; x_wconf 89' lang='lat' dir='ltr'><strong>secutus,</strong></span> <span class='ocrx_word' id='word_1_806' title='bbox 2735 5334 2899 5389; x_wconf 92' lang='lat' dir='ltr'><strong>nullis</strong></span> <span class='ocrx_word' id='word_1_807' title='bbox 2927 5334 3092 5389; x_wconf 83' lang='lat' dir='ltr'><strong>certis</strong></span> <span class='ocrx_word' id='word_1_808' title='bbox 3109 5333 3176 5387; x_wconf 92' lang='lat' dir='ltr'><strong>de</strong></span> <span class='ocrx_word' id='word_1_809' title='bbox 3201 5347 3260 5387; x_wconf 88' lang='lat' dir='ltr'><strong>se</strong></span> <span class='ocrx_word' id='word_1_810' title='bbox 3289 5330 3563 5388; x_wconf 89' lang='lat' dir='ltr'><strong>mandatis</strong></span> 
     </span>
    </p>
   </div>
   <div class='ocr_carea' id='block_1_113' title="bbox 1958 5422 3561 5502">
    <p class='ocr_par' dir='ltr' id='par_1_113' title="bbox 1958 5422 3561 5502">
     <span class='ocr_line' id='line_1_113' title="bbox 1958 5422 3561 5502; baseline -0.006 -15"><span class='ocrx_word' id='word_1_811' title='bbox 1958 5430 2249 5502; x_wconf 87' lang='lat' dir='ltr'><strong>opperiens</strong></span> <span class='ocrx_word' id='word_1_812' title='bbox 2280 5429 2627 5499; x_wconf 86' lang='lat' dir='ltr'><strong>imperatoris</strong></span> <span class='ocrx_word' id='word_1_813' title='bbox 2658 5429 3016 5491; x_wconf 72' lang='lat' dir='ltr'><strong>voluntatem,</strong></span> <span class='ocrx_word' id='word_1_814' title='bbox 3050 5426 3094 5481; x_wconf 89' lang='lat' dir='ltr'><strong>si</strong></span> <span class='ocrx_word' id='word_1_815' title='bbox 3125 5426 3352 5480; x_wconf 84' lang='lat' dir='ltr'><strong>forsitan</strong></span> <span class='ocrx_word' id='word_1_816' title='bbox 3382 5422 3561 5479; x_wconf 81' lang='lat' dir='ltr'><strong>redire</strong></span> 
     </span>
    </p>
   </div>
   <div class='ocr_carea' id='block_1_114' title="bbox 1962 5521 3561 5594">
    <p class='ocr_par' dir='ltr' id='par_1_114' title="bbox 1962 5521 3561 5594">
     <span class='ocr_line' id='line_1_114' title="bbox 1962 5521 3561 5594; baseline -0.004 -15"><span class='ocrx_word' id='word_1_817' title='bbox 1962 5525 2028 5581; x_wconf 88' lang='lat' dir='ltr'><strong>ad</strong></span> <span class='ocrx_word' id='word_1_818' title='bbox 2053 5525 2303 5581; x_wconf 79' lang='lat' dir='ltr'><strong>exsilium</strong></span> <span class='ocrx_word' id='word_1_819' title='bbox 2326 5526 2631 5594; x_wconf 73' lang='lat' dir='ltr'><strong>iuberetur.</strong></span> <span class='ocrx_word' id='word_1_820' title='bbox 2662 5524 2711 5580; x_wconf 89' lang='lat' dir='ltr'><strong>Is</strong></span> <span class='ocrx_word' id='word_1_821' title='bbox 2740 5524 2829 5580; x_wconf 83' lang='lat' dir='ltr'><strong>tibi</strong></span> <span class='ocrx_word' id='word_1_822' title='bbox 2862 5535 3165 5581; x_wconf 74' lang='lat' dir='ltr'><strong>extremum</strong></span> <span class='ocrx_word' id='word_1_823' title='bbox 3199 5521 3323 5577; x_wconf 87' lang='lat' dir='ltr'><strong>ﬁdei</strong></span> <span class='ocrx_word' id='word_1_824' title='bbox 3350 5521 3561 5592; x_wconf 87' lang='lat' dir='ltr'><strong>pericu-</strong></span> 
     </span>
    </p>
   </div>
   <div class='ocr_carea' id='block_1_115' title="bbox 1963 5613 3560 5686">
    <p class='ocr_par' dir='ltr' id='par_1_115' title="bbox 1963 5613 3560 5686">
     <span class='ocr_line' id='line_1_115' title="bbox 1963 5613 3560 5686; baseline -0.005 -10"><span class='ocrx_word' id='word_1_825' title='bbox 1963 5620 2072 5676; x_wconf 91' lang='lat' dir='ltr'><strong>lum</strong></span> <span class='ocrx_word' id='word_1_826' title='bbox 2103 5618 2481 5675; x_wconf 91' lang='lat' dir='ltr'><strong>animadvertit</strong></span> <span class='ocrx_word' id='word_1_827' title='bbox 2516 5638 2530 5675; x_wconf 90' lang='lat'><strong>:</strong></span> <span class='ocrx_word' id='word_1_828' title='bbox 2560 5620 3006 5675; x_wconf 89' lang='lat' dir='ltr'><strong>Occidentalibus</strong></span> <span class='ocrx_word' id='word_1_829' title='bbox 3045 5616 3312 5686; x_wconf 89' lang='lat' dir='ltr'><strong>deceptis,</strong></span> <span class='ocrx_word' id='word_1_830' title='bbox 3363 5613 3560 5669; x_wconf 85' lang='lat' dir='ltr'><strong>Orien-</strong></span> 
     </span>
    </p>
   </div>
   <div class='ocr_carea' id='block_1_116' title="bbox 1964 5706 3556 5784">
    <p class='ocr_par' dir='ltr' id='par_1_116' title="bbox 1964 5706 3556 5784">
     <span class='ocr_line' id='line_1_116' title="bbox 1964 5706 3556 5784; baseline -0.006 -15"><span class='ocrx_word' id='word_1_831' title='bbox 1964 5713 2102 5770; x_wconf 91' lang='lat' dir='ltr'><strong>tales</strong></span> <span class='ocrx_word' id='word_1_832' title='bbox 2132 5728 2228 5784; x_wconf 89' lang='lat' dir='ltr'><strong>per</strong></span> <span class='ocrx_word' id='word_1_833' title='bbox 2248 5712 2431 5768; x_wconf 86' lang='lat' dir='ltr'><strong>scelus</strong></span> <span class='ocrx_word' id='word_1_834' title='bbox 2461 5713 2602 5768; x_wconf 84' lang='lat' dir='ltr'><strong>vinci</strong></span> <span class='ocrx_word' id='word_1_835' title='bbox 2631 5729 2645 5779; x_wconf 92' lang='lat'><strong>;</strong></span> <span class='ocrx_word' id='word_1_836' title='bbox 2689 5712 2861 5768; x_wconf 89' lang='lat' dir='ltr'><strong>tribus</strong></span> <span class='ocrx_word' id='word_1_837' title='bbox 2906 5710 3108 5766; x_wconf 82' lang='lat' dir='ltr'><strong>libellis</strong></span> <span class='ocrx_word' id='word_1_838' title='bbox 3132 5707 3353 5780; x_wconf 88' lang='lat' dir='ltr'><strong>publice</strong></span> <span class='ocrx_word' id='word_1_839' title='bbox 3379 5706 3556 5777; x_wconf 86' lang='lat' dir='ltr'><strong>datis,</strong></span> 
     </span>
    </p>
   </div>
   <div class='ocr_carea' id='block_1_117' title="bbox 1962 5802 3561 5887">
    <p class='ocr_par' dir='ltr' id='par_1_117' title="bbox 1962 5802 3561 5887">
     <span class='ocr_line' id='line_1_117' title="bbox 1962 5802 3561 5887; baseline -0.003 -22"><span class='ocrx_word' id='word_1_840' title='bbox 1962 5807 2293 5879; x_wconf 83' lang='lat' dir='ltr'><strong>audientiam</strong></span> <span class='ocrx_word' id='word_1_841' title='bbox 2318 5807 2462 5880; x_wconf 83' lang='lat' dir='ltr'><strong>regis</strong></span> <span class='ocrx_word' id='word_1_842' title='bbox 2489 5810 2757 5887; x_wconf 82' lang='lat' dir='ltr'><strong>poposcit,</strong></span> <span class='ocrx_word' id='word_1_843' title='bbox 2792 5817 2851 5864; x_wconf 91' lang='lat' dir='ltr'><strong>ut</strong></span> <span class='ocrx_word' id='word_1_844' title='bbox 2879 5807 2948 5862; x_wconf 88' lang='lat' dir='ltr'><strong>de</strong></span> <span class='ocrx_word' id='word_1_845' title='bbox 2980 5804 3103 5863; x_wconf 88' lang='lat' dir='ltr'><strong>lide</strong></span> <span class='ocrx_word' id='word_1_846' title='bbox 3144 5817 3331 5858; x_wconf 85' lang='lat' dir='ltr'><strong>coram</strong></span> <span class='ocrx_word' id='word_1_847' title='bbox 3363 5802 3561 5887; x_wconf 53' lang='lat' dir='ltr'><strong>advers</strong></span> 
     </span>
    </p>
   </div>
   <div class='ocr_carea' id='block_1_118' title="bbox 1964 5884 3559 5973">
    <p class='ocr_par' dir='ltr' id='par_1_118' title="bbox 1964 5884 3559 5973">
     <span class='ocr_line' id='line_1_118' title="bbox 1964 5884 3559 5973; baseline -0.003 -14"><span class='ocrx_word' id='word_1_848' title='bbox 1964 5898 2122 5962; x_wconf 73' lang='lat' dir='ltr'><strong>rariis</strong></span> <span class='ocrx_word' id='word_1_849' title='bbox 2156 5886 2501 5973; x_wconf 68' lang='lat' dir='ltr'><strong>disceptaret.</strong></span> <span class='ocrx_word' id='word_1_850' title='bbox 2558 5890 2612 5958; x_wconf 84' lang='lat' dir='ltr'><strong>Id</strong></span> <span class='ocrx_word' id='word_1_851' title='bbox 2648 5884 2777 5960; x_wconf 58' lang='lat' dir='ltr'><strong>tero</strong></span> <span class='ocrx_word' id='word_1_852' title='bbox 2824 5896 3009 5958; x_wconf 65' lang='lat' dir='ltr'><strong>Ariani</strong></span> <span class='ocrx_word' id='word_1_853' title='bbox 3037 5892 3415 5969; x_wconf 75' lang='lat' dir='ltr'><strong>maximopere</strong></span> <span class='ocrx_word' id='word_1_854' title='bbox 3460 5884 3559 5955; x_wconf 40' lang='lat' dir='ltr'><strong>nhs</strong></span> 
     </span>
    </p>
   </div>
  </div>
