4106 6344
567 349 671 406 IS

1915 325 2220 478 Samaei—tt
2239 327 2494 423 'sav’iatii

3765 357 3862 420 136

561 485 748 535 iniere,
779 480 1056 539 postremo
1081 471 1235 542 quasi
1257 469 1548 530 discordiie
1581 477 1940 532 seminarium
1969 490 2158 552 etper-
2189 459 2233 548 ᾖ
2264 484 2426 538 etiam
2467 459 2848 550 conjnratione
2896 465 3261 549 stceperant
3291 495 3304 530 :
3348 476 3527 546 qand
3577 475 3820 551 Hyginus
3848 521 3864 548 ,

559 563 804 636 turbator
830 561 1089 630 Orientis,
1135 561 1317 620 redire
1342 568 1406 621 ad
1441 565 1642 623 Gallias
1684 567 1908 637 jnliettir
1945 572 2154 644 absque

553 657 728 711 exsilii
764 658 1118 727 indulgentia.
1150 657 1352 713 Verum
1378 659 1466 714 ubi
1503 677 1825 729 permensus
1854 675 1937 718 est
1965 668 2153 722 orbem

559 765 698 819 pene
731 759 1002 807 terrarum
1045 753 1182 806 nian
1217 754 1457 823 perfidiae
1491 757 1778 823 inlectum,
1812 759 2013 814 dubius
2035 761 2155 816 ani-

559 845 630 898 mi
655 853 709 898 et
743 861 932 914 magna
958 847 1210 900 curarum
1247 848 1386 901 mole
1410 859 1667 912 testuans,
1704 865 1828 905 cuin
1879 853 2156 925 plerisque

557 937 835 992 videretur
864 953 968 992 non
998 939 1290 994 iucundam
1324 956 1448 995 cuni
1485 943 1571 995 his
1601 946 2153 1019 coniiiiunioueniqui

557 1031 955 1087 Ariminensem
1005 1032 1272 1106 synodum
1306 1037 1676 1104 recepissent;
1709 1039 1975 1108 optimum
2010 1041 2156 1098 factu

560 1125 860 1180 arbitratus
880 1137 1376 1184 revocarecnnctos
1406 1129 1470 1184 ad
1497 1133 1930 1189 emendationem
1961 1149 2015 1192 et
2047 1153 2158 1206 pa:-

555 1220 866 1286 nitentiam,
905 1221 1286 1292 frequentibus
1313 1226 1450 1279 intra
1469 1225 1675 1282 Gallias
1699 1231 1966 1300 conciliis,
1993 1243 2156 1304 atque

552 1316 806 1370 omnibus
839 1315 949 1371 fere
981 1317 1253 1386 episcripis
1271 1318 1337 1373 de
1359 1336 1550 1375 errore
1579 1323 1988 1392 profitentibus,
2013 1323 2153 1397 apud

554 1406 853 1462 Ariminum
888 1419 1032 1478 gesta
1064 1411 1413 1479 condemnat,
1442 1425 1495 1468 et
1539 1415 1592 1469 in
1617 1425 1817 1471 statum
1868 1419 2154 1488 pristinum

552 1504 909 1558 ecclesiarum
947 1505 1107 1560 fidem
1139 1508 1418 1564 reformat.
1456 1508 1770 1566 Resistebat
1803 1515 1952 1570 sanis
1976 1515 2156 1570 consi-

555 1595 641 1650 liis
691 1595 1041 1664 Saturninus,
1095 1598 1497 1658 Arelatensium
1544 1607 1849 1676 episc0pus,
1909 1611 1986 1664 vir
2021 1625 2154 1666 sane

553 1691 822 1758 pessimus
851 1701 907 1745 et
935 1691 1153 1760 ingenio
1185 1695 1326 1750 malo
1375 1711 1679 1768 pravoque;
1730 1717 1918 1755 verum
1950 1706 2152 1769 etiam,

553 1796 748 1854 printer
783 1786 1008 1841 Iitcrcsis
1036 1786 1338 1857 infamiam,
1372 1792 1554 1846 multis
1593 1803 1754 1864 atque
1780 1795 2016 1851 infandis
2049 1802 2154 1852 cri-

2260 577 2548 647 episcopns
2567 571 2961 634 Cordubensis,
2994 587 3065 625 ex
3097 569 3280 625 vicino
3322 587 3489 642 agens
3514 612 3528 633 .
3583 585 3862 639 Comperta

2260 669 2325 721 ad
2374 665 2609 721 Idaciuni
2647 664 2898 718 liiiierita:
2949 663 3295 718 sacerdotem
3347 666 3597 718 releiret.
3648 661 3698 717 Is
3738 680 3866 722 vero

2259 762 2377 816 sine
2410 759 2593 824 modo,
2642 769 2698 814 et
2749 758 2890 812 ultra
2919 774 3077 828 quam
3108 775 3158 826 oi
3183 757 3373 824 ortuit,
3426 757 3751 812 Iiistantium
3776 773 3865 814 so-

2259 857 2482 926 ciosque
2511 859 2628 923 ejus
2669 853 2943 908 IaceSsens
2977 895 2991 919 ,
3050 854 3221 907 facem
3279 851 3567 922 quamdam
3619 853 3865 910 nascenti

2261 949 2511 1005 incendio
2551 947 2791 1003 Stibdidit
2827 965 2837 1001 :
2869 957 2923 1002 ut
2977 945 3390 1016 exaslicrarerit
3441 947 3618 1003 malos
3686 943 3865 1018 potius

2259 1036 2420 1115 quam
2453 1041 2864 1111 compresserit.
3771 1119 3776 1124 Ι

2334 1127 2539 1190 XLVII.
2585 1127 2749 1208 Igitur
2773 1143 2894 1204 post
2935 1133 3100 1187 multa
3151 1134 3296 1189 inter
3325 1127 3420 1189 eos
3453 1143 3508 1190 et
3555 1134 3721 1206 digna
3756 1151 3866 1192 nie-

2261 1239 2470 1282 moratu
2508 1227 2839 1290 certamina,
2897 1223 3040 1294 apud
3089 1225 3566 1296 (Ia'sarauguslam
3623 1227 3868 1299 synodus

2260 1306 2616 1391 congregatur
2651 1338 2664 1374 :
2696 1317 2780 1372 cui
2817 1330 2928 1372 tum
2961 1317 3129 1373 etiam
3152 1311 3406 1388 Aquitani
3431 1320 3672 1390 episcopi
3697 1319 3866 1374 inter-

2260 1413 2432 1468 fuere.
2485 1411 2686 1467 Verum
2719 1410 2960 1466 haeretici
3017 1411 3365 1467 Committere
3415 1428 3473 1467 se
3517 1412 3728 1484 judicio
3761 1429 3863 1469 non

2259 1506 2374 1560 διιέί
2403 1523 2416 1562 :
2448 1505 2500 1560 iti
2535 1506 2792 1561 absentes
2838 1513 2949 1559 tum
2988 1503 3093 1560 lata
3153 1505 3451 1571 sententia,
3509 1505 3866 1576 damnatique

2259 1600 2552 1656 Instantius
2581 1611 2636 1656 et
2657 1599 2947 1656 Salvianus
2985 1600 3252 1670 episeopi,
3289 1598 3538 1671 Elpidius
3565 1610 3622 1656 et
3646 1601 3865 1656 Priscilo

2260 1698 2436 1750 lianus
2463 1694 2604 1750 laici.
2636 1693 2895 1750 Additum
2921 1695 3106 1758 etiam,
3135 1703 3192 1746 ut
3231 1691 3278 1746 si
3316 1691 3441 1762 quis
3473 1691 3768 1749 damnatos
3810 1695 3861 1750 in

2259 1789 2696 1844 communionem
2721 1787 3042 1855 recepisset,
3073 1785 3238 1839 sciret
3265 1786 3315 1838 in
3344 1799 3403 1839 se
3441 1783 3691 1840 eamdem
3741 1776 3866 1841 seti-

553 1877 791 1935 minibus
813 1881 1096 1937 convictus
1129 1879 1371 1939 Ecclesia
1403 1885 1609 1956 ejectus
1638 1899 1719 1943 est
1753 1908 1766 1943 :
1809 1891 1879 1945 ita
1916 1893 2148 1962 partium

2262 1881 2485 1936 tetitiaiii
2539 1877 2915 1951 protiietidatn.
2980 1875 3152 1946 Atque
3193 1874 3245 1930 id
3303 1872 3512 1932 ItIiacio
3557 1874 3864 1933 Sossttbeiisi

551 1971 695 2026 vires
719 1974 922 2029 atnisso
955 1975 1094 2030 dure
1126 1976 1392 2033 infractae.
1427 1979 1693 2036 Paternus
1721 1985 1881 2038 etiam
1903 2001 1930 2038 a
1961 1985 2154 2041 Petro-

553 2065 718 2120 coriis
745 2082 898 2138 aeque
933 2077 1146 2135 Vt'CtII‘S,
1184 2087 1282 2125 nec
1313 2073 1627 2130 detrectans
1678 2077 1956 2146 perfidiam
1990 2081 2154 2150 profic

553 2162 1025 2224 teri,sacerdotio
1071 2167 1256 2237 pulsus
1288 2209 1300 2230 ,
1355 2170 1569 2223 cmteris
1619 2172 1772 2225 venia
1822 2172 1967 2226 data.
2016 2174 2152 2229 Illud

553 2253 691 2324 apud
718 2270 906 2312 omnes
935 2257 1203 2326 Constitit,
1234 2262 1393 2315 unius
1426 2262 1609 2317 Hilarii
1647 2265 1918 2319 beneficio
1946 2265 2152 2324 Gallias

552 2358 770 2404 nostras
803 2352 1017 2419 piaculo
1043 2351 1275 2409 litt'resis
1309 2355 1586 2412 liberatas.
1632 2359 1899 2412 thteruui
1933 2359 2154 2416 Lucifer

553 2452 662 2496 tum
696 2441 996 2499 Antiochia:
1019 2446 1179 2517 longe
1199 2448 1413 2504 diversa
1445 2452 1717 2505 sententia
1765 2449 1857 2505 fuit
1895 2471 1907 2506 :
1940 2445 2062 2507 iiain
2099 2454 2151 2510 iii

550 2542 756 2589 tantum
788 2551 882 2592 eos
900 2538 1499 2608 qtiiAritninifuerant,
1527 2544 1936 2613 condemnavit,
1988 2557 2046 2602 ut
2094 2564 2156 2606 se

550 2627 713 2682 etiam
743 2629 809 2683 ab
837 2645 1026 2686 eorum
1059 2636 1444 2690 communione
1471 2640 1789 2704 secreverit,
1822 2641 2021 2710 quieos
2053 2642 2156 2698 sub

553 2720 922 2778 satisfactione
946 2723 1027 2778 vel
1061 2728 1373 2792 pmiiiteutia
1400 2732 1754 2798 recepissent.
1809 2734 1861 2788 Id
1893 2745 2040 2790 recte
2083 2752 2153 2791 au

555 2829 844 2884 perperam
895 2819 1260 2882 con5tituerit,
1294 2820 1479 2878 dicere
1503 2839 1608 2878 nou
1638 2825 1835 2880 ausim.
1891 2807 2154 2884 Paulinus

553 2915 608 2962 et
630 2907 1013 2966 Bliodaiiiusiti
1048 2911 1275 2985 Phrygia
1314 2915 1576 2973 derIICti.
1613 2919 1848 2977 Hilarius
1875 2934 2030 2979 sexto
2058 2940 2156 2978 an-

553 3014 622 3055 no
653 3013 935 3073 postquam
965 3005 1221 3070 redierat,
1268 3011 1320 3064 in
1355 3012 1526 3078 patria
1554 3014 1709 3068 obiit.

626 3093 810 3152 XLVI.
837 3098 1150 3170 Sequuntur
1182 3113 1421 3174 tempora
1450 3109 1626 3162 anatis
1655 3120 1854 3165 nostrae
1880 3105 2064 3182 gravia
2099 3107 2156 3168 et

559 3191 885 3258 periculosa,
921 3195 1114 3264 quibus
1146 3213 1251 3250 non
1277 3198 1478 3254 usitato
1519 3203 1675 3256 malo
1703 3204 1924 3272 polluite
1959 3191 2155 3260 Eccle-

2261 1973 2522 2046 episeopo
2546 1974 2819 2041 negotium
2854 1970 3064 2039 datum,
3097 1969 3456 2024 utdecretum
3477 1971 3864 2041 episcoporum

2263 2069 2314 2123 iii
2338 2067 2580 2124 Omnium
2609 2066 2852 2121 notitiam
2884 2061 3146 2132 deferret,
3207 2063 3555 2136 maximeque
3596 2063 3862 2137 Hyginum

2261 2173 2420 2217 extra
2450 2159 2888 2215 ciniininnioneni
2939 2157 3138 2212 faceret
3167 2174 3179 2210 :
3209 2157 3300 2226 qui
3347 2173 3466 2210 cum
3507 2161 3720 2226 primus
3750 2175 3865 2213 om-

2262 2257 2409 2314 nium
2435 2255 2684 2312 insectari
2709 2251 3186 2326 ρειΙηιιιῑιωιποιῐεοε
3209 2249 3488 2322 ccepisset.
3523 2249 3718 2323 postea
3749 2261 3863 2307 tur-

2265 2351 2403 2423 piter
2447 2351 2778 2419 depravatus
2813 2349 2864 2402 iii
2907 2347 3354 2402 eoinniutiionetn
3404 2357 3499 2428 eos
3543 2347 3860 2416 recepisset.

2264 2449 2485 2502 Interim
2538 2444 2832 2500 Instantius
2865 2440 3230 2497 etSalvianus
3275 2435 3516 2495 damnati
3545 2441 3754 2510 judicio
3781 2457 3865 2495 sa-

2262 2542 2567 2604 cerdotum,
2610 2537 3030 2603 Priscillimtiui,
3060 2535 3224 2591 etiam
3261 2534 3476 2600 laicum,
3531 2533 3628 2590 sed
3657 2533 3862 2604 princi-

2265 2654 2382 2708 pem
2419 2637 2680 2689 inaloruui
2713 2631 2977 2695 Ottttiittm,
3027 2645 3127 2683 una
3160 2643 3342 2683 secum
3369 2626 3862 2698 Caisarangustana

2263 2730 2469 2804 synodo
2500 2727 2762 2787 notatum.
2788 2726 2852 2780 ad
2880 2721 3285 2780 conlirniandas
3318 2721 3461 2777 vires
3491 2721 3618 2776 suas
3647 2721 3862 2790 episco-

2264 2842 2389 2896 pum
2425 2826 2474 2876 in
2508 2820 2746 2876 Abilensi
2795 2817 2994 2888 oppido
3024 2816 3368 2870 constituunt
3395 2833 3406 2867 :
3437 2813 3538 2868 rati
3567 2813 3826 2868 nimirum
3847 2855 3862 2879 ,

2264 2919 2306 2971 si
2335 2919 2604 2972 hominem
2628 2928 2809 2968 acrem
2832 2919 2887 2967 et
2902 2910 3155 2966 callidum
3182 2903 3508 2962 sacerdotali
3541 2903 3864 2962 auctoritate

2263 3018 2566 3063 ariiiasseiit
2598 3049 2614 3074 ,
2669 3003 2900 3060 tutiores
2935 2999 3047 3058 fore
3106 3015 3249 3056 sese.
3294 3000 3431 3054 Tum
3470 3011 3602 3054 vero
3654 2997 3864 3053 Idacius

2263 3112 2423 3174 atque
2447 3101 2678 3159 Ithacius
2710 3103 2890 3158 acrius
2922 3100 3149 3165 instare,
3179 3099 3505 3154 arbitrantes
3536 3112 3701 3167 posse
3726 3097 3864 3152 inter

2262 3195 2412 3251 initia
2444 3197 2642 3252 malum
2671 3195 2985 3266 c0niprimi;
3038 3193 3133 3249 sed
3177 3207 3365 3264 parum
3421 3192 3572 3244 sanis
3618 3190 3862 3244 consiliis

551 3280 647 3335 8ἱῶ
678 3292 730 3337 et
760 3287 1070 3352 perturbata
1093 3289 1296 3346 omnia.
1325 3291 1566 3362 Namque
1596 3304 1704 3347 ttiiii
1746 3297 1977 3365 primum
2012 3291 2155 3353 itifa-
2183 3279 2230 3358 (ἶ
2261 3289 2771 3359 Siccularesjudices
2809 3289 3033 3353 adeunt,
3088 3298 3141 3341 ut
3182 3299 3369 3368 eorum
3405 3281 3646 3338 decretis
3693 3292 3859 3351 atque

559 3375 661 3428 mis
689 3375 776 3430 illa
801 3375 1182 3434 Giiosticoruui
1205 3382 1431 3439 haeresis
1463 3385 1603 3438 intra
1644 3386 1927 3456 Hispanias
1960 3381 2156 3460 depre-

557 3467 751 3529 hensa,
779 3473 1094 3539 superstitio
1123 3474 1421 3530 exitiabilis
1441 3518 1454 3540 ,
1506 3477 1719 3533 arcanis
1750 3481 2018 3534 occultata
2074 3483 2160 3538 se-

558 3559 744 3614 cretis.
784 3560 946 3633 Origo
991 3567 1148 3620 islitis
1195 3568 1320 3622 mali
1369 3569 1565 3624 Oriens
1619 3585 1679 3625 ac
1711 3571 1998 3644 Egyptus.
2051 3573 2158 3632 Sed

555 3657 752 3723 quibus
782 3655 853 3710 ibi
886 3657 1055 3713 initiis
1073 3663 1357 3724 coaluerit,
1391 3663 1528 3717 haud
1561 3661 1716 3718 facile
1748 3674 1827 3719 est
1861 3665 2157 3724 disserere.

556 3746 771 3804 Primus
801 3768 917 3806 eam
953 3755 1090 3808 intra
1127 3756 1410 3825 Hispanias
1451 3757 1658 3812 Mai-cus
1687 3756 1887 3825 intulit,
1921 3757 2160 3832 Egypto

559 3842 874 3912 profectus,
929 3845 1162 3918 Memphi
1225 3860 1395 3904 ortus.
1459 3851 1627 3920 Ilujus
1672 3851 1949 3908 auditores
2003 3855 2160 3911 fuere

557 3936 744 4008 Agape
767 3939 1012 4007 t|ll:l.‘d:lm
1043 3956 1151 3995 non
1184 3941 1438 4013 ignobilis
1466 3939 1662 3998 mulier
1693 3954 1747 3998 et
1787 3947 1978 4001 rhetor
2006 3948 2156 4017 Elpi4

557 4029 698 4084 dius.
736 4033 814 4085 Ab
840 4032 920 4087 liis
955 4034 1326 4091 Priscillianus
1358 4046 1439 4091 est
1473 4037 1774 4102 institutus,
1816 4037 2020 4095 fauiilia
2058 4058 2158 4098 uo-

560 4122 706 4188 bilis,
727 4125 993 4194 pra-dives
1019 4127 1234 4198 opibus,
1255 4147 1400 4192 acer,
1425 4134 1659 4202 inquies,
1677 4133 1966 4198 facundus,
1990 4138 2158 4192 multa

554 4215 788 4274 lectione
817 4218 1078 4288 eruditus,
1115 4220 1418 4279 disserendi
1448 4241 1510 4280 ac
1533 4225 1839 4295 disputandi
1869 4232 2161 4302 promptis-

557 4312 726 4368 simus
760 4333 772 4368 :
807 4313 934 4372 felix
959 4319 1223 4390 profecto,
1255 4321 1300 4376 si
1335 4338 1442 4377 non
1479 4337 1642 4392 pravo
1669 4324 1848 4380 Studio
1877 4323 2158 4398 corrupis-

557 4417 640 4460 set
665 4411 926 4475 Optimum
962 4414 1260 4483 ingenium.
1285 4414 1521 4470 Prorsus
1546 4415 1715 4471 multa
1742 4418 1884 4474 ineo
1906 4421 2074 4474 animi
2105 4421 2162 4476 et

557 4505 802 4570 Corporis
831 4503 972 4558 bona
1004 4522 1297 4564 cerneres:
1336 4508 1558 4577 vigilare
1584 4510 1838 4576 multum,
1871 4509 2066 4567 famem
2097 4505 2159 4568 ac

553 4593 698 4649 sitim
729 4591 872 4652 ferre
905 4608 1115 4666 poterat
1151 4617 1163 4654 ε
1195 4599 1424 4655 habendi
1448 4601 1670 4656 minime
1693 4604 1943 4672 cupidus,
1972 4603 2158 4660 utendi

2263 3381 2701 3439 exsecutioiiibus
2729 3381 2971 3438 heretici
3017 3380 3241 3436 urbibus
3283 3379 3642 3448 pellerentur.
3694 3377 3862 3446 Igitur

2265 3490 2383 3550 post
2425 3481 2587 3534 multa
2629 3488 2682 3532 et
2730 3475 2868 3532 foeda
2915 3477 3240 3541 certamina,
3297 3471 3474 3528 Idacio
3519 3467 3863 3542 supplicante

2264 3562 2525 3627 elicitura
2553 3570 2811 3626 Gratiano
2835 3577 2946 3624 ttiui
2988 3569 3319 3640 imperatore
3361 3565 3714 3635 rescriptum,
3757 3565 3863 3637 quo

2267 3667 2500 3724 iiiiiversi
2531 3669 2770 3723 haeretici
2804 3667 3070 3724 excedere
3114 3684 3217 3720 non
3251 3666 3504 3718 ecclesiis
3532 3673 3746 3719 tantum
3775 3671 3865 3719 aut

2266 3763 2489 3818 urbibus
2510 3805 2524 3828 ,
2553 3762 2644 3817 sed
2667 3772 2818 3817 extra
2841 3778 3028 3816 omnes
3053 3769 3226 3814 terras
3261 3757 3488 3828 propelli
3505 3757 3860 3827 jubebantur.

2265 3859 2379 3924 Quo
2405 3867 2703 3928 comperto,
2741 3853 2986 3912 Gtiostici
3019 3852 3182 3908 diflisi
3215 3851 3380 3908 rebus
3412 3851 3550 3916 suis,
3599 3868 3708 3906 non
3747 3851 3860 3908 ausi

2257 3949 2461 4020 judicio
2489 3961 2718 4013 certare,
2753 3960 2947 4018 sponte
2964 3963 3181 4003 cessere
3205 3947 3293 4017 qui
3319 3943 3566 4014 episcopi
3593 3944 3861 4001 videbati-

2265 4054 2350 4097 tur
2381 4060 2392 4093 :
2423 4057 2650 4098 caeteros
2698 4043 2873 4097 metus
2897 4041 3172 4110 disiiersit.

2338 4133 2569 4190 XLVIlI.
2615 4115 2685 4189 At
2715 4146 2825 4188 tum
2872 4131 3192 4199 Instantius,
3243 4131 3533 4190 Salvianus
3561 4144 3615 4189 et
3647 4133 3863 4189 Priscil-

2264 4229 2438 4284 lianus
2465 4227 2692 4283 Romam
2735 4227 2983 4297 profeCii,
3018 4239 3075 4282 ut
3101 4226 3243 4296 apud
3280 4228 3569 4282 Damasum
3606 4225 3777 4283 Urbis
3804 4241 3864 4282 ea

2266 4333 2585 4392 tempestate
2607 4322 2918 4393 episc0pum
2944 4322 3154 4393 objecta
3181 4327 3509 4392 purgarent;
3544 4321 3639 4375 sed
3669 4311 3772 4376 iter
3787 4320 3864 4377 eis

2265 4426 2462 4488 printer
2491 4418 2803 4473 interiorem
2830 4417 3170 4487 Aquitaniam
3201 4416 3321 4480 fuit,
3378 4413 3472 4500 ubi
3501 4425 3613 4470 tum
3646 4416 3717 4470 ab
3763 4417 3862 4500 im-

2264 4511 2451 4582 peritis
2482 4509 2766 4580 magnifice
2791 4516 3049 4578 suscepti.
3079 4507 3330 4580 Sparscre
3357 4495 3599 4590 perfidia:
3626 4497 3859 4574 semina,

2268 4605 2614 4673 maximeque
2647 4593 2937 4659 Elusanam
2984 4603 3218 4674 plebem,
3266 4601 3398 4658 Sane
3429 4603 3540 4656 tam
3575 4601 3777 4656 bonam
3811 4609 3863 4658 et

559 4689 932 4756 parcissimus.
984 4692 1091 4748 Sed
1121 4694 1260 4748 idem
1299 4695 1650 4759 vaiiissimtis,
1683 4706 1736 4750 et
1769 4697 1886 4765 plus
1905 4696 2054 4767 justo
2077 4693 2157 4754 iii-
2185 4688 2234 4749 Ι)
2264 4697 2509 4767 religioni
2543 4695 2876 4760 studentem,
2909 4698 3095 4786 pravis
3128 4693 3606 4767 prtl‘dicalitilllbus
3642 4709 3865 4765 perver-

557 4777 737 4834 ﬂatior
767 4781 1113 4852 profanarum
1160 4800 1340 4840 rerum
1365 4787 1592 4840 scientia
1617 4805 1628 4839 :
1679 4785 1806 4856 quin
1836 4800 1890 4843 et
1920 4787 2158 4860 magicas

560 4882 704 4928 artes
733 4877 800 4930 ab
824 4877 1186 4935 adolescentia
1218 4896 1340 4935 eum
1387 4887 1698 4936 exercuisse
1729 4883 1996 4938 creditum
2051 4896 2154 4940 est.

560 4968 611 5024 Is
643 4971 727 5023 tibi
755 4971 1058 5026 doctrinam
1099 4973 1431 5028 exitiabilem
1482 4991 1769 5045 aggressus
1797 4988 1900 5041 est,
1949 4979 2155 5034 inultos

565 5063 826 5117 nobilium
882 5066 1172 5136 pluresque
1223 5067 1512 5139 pOpuIares
1560 5069 1881 5125 auctoritate
1933 5087 2158 5139 persua-

562 5159 806 5214 deiidii-t
837 5170 954 5215 arte
995 5161 1302 5216 blandieudi
1354 5137 1561 5216 allicuit
1595 5164 1643 5216 in
1685 5163 2020 5221 societatem.
2073 5161 2156 5222 Ad

566 5254 669 5308 hoc.
700 5255 956 5311 mulieres
998 5273 1262 5312 novarum
1293 5275 1472 5313 rerum
1500 5258 1731 5328 cupidae,
1763 5259 1903 5317 fluxa
1933 5262 2037 5317 fide
2058 5305 2072 5328 ,
2106 5272 2161 5319 et

563 5350 629 5402 ad
654 5351 836 5406 omnia
870 5352 1090 5407 curioso
1146 5355 1382 5423 ingenio,
1435 5357 1753 5410 catervatim
1778 5358 1843 5412 ad
1877 5374 2000 5413 eum
2030 5373 2163 5413 con-

561 5440 838 5497 fluebant:
865 5446 1063 5515 quippe
1113 5444 1435 5502 humilitatis
1465 5449 1703 5518 speciem
1737 5467 1836 5507 ore
1869 5451 1922 5506 et
1969 5451 2158 5507 habitu

560 5537 934 5607 pretendens,
969 5539 1230 5595 Iioiiorcin
1257 5543 1337 5596 sui
1370 5553 1424 5597 et
1447 5546 1806 5599 reverentiam
1836 5551 2050 5602 cunctis
2076 5549 2156 5601 itt-

547 5628 1007 5702 jeceratJanique
1026 5634 1279 5703 paulatim
1299 5635 1538 5703 perfidia
1555 5637 1711 5692 istius
1728 5639 1878 5692 tabes
1896 5639 2154 5710 pleraque

557 5724 828 5794 Hispania:
856 5741 1167 5798 pervaserat
1200 5749 1212 5783 :
1244 5732 1370 5802 quin
1402 5743 1454 5787 et
1490 5733 1737 5787 nonnulli
1771 5734 2151 5802 cpiscopOt-um

551 5820 871 5890 depravati;
900 5824 1039 5879 inter
1065 5839 1200 5894 quos
1235 5824 1521 5878 Instantius
1547 5826 1899 5881 etSalvianus
1929 5823 2148 5879 Priscil-

557 5915 760 5975 lianutn
815 5934 923 5976 non
970 5919 1145 5988 solum
1195 5920 1597 5990 consensione,
1644 5919 1738 5976 sed
1769 5920 1868 5976 sub
1917 5917 2150 5992 quadam

2267 4797 2401 4847 tere.
2441 4793 2477 4844 A
2516 4789 2797 4859 Burdigala
2832 4784 2927 4861 per
2961 4784 3282 4861 Delphinum
3309 4789 3534 4860 repulsi,
3597 4788 3862 4843 tamenin

2265 4901 2396 4956 agro
2412 4885 2718 4940 Eticlirotia:
2734 4883 3122 4954 aliquantisper
3143 4884 3355 4944 morali,
3379 4879 3615 4936 infecere
3632 4883 3865 4937 nonnul-

2268 4983 2351 5038 los
2377 4981 2486 5035 suis
2512 4982 2816 5037 crioribus.
2840 4963 2969 5036 Inde
3007 4981 3108 5033 iter
3135 4986 3368 5046 emptum
3421 4973 3679 5047 ingressi,
3723 4969 3864 5044 turpi

2267 5089 2398 5130 sane
2449 5073 2868 5146 pudibundoque
2915 5070 3209 5134 comitatu,
3240 5083 3362 5123 cum
3402 5069 3666 5124 uxoribus
3706 5084 3866 5142 atque

2265 5169 2458 5224 alienis
2489 5168 2649 5224 etiam
2685 5165 2920 5229 feminis,
2953 5167 3006 5217 iii'
3036 5161 3189 5232 queis
3231 5171 3346 5215 erat
3396 5161 3695 5217 Euchrotia‘
3728 5207 3742 5227 ,
3804 5181 3865 5219 ac

2261 5264 2367 5319 ﬁlia
2399 5263 2517 5332 ejus
2551 5261 2781 5318 Procula
2809 5278 2821 5313 :
2855 5257 2921 5313 de
2946 5273 3046 5326 qua
3078 5258 3176 5312 luit
3201 5257 3252 5310 iti
3279 5269 3537 5312 sermone
3554 5257 3862 5324 hominum;

2263 5358 2585 5414 Priscilliani
2612 5368 2799 5422 stupro
2825 5345 3104 5422 gravidam
3139 5352 3353 5421 parturn
3386 5352 3486 5405 sibi
3519 5353 3863 5422 graminibus

2261 5441 2528 5519 abegisse.
2563 5445 2622 5500 Ili
2654 5445 2740 5499 tibi
2777 5444 3001 5497 Romam
3041 5458 3346 5513 pervenere
3386 5441 3620 5499 Damaso
3650 5460 3712 5502 se
3742 5461 3867 5516 pur-

2262 5555 2390 5612 gare
2431 5541 2733 5608 cupientes,
2786 5552 2852 5591 ne
2886 5533 2935 5589 in
2985 5543 3336 5608 conspectuin
3367 5537 3586 5608 quidem
3620 5538 3744 5610 ejus
3774 5540 3867 5594 ad-

2261 5637 2410 5692 missi
2437 5643 2580 5688 sunt.
2613 5631 2865 5704 Regressi
2887 5627 3271 5696 Mediolanum,
3298 5649 3452 5702 aeque
3479 5632 3866 5690 adversantem

2261 5731 2362 5785 sibi
2395 5729 2745 5782 Ambrosium
2777 5739 3118 5798 reperetuut.
3167 5728 3305 5783 Tum
3339 5737 3559 5784 vertere
3587 5731 3819 5786 consilia
3850 5773 3864 5795 ,

2264 5829 2320 5874 ut
2348 5820 2493 5889 (quia
2527 5819 2737 5873 duobus
2787 5817 3053 5890 episcopis
3084 5861 3097 5885 ,
3148 5833 3379 5888 quorum
3425 5834 3492 5874 ea
3539 5819 3864 5892 tempestate

2263 5927 2471 5972 summa
2494 5915 2788 5973 auctoritas
2813 5922 2948 5983 erat,
2983 5928 3090 5968 non
3115 5911 3428 5988 illtiseruni)
3485 5915 3776 5989 largiendo
3809 5923 3863 5974 et
