4106 6344
183 386 274 440 I57

1402 351 1732 440 utsror'uA
1769 361 2021 438 ssent.
2063 365 2210 459 me.
2247 381 2308 436 ιι.

3445 357 3550 439 iss

173 509 478 564 ambiendo
537 511 612 565 all
672 507 1006 579 imperature
1048 505 1229 577 cupita
1277 491 1686 573 extorquercut.
1744 487 1820 554 Ila
1931 511 2120 586 scopo,
2154 487 2270 551 viro
2307 483 2465 567 plane
2500 483 2783 566 Apostilis
2814 499 3156 554 conferendo
3179 541 3192 566 ,
3243 491 3419 571 palam
3453 477 3552 555 ob-

175 587 444 669 corrupto
480 593 826 656 Macedonio
859 608 970 653 tum
993 587 1253 666 magistro
1274 585 1602 657 officiorum,
1627 592 1828 648 rescri-

176 705 319 765 ptum
349 695 630 770 eiii-inut,
663 695 776 767 quo
803 685 1025 750 calcatis
1059 693 1181 763 quae
1211 690 1362 760 prius
1390 690 1604 744 decreta
1639 675 1816 751 erant,

179 791 387 846 restitui
417 789 708 846 Eeclesiis
732 788 1084 860 jubebantur.
1133 783 1249 842 Hoc
1295 785 1415 840 lreti
1446 782 1746 838 Instantius
1774 773 1828 836 et

179 884 575 939 Priscillianus
600 877 915 954 repetivere
957 879 1248 951 Hispanias
1268 883 1417 951 (nam
1444 877 1735 934 Salvianus
1770 875 1824 930 in

179 977 304 1032 urbe
336 975 632 1045 obierat),
669 992 736 1033 ac
767 985 880 1030 tum
912 973 1035 1028 sine.
1078 973 1192 1028 ullo
1218 971 1525 1028 certamine
1549 969 1827 1025 Eccle~ias

179 1070 376 1141 quibus
407 1070 790 1138 prmfuerant,
825 1082 1100 1138 recepere.

253 1163 455 1219 XLIX.
485 1164 705 1219 Verum
732 1162 936 1218 lthacio
963 1162 1033 1216 ad
1060 1158 1422 1217 resistendum
1453 1173 1558 1213 non
1589 1157 1823 1222 animus,

190 1257 274 1311 sed
293 1257 542 1311 facultas
569 1257 755 1312 defuit
780 1273 793 1309 :
818 1255 942 1326 quia
969 1253 1209 1309 lneretici
1239 1262 1502 1320 corrupto
1535 1249 1828 1306 Volveutio

191 1352 522 1421 proconsule
547 1351 704 1406 vires
722 1364 848 1405 suas
862 1345 1339 1404 conﬁrmaverant.
1355 1347 1494 1414 Quin
1510 1346 1670 1400 etiam
1688 1344 1828 1398 Itha-

192 1444 381 1499 ciusab
400 1445 496 1499 his
517 1445 688 1514 quasi
709 1442 1056 1513 perturbator
1082 1441 1476 1503 Ecclesiarum,
1502 1452 1626 1492 reus
1643 1447 1828 1506 postu-

195 1537 343 1598 latus,
361 1539 683 1606 jussusque
704 1527 800 1604 per
818 1543 1053 1590 atrocem
1070 1525 1472 1588 exsecutionem
1487 1530 1704 1597 deduci,
1722 1539 1829 1608 tre-

198 1632 341 1700 pidus
359 1630 617 1704 profugit
641 1630 711 1686 ad
737 1629 961 1686 Gallias.
987 1628 1061 1683 lbi
1087 1626 1404 1697 Gregorium
1433 1625 1740 1697 prtefectum
1758 1621 1824 1678 ad

197 1724 373 1796 iit;qui
391 1724 712 1794 compertis
739 1739 858 1793 quae.
889 1733 1039 1793 gesta
1051 1730 1229 1784 erant,
1261 1735 1314 1772 ra
1325 1719 1373 1789 pi
1387 1717 1452 1773 ad
1467 1732 1527 1774 se
1545 1717 1827 1772 turbarum

199 1829 446 1874 auctores
467 1818 662 1888 jubet,
690 1833 755 1872 ac
776 1816 1110 1872 deomuibus
1136 1813 1202 1868 ad
1230 1801 1613 1882 imperatorem
1635 1810 1825 1876 refert,

1926 584 2139 662 jectare
2184 590 2414 647 haeresis
2470 585 2793 646 infamiam;
2848 604 3091 660 namque
3136 584 3248 647 tum
3294 591 3555 648 Martinus

1933 684 2077 754 apud
2104 684 2383 740 Treve'ros
2413 683 2783 752 constitutus,
2817 701 2927 739 non
2959 685 3251 741 desinebat
3273 685 3556 756 increpare

1929 775 2230 839 Ithacium,
2264 787 2320 831 ut
2365 769 2434 832 ab
2477 778 2826 832 accusatione
2872 776 3206 842 desisteret;
3257 771 3547 834 Maximum

1933 887 2126 938 orare,
2160 879 2216 925 ut
2261 872 2532 941 sanguine
2565 871 2870 926 infelicium
2906 871 3246 936 absuinerel;
3292 863 3424 928 satis
3458 887 3550 927 su-

1935 981 2138 1035 perque
2181 963 2469 1031 sufficere,
2526 978 2582 1020 ut
2625 961 2932 1036 episcopali
2989 969 3258 1022 sententia
3305 965 3550 1022 haeretici

1927 1059 2160 1131 judicati
2195 1059 2455 1114 Ecclesiis
2490 1059 2862 1128 pellerentur;
2896 1076 3098 1114 novum
3141 1076 3262 1116 esse
3302 1070 3356 1116 et
3386 1060 3544 1115 inau-

1933 1156 2104 1209 ditum
2140 1152 2292 1208 nefas
2314 1195 2328 1220 ,
2360 1168 2581 1209 causam
2614 1153 2880 1210 Ecclesia:
2904 1153 3074 1224 judex
3105 1153 3290 1209 saeculi
3333 1153 3547 1224 judica-

1936 1257 2038 1301 ret.
2089 1245 2337 1316 Denique
2384 1244 2564 1315 quoad
2607 1261 2775 1315 usque
2821 1246 3094 1300 Martinus
3125 1245 3385 1301 Treveris
3416 1245 3545 1311 fuit,

1936 1343 2104 1396 dilata
2136 1333 2379 1412 co‘gnitto
2407 1350 2521 1405 est;
2554 1346 2609 1394 et
2637 1355 2761 1394 mox
2793 1339 3142 1394 discessurus
3173 1341 3387 1410 egregia
3417 1354 3546 1394 auc-

1937 1435 2155 1490 toritate
2187 1450 2212 1486 a
2244 1432 2480 1486 Maximo
2508 1431 2698 1486 elicuit
2736 1431 3092 1500 sponsionem
3117 1471 3132 1494 ,
3168 1431 3305 1486 nihil
3345 1446 3544 1486 cruen-

1937 1539 2048 1584 tutn
2095 1528 2148 1581 in
2201 1543 2324 1583 reos
2354 1525 2826 1582 constituendum.
2861 1524 2968 1580 Sed
3006 1535 3193 1594 postea
3239 1525 3543 1595 imperator

1938 1623 2030 1694 per
2079 1622 2324 1692 Magnum
2357 1628 2411 1674 et
2453 1605 2654 1674 Rufum
2704 1618 2998 1688 episcopos
3031 1609 3388 1688 depravatus,
3423 1629 3476 1672 et
3508 1633 3541 1673 a

1934 1715 2242 1772 mitioribus
2270 1714 2515 1772 consiliis
2547 1713 2824 1777 deflexus,
2858 1727 3074 1766 causam
3113 1711 3369 1781 pra-fectu
3399 1709 3541 1766 Evo-

1934 1812 2023 1864 dio
2055 1800 2339 1881 permisit,
2373 1810 2490 1863 viro
2521 1809 2634 1863 acri
2665 1817 2718 1862 et
2745 1823 2973 1874 severo,
3005 1806 3096 1877 qui
3130 1807 3536 1861 Priscdlianum

205 1920 255 1966 ut
301 1911 600 1966 hrcreticis
645 1909 788 1964 viam
847 1907 1118 1963 ambiendi
1173 1907 1556 1976 praeluderet.
1619 1904 1727 1960 Sed
1775 1904 1828 1960 id
1860 1907 1904 1968 Β
1933 1904 2154 1976 gemino
2181 1902 2389 1971 judicio
2434 1901 2684 1956 auditum
2711 1943 2725 1966 ,
2771 1901 3192 1971 convictumque
3237 1901 3532 1966 maleficii,

207 2004 394 2059 frustra
432 2002 562 2068 fuit,
595 2003 726 2074 quia
759 2018 858 2073 per
898 2001 1174 2057 libidinem
1209 2010 1263 2055 et
1290 1999 1586 2070 potentiam
1617 2015 1823 2070 pauco-

205 2113 314 2151 rum
345 2106 554 2152 cuncta
617 2095 694 2150 ibi
745 2091 1184 2160 venaliaeraut.
1219 2085 1386 2163 igitur
1417 2083 1660 2148 haéretici
1709 2091 1826 2148 Suis

203 2189 427 2249 artibus.
458 2188 666 2260 grandi
695 2190 922 2258 pecunia
954 2185 1273 2242 Macedonio
1303 2187 1449 2248 data.
1480 2187 1733 2242 obtinent
1768 2195 1827 2242 ut

206 2282 472 2345 imperiali
508 2282 848 2337 auctoritate
874 2280 1138 2352 przefecto
1156 2290 1339 2350 erepta
1359 2281 1599 2351 cognitio
1634 2280 1827 2349 llispa—

206 2380 413 2431 uiarum
467 2376 690 2432 vic.trio
724 2377 872 2448 (nam
896 2375 1006 2447 jam
1060 2377 1443 2447 proconsulem
1493 2375 1692 2432 habere
1731 2377 1825 2430 de-

206 2470 560 2538 sierant).....
596 2468 865 2540 missique
891 2486 920 2524 a
953 2470 1216 2540 magistro
1246 2467 1534 2533 officiales,
1566 2469 1655 2537 qui
1683 2466 1827 2522 Itha-

205 2567 342 2620 cium
367 2577 484 2621 tum
509 2563 1036 2634 Treverisageutem
1058 2563 1122 2618 ad
1145 2563 1428 2633 Hispanias
1444 2564 1821 2629 retraherent;

206 2674 338 2728 quos
367 2658 467 2713 ille
498 2656 712 2713 callide
741 2656 1037 2712 frustratur
1071 2673 1083 2710 :
1125 2671 1188 2712 ac
1221 2669 1406 2726 poetea
1465 2669 1560 2726 per
1611 2654 1827 2710 Pritan-

190 2753 350 2806 .uinm
404 2752 745 2824 episcopum
794 2751 1054 2808 defensus
1107 2752 1297 2807 illusit.
1351 2752 1468 2807 .latn
1501 2763 1610 2806 tum
1643 2765 1829 2807 rumor

211 2850 537 2914 incesserat,
595 2847 938 2902 Clementem
989 2847 1277 2902 Maximum
1335 2848 1473 2901 intra
1521 2845 1826 2902 Britannias

208 2942 512 3008 sumpsisse
539 2937 858 3004 imperium,
884 2953 946 2992 ac
972 2937 1121 2993 brevi
1159 2935 1213 2991 in
1254 2935 1458 2994 Gallias
1479 2945 1822 3006 erupturum.

213 3031 286 3085 lia
322 3041 428 3085 tum
463 3031 711 3086 lth.~.cius
733 3031 941 3095 statuit,
974 3031 1098 3087 licet
1132 3032 1294 3087 rebus
1325 3032 1527 3099 dubiis,
1580 3031 1702 3086 novi
1728 3033 1828 3085 im-

213 3127 480 3193 peratoris
501 3124 808 3180 adventum
841 3136 1160 3194 eaSpectare
1203 3141 1216 3177 :
1271 3125 1484 3180 interim
1538 3125 1643 3181 sibi
1695 3125 1825 3179 nihil

209 3205 548 3283 agitandum.
583 3216 753 3287 Igitur
775 3216 863 3270 ubi
897 3215 1158 3271 Maximus
1183 3215 1439 3285 oppidum
1465 3216 1824 3271 Treverorum

1929 2013 2029 2049 nec
2079 1993 2405 2049 diffitentem
2455 1993 2735 2048 obscaenis
2787 2009 2847 2047 se
2897 1992 3176 2048 studuisse
3228 1992 3535 2060 doctrinis,

1929 2087 2230 2145 nocturnos
2259 2089 2423 2142 etiam
2457 2089 2695 2156 turpium
2731 2085 3059 2142 feminarum
3093 2088 3271 2157 egisse
3301 2101 3542 2141 conven-

1931 2195 2016 2238 tus
2042 2224 2057 2249 ,
2111 2184 2428 2251 nudumque
2473 2197 2633 2237 orare
2665 2181 2885 2236 solitum
2912 2223 2927 2249 ,
2959 2192 3251 2237 nocentem
3297 2196 3542 2251 pronun-

1931 2277 2079 2333 tiavit
2100 2321 2113 2344 ,
2146 2278 2464 2348 redegitque
2487 2279 2537 2330 in
2562 2274 2865 2331 cuswdiam
2888 2317 2901 2340 ,
2928 2276 3103 2330 donec
3132 2274 3198 2328 ad
3234 2275 3533 2344 principem

1929 2374 2180 2429 referret.
2221 2371 2402 2428 Gestis
2431 2371 2497 2424 ad
2549 2370 2810 2440 palatium
2844 2369 3073 2433 delatis,
3106 2369 3324 2423 censuit
3364 2369 3537 2436 impe-

1929 2479 2078 2524 rator
2124 2467 2526 2523 Priscillianum
2573 2465 2863 2535 SOCiOsqtte
2903 2465 3022 2534 ejus
3052 2464 3248 2534 capitis
3279 2461 3535 2517 damnari

1929 2571 2208 2632 Oportcre.

1999 2655 2087 2711 LI.
2140 2653 2410 2709 Caeterum
2460 2651 2699 2707 Ithacius
2750 2651 2941 2708 videns
2989 2666 3152 2723 quam
3205 2649 3533 2706 invidiosum

1929 2750 2031 2804 Slbl
2056 2749 2198 2819 apud
2226 2749 2518 2818 episcopos
2541 2746 2713 2812 foret,
2743 2746 2785 2800 si
2815 2757 3108 2801 accusator
3131 2747 3294 2801 etiam
3324 2753 3538 2816 postre-

1931 2842 2035 2899 mis
2064 2857 2246 2898 rerum
2279 2840 2596 2911 capitalium
2626 2840 2850 2909 jndiciis
2876 2840 3145 2896 astitisset
3172 2839 3401 2911 (etenim
3432 2839 3536 2895 ite-

1933 2936 2320 3006 rarijudicium
2353 2949 2581 2990 necesse
2610 2934 2787 3006 erat),
2819 2934 3090 2989 subtrahit
3113 2949 3174 2990 se
3196 2935 3532 3004 cognitioni:

1933 3031 2174 3096 frustra,
2205 3030 2404 3085 callido
2443 3030 2553 3099 jani
2587 3031 2798 3086 scelere
2843 3030 3109 3099 perfecw.
3158 3030 3228 3084 At
3279 3039 3386 3085 tum
3437 3045 3536 3102 per

1932 3123 2223 3179 Maximum
2275 3132 2559 3177 accusator
2603 3122 2896 3193 apponitur
2940 3122 3214 3177 Patricius
3261 3123 3528 3192 quidam,

1935 3213 2050 3268 fisci
2084 3223 2341 3284 patronus
2368 3232 2381 3268 :
2419 3216 2490 3269 ita
2520 3230 2585 3268 eo
2617 3215 2905 3270 insistente
2933 3213 3311 3269 Priscillianus
3334 3215 3531 3284 capitis

216 3316 383 3369 vietor
413 3315 708 3382 ingressus
730 3320 813 3364 est
836 3345 851 3376 ,
885 3311 1079 3380 ingerit
1102 3325 1290 3379 preces
1319 3310 1502 3380 plenas
1532 3310 1584 3364 in
1612 3308 1828 3364 Priscil-
1855 3310 1899 3368 C
1935 3309 2228 3364 damnatus
2273 3319 2356 3362 est
2383 3349 2396 3374 ,
2437 3323 2652 3375 unaque
2681 3323 2804 3362 cum
2835 3324 2902 3362 eo
2935 3305 3312 3363 FelicisSimus
3340 3317 3396 3362 ct
3426 3313 3529 3361 Ar-

217 3408 410 3462 Iiauum
439 3421 508 3461 ac
539 3403 728 3460 socios
756 3405 876 3474 ejus
909 3403 1121 3458 iuvide
1153 3413 1314 3474 atque
1343 3405 1656 3460 criminum.
1693 3404 1824 3472 Qui-

214 3501 310 3556 bus
338 3510 626 3572 permotus
659 3499 974 3567 imperator,
1007 3497 1145 3552 datis
1177 3497 1244 3552 ad
1277 3496 1591 3569 praefectum
1619 3497 1822 3554 Gallia-

219 3611 329 3648 rum
361 3603 528 3664 atque
559 3592 628 3647 ad
663 3591 925 3662 vicarium
960 3591 1334 3660 lliSpauiarum
1370 3591 1596 3654 litteris,
1631 3606 1824 3646 ttlllIIeS

217 3691 440 3744 omnino
469 3705 614 3760 quos
655 3686 809 3743 labes
841 3685 929 3740 illa
963 3685 1289 3752 involverat,
1324 3685 1518 3741 deduci
1549 3686 1615 3739 ad
1657 3701 1828 3757 syno-

219 3782 341 3836 dum
376 3781 850 3852 Burdegaleusem
874 3777 1050 3848 jubet.
1085 3775 1160 3832 Ita
1193 3778 1405 3832 deducti
1447 3778 1742 3833 Instantius
1771 3789 1827 3833 et

223 3876 622 3932 Priscillianus:
651 3889 884 3944 quorum
912 3873 1206 3928 Instantius
1232 3875 1380 3944 prior
1397 3874 1582 3942 jussus
1602 3888 1824 3929 causam

221 3967 441 4034 dicere,
489 3976 784 4038 postquam
832 3981 891 4022 se
936 3982 1122 4037 parum
1168 3967 1536 4037 cxpurgahat,
1567 3966 1826 4036 indignus

223 4079 338 4117 esse
363 4061 688 4133 episcOpatu
723 4062 1099 4132 pronuntiatus
1129 4071 1230 4115 est.
1267 4060 1638 4116 Priscillianus
1667 4075 1821 4128 vero,

225 4169 286 4207 ne
313 4155 384 4210 ab
411 4155 692 4225 episcopis
722 4155 1021 4217 audiretur.
1052 4154 1116 4208 ad
1147 4154 1444 4224 principem
1476 4154 1825 4221 provocavit;

226 4248 664 4316 permissumque
712 4243 763 4301 id
805 4257 1113 4302 nostrorqu
1159 4245 1551 4308 incunstantia,
1600 4244 1691 4316 qui
1735 4252 1830 4299 aut

224 4343 548 4398 sententiam
596 4343 650 4396 in
685 4339 1048 4411 refragantem
1082 4338 1225 4395 ferre
1255 4339 1595 4402 debuerant,
1645 4347 1739 4391 aut
1783 4338 1828 4392 si

227 4436 323 4504 ipsi
357 4436 605 4506 suspecti
641 4433 1013 4501 habebantur,
1041 4433 1165 4488 aliis
1191 4431 1466 4504 episcopis
1492 4415 1828 4486 audientiam

226 4543 535 4594 reservare,
570 4542 677 4583 n0n
710 4542 928 4582 causam
962 4525 1277 4596 imperatori
1303 4525 1370 4581 de
1394 4537 1499 4579 tam
1529 4524 1829 4581 manifestis

223 4621 545 4676 criminibus
579 4621 920 4690 permittere.
954 4619 1032 4675 Ita
1066 4635 1258 4675 omnes
1288 4635 1426 4691 quos
1455 4635 1616 4675 causa
1657 4615 1830 4674 invol-

225 4725 408 4781 verat,
440 4714 509 4769 ad
539 4729 724 4786 regem
757 4711 996 4768 deducti.

293 4807 356 4863 L.
390 4807 580 4864 Secuti
628 4807 795 4864 etiam
841 4816 1192 4863 accusatores
1233 4806 1444 4862 ldaclus
1491 4814 1550 4863 et
1596 4808 1832 4864 Ithacius

226 4903 466 4973 episcopi
494 4919 507 4958 :
540 4918 775 4972 quorum
804 4901 1044 4958 studium
1076 4903 1127 4957 ln
1160 4902 1535 4975 expugnandis
1561 4903 1835 4959 haereticis

229 5011 334 5051 nou
385 4994 885 5064 reprehenderem,
935 4996 980 5052 sl
1027 5008 1136 5051 non
1187 4995 1370 5051 studio
1414 4995 1665 5052 vincendi
1713 4997 1834 5068 plus

227 5103 386 5156 quam
417 5088 664 5159 oportuit
711 5089 1042 5144 certassent.
1102 5093 1179 5143 Ac
1213 5101 1331 5144 mea
1361 5089 1581 5160 quidem
1610 5098 1837 5145 senten-

227 5181 299 5235 tia
326 5191 446 5246 est,
478 5181 613 5236 mihi
645 5181 754 5236 tam
787 5195 914 5236 reos
943 5193 1105 5252 quam
1133 5181 1478 5237 accusatores
1513 5182 1830 5252 displicere.

226 5271 392 5330 Certe
441 5273 710 5329 lthacium
762 5273 892 5329 nihil
938 5275 1123 5344 pensi,
1171 5274 1302 5329 nihil
1355 5275 1528 5330 sancti
1577 5276 1832 5332 habuisse

227 5366 469 5424 definio:
500 5367 606 5424 fuit
636 5370 782 5426 enim
811 5368 989 5424 audax
1015 5412 1029 5436 ,
1061 5371 1281 5440 loquax,
1305 5370 1595 5440 impudens
1615 5412 1628 5436 ,
1651 5386 1837 5441 sump-

233 5467 456 5527 tuosus,
508 5460 694 5515 ventri
734 5469 790 5514 et
829 5461 972 5531 gulae
1005 5461 1302 5532 plurimum
1351 5463 1686 5533 impertiens.
1739 5462 1834 5518 Hic

231 5552 478 5608 stultitia:
524 5568 593 5609 eo
648 5568 822 5624 usque
877 5559 1260 5623 processerat,
1313 5565 1372 5610 ut
1417 5569 1609 5611 omnes
1665 5557 1830 5610 etiam

233 5657 448 5702 sanctos
479 5649 668 5713 viros,
700 5645 897 5717 quibus
922 5659 1016 5703 aut
1058 5648 1298 5704 studium
1330 5650 1506 5704 iuerat
1538 5649 1787 5703 lectionis
1811 5690 1826 5715 ,

235 5751 326 5793 aut
352 5742 695 5812 propositum
723 5751 840 5797 erat
871 5751 1080 5798 certare
1104 5743 1363 5814 jejuniis,
1398 5755 1672 5813 tamquam
1714 5742 1831 5798 Prf-

235 5833 462 5892 scilliaui
491 5837 675 5892 socios
701 5846 796 5892 aut
822 5835 1148 5910 discipulos;
1173 5839 1226 5895 in
1257 5839 1470 5895 crimen
1495 5850 1826 5896 arcesseret.

236 5927 410 5988 Ausus
445 5931 614 5990 etiam
651 5932 822 5993 miser
852 5941 936 5993 eat
974 5949 1036 5992 ea
1075 5941 1398 6008 tempestate
1429 5933 1660 5991 Martino
1712 5936 1829 6007 epio

1933 3406 2178 3470 menius,
2211 3401 2302 3473 qui
2334 3419 2506 3472 nuper
2537 3422 2564 3456 a
2599 3403 2884 3458 catholicis
2905 3443 2920 3470 ,
2949 3418 3072 3456 cum
3103 3413 3291 3457 essent
3316 3401 3523 3469 clerici,

1935 3497 2334 3553 l'riscillianurn
2369 3499 2541 3552 secuti
2592 3498 2958 3553 desciverant.
2993 3497 3358 3552 Latronianus
3390 3512 3527 3567 quo-

1919 3609 2038 3662 ..que
2068 3603 2125 3647 et
2153 3590 2448 3648 Eucltrotia
2483 3591 2664 3662 gladio
2709 3592 2996 3662 perempti.
3037 3591 3331 3646 Instantius
3362 3608 3523 3660 quem

1930 3685 2186 3754 superius
2226 3684 2294 3737 ah
2325 3684 2596 3753 episcOpis
2625 3683 2943 3738 damnatum
2977 3684 3215 3738 diximus
3241 3727 3256 3751 ,
3294 3684 3344 3737 in
3379 3681 3528 3754 Syli-

1934 3793 2059 3832 nam
2094 3778 2321 3831 insulam
2347 3819 2360 3843 ,
2394 3793 2514 3848 qua:
2547 3778 2683 3830 ultra
2715 3777 3026 3832 Britannias
3053 3779 3155 3830 sita
3190 3783 3304 3842 est,
3333 3777 3534 3847 depor-

1933 3881 2098 3927 tatus.
2133 3871 2268 3926 Itunt
2301 3871 2500 3926 deinde
2542 3873 2592 3924 iu
2620 3873 2863 3941 reliquos
2891 3871 3247 3941 sequentibus
3268 3869 3486 3940 judiciis
3513 3909 3528 3935 ,

1931 3966 2289 4038 damnatique
2327 3967 2592 4022 Asarinus
2632 3975 2687 4021 et
2718 3968 2971 4022 Aurelius
3015 3967 3282 4036 diaconus
3325 3964 3527 4034 gladio.

1932 4060 2284 4124 Tiberianus,
2337 4058 2607 4127 ademptis
2659 4060 2848 4122 bouis,
2899 4061 2951 4114 in
2995 4059 3238 4132 Sylinam
3287 4059 3527 4112 insulam

1932 4154 2108 4207 datus.
2163 4152 2472 4218 Tertullus,
2522 4153 2798 4207 Potamius
2841 4163 2894 4207 et
2941 4153 3200 4219 Joannes,
3248 4164 3523 4223 tamquam

1932 4245 2154 4300 viliores
2202 4261 2449 4314 personae
2495 4257 2548 4300 et
2596 4245 2744 4313 digni
2793 4245 3198 4312 misericordia,
3235 4245 3355 4314 quia
3402 4253 3529 4301 ante

1933 4337 2292 4406 quaestionem
2331 4353 2392 4391 se
2434 4352 2499 4391 ac
2530 4339 2712 4390 socios
2755 4335 3158 4407 prodidissent,
3197 4339 3531 4404 temporario

1933 4417 2130 4484 exsilio
2163 4417 2305 4483 intra
2334 4427 2544 4484 Gallias
2572 4430 2820 4500 relegati.
2855 4429 2967 4484 Iloc
2999 4430 3108 4485 fere
3147 4430 3308 4485 modo
3352 4429 3529 4484 ltotni-

1934 4539 2030 4579 nes
2059 4524 2184 4580 luce
2216 4525 2609 4596 indignissimi,
2644 4527 2882 4595 pessimo
2913 4527 3165 4596 exemplo
3189 4568 3202 4590 ,
3233 4526 3410 4581 necati
3439 4538 3533 4583 aut

1934 4621 2144 4675 exsiliis
2201 4621 2443 4677 mulctali
2495 4639 2507 4674 :
2559 4621 2703 4692 quod
2736 4621 2894 4676 initio
2936 4621 3062 4692 jure
3105 4622 3431 4692 judiciorutu
3478 4633 3534 4679 ct

1854 4714 1910 4775 D
1935 4719 2156 4786 egregio
2187 4716 2407 4787 publico
2432 4716 2756 4784 defensum,
2782 4726 2971 4788 postea
2998 4717 3233 4774 Ithacius
3259 4719 3311 4773 in
3335 4719 3532 4792 jurgiis

1937 4812 2130 4866 Solitus'
2159 4854 2173 4880 ,
2222 4811 2288 4866 ad
2322 4814 2656 4880 pOStremum
2689 4813 3006 4882 convictus,
3041 4813 3092 4869 in
3125 4829 3220 4868 eos
3253 4811 3540 4885 retorque-

1937 4905 2024 4962 bal
2047 4951 2059 4974 ,
2095 4923 2324 4979 quorum
2352 4908 2404 4963 id
2433 4907 2687 4964 innodato
2710 4920 2762 4964 et
2788 4908 3036 4964 consiliis
3059 4905 3348 4977 effecerat,
3379 4910 3530 4968 solus

1938 5009 2120 5057 tatnen
2157 4999 2399 5055 oniniuut
2435 5001 2752 5072 episcopatu
2794 4997 3087 5056 detrusus:
3124 5002 3246 5057 nam
3284 5002 3529 5070 Idacius,

1937 5092 2068 5147 licet
2106 5079 2285 5147 minus
2337 5099 2574 5161 not-ens,
2628 5105 2827 5165 sponte
2859 5111 2917 5148 se
2947 5093 3264 5164 eplscopatu
3311 5095 3536 5150 abdica-

1941 5183 2090 5239 verat
2119 5202 2132 5238 :
2176 5187 2451 5253 sapienter
2481 5187 2530 5240 id
2563 5196 2617 5240 et
2646 5187 2985 5255 verecunde,
3020 5188 3121 5242 nisi
3153 5197 3337 5259 pilsfea
3369 5189 3537 5243 amis-

1935 5291 2054 5332 Sum
2086 5279 2260 5333 locum
2291 5278 2541 5347 repetere
2572 5288 2858 5334 tentassa.
2886 5281 3160 5336 Ca‘termn
3192 5282 3534 5337 l'riscilliano

1937 5372 2118 5427 occiso
2168 5387 2272 5426 non
2307 5373 2483 5426 solum
2536 5388 2642 5426 non
2694 5377 2939 5444 repressa
2975 5385 3056 5430 est
3105 5375 3355 5439 liﬂ‘f’t‘SlS,
3406 5390 3530 5443 qure

1932 5465 2028 5520 illo
2057 5473 2278 5520 auctore-
2307 5475 2632 5535 prorttperat
2657 5506 2670 5532 ,
2704 5465 2799 5521 sed
2831 5467 3144 5521 confirmata
3166 5511 3178 5530 ,
3215 5466 3378 5521 latius
3409 5481 3531 5535 pro-

1939 5565 2129 5630 pagata
2157 5567 2279 5614 est:
2315 5573 2549 5631 namque
2580 5567 2889 5615 sectatores
2917 5561 3065 5630 ejus,
3095 5562 3182 5632 qui
3213 5575 3334 5612 Cllm
3386 5559 3534 5627 prius

1937 5660 1998 5708 ut
2016 5661 2264 5708 sanctum
2291 5649 2717 5718 Itonoraveran',
2745 5665 2929 5724 postea
2957 5664 3012 5708 ut
3035 5651 3323 5722 litat-tyretit
3349 5654 3535 5709 colere

1939 5753 2241 5818 Coeperunt.
2292 5745 2707 5817 Peremptoruiu
2741 5751 2974 5816 corpora
3005 5745 3070 5799 ad
3118 5743 3407 5812 iiISpnuias
3447 5751 3534 5802 re”;

1939 5841 2046 5898 lata
2081 5886 2094 5908 ,
2128 5843 2450 5914 magnisnu'e
2482 5841 2760 5910 ob‘s'equiis'
2799 5841 3071 5896 celebrata
3102 5853 3288 5894 eorum
3325 5839 3535 5899 funera.

1945 5937 2088 6008 Quin
2114 5947 2171 5997 et
2212 5938 2402 6010 jurare
2429 5954 2525 6010 per
2554 5935 2960 5995 Priscillianqu
2987 5949 3197 5993 summa
3226 5936 3421 6011 religio
3451 5957 3548 6013 pu—
