4106 6344
554 341 663 402 159

1912 337 2207 399 SULPICII
2245 337 2331 398 SE
2341 339 2505 397 VEB!

3773 342 3877 401 160

555 460 795 519 tabatur.
828 461 909 521 Ac
955 462 1104 520 inter
1143 472 1369 519 nostros
1399 470 1723 533 perpetuum
1755 457 2160 516 discordiarum
2190 465 2240 525 Α
2268 459 2505 525 invidia,
2560 458 2830 525 factione,
2876 458 3107 516 libidine
3134 504 3149 527 ,
3202 459 3469 529 avaritia,
3514 460 3834 531 arrogantia
3861 503 3877 529 ,

561 554 764 611 bellum
811 564 1126 619 exarserat.
1169 553 1316 627 quod
1353 554 1463 623 jam
1496 569 1590 626 per
1628 552 1941 625 quindecim
1986 567 2160 609 annos

554 646 719 706 foedis
763 647 1213 705 dissensionibus
1259 647 1558 719 agitatum,
1602 647 1752 702 nullo
1782 646 1944 703 modo
1990 647 2161 716 sepiri

565 751 805 812 poterat.
838 742 906 797 Et
932 756 1075 797 nunc
1095 783 1110 808 ,
1139 756 1262 797 cum
1296 742 1534 796 maxime
1561 740 1854 796 discordiis
1879 742 2165 812 episcopo-

560 849 681 890 rum
726 816 940 890 turbari
970 842 1066 888 aut
1096 834 1315 890 misceri
1360 834 1541 889 omnia
1574 843 1963 898 cernerentur,
1993 849 2163 890 cunc-

559 937 724 1001 taque
764 944 862 1001 per
900 944 996 987 eos
1025 930 1154 987 odio
1180 938 1276 985 aut
1306 928 1477 1001 gratia
1500 969 1516 992 ,
1549 938 1730 999 metu,
1765 928 2161 995 inconstantia,

571 1074 2227 1106 —-————-—-&——-——-——————-————-

2268 568 2497 617 somno,
2528 551 2741 609 desidia
2772 562 2962 609 essent
2990 553 3291 624 depravata
3322 573 3336 608 :
3381 562 3666 628 postremo
3694 554 3881 625 plures

2268 644 2558 701 adversum
2592 660 2799 715 paucos
2825 645 2967 702 bene
2992 646 3369 713 consulentes,
3397 647 3609 703 insanis
3633 646 3881 705 consiliis

2269 748 2326 794 et
2356 737 2733 809 pertinacibus
2776 737 2969 795 studiis
3010 739 3299 795 certabant
3341 757 3355 793 :
3403 739 3549 795 inter
3576 741 3695 794 bare
3727 738 3880 808 plebs

2273 832 2371 887 Dei
2400 839 2458 887 et
2481 832 2717 902 Optimus
2744 830 2976 903 quisque
3004 832 3205 903 probro
3236 840 3402 904 atque
3430 830 3679 889 ludibrio
3714 830 3880 887 habe—

2272 926 2453 983 batur.

1444 1278 2225 1395 SULPIGII
2300 1278 2993 1395 SEVERI

966 1490 1240 1635 DE
1336 1489 1810 1637 VlTA
1910 1483 2505 1631 BEATI
2598 1488 3459 1636 MARTIN]

1857 1730 2189 1804 LIBER
2274 1730 2575 1814 UNUS.

1063 2064 1667 2154 AUCTORIS
1742 2071 1904 2154 AD
1979 2069 2733 2157 DESIDERIUM
2808 2069 3377 2156 EPISTOLA

1621 2234 1724 2297 DE
1770 2235 2014 2300 LIBRO
2058 2236 2276 2301 VIT/E
2320 2238 2391 2300 B.
2438 2236 2805 2300 MARTINI.

730 2566 985 2621 Ssvsnus
1024 2563 1316 2619 DBSIDEBIO
1354 2562 1683 2618 eharissimo
1721 2561 1982 2618 salutem.

629 2658 744 2729 Ego
773 2658 991 2728 quidem
1016 2698 1030 2721 ,
1065 2653 1239 2712 frater
1271 2656 1544 2713 unanimis
1567 2700 1582 2723 ,
1613 2656 1863 2712 libellum
1896 2672 2060 2728 quem
2098 2656 2167 2713 de

555 2753 666 2807 vita
696 2752 871 2806 sancti
896 2750 1109 2806 Martini
1141 2751 1499 2823 scripseram,
1531 2751 1732 2808 scbeda
1762 2767 1859 2808 sua
1894 2766 2166 2822 premere,

565 2854 622 2899 et
654 2844 797 2899 intra
830 2842 1163 2899 domesticos
1187 2844 1429 2916 parietes
1471 2845 1735 2901 cohibere
1762 2844 2124 2900 decreveram
2151 2862 2167 2912 ;

559 2936 685 3009 quia
711 2980 724 3005 ,
760 2948 816 2992 ut
844 2953 963 2991 sum
1003 2947 1195 2993 natura
1228 2939 1478 2993 inﬁrmus
1501 2982 1515 3005 ,
1552 2939 1758 3010 judicia
1806 2939 2044 2993 humana
2087 2939 2168 2993 vi-

563 3031 774 3097 tabam,
836 3046 903 3085 ne
950 3029 1133 3102 (quod
1186 3031 1302 3087 fore
1346 3030 1623 3104 arbitror)
1680 3048 1863 3089 sermo
1916 3034 2171 3088 incultiur

563 3128 871 3200 legentibus
919 3127 1277 3200 displiceret,
1334 3132 1688 3202 omniumque
1735 3130 2171 3202 reprehensione

566 3223 922 3293 dignissimus
948 3222 1251 3295 judicarer,
1286 3225 1373 3294 qui
1408 3226 1692 3280 materiam
1722 3225 1941 3281 disertis
1973 3224 2171 3279 merito

564 3316 928 3387 script0ribus
984 3315 1375 3372 reservandam
1430 3318 1720 3387 impudens
1770 3331 2167 3385 occupassent:

564 3411 660 3467 sed
691 3413 892 3483 petenti
920 3412 1013 3466 tibi
1041 3414 1243 3483 smpius
1273 3428 1473 3485 negare
1508 3429 1614 3469 non
1649 3415 1821 3484 potui.
1855 3412 1995 3481 Quid
2024 3415 2169 3467 enim

562 3514 742 3572 esset,
774 3505 917 3577 quod
948 3520 1059 3560 non
1087 3506 1261 3561 amori
1296 3516 1391 3562 tuo
1420 3508 1505 3562 vel
1536 3524 1658 3563 cum
1690 3508 2023 3563 detrimento
2064 3507 2172 3562 mei

565 3597 789 3669 pudoris
836 3598 1252 3669 impenderem?
1296 3599 1679 3658 Verumtamen
1723 3616 1785 3657 ea
1832 3600 1927 3655 tibi
1975 3599 2170 3654 fiducia

564 3691 811 3747 libellum
840 3694 1022 3761 edidi,
1055 3709 1160 3765 qua
1193 3695 1329 3752 nulli
1356 3711 1386 3750 a
1417 3708 1469 3752 te
1496 3696 1835 3768 prodendum
1864 3710 2011 3761 reor;
2044 3698 2169 3764 quia

562 3785 615 3840 id
639 3786 1003 3858 spopondisti.
1029 3786 1138 3843 Sed
1164 3803 1378 3856 vereor,
1402 3806 1471 3845 ne
1496 3801 1550 3845 tu
1574 3791 1623 3846 ei
1645 3791 1809 3860 janua
1838 3790 1909 3845 sis
1934 3789 2169 3855 futurus,

563 3887 620 3933 et
649 3879 883 3935 emissus
912 3880 1082 3936 semel
1124 3897 1231 3937 non
1263 3894 1428 3954 queat
1460 3887 1703 3937 revocari
1733 3898 1747 3947 ;
1781 3881 1925 3953 quod
1954 3881 1999 3935 si
2028 3880 2172 3934 acci-

563 3971 753 4039 derit,
781 3980 839 4027 et
865 3972 933 4028 ab
963 3973 1235 4045 aliquibus
1264 3992 1386 4030 eum
1423 3975 1528 4047 legi
1558 3974 1791 4039 videris,
1826 3973 1964 4029 bona
1997 3973 2049 4026 id
2081 3988 2172 4028 ve-

564 4064 652 4121 nia
682 4080 712 4120 a
746 4064 1044 4123 lectoribus
1074 4068 1402 4140 postulabis,
1426 4079 1484 4125 ut
1510 4084 1595 4126 res
1618 4067 1798 4141 petius
1818 4082 1982 4140 quam
2007 4068 2171 4124 verba

2200 2568 2247 2628 Β
2277 2566 2615 2638 perpendant
2641 2610 2655 2634 ,
2690 2574 2745 2621 et
2772 2580 2932 2635 aequo
2960 2565 3146 2619 animo
3176 2562 3386 2632 ferant,
3424 2564 3468 2620 si
3500 2578 3665 2621 aures
3695 2579 3887 2624 eorum

2276 2662 2508 2716 vitiosus
2553 2658 2801 2715 forsitam
2853 2673 3036 2715 sermo
3086 2656 3431 2728 perculerit:
3476 2658 3605 2728 quia
3657 2673 3888 2729 regnum

2279 2754 2373 2809 Dei
2404 2769 2511 2809 non
2546 2755 2597 2809 in
2627 2753 2958 2823 elaquentia,
3003 2750 3099 2808 sed
3133 2754 3185 2807 in
3216 2751 3320 2807 fide
3349 2761 3592 2807 conSIat.
3626 2752 3891 2811 Memine-

2274 2849 2385 2903 rint
2415 2848 2580 2903 etiam
2604 2890 2619 2913 ,
2652 2848 2883 2903 salutem
2924 2847 3126 2903 saculo
3169 2862 3275 2901 non
3308 2844 3378 2900 ab
3406 2844 3763 2913 oratoribus,
3794 2848 3889 2904 sed

2274 2958 2304 2997 a
2356 2942 2721 3012 piscatoribus
2764 2939 3155 3011 praedicatam;
3204 2952 3329 2995 cum
3375 2939 3605 3010 utique,
3661 2942 3707 2995 si
3757 2941 3893 2997 utile

2275 3036 2501 3102 fuisset,
2535 3036 2587 3091 id
2619 3051 2835 3109 quoque
2866 3034 3128 3090 Dominus
3159 3046 3423 3105 praestare
3450 3035 3747 3105 potuisset.
3780 3036 3892 3110 Ego

2277 3132 2419 3187 enim
2463 3146 2585 3186 cum
2632 3129 2865 3201 primum
2900 3129 3141 3184 animum
3172 3128 3239 3183 ad
3270 3128 3626 3184 scribemlum
3659 3132 3844 3202 appuli
3874 3174 3891 3198 ,

2274 3225 2400 3295 quia
2446 3222 2599 3278 nefas
2639 3233 2888 3293 putarem
2926 3223 3059 3277 tanti
3096 3222 3198 3276 viri
3232 3222 3408 3277 latere
3440 3223 3675 3279 virtutes
3700 3264 3717 3291 ,
3748 3224 3894 3294 apud

2276 3334 2363 3373 me
2393 3318 2511 3389 ipse
2539 3316 2717 3371 decidi
2742 3326 2802 3370 ut
2822 3315 3153 3372 solmcismis
3177 3330 3283 3371 non
3314 3315 3707 3371 erubescerem
3728 3333 3741 3370 :
3766 3318 3893 3388 quia

2274 3428 2377 3468 nec
2406 3426 2653 3483 magnam
2683 3410 2909 3465 istarum
2942 3426 3196 3481 umquam
3222 3424 3407 3464 rerum
3440 3410 3735 3464 scientiam
3759 3425 3891 3467 con-

2277 3506 2561 3575 tigissem;
2608 3514 2702 3571 et,
2739 3503 2948 3576 siquid
2991 3520 3056 3560 ex
3094 3503 3179 3559 his
3224 3502 3423 3558 studiis
3472 3503 3607 3558 olim
3655 3502 3893 3560 fortasse

2275 3600 2536 3655 libassem
2563 3641 2578 3666 ,
2615 3605 2785 3653 totum
2815 3597 2868 3651 id
2902 3596 3264 3653 desuetudine
3294 3595 3430 3651 tanti
3463 3599 3739 3666 temporis
3772 3611 3892 3666 per-

2275 3691 2563 3747 didissem.
2614 3690 2720 3747 Sed
2752 3701 2931 3747 tamen
2956 3733 2972 3759 ,
3007 3706 3074 3745 ne
3116 3706 3215 3744 nos
3244 3699 3463 3744 maneat
3508 3700 3621 3744 tam
3654 3690 3891 3746 molesta

2274 3787 2558 3852 defensio,
2607 3801 2936 3857 suppresso,
2971 3787 3016 3842 si
3058 3786 3151 3841 tibi
3191 3784 3429 3850 videtur,
3466 3784 3695 3840 nomine
3734 3784 3894 3839 libel-

2275 3882 2360 3937 lus
2382 3883 2597 3936 edatur.
2622 3881 2775 3949 Quod
2804 3891 2862 3936 ut
2892 3881 3008 3936 fieri
3032 3881 3233 3945 valeat,
3258 3880 3475 3935 titulum
3506 3878 3675 3934 fronti
3702 3878 3887 3943 erade,

2277 3986 2336 4030 ut
2380 3986 2528 4030 muta
2576 3975 2647 4029 sit
2693 3976 2925 4045 pagina;
2976 3986 3104 4043 aut,
3156 3975 3298 4044 quod
3347 3972 3591 4042 sufficit,
3627 3975 3890 4045 loquatur

2278 4069 2560 4123 materiam
2586 4109 2603 4135 ,
2632 4083 2739 4123 non
2776 4070 3027 4141 loquatur
3056 4076 3358 4124 auctorem.

1760 4406 2189 4493 INCIPIT
2261 4403 2644 4489 LIBER.

628 4783 669 4839 Ι.
714 4783 973 4855 Plerique
1021 4783 1283 4838 mortales
1336 4778 1521 4836 studio
1573 4787 1629 4835 et
1674 4778 1867 4853 gloria:
1915 4779 2162 4836 saeculari
2191 4801 2236 4866 ρ
2271 4782 2590 4855 sopbantem
2614 4786 2638 4841 ἲ
2664 4799 2791 4843 cum
2826 4802 2923 4845 eos
2948 4804 3055 4845 non
3086 4788 3263 4845 solum
3294 4790 3497 4849 imitari
3525 4792 3761 4851 stultitia
3785 4797 3877 4865 sit,

554 4876 793 4933 inaniter
818 4875 993 4931 dediti
1019 4874 1217 4931 exinde
1260 4888 1553 4944 perennem
1574 4914 1591 4941 ,
1618 4883 1677 4927 ut
1710 4871 1971 4944 putabant
1996 4913 2010 4936 ,
2046 4887 2160 4927 me-

560 4969 794 5027 moriam
838 4970 1077 5026 nominis
1107 4971 1190 5025 sui
1218 4968 1619 5039 qua'siverunt,
1650 4966 1697 5023 si
1727 4969 1863 5021 vitas
1889 4966 2158 5021 clarorum

557 5066 806 5122 virorum
840 5064 983 5138 stylo
1013 5064 1402 5119 illustrassent.
1435 5063 1567 5129 Qum
1595 5077 1683 5119 res
1712 5062 1897 5131 utique
1930 5075 2035 5115 non
2070 5077 2163 5130 pc-

556 5173 789 5215 rennem
818 5158 1039 5229 quidem
1063 5198 1080 5224 ,
1110 5157 1203 5213 sed
1247 5156 1641 5229 aliquantulum
1676 5165 1855 5209 tamen
1883 5162 2161 5221 concepta:

552 5252 671 5322 spei
706 5254 941 5309 fructum
973 5252 1233 5308 aiferebat
1262 5269 1274 5307 :
1307 5253 1429 5323 quia
1460 5262 1515 5307 et
1542 5250 1627 5306 sui
1658 5252 2011 5316 memoriam,
2034 5249 2162 5303 licet

554 5343 881 5411 incassum,
932 5345 1337 5415 propagabant;
1394 5352 1447 5399 et
1494 5344 1792 5415 propositis
1842 5357 2160 5413 magnorum

552 5437 804 5493 virorum
855 5438 1123 5507 exemplis
1169 5452 1275 5493 non
1326 5453 1490 5509 parva
1526 5437 1813 5493 aemulatio
1858 5436 2163 5506 legentibus

548 5530 924 5589 excitabatur.
961 5532 1067 5588 Sed
1102 5543 1281 5588 tamen
1312 5532 1444 5588 nihil
1475 5531 1540 5588 ad
1572 5532 1789 5588 beatam
1825 5531 1972 5585 illam
2003 5542 2166 5586 mter-

552 5644 796 5700 namque
822 5631 989 5685 vitam
1018 5628 1134 5685 btee
1162 5644 1349 5685 eorum
1378 5643 1507 5685 cura
1537 5628 1823 5700 pertinuit.
1854 5625 1989 5693 Quid
2017 5627 2164 5681 enim

549 5732 646 5780 aut
687 5723 826 5794 ipsis
864 5739 1123 5781 occasura
1185 5739 1309 5779 cum
1335 5723 1534 5779 smculo
1567 5724 1903 5794 scriptorum
1938 5733 2161 5774 suorum

551 5815 732 5902 gloria
768 5816 1139 5902 profuit'laut
1165 5815 1294 5887 quid
1326 5818 1615 5887 posteritas
1645 5811 2002 5902 emolumenti
2030 5811 2164 5902 tulit

560 5899 793 5973 legendo
825 5900 1113 5969 Hectorem
1144 5915 1505 5978 pugnantem.
1538 5916 1628 5964 aut
1668 5900 1951 5963 “neralem
1987 5899 2163 5967 υιιὲιοιλ

2268 4878 2364 4933 sed
2432 4893 2539 4935 non
2587 4883 2858 4938 acerrime
2912 4884 3074 4939 etiam
3136 4884 3498 4954 impugnare,
3554 4886 3873 4946 dementia:

2269 4974 2472 5044 quippe
2500 4976 2590 5045 qui
2639 4974 2931 5031 humanam
2962 4978 3126 5032 vitam
3156 4978 3515 5047 praesentibus
3549 4990 3762 5037 tantum
3792 4997 3882 5038 ac-

2272 5068 2417 5121 tibus
2445 5069 2783 5126 a-stimantes
2806 5112 2819 5132 ,
2853 5084 2980 5140 spes
3007 5085 3131 5124 suas
3161 5070 3362 5125 fabulis
3388 5113 3403 5135 ,
3437 5074 3653 5129 animas
3696 5075 3881 5147 sepul-

2272 5158 2381 5215 cris
2407 5159 2659 5216 dederint
2688 5181 2701 5214 :
2733 5162 3000 5231 siquidem
3031 5162 3099 5217 ad
3126 5161 3301 5217 solam
3332 5161 3617 5219 hominum
3664 5183 3875 5224 memo-

2274 5253 2408 5307 riam
2458 5269 2517 5310 se
2566 5254 2968 5326 perpetuandos
3016 5256 3408 5323 crediderunt;
3455 5274 3579 5314 cum
3637 5258 3879 5318 heroinis

2267 5344 2502 5401 officium
2531 5348 2639 5407 sit.
2668 5362 2962 5417 perennem
2989 5351 3166 5415 potius
3190 5350 3355 5404 vitam
3380 5366 3543 5419 quam
3576 5368 3876 5422 perennem

2268 5438 2591 5494 memoriam
2623 5454 2869 5509 qua-rere
2896 5479 2911 5504 ,
2956 5454 3061 5494 non
3108 5439 3405 5496 scribendo
3444 5452 3539 5497 aut
3580 5448 3877 5516 pugnando

2268 5533 2351 5586 vel
2391 5530 2825 5601 pbilo<opbando
2849 5573 2863 5598 ,
2892 5530 2987 5586 sed
3020 5534 3110 5602 pie
3131 5574 3145 5599 ,
3175 5548 3367 5590 sancte
3396 5536 3775 5610 religioseque
3798 5540 3877 5595 vi-

2269 5625 2469 5680 vendo.
2502 5623 2605 5692 Qui
2637 5624 2858 5693 quidem
2888 5640 3046 5681 error
3086 5626 3355 5683 humanus
3400 5628 3595 5686 litteris
3643 5634 3874 5690 traditus

2273 5717 2326 5772 in
2355 5724 2560 5771 tantum
2590 5717 2795 5785 valuit,
2821 5729 2877 5774 ut
2902 5721 3101 5777 multos
3132 5723 3292 5791 plane
3320 5725 3548 5780 aemulos
3573 5727 3661 5781 vel
3690 5728 3868 5785 inanis

2272 5807 2674 5879 philosotdiite,
2737 5812 2816 5865 vel
2866 5812 3046 5867 stulta:
3099 5812 3243 5873 illius
3295 5812 3511 5869 virtutis
3575 5817 3870 5877 invenerit:

2276 5888 2425 5955 trude
2465 5897 2702 5957 lecturus
2733 5897 2860 5959 inibi
2890 5912 3071 5971 opera:
3112 5895 3347 5969 pretium
3381 5900 3589 5976 videor,
3626 5904 3673 5964 Il
3704 5906 3867 5965 vitam
