4106 6344
191 333 283 391 ibi

1146 392 1148 394 ν
1227 323 1318 384 DE
1359 324 1517 383 VITA
1559 318 1621 381 Ii.
1663 322 1953 382 MARTINI
1993 321 2200 383 LIBER
2245 321 2446 383 UNUS.

3384 320 3494 382 16‘2

192 442 505 502 sanctissimi
553 441 695 511 viri,
738 442 990 514 exemplo
1022 441 1144 499 aliis
1189 456 1320 497 mox
1350 441 1621 507 futuram,
1654 455 1781 511 pcr-
1809 439 1857 499 Α
1887 439 2010 494 dam
2044 440 2202 496 bonis
2232 439 2493 509 operibus
2535 435 2875 502 baptismatis
2902 436 3254 494 candidatum
3282 454 3296 491 :
3327 440 3493 495 assis-

189 537 448 606 scripsero
475 553 487 592 :
522 552 634 605 quo
667 537 853 607 utique
879 536 948 591 ad
978 550 1167 591 veram
1213 534 1542 604 sapientiam
1573 540 1629 589 et
1672 550 1783 591 caa-

193 632 370 686 lestem
403 629 654 682 militiam
697 628 1049 699 divinamque
1079 629 1336 683 virtutem
1367 627 1618 696 legentes
1649 627 1782 681 inci-

195 725 450 781 tabuntur.
478 721 537 779 In
562 739 675 793 quo
694 724 765 778 ita
791 723 960 779 nOStri
976 739 1193 795 quoque
1215 723 1482 778 rationem
1505 720 1784 779 commodi

193 819 422 875 ducimus
447 860 462 886 ,
497 831 558 873 ut
589 835 700 874 non
734 819 947 874 inanem
977 819 1046 874 ab
1077 818 1395 874 hominibus
1419 817 1737 872 memoriam
1762 857 1782 886 ,

195 912 277 968 sed
319 922 582 968 :elernum
635 928 664 966 a
714 912 830 967 Deo
874 914 1155 983 prannium
1202 922 1623 980 exspectemus:
1657 911 1784 980 quia

193 1005 284 1063 etsi
314 1006 409 1074 ipsi
439 1020 548 1060 non
582 1005 657 1060 ita
688 1005 928 1061 viximus
949 1047 965 1074 ,
993 1016 1051 1060 ut
1078 1003 1203 1060 aliis
1227 1005 1481 1074 exemplo
1509 1019 1631 1058 esse
1657 1018 1785 1072 pos-

194 1098 382 1166 simus;
422 1100 686 1155 dedimus
721 1109 903 1156 tamen
937 1115 1158 1170 operam
1189 1141 1203 1165 ,
1230 1115 1300 1156 ne
1330 1099 1416 1154 bis
1457 1099 1650 1155 lateret
1695 1097 1786 1169 qui

194 1204 322 1251 esset
367 1193 694 1250 imitandus.
749 1194 919 1265 Igitur
961 1194 1018 1251 S.
1067 1193 1278 1249 Martini
1328 1193 1493 1248 vitam
1541 1192 1787 1249 scribere

196 1290 429 1348 exordiar
453 1331 470 1356 ,
502 1299 564 1344 ut
607 1306 670 1345 se
696 1291 781 1345 vel
815 1298 942 1346 ante
972 1288 1345 1360 episcopatum
1371 1289 1453 1343 vel
1485 1289 1535 1343 in
1566 1287 1788 1357 episco-

197 1393 306 1453 patu
332 1381 589 1453 gesserit.
638 1381 905 1449 Quamvis
937 1396 1279 1453 nequaquam
1314 1381 1379 1436 ad
1413 1382 1594 1435 omnia
1641 1379 1787 1437 illius

199 1475 450 1545 potuerim
486 1477 784 1550 pervenire
811 1516 824 1538 ,
856 1475 993 1530 adeo
1031 1489 1094 1530 ea
1123 1475 1178 1529 in
1205 1475 1402 1545 quibus
1430 1474 1545 1544 ipse
1573 1485 1786 1530 tantum

196 1569 282 1625 sibi
304 1569 554 1624 Conscius
584 1568 689 1624 fuit
714 1567 1052 1631 neSriuntur,
1079 1569 1202 1637 quia
1226 1609 1242 1635 ,
1273 1568 1489 1623 laudem
1519 1569 1587 1624 ab
1612 1568 1790 1623 homi-

199 1662 340 1717 nibus
368 1678 472 1716 non
519 1663 819 1734 requirens
844 1704 859 1728 ,
893 1662 1236 1740 quantumin
1279 1661 1400 1731 ipso
1428 1664 1558 1726 fuit,
1592 1677 1790 1718 omnes

200 1755 404 1810 virtutes
445 1771 580 1811 suas
608 1731 805 1812 vlatere
831 1731 1481 1848 voluissetéQuamquam
1522 1757 1686 1812 etiam
1719 1772 1789 1814 ex

1888 541 2005 588 tere.
2029 534 2238 588 scilicet
2265 529 2673 595 laborantibus,
2701 546 2860 600 opem
2887 530 3032 586 ferre
3062 531 3278 587 miseris
3303 573 3316 595 ,
3346 531 3497 588 alere

1886 634 2109 698 egentes
2135 667 2152 693 ,
2182 626 2388 682 vestire
2437 626 2659 682 nudos:
2694 625 2833 682 nihil
2875 626 2981 682 sibi
3021 643 3090 684 ex
3137 627 3350 684 militiae
3395 628 3500 684 sti-

1888 721 2108 791 pendiis
2148 728 2351 789 praeter
2370 702 2762 822 qgotidiari’um
2795 720 2999 776 victum
3034 735 3358 789 reservans,
3385 722 3501 793 jam
3541 731 3672 774 ,ιη-ιιίί
3715 726 3764 766 ἰι-

1889 822 2001 867 tum
2035 813 2321 885 Evangelii
2365 813 2473 868 no‘n
2515 813 2716 870 surdus
2757 813 2979 870 auditor
3003 813 3073 870 de
3101 815 3352 873 crastino
3393 831 3507 874 non

1887 906 2062 977 cogita

2073 907 2162 961 b’a’t

1921 922 1952 960 ο
1993 906 2162 961 itabat

1921 923 2048 1096 Vili.
2080 896 2337 1068 'Q'iiiidam
2367 1000 2549 1073 itaque
2582 1011 2859 1071 tempore,
2892 1018 3016 1058 cum
3040 1002 3153 1074 jam
3183 1003 3324 1062 nihil
3353 1019 3500 1077 pra:-

1890 1095 1978 1151 ter
2005 1111 2154 1150 arma
2184 1105 2242 1152 et
2258 1095 2560 1166 simplicem
2585 1097 2792 1152 militia:
2817 1106 3022 1154 vestem
3049 1097 3299 1166 haberet,
3326 1099 3507 1157 media

1891 1188 2072 1245 hieme
2111 1187 2283 1261 (quae
2330 1190 2490 1245 solito
2532 1192 2780 1261 asperior
2823 1191 3214 1261 inhorruerat,
3263 1194 3403 1251 adeo
3448 1204 3510 1251 ut

1891 1284 2182 1354 plerosque
2211 1282 2295 1338 vis
2324 1284 2530 1354 algoris
2564 1286 2965 1357 exstingueret)
2997 1287 3218 1342 obvium
3251 1287 3418 1344 habet
3449 1288 3506 1346 in

1896 1387 2052 1448 porta
2079 1377 2536 1433 Ambianensium
2560 1380 2799 1434 civitatis
2825 1395 3120 1453 pauperem
3137 1381 3344 1437 nudum
3378 1382 3510 1453 :qui

1890 1487 2015 1528 cum
2050 1480 2450 1541 praetereuntes
2481 1481 2539 1527 ut
2567 1473 2651 1528 sui
2686 1475 3080 1529 misererentur
3132 1483 3337 1542 oraret,
3387 1491 3507 1532 om-

1892 1583 2098 1636 nesque
2131 1568 2392 1623 miserum
2425 1567 3106 1638 prasterirent';x.intellexit
3136 1570 3219 1625 vir
3248 1570 3363 1625 Deo
3391 1571 3504 1642 ple-

1895 1676 2001 1714 nus
2032 1660 2135 1716 sibi
2169 1660 2320 1716 illum
2345 1701 2359 1724 ,
2392 1660 2512 1716 aliis
2553 1662 2989 1718 misericordiam
3038 1678 3146 1718 non
3195 1666 3507 1733 praestanti-

1894 1752 2036 1819 bus,
2091 1754 2385 1809 reservari.
2431 1754 2573 1823 Quid
2625 1764 2808 1811 tamen
2851 1757 3078 1828 ageret?
3123 1756 3256 1812 nihil
3305 1745 3530 1827 praeter

202 1849 273 1904 his
315 1865 429 1920 qua:
473 1862 765 1921 comperta
809 1850 966 1906 nobis
1012 1845 1210 1915 erant,
1258 1851 1413 1920 plura
1460 1845 1868 1920 omisimus'EB
1897 1848 2287 1921 chlamydem,
2318 1865 2421 1920 qua
2452 1850 2674 1906 indutus
2703 1860 2843 1917 erat,
2878 1851 3113 1909 habebat
3157 1871 3170 1906 :
3210 1854 3324 1922 jaut
3352 1855 3504 1912 enim

197 1941 304 2012 quia
329 1941 587 1999 sufficere
637 1943 974 1998 credidimus
1001 1985 1016 2010 ,
1063 1943 1107 1997 si
1154 1952 1362 1998 tantum
1395 1935 1808 2000 excellentia-ra"

202 2046 521 2093 notarentur.
566 2037 750 2094 Simul
778 2047 833 2093 et
873 2037 1180 2108 legentibus
1209 2037 1602 2094 consulendum
1645 2036 1786 2102 fuit,

200 2144 259 2185 ne
283 2130 416 2201 quod
450 2132 534 2186 his
569 2142 795 2200 pareret
824 2130 978 2202 Copia
1006 2140 1263 2201 congesta
1291 2129 1584 2185 fastidium.
1614 2130 1789 2186 Obse-

199 2238 279 2279 cro
300 2234 474 2281 autem
508 2242 616 2281 eos
641 2225 738 2296 qui
767 2226 959 2281 lecturi
985 2234 1110 2280 sunt
1136 2267 1150 2288 ,
1177 2237 1233 2280 ut
1265 2225 1425 2280 fidem
1447 2225 1608 2280 dictis
1632 2224 1789 2279 adhi-

201 2316 382 2382 beant;
415 2334 604 2390 neque
637 2335 728 2375 me
758 2319 1048 2389 quidquam
1081 2319 1182 2374 nisi
1219 2327 1558 2388 compertum
1584 2325 1639 2372 et
1665 2333 1791 2386 pro-

201 2409 362 2467 batum
389 2411 692 2483 scripsisse
718 2413 1060 2467 arbitrentur
1087 2429 1101 2467 :
1128 2411 1370 2482 alioquin
1396 2421 1600 2477 tacere,
1628 2425 1790 2482 quam

203 2504 316 2562 falsa
343 2505 528 2566 dicere
557 2549 574 2572 ,
605 2507 949 2562 maluissem.

265 2577 534 2751 Ἀβίων
581 2599 848 2656 Martinus
892 2599 1116 2656 Sabaria
1158 2600 1563 2656 Pannoniarum
1593 2598 1795 2670 oppido

265 2695 342 2751 iun
385 2712 444 2751 us
487 2696 639 2751 fuit.
685 2696 784 2751 sed
834 2697 970 2751 intra
1023 2696 1227 2751 Italiam
1273 2696 1450 2751 Ticini
1481 2697 1624 2751 altus
1669 2706 1790 2751 est.

203 2695 444 2752 oriundus
487 2696 639 2763 fuit,
685 2696 784 2753 sed
834 2697 970 2751 intra
1023 2696 1227 2752 Italiam
1273 2696 1450 2752 Ticini
1481 2697 1624 2752 altus
1669 2706 1790 2765 est,

206 2793 504 2862 parentibus
531 2791 840 2847 secundum
864 2792 1050 2847 sazculi
1080 2790 1396 2863 dignitatem
1428 2807 1534 2847 non
1567 2792 1791 2857 inﬁmis,

204 2885 477 2956 gentilibus
522 2897 732 2942 tamen.
781 2885 943 2942 Pater
985 2886 1103 2956 ejus
1147 2887 1306 2942 miles
1350 2889 1582 2957 primum
1610 2928 1624 2948 ,
1674 2896 1796 2957 post

205 2980 438 3038 tribunus
464 2983 704 3038 militum
736 2980 854 3036 fuit.
882 2981 1000 3052 Ipse
1022 2990 1285 3036 armatam
1313 2981 1562 3036 militiam
1589 2981 1640 3036 in
1665 2958 1802 3036 adog

207 3071 448 3131 lescentia
469 3085 702 3132 secutus
719 3116 735 3142 ,
762 3075 902 3130 inter
928 3076 1212 3132 scholares
1237 3076 1349 3131 alas
1377 3077 1479 3132 sub
1505 3092 1631 3146 rege
1653 3077 1795 3132 Cou-

204 3169 418 3234 stantio,
452 3168 662 3224 deinde
694 3167 800 3224 sub
826 3153 1045 3225 Juliatio
1085 3168 1303 3225 Ctesare
1348 3170 1635 3225 militavit:
1685 3185 1791 3225 non

1894 1943 2102 2013 reliqua
2138 1945 2190 1997 in
2225 1957 2364 2015 opus
2385 1945 2566 2000 simile
2585 1955 3027 2013 consumpserat.
3062 1947 3302 2018 Arrepto
3324 1950 3504 2018 itaque

1896 2038 2060 2104 ferro,
2085 2052 2194 2108 quo
2216 2039 2492 2094 accinctus
2520 2047 2660 2104 erat,
2687 2042 2924 2097 mediam
2950 2041 3167 2116 dividitj
3187 2053 3508 2116 partemque

1896 2063 2060 2104 Icrt'u,
2085 2063 2194 2108 ψιυ
2216 2063 2492 2094 acutttuus
2520 2063 2660 2104 erat,
2688 2063 2924 2097 lueuwttt
2950 2063 3145 2098 utvulu
3187 2063 3507 2116 partemque

1894 2135 2014 2204 ejus
2046 2136 2272 2206 pauperi
2304 2136 2521 2204 tribuit,
2549 2137 2757 2206 reliqua
2786 2153 2978 2193 rursus
3009 2063 3272 2195 induitur.
3292 2139 3507 2198 Interea

1893 2228 1962 2283 de
2007 2230 2496 2285 circumstantibus
2539 2231 2720 2287 ridere
2764 2233 3036 2296 nonnulli,
3067 2233 3190 2303 quia
3237 2233 3506 2290 deformis

1896 2336 2016 2377 esse
2040 2331 2323 2378 truncatus
2350 2324 2537 2380 habitu
2559 2324 2838 2380 videretur
2864 2343 2876 2378 :
2904 2326 3054 2380 multi
3081 2327 3506 2397 tamen,quibus

1896 2427 2014 2473 erat
2056 2434 2211 2474 mens
2242 2420 2462 2485 sanior,
2495 2419 2660 2474 altius
2687 2436 2932 2490 gemere,
2965 2422 3109 2492 quod
3152 2421 3291 2477 nihil
3322 2422 3508 2479 simile

1895 2510 2184 2578 fecissent;
2213 2529 2335 2568 cum
2365 2514 2551 2584 utique
2578 2516 2698 2585 plus
2731 2513 2999 2591 habean
3025 2556 3039 2579 ,
3069 2518 3272 2572 veStire
3299 2533 3509 2591 paupe-

1898 2523 2184 2578 teetssent;
2213 2529 2335 2568 cum
2365 2523 2551 2584 utique
2578 2523 2698 2585 plus
2731 2523 2906 2570 haben
2974 2529 2999 2569 s
3025 2556 3039 2579 ,
3069 2523 3272 2572 veStire
3299 2533 3502 2591 paupe-

1898 2621 2012 2661 rem
2037 2606 2154 2661 sine
2186 2623 2284 2661 sua
2317 2607 2565 2663 nuditate
2599 2523 3138 2756 potuissent§ﬂocte
3165 2609 3330 2681 igitur
3355 2611 3502 2668 inse-

1898 2709 2042 2756 cuta.
2072 2715 2194 2755 cum
2241 2716 2303 2756 se
2347 2702 2530 2756 sonori
2559 2701 2842 2756 dedisset.
2875 2701 2927 2756 vi
2972 2702 3014 2756 it
3038 2701 3318 2756 Christum
3351 2703 3502 2756 chla-

1898 2709 2042 2766 cuta,
2072 2715 2194 2755 cum
2241 2716 2303 2757 se
2347 2702 2530 2772 sopori
2559 2701 2805 2757 dedisset
2827 2743 2842 2769 ,
2875 2701 3014 2757 vidit
3038 2701 3318 2758 Christum
3351 2703 3511 2759 chla-

1899 2793 2078 2864 mydis
2124 2809 2278 2861 sure,
2329 2810 2435 2865 qua
2486 2809 2780 2866 pauperem
2831 2803 3078 2861 texerat,
3131 2807 3288 2866 parte
3330 2796 3508 2856 vesti-

1899 2895 2032 2940 tum.
2089 2886 2290 2942 Intueri
2341 2887 2759 2955 diligentissime
2808 2888 3149 2968 Dominum“
3184 2899 3538 2962 vestemque.~

1899 2994 2060 3048 quam
2093 2978 2343 3044 dederat,
2386 2978 2610 3049 jubetur
2656 2995 2980 3050 agnoscere.
3028 2979 3145 3036 Mox
3181 2981 3247 3036 ad
3279 2982 3506 3052 angelo-

1899 3088 2017 3127 rum
2085 3072 2560 3128 circumstantium
2628 3074 3031 3129 multitudinem
3097 3073 3248 3130 audit
3315 3073 3502 3132 Jesnm

1901 3163 2047 3218 clara
2078 3179 2214 3220 voce
2239 3164 2514 3221 dicentem
2542 3183 2554 3220 :
2583 3165 2845 3221 Martinus
2867 3165 3047 3220 adhuc
3073 3167 3503 3222 catecbutnenus

206 3268 368 3316 tamen
393 3272 632 3332 Sponte;
660 3261 786 3333 quia
813 3277 842 3315 a
877 3262 1066 3331 primis
1104 3262 1216 3318 fere
1243 3263 1402 3317 annis
1431 3263 1668 3318 divinam
1701 3279 1794 3334 ρο·
1822 3247 1867 3309 C
1903 3257 2003 3313 hac
2034 3273 2120 3312 me
2158 3269 2311 3314 veste
2337 3258 2600 3313 contexit.
2639 3258 2776 3314 Vere
2803 3274 3013 3314 memor
3042 3259 3301 3314 Dominus
3326 3258 3502 3314 dicto-

205 3353 300 3410 tius
325 3357 646 3412 servitutem
672 3371 830 3410 sacra
862 3356 1089 3428 illustris
1113 3357 1265 3427 pueri
1292 3358 1517 3428 spiravit
1545 3357 1791 3412 infantia.

205 3444 323 3502 Nam
349 3463 470 3503 cum
501 3458 652 3504 esset
693 3421 967 3504 annoriim
1012 3449 1238 3516 decem,
1269 3449 1452 3503 invitis
1481 3449 1795 3519 parentibus

205 3539 264 3594 ad
306 3542 598 3598 ecclesiam
647 3543 1141 3612 confugit,_scquc
1185 3543 1638 3599 catechumenum
1678 3541 1795 3598 fieri

208 3614 516 3732 postulaE
539 3636 661 3692 Mox
687 3639 883 3691 mirum
913 3637 966 3691 in
993 3637 1213 3692 modum
1245 3646 1390 3693 totus
1419 3639 1472 3693 in
1505 3638 1598 3694 Dei
1628 3653 1795 3710 opere

203 3745 520 3800 conversus,
560 3748 687 3788 cum
712 3741 856 3788 esset
892 3733 1475 3800 annorum,duodecim
1498 3774 1512 3800 ,
1549 3748 1795 3788 eremum

206 3828 546 3899 concupivit:
592 3826 925 3897 fecissetque
969 3829 1109 3882 votis
1152 3829 1316 3896 satis,
1348 3830 1393 3884 si
1424 3829 1606 3883 aetatis
1647 3827 1798 3882 infir-

206 3919 353 3975 mitas
385 3936 495 3977 non
528 3920 859 3976 obstitisset.
886 3922 1115 3978 Animus
1144 3932 1324 3980 tamen
1374 3931 1468 3978 aut
1495 3923 1641 3979 circa
1676 3937 1796 3978 mo-

205 4018 465 4083 nasteria,
500 4026 597 4071 aut
623 4015 767 4071 circa
802 4017 1091 4072 ecclesiam
1125 4033 1344 4090 semper
1375 4020 1616 4075 intentus
1638 4060 1652 4082 ,
1686 4032 1799 4073 me-

203 4107 678 4185 dilabatur’adhuc
705 4111 757 4165 in
782 4122 940 4167 aetate
965 4112 1160 4182 puerili
1190 4114 1333 4185 quod
1362 4122 1546 4185 postea
1571 4113 1798 4170 devotus

205 4203 613 4280 implevit.jSed
657 4221 782 4261 cum
825 4206 1058 4262 edictum
1087 4218 1236 4264 esset
1266 4224 1297 4263 a
1324 4209 1543 4280 regibus
1567 4249 1582 4275 ,
1615 4217 1672 4264 ut
1702 4225 1798 4264 ve-

209 4307 516 4356 teranorum
573 4300 667 4355 filii
701 4299 767 4356 ad
817 4301 1060 4356 militiam
1092 4302 1500 4367 scriberentur;
1534 4302 1800 4373 prodente

206 4403 385 4461 patre,
434 4394 527 4466 qui
580 4394 839 4450 felicibus
883 4395 1002 4466 ejus
1047 4397 1258 4452 actibus
1307 4397 1618 4464 invidebat,
1671 4412 1798 4452 cum

205 4501 345 4546 esset
375 4504 652 4546 annorum
699 4489 1049 4559 quindecim,
1081 4499 1274 4561 captus
1305 4499 1361 4546 et
1389 4499 1674 4547 catenatus
1710 4503 1801 4544 sa-

205 4584 494 4639 cramentis
539 4581 866 4638 militaribus
912 4582 1222 4653 implicatus
1268 4565 1404 4666 est;
1433 4599 1540 4638 uno
1592 4591 1798 4639 tantum

1902 3367 2020 3406 rum
2056 3366 2276 3405 suorum
2310 3352 2423 3423 (qui
2451 3362 2578 3407 ante
2610 3351 2938 3423 praedixerat
2965 3352 3265 3421 :Quamdiu
3297 3351 3505 3410 fecistis

1903 3443 1994 3497 uni
2024 3459 2090 3499 cx
2124 3444 2347 3499 minime
2396 3445 2554 3513 istis,
2602 3444 2732 3500 mihi
2787 3444 3015 3515 fecistis)
3056 3460 3115 3502 se
3159 3445 3215 3501 in
3260 3461 3504 3519 paupere

1902 3537 2181 3607 pl‘OICS:US
2209 3545 2297 3594 cst
2336 3537 2508 3594 fuisse
2558 3541 2932 3605 vestitum;:et
2961 3540 3030 3595 ad
3062 3541 3504 3599 eonfirinaudum

1905 3638 2013 3685 tam
2047 3630 2175 3686 boni
2222 3632 2409 3702 aperis
2457 3632 2858 3701 testimonium,
2889 3635 2942 3690 in
2973 3635 3164 3691 eodem
3210 3652 3271 3692 se
3317 3636 3505 3693 habitu

1901 3741 2062 3796 quem
2094 3742 2304 3798 pauper
2329 3738 2636 3798 acceperat,
2657 3739 2740 3784 est
2761 3728 3011 3800 dignatus
3035 3730 3350 3789 ostendere.
3384 3731 3505 3799 Quo

1904 3821 2055 3890 viso,
2088 3821 2170 3877 vir
2199 3823 2550 3878 beatissimus
2596 3839 2704 3880 non
2737 3827 2788 3881 in
2817 3826 3048 3898 gloriam
3085 3839 3166 3883 est
3195 3828 3368 3884 elatus
3398 3829 3504 3884 hu-

1902 3931 2144 3984 manam,
2174 3918 2271 3974 sed
2303 3919 2600 3976 bonitatem
2630 3921 2724 3977 Dei
2749 3922 2802 3977 in
2825 3937 2924 3979 suo
2945 3939 3112 3995 opere
3141 3940 3505 3996 cognoscens,

1903 4025 2027 4067 cum
2076 4023 2536 4092 esse_t_aunorum
2586 4015 2999 4090 duodeviginti,
3055 4020 3121 4075 ad
3175 4021 3501 4092 baptismum

1903 4107 2256 4182 convola'vit.]
2279 4107 2391 4165 Nec
2434 4119 2613 4166 tamen
2664 4110 2846 4166 statim
2898 4113 3112 4169 militia:
3146 4115 3502 4182 renuntiavit,

1905 4199 2112 4255 tribuni
2153 4199 2245 4255 sui
2281 4202 2537 4272 precibus
2583 4205 2823 4270 evictus,
2852 4206 2938 4260 cui
2981 4206 3398 4263 contubernium
3428 4209 3507 4263 fa-

1907 4294 2118 4349 miliare
2162 4295 2475 4364 praestabat.
2529 4295 2748 4352 Etenim
2783 4307 3056 4353 transacto
3087 4299 3393 4356 tribunatus
3418 4303 3504 4356 sui
3553 4307 3559 4312 '

1907 4396 2175 4456 tempore,
2201 4389 2633 4445 renuntiaturum
2661 4406 2721 4447 se
2747 4393 2950 4447 sacculo
2978 4394 3356 4462 pollicebatur.
3385 4396 3506 4465 Qua

1907 4483 2173 4539 Martinus
2233 4484 2646 4555 exspectatione
2697 4500 3034 4557 suspensus,
3078 4503 3176 4558 per
3221 4488 3503 4546 biennium

1909 4577 2026 4634 fere
2055 4586 2406 4651 posteaquam
2439 4588 2524 4636 est
2553 4578 2821 4653 baptisma
2851 4591 3201 4652 consecutus,
3231 4583 3350 4639 solo
3382 4583 3511 4641 licet

207 4693 360 4733 servo
391 4678 600 4736 comite
645 4688 939 4735 contentus
962 4720 976 4746 ,
1017 4678 1105 4735 cui
1149 4661 1522 4738 tanten‘versa
1554 4679 1675 4736 vice
1704 4679 1802 4736 do-
1828 4654 1884 4715 D
1910 4673 2162 4741 nomine.
2196 4673 2465 4730 ιηῖιίιθνῖῑο

206 4773 379 4828 minus
426 4773 744 4839 serviebat,
789 4773 926 4828 adeo
971 4784 1029 4829 ut
1072 4773 1388 4847 plerumque
1428 4775 1476 4831 ei
1510 4785 1565 4831 et
1607 4773 1806 4831 calcia-

206 4876 377 4922 menta
430 4866 553 4938 ipse
603 4865 926 4923 detraheret
975 4874 1030 4922 et
1075 4866 1192 4938 ipse
1242 4868 1589 4940 detergeret;
1598 4868 1804 4940 cibum

206 4975 306 5017 una
336 4970 602 5034 caperent
628 5004 642 5027 ,
679 4961 764 5017 hic
793 4970 971 5042 tamen
1003 4965 1203 5034 szepius
1229 4931 1806 5036 ministrareLEricn-

206 5056 348 5110 nium
383 5056 497 5113 fere
524 5068 658 5113 ante
684 5056 1039 5134 baptismabin
1086 5059 1254 5115 armis
1297 5060 1437 5126 fuit,
1472 5061 1682 5131 integer
1727 5069 1810 5114 ta.

208 5163 326 5204 men
376 5152 447 5207 ab
500 5149 569 5205 iis
619 5151 808 5217 vitiis,
861 5129 1056 5224 quibus
1105 5153 1238 5208 illttd
1292 5154 1576 5210 hominum
1631 5169 1803 5226 genus

207 5238 475 5314 implicari
514 5241 680 5298 solet.
711 5244 875 5299 Multa
910 5245 987 5301 illi
1017 5245 1163 5304 circa
1201 5247 1606 5302 commilitones
1653 5246 1806 5301 beni-

206 5338 413 5406 gnitas,
442 5338 584 5394 mira
614 5338 811 5394 caritas
838 5323 1149 5423 ;,patie_ntia
1178 5356 1308 5407 vero
1333 5351 1496 5412 atque
1524 5323 1805 5397 humilitas

209 5429 352 5485 ultra
401 5433 707 5487 humanum
760 5432 1001 5489 modum.
1055 5434 1188 5490 Nam
1232 5434 1597 5508 frugalitatem
1647 5437 1699 5491 in
1738 5451 1805 5492 eo

209 5522 428 5583 laudare
476 5543 588 5582 non
622 5538 708 5583 est
747 5543 1002 5596 neci-sse,
1033 5546 1138 5601 qua
1172 5530 1246 5585 ita
1281 5547 1411 5587 usus
1438 5544 1554 5596 est,
1603 5540 1661 5587 nt
1693 5531 1806 5602 jam

209 5615 301 5672 illo
344 5629 595 5692 tempore
636 5635 742 5676 non
783 5621 978 5692 utiles,
1021 5623 1117 5679 sed
1159 5624 1462 5680 motiachus
1503 5634 1805 5696 putaretur.

210 5712 411 5781 Quibus
442 5716 614 5773 rebus
646 5718 716 5771 ita
760 5718 865 5773 sibi
891 5734 1079 5775 omnes
1120 5720 1526 5776 Commilitoues
1553 5736 1680 5774 suos
1709 5719 1809 5775 de-

212 5810 498 5880 vinxerat,
548 5826 609 5869 ut
652 5829 774 5869 eum
808 5815 949 5870 mito
994 5814 1187 5871 affectu
1236 5823 1656 5872 venerat-entur.
1704 5814 1814 5871 Nec

214 5900 343 5961 dum
388 5917 571 5964 tamen
617 5919 981 5980 regeneratus
1025 5910 1077 5967 in
1105 5909 1361 5979 Christo,
1391 5909 1588 5981 agebat
1624 5925 1815 5980 quent-

1980 4767 2074 4825 ιν.
2113 4769 2326 4826 Interea
2377 4770 2709 4827 irruentibus
2772 4769 2913 4828 intra
2969 4770 3176 4828 Gallias
3223 4773 3507 4844 barbaris,

1909 4860 2164 4918 Julianus
2194 4863 2375 4919 Cmsar
2403 4873 2595 4919 coacto
2628 4863 2679 4919 in
2714 4880 2880 4920 unum
2914 4865 3160 4921 exercitu
3191 4866 3334 4937 apud
3369 4867 3511 4925 Van-

1908 4957 2130 5027 gionum
2171 4957 2474 5025 civitatem,
2507 4957 2824 5015 donativum
2866 4959 3034 5031 cmpit
3061 4976 3293 5034 erogare
3323 4964 3516 5020 militi-

1912 5051 2012 5105 bus
2042 5068 2055 5104 :
2080 5062 2175 5118 et,
2216 5059 2276 5107 ut
2316 5059 2402 5108 est
2444 5053 2888 5120 consuetudinis,
2939 5054 3135 5126 singuli
3182 5056 3511 5126 citabantur,

1909 5144 2086 5202 donec
2126 5144 2192 5200 ad
2239 5145 2527 5202 Martinum
2560 5160 2783 5203 ventum
2816 5160 2920 5205 est.
2954 5148 3089 5206 Tum
3137 5165 3270 5207 vero
3306 5169 3513 5226 oppor-

1912 5247 2102 5293 tunum
2154 5249 2370 5308 tempus
2415 5240 2773 5306 existimans,
2802 5255 2911 5312 quo
2956 5251 3166 5312 peteret
3195 5245 3512 5303 missionem

1913 5333 2113 5407 (neque
2160 5336 2306 5390 enim
2356 5334 2629 5408 integrum
2660 5336 2767 5392 sibi
2797 5339 2911 5394 fore
2938 5338 3311 5397 arbitrabatur
3338 5342 3383 5396 si
3413 5341 3514 5397 do-

1913 5429 2151 5484 nativum
2195 5445 2302 5485 non
2347 5430 2681 5486 militaturus
2707 5431 3003 5505 acciperet)
3051 5451 3065 5490 :
3105 5435 3401 5502 Hactenus,
3432 5436 3516 5491 in-

1915 5525 2028 5595 quit
2056 5525 2122 5581 ad
2152 5523 2421 5582 C:esarem
2449 5569 2462 5593 ,
2495 5525 2721 5582 militavi
2754 5527 2848 5584 tibi
2875 5546 2888 5584 :
2915 5541 3103 5601 patere
3143 5539 3203 5584 ut
3233 5545 3378 5584 nunc
3409 5528 3514 5584 mi-

1915 5620 2062 5676 litem
2111 5620 2220 5675 Deo
2264 5638 2278 5674 :
2319 5619 2636 5677 donativum
2669 5631 2820 5677 tuum
2865 5634 3198 5694 pugnaturus
3238 5621 3512 5690 accipiat:

1913 5715 2122 5773 Christi
2148 5732 2249 5789 ego
2271 5718 2427 5774 miles
2456 5733 2611 5783 sum;
2646 5733 2885 5790 pugnare
2907 5717 3038 5772 mihi
3068 5732 3172 5771 non
3207 5715 3352 5771 licet.
3376 5714 3514 5775 Tum

1915 5830 2049 5871 vero
2095 5812 2359 5871 adversus
2407 5813 2548 5870 hanc
2579 5828 2766 5870 vocem
2812 5822 3074 5884 tyrannus
3106 5811 3404 5879 infremuit,
3435 5814 3519 5871 di-

1917 5920 2070 5978 cens,
2100 5924 2222 5966 eum
2248 5917 2392 5964 metu
2416 5922 2631 5980 pugnae,
2656 5923 2777 5978 quae
2803 5914 3016 5978 postera
3046 5905 3135 5964 die
3166 5916 3284 5963 erat
3304 5903 3514 5984 futura,
