4106 6344
568 300 670 370 lca

1909 280 2496 375 squuatsovani

3768 274 3866 361 tet

560 445 670 484 non
699 426 979 500 religionis
1001 425 1176 497 gratia
1200 423 1507 480 detrectare
1530 418 1798 485 militiam.
1818 417 2163 475 AtMartinus
2190 416 2245 479 Α
2269 431 2428 481 rens;
2459 428 2697 487 cumque
2720 410 2770 471 id
2796 426 2825 465 a
2852 409 3088 478 Mat-tino
3119 409 3368 479 responsi
3409 408 3736 480 accepisset,
3770 423 3828 463 se
3847 450 3860 473 ,

559 522 895 593 intrepidus,
932 520 1102 575 immo
1134 520 1285 574 illato
1326 518 1429 571 sibi
1467 528 1674 571 terrore
1714 513 2082 569 constantior:
2109 510 2165 567 Si

564 615 670 692 hoc
697 656 710 679 ,
758 614 974 685 inquit,
1027 613 1256 682 ignavia:
1296 610 1586 665 ascribitur
1617 624 1721 663 non
1752 607 1897 673 ﬁdei,
1930 606 2162 661 crastina

567 712 656 767 die
683 722 810 765 ante
842 709 1015 763 aciem
1052 707 1275 775 inermis
1307 707 1498 760 aStaho
1519 713 1601 758 :et
1626 703 1677 757 in
1704 701 1920 757 nomine
1950 698 2167 759 Domini

566 804 695 861 Jesu
723 847 736 871 ,
770 805 927 875 signo
959 804 1136 861 cruris
1182 815 1287 855 non
1335 801 1524 872 clypeo
1556 808 1832 868 prolectus
1862 806 1955 851 aut
1981 797 2161 867 galea,

565 900 803 955 hostium
835 915 1037 955 cuneos
1070 897 1371 969 penetrabo
1406 909 1652 950 securus.
1702 891 1929 947 Retrudi
1958 908 2086 961 ergo
2114 891 2166 944 in

560 994 865 1055 custodiam
890 993 1137 1061 iubetur,
1177 990 1416 1051 facturus
1450 988 1610 1049 iidem
1641 987 1824 1053 dictis,
1854 995 1914 1039 ut
1942 985 2170 1041 inermis

562 1088 814 1153 bat-buris
860 1088 1211 1155 objiceretur.
1242 1083 1472 1151 Postera
1512 1081 1601 1137 die
1643 1081 1827 1135 hostes
1857 1080 2069 1149 legatos
2100 1075 2170 1133 de

565 1196 701 1253 pace
732 1181 1018 1243 miserunt,
1053 1194 1146 1232 sua
1196 1176 1381 1231 omnia
1419 1187 1655 1241 seseque
1680 1171 1966 1233 dedentes.
2012 1167 2169 1225 Unde

564 1274 686 1345 quis
730 1272 939 1328 dubitet
971 1270 1110 1324 hanc
1141 1284 1269 1323 vere
1302 1267 1451 1327 beati
1498 1266 1596 1325 viri
1641 1264 1810 1319 fuisse
1853 1262 2165 1327 victoriam,

563 1366 651 1429 cui
689 1364 989 1435 praestitum
1031 1363 1141 1427 sit,
1176 1376 1242 1414 ne
1278 1360 1502 1414 inermis
1535 1356 1601 1413 ad
1633 1355 1878 1428 prarlium
1928 1355 2172 1408 mittere-

568 1460 687 1521 tur?
715 1468 770 1513 et
790 1458 1038 1528 quamvis
1063 1457 1183 1527 pius
1210 1454 1469 1527 Dominus
1494 1466 1715 1506 servare
1735 1448 1959 1513 militem
1988 1463 2165 1525 suum,

563 1551 693 1607 licet
725 1552 868 1605 inter
900 1548 1139 1604 hostium
1171 1546 1384 1617 gladios
1416 1554 1470 1599 et
1500 1543 1628 1607 tela,
1659 1542 1956 1611 patuisset;
1992 1549 2171 1607 tamen

565 1661 636 1702 ne
663 1645 746 1700 vel
773 1646 1002 1699 aliorum
1033 1652 1203 1696 morte
1234 1639 1419 1695 Sancti
1453 1638 1754 1691 violaretur
1777 1636 2018 1699 obtutus,
2047 1647 2174 1688 exe-

566 1742 667 1797 mit
716 1755 909 1809 pugna:
958 1738 1339 1792 necessitatem
1391 1751 1403 1788 :
1447 1748 1622 1802 neque
1669 1730 1815 1785 enim
1866 1728 2023 1782 aliam
2073 1744 2172 1798 pro

2269 526 2377 581 quo
2407 510 2669 564 Dominus
2697 513 2920 571 vocaret
2940 546 2954 571 ,
2984 503 3292 573 intendere,
3321 503 3397 558 ait
3422 501 3488 557 ad
3517 517 3643 557 eum
3674 519 3687 553 ε
3717 499 3861 567 Quo-

2268 619 2503 673 cumque
2547 601 2710 668 ieris,
2743 600 2829 665 vel
2860 613 3221 673 quzccumque
3261 598 3582 664 tentaveris,
3616 594 3866 653 diabolus

2270 698 2365 771 tibi
2399 694 2799 763 adversabitur.
2829 691 2981 753 Tunc
3019 694 3071 763 ei
3102 692 3421 765 pr0pbetica
3464 704 3597 753 voce
3643 704 3866 760 respon-

2270 790 2351 846 dit
2387 808 2400 843 :
2442 789 2705 859 Dominus
2752 786 2885 847 mihi
2927 785 3145 856 adjutor
3190 793 3303 851 est;
3336 800 3442 853 non
3493 782 3697 847 timebo
3740 782 3871 853 quid

2272 882 2433 955 faciat
2464 882 2594 955 mihi
2638 883 2824 941 homo.
2874 879 3185 950 Statimque
3212 894 3244 935 e
3272 885 3569 949 conSpertu
3605 875 3727 953 eius
3764 876 3867 931 ini-

2270 977 2443 1043 micas
2490 974 2727 1039 evanuit.
2777 972 2964 1044 Itaque
2994 980 3056 1029 ut.
3079 972 3260 1049 animo
3292 985 3354 1029 ac
3389 978 3569 1027 mente
3599 984 3868 1039 concepe-

2273 1078 2356 1139 rat
2382 1112 2395 1134 ,
2428 1079 2659 1136 matrem
2706 1066 3029 1141 gentilitatis
3070 1064 3307 1120 absolvit
3351 1079 3540 1127 errore
3565 1105 3580 1128 ,
3628 1073 3785 1133 patre
3818 1064 3866 1119 in

2273 1162 2429 1227 malis
2488 1144 2878 1233 perseverante
2925 1178 2938 1214 :
2988 1158 3168 1227 plures
3228 1167 3411 1223 tamen
3477 1172 3579 1217 suo
3642 1155 3869 1212 Salvavit

2271 1256 2545 1327 exemplo.
2580 1253 2785 1311 Deinde
2833 1261 2978 1315 (cum
3026 1252 3253 1309 hmresis
3298 1252 3500 1311 Ariana
3548 1266 3645 1321 per
3699 1260 3867 1305 totum

2270 1353 2465 1423 orbem
2498 1361 2552 1408 et
2596 1350 2833 1405 maxime
2878 1348 3021 1403 intra
3056 1347 3329 1419 Illyricum
3364 1346 3713 1417 pullulasset)
3748 1361 3868 1399 cum

2273 1443 2533 1511 adversus
2568 1441 2848 1514 perfidiam
2881 1439 3221 1501 sacerdotum
3255 1441 3403 1509 solus
3437 1454 3577 1507 nene
3606 1440 3872 1501 acerrime

2276 1544 2562 1608 pugnaret,
2608 1535 2900 1602 multisque
2947 1533 3229 1603 suppliciis
3274 1538 3423 1595 esset
3461 1529 3691 1597 allectus
3724 1528 3871 1602 (nam

2273 1642 2326 1686 et
2354 1630 2568 1701 publice
2596 1629 2764 1701 virgis
2788 1643 2963 1684 exesus
2988 1636 3069 1685 est
3091 1668 3105 1691 ,
3130 1635 3183 1682 et
3212 1625 3278 1680 ad
3307 1635 3612 1691 extremum
3646 1625 3714 1679 de
3744 1625 3871 1679 civi-

2275 1734 2385 1779 tate
2431 1724 2581 1793 exire
2623 1719 2991 1793 compulsus),
3028 1720 3232 1776 Italiam
3262 1729 3537 1789 repetens,
3580 1733 3705 1775 eum
3736 1719 3875 1779 intra

565 1833 743 1890 milite
768 1847 867 1899 suo
897 1830 1146 1893 Christus
1169 1827 1354 1883 debuit
1387 1835 1648 1896 prtcstare
1672 1822 1978 1889 victoriam,
2003 1836 2165 1891 quam
2198 1816 2245 1877 B
2272 1817 2471 1879 Gallias
2501 1831 2715 1889 quoque
2738 1813 2984 1873 discessu
3007 1814 3181 1879 sancti
3212 1811 3421 1878 llilarii,
3451 1827 3610 1883 Quem
3638 1811 3707 1866 ad
3731 1811 3874 1866 exsi-

568 1933 659 1989 ut,
719 1923 959 1980 subactis
1007 1924 1123 1985 sine
1161 1918 1423 1991 sanguine
1455 1917 1725 1981 hostibus,
1762 1929 1923 1977 nemo
1983 1928 2166 1969 more-

569 2025 741 2071 ΐθιυΐ.

547 2075 711 2199 CV.
757 2104 969 2183 ﬁxinde
998 2103 1181 2158 relicta
1220 2102 1409 2155 militia
1438 2143 1450 2167 ,
1494 2108 1737 2167 sanctum
1786 2096 2047 2152 Hilarium
2084 2096 2168 2150 Pi-

568 2190 739 2257 613m:
770 2198 1084 2269 episcopum
1117 2197 1353 2250 civitatis
1381 2236 1395 2262 ,
1446 2194 1600 2264 cujus
1638 2204 1764 2247 tunc
1794 2193 1843 2246 in
1878 2190 2171 2269 Deirebus

571 2266 819 2364 spectata
863 2302 918 2347 et
958 2266 1171 2361 cognita
1222 2288 1355 2344 ﬁdes
1408 2288 1743 2351 habebatur,
1776 2266 2084 2365 expediit;
2120 2295 2170 2339 et

572 2386 905 2457 aliquamdiu
958 2384 1097 2455 apud
1159 2400 1282 2438 cum
1344 2390 1714 2436 commoratus
1770 2359 2174 2471 e‘é’fij'l'entavit

569 2492 749 2537 autem
797 2482 940 2535 idem
993 2480 1224 2533 Hilarius
1276 2477 1531 2546 imposito
1572 2456 2021 2530 diaconiT—o'llicio
2069 2471 2171 2535 sibi

570 2590 694 2630 eum
721 2574 927 2628 arctius
958 2571 1264 2643 implicare,
1294 2580 1347 2623 et
1381 2567 1688 2621 ministerio
1721 2566 1938 2619 vincere
1969 2564 2170 2617 divino.

571 2669 680 2726 Sed
726 2683 847 2721 cum
900 2666 1199 2736 Siﬁpl>$ll|le
1248 2664 1563 2724 restitisset,
1608 2660 1891 2730 indignum
1942 2673 2001 2713 se
2052 2672 2174 2712 esse

572 2758 914 2824 vociferans;
958 2755 1225 2811 intellexit
1256 2755 1340 2808 vir
1368 2752 1580 2805 altioris
1627 2749 1865 2821 ingenii,
1903 2750 2003 2802 hoc
2048 2762 2170 2801 eum

572 2854 738 2910 modo
772 2832 927 2923 posse
958 2849 1281 2920 coitstringi,
1307 2848 1350 2901 si
1385 2846 1435 2901 id
1478 2846 1525 2902 ei
1567 2844 1730 2899 ollicii
1762 2845 2088 2914 imponeret,
2121 2840 2171 2893 itt

573 2965 681 3020 quo
712 2947 932 3020 quidam
964 2946 1113 2999 locus
1157 2944 1372 3013 iujurim
1416 2940 1712 2995 videretur.
1749 2939 1930 3008 Itaque
1964 2936 2176 2991 exorci-

572 3050 710 3097 statu
739 3058 861 3097 eum
895 3056 1016 3093 esse
1044 3038 1318 3108 prmcepit,
1355 3051 1514 3105 quam
1544 3035 1631 3089 ille
1661 3032 2081 3093 ordinationem,
2109 3045 2176 3083 uc

575 3132 892 3204 despexisse
922 3142 1193 3202 tamquam
1238 3129 1582 3183 humiliorem
1616 3126 1913 3190 videretur,
1951 3140 2053 3179 noo
2090 3139 2176 3178 re-

2273 1909 2404 1964 lium
2437 1897 2831 1971 lueretieoruni
2850 1906 2931 1961 vis
2970 1916 3241 1977 coegerat,
3273 1905 3544 1961 turbatam
3581 1903 3874 1971 ecclesiam

2270 2004 2653 2074 comperisset,
2680 2000 2975 2081 lilediolani
3003 2000 3107 2055 sibi
3139 2001 3525 2067 monasterium
3557 1998 3770 2055 Statuit.
3799 1996 3877 2054 lbi

2273 2115 2488 2171 quoque
2519 2114 2642 2161 eum
2674 2090 2975 2165 Auxentius
2997 2136 3012 2161 ,
3050 2104 3238 2161 auctor
3264 2103 3318 2149 et
3348 2095 3607 2164 princeps
3645 2092 3876 2149 Ariano-

2274 2207 2417 2255 rum,
2451 2194 2775 2263 gravissime
2815 2189 3111 2243 insectatus
3142 2196 3256 2251 cst;
3292 2184 3587 2257 multisque
3620 2183 3877 2238 allectum

2276 2285 2490 2357 injuriis
2537 2284 2605 2341 de
2651 2282 2870 2350 civitate
2932 2280 3263 2359 exturbavit.
3330 2278 3641 2349 Cedendum
3696 2279 3879 2346 itaque

2276 2381 2509 2455 tempori
2547 2379 2840 2449 arbitratus
2861 2420 2873 2441 ,
2904 2376 2971 2443 ad
3001 2376 3229 2443 insulam
3262 2375 3618 2435 Gallinariam
3655 2373 3879 2435 nomine

2275 2476 2543 2541 secessit,
2599 2475 2803 2527 comite
2863 2472 3096 2543 quodam
3145 2470 3505 2543 presbytero,
3557 2484 3879 2543 magnarum

2276 2572 2537 2624 virtutum
2589 2569 2727 2622 viro.
2764 2567 2863 2623 llic
2892 2565 3224 2638 aliquamdiu
3267 2564 3539 2627 radicibus
3573 2564 3705 2619 vixit
3759 2564 3880 2619 lter-

2278 2664 2464 2718 barmn
2512 2680 2523 2714 :
2568 2678 2675 2732 quo
2726 2671 2973 2732 tempore
3025 2659 3400 2725 hcllehorum,
3440 2666 3790 2723 venenatum,
3824 2665 3880 2713 ut

2279 2752 2481 2823 ferunt,
2513 2770 2737 2825 gramen
2770 2754 2820 2809 iu
2852 2753 3034 2809 cibum
3063 2752 3333 2824 sumpsit;
3363 2749 3458 2813 sed
3488 2766 3611 2809 cum
3648 2751 3758 2804 vim
3796 2766 3882 2805 ve-

2281 2852 2403 2906 neni
2438 2853 2489 2904 in
2534 2866 2591 2915 se
2641 2851 2941 2923 grassantis
2990 2847 3167 2921 vicina
3216 2850 3327 2925 iam
3378 2857 3553 2903 morte
3596 2845 3882 2911 sensisset,

2281 2946 2574 3002 imminens
2630 2944 2933 3015 periculum
2990 2943 3241 3007 oratione
3291 2940 3531 3010 repulit,
3586 2940 3886 3015 statimque

2279 3042 2459 3095 omnis
2487 3038 2645 3095 dolor
2673 3040 2884 3109 fugatus
2910 3044 3014 3097 est.
3047 3035 3156 3107 Nec
3180 3034 3349 3101 multo
3376 3043 3517 3107 post,
3540 3049 3668 3101 cum
3695 3043 3887 3089 sancto

2283 3135 2488 3193 Hilario
2516 3133 2880 3205 comperisset
2918 3133 3063 3204 regis
3090 3130 3421 3205 ptBnitentia
3446 3137 3778 3201 potestatem
3810 3129 3887 3193 iu-

571 3228 831 3301 pudiavit.
861 3226 972 3281 Nec
1001 3228 1171 3280 multo
1220 3232 1339 3293 post
1367 3222 1679 3277 admonitus
1712 3234 1809 3291 per
1834 3233 2087 3289 soporem
2118 3225 2175 3270 ttt
2203 3213 2249 3276 C
2280 3228 2485 3284 dum,"
2520 3228 2685 3285 fuisse
2707 3227 2993 3293 redeundi,
3027 3227 3211 3283 [tuum
3238 3227 3286 3282 ei
3312 3225 3533 3283 ιεηιηνίι
3562 3239 3886 3297 occurre“,

574 3323 805 3395 patriam
854 3327 1237 3391 parentesque,
1282 3333 1418 3386 quos
1448 3315 1627 3369 adhuc
1656 3314 1931 3385 gentilitas
1964 3313 2177 3366 detine-

573 3417 702 3485 bat,
735 3416 991 3486 religiosa
1044 3413 1417 3467 StilllCillltlilte
1468 3412 1752 3476 visitaret,
1784 3426 1850 3464 cx
1898 3408 2175 3461 voluntate

574 3510 751 3566 sancti
803 3508 988 3562 Hilarii
1040 3506 1315 3577 profectus
1347 3515 1462 3569 est,
1496 3504 1681 3557 multis
1712 3502 1780 3556 ab
1813 3517 1877 3556 eo
1917 3501 2176 3555 astrictus

576 3605 831 3676 precibus
862 3612 917 3657 et
946 3602 1200 3673 lacrymis
1248 3609 1305 3654 ut
1350 3600 1570 3654 rediret.
1614 3598 1855 3661 Mteslus,
1886 3606 1945 3651 ut
1976 3597 2175 3659 ferunt,
2226 3610 2247 3655 νς

578 3695 1077 3768 peregrinationem
1138 3694 1283 3748 illam
1333 3708 1622 3765 aggressus
1671 3702 1789 3759 est,
1840 3698 2178 3755 contestatus

575 3790 814 3855 fratres,
850 3788 1015 3841 multa
1064 3804 1120 3841 se
1166 3788 1391 3841 adversa
1442 3800 1761 3854 passurum;
1794 3782 1937 3857 quod
1994 3792 2178 3851 postea

575 3881 825 3952 probavit
867 3888 1114 3934 eventus.
1152 3880 1229 3933 Ac
1268 3879 1500 3948 primum
1542 3880 1683 3931 inter
1714 3875 1877 3944 Alpes
1908 3872 2059 3929 devia
2090 3889 2178 3928 se-

575 3984 737 4030 cutus
764 3974 949 4027 incidit
975 3973 1025 4027 in
1056 3977 1320 4039 latrones,
1342 3986 1576 4041 cumque
1601 3985 1739 4023 unus
1763 3970 1938 4023 securi
1969 3967 2178 4023 elevata

576 4072 631 4124 in
684 4077 844 4136 caput
887 4068 1004 4135 ejus
1057 4066 1312 4121 librasset
1362 4066 1561 4127 iettttn,
1604 4062 1847 4117 ferientis
1898 4060 2177 4115 dexteram

576 4160 834 4216 sustinuit
884 4162 1053 4225 alter;
1088 4160 1280 4214 vinctis
1323 4168 1502 4212 tamen
1536 4166 1658 4226 post
1689 4168 1895 4225 tergum
1932 4156 2181 4210 manibus

580 4257 672 4313 uni
708 4258 1010 4312 servandus
1038 4270 1091 4312 et
1120 4254 1437 4326 spoliamlus
1481 4254 1731 4306 traditur.
1771 4250 1870 4319 Qui
1900 4265 2022 4304 cum
2055 4265 2179 4305 eum

574 4351 641 4406 ad
674 4351 968 4405 remotiora
997 4351 1263 4413 duxisset,
1302 4347 1609 4418 percontari
1641 4346 1707 4401 ab
1737 4361 1800 4400 eo
1828 4345 1994 4414 erepit
2030 4345 2180 4414 quis-

575 4425 712 4501 nam.
734 4455 913 4510 esset;
950 4445 1257 4514 respondit,
1290 4441 1657 4498 Christianum
1690 4455 1749 4493 se
1780 4453 1925 4493 esse.
1955 4439 2179 4504 Quzere-

581 4538 679 4593 bat
723 4544 885 4593 etiam
920 4537 987 4589 al)
1014 4550 1080 4590 eo
1106 4577 1119 4599 ,
1151 4551 1214 4587 an
1250 4535 1485 4588 timeret.
1521 4533 1656 4587 Tum
1689 4547 1821 4587 vero
1851 4531 2181 4585 constantis-

2283 3322 2668 3392 profectusque
2695 3321 2760 3374 ad
2795 3320 2982 3376 urbem
3007 3328 3110 3381 est.

2357 3415 2466 3468 Vll.
2505 3413 2641 3468 Cum
2688 3414 2799 3482 jam
2852 3412 3091 3469 Hilarius
3140 3412 3507 3484 pra-terissct,
3543 3412 3615 3477 ita
3650 3425 3777 3467 cum
3808 3419 3892 3467 est

2282 3508 2525 3579 vestigiis
2551 3516 2870 3593 prosecutus
2892 3523 2906 3568 ;
2928 3522 3159 3578 cumque
3180 3506 3246 3563 ab
3269 3519 3335 3560 eo
3355 3504 3672 3575 gratissime
3696 3502 3893 3566 fuisset

2282 3594 2764 3672 Sttsceptus,g‘li:ittd
2812 3599 2972 3671 longe
3002 3599 3103 3653 sibi
3135 3598 3205 3654 ab
3242 3598 3444 3667 Oppido
3490 3598 3891 3671 monasterium

2282 3674 2743 3789 col/locavitql'QTi’o
2769 3700 3017 3767 tempore
3044 3707 3101 3747 se
3123 3691 3174 3746 ei
3203 3689 3420 3761 quidam
3456 3692 3893 3765 catechutneuus

2280 3778 2481 3863 jutixit,
2510 3778 2739 3855 cupiens
2769 3786 3100 3851 sanctissimi
3142 3784 3242 3841 viri
3290 3784 3499 3840 institui
3548 3783 3927 3856 disgipliniSﬁ

2286 3880 2577 3952 paucisque
2612 3881 2951 3952 interpositis
2994 3879 3188 3935 diebus
3220 3878 3476 3953 languore
3516 3886 3813 3955 correptus
3844 3879 3894 3932 vi

2284 3974 2513 4030 febriutn
2548 3975 2850 4033 laborabat.
2891 3974 3108 4030 Actum
3156 3973 3417 4039 Martinus
3454 3973 3591 4027 forte
3621 3972 3899 4037 discesse-

2285 4079 2481 4135 rat;'.et
2507 4085 2628 4124 cum
2655 4076 2757 4139 per.
2781 4068 3019 4131 triduum
3048 4066 3332 4133 defuisset,
3359 4080 3670 4136 regressus,
3695 4079 3898 4135 corpus

2284 4163 2534 4217 exanime
2568 4162 2773 4216 invenit
2804 4179 2815 4214 :
2844 4162 2915 4215 ita
2947 4161 3126 4216 subita
3169 4173 3317 4215 mors
3350 4157 3522 4213 fuerat
3544 4199 3556 4223 ,
3592 4167 3656 4212 ut
3683 4158 3897 4228 absque.

2284 4254 2611 4326 baptismate
2665 4255 2920 4309 humanis
2981 4255 3145 4309 rebus
3201 4251 3512 4308 excederet.
3568 4252 3793 4325 Corpus
3845 4255 3895 4317 in

2285 4349 2466 4403 medio
2503 4351 2740 4419 positum
2774 4349 2913 4403 tristi
2946 4347 3290 4417 manentium
3324 4344 3549 4401 fratrum
3581 4344 3901 4417 frequenta-

2286 4442 2446 4497 batur
2468 4440 2671 4511 oflicio,
2703 4459 2823 4497 cum
2854 4426 3115 4509 Martinus
3143 4440 3277 4505 flens
3303 4448 3358 4495 et
3386 4440 3599 4509 ejnlans
3624 4442 3897 4517 accurrit.

2285 4536 2423 4589 Tum
2456 4553 2587 4615 vero
2620 4545 2868 4591 sanctum
2900 4536 3171 4611 Spiritum
3196 4546 3306 4589 tota
3339 4545 3523 4601 mente
3551 4535 3898 4607 concipiens,

577 4633 717 4686 sime
768 4631 1081 4701 profitetur,
1133 4643 1423 4697 numquam
1454 4642 1513 4682 se
1542 4627 1708 4681 fuisse
1739 4636 1846 4681 tam
1891 4640 2139 4680 secorum
2162 4665 2178 4691 ,
2209 4607 2262 4668 D
2291 4630 2475 4700 egredi
2509 4607 2780 4703 cellulam,
2817 4632 2867 4685 in
2914 4646 3017 4703 qua
3273 4630 3515 4700 jacehat,
3550 4629 3903 4703 cgterosju-

579 4726 702 4796 quia
781 4727 948 4781 sciret
1023 4723 1455 4779 misericordiam
1538 4721 1751 4775 Domini
1823 4720 2058 4776 maxime
2127 4722 2180 4774 in

580 4819 977 4873 tentatiouihus
1019 4814 1329 4870 adfuturam
1360 4830 1456 4870 :se
1516 4815 1687 4883 magis
1721 4814 1795 4867 illi
1840 4813 2058 4877 dolere,
2089 4813 2180 4883 qui

580 4912 787 4967 Christi
841 4910 1247 4973 misericordia,
1299 4918 1485 4978 utpote
1536 4908 1822 4963 latrocinia
1874 4922 2179 4973 exercens,

581 5017 729 5060 esset
778 5006 1060 5074 indignus;
1093 5004 1485 5074 ingressusque
1531 5003 1903 5072 evangelicant
1933 5004 2179 5069 diSputa-

580 5099 809 5164 tionem,
840 5100 1065 5152 verbum
1092 5096 1184 5150 Dei
1213 5096 1409 5149 latroni
1432 5076 1780 5165 pra~dicttbat.
1803 5096 1939 5164 Quid
1966 5096 2183 5169 longius

580 5194 802 5247 morer?
838 5194 975 5247 latro
1003 5191 1265 5257 credidit,
1301 5200 1729 5262 prosecutusque
1761 5191 2050 5246 Martinum
2074 5182 2184 5247 vite

581 5284 860 5348 reddidit,
898 5300 1059 5339 orans
1112 5293 1169 5339 ut
1229 5300 1325 5353 pro
1383 5299 1439 5338 se
1502 5284 1785 5338 Domitium
1844 5294 2181 5354 precaretur.

582 5378 839 5449 Idemque
884 5391 1069 5448 postea
1116 5380 1421 5450 religiosam
1466 5394 1631 5445 agens
1664 5382 1828 5434 vitam
1874 5379 2020 5434 visus
2050 5390 2183 5437 est:

583 5474 721 5529 adeo
755 5485 813 5529 ut
846 5474 991 5540 htcc,
1036 5491 1155 5544 qute
1201 5490 1361 5543 supra
1412 5474 1718 5541 retulimus,
1754 5474 1820 5529 ab
1854 5475 1971 5545 ipso
2004 5475 2183 5529 audita

580 5571 856 5624 dicantur.

654 5660 738 5714 Vl.
786 5662 955 5733 lgitur
986 5662 1247 5718 Martinus
1298 5662 1424 5718 inde
1469 5678 1794 5735 progressus
1827 5677 1948 5717 cum
1980 5660 2186 5716 Medio-

576 5755 761 5812 lauttm
797 5762 1169 5830 praeterisset,
1200 5758 1451 5814 diabolus
1482 5746 1535 5814 in
1569 5760 1762 5815 itinere
1788 5757 2022 5829 humana
2056 5771 2182 5827 spe-

578 5848 663 5904 cie
692 5864 971 5923 assumpta
1005 5868 1062 5908 se
1091 5851 1143 5908 ei
1169 5852 1386 5909 obviutn
1418 5854 1557 5920 tulit,
1585 5868 1693 5924 quo
1743 5850 1997 5907 tenderet
2039 5864 2187 5921 quae-

2289 4724 2414 4791 bet;
2442 4740 2505 4781 ac
2536 4724 2743 4793 foribus
2782 4725 3051 4795 obseratis
3085 4740 3253 4795 super
3298 4712 3619 4799 exanimata“
3652 4712 3903 4779 defuncti

2288 4819 2473 4874 fratris
2529 4822 2776 4893 membra
2836 4820 3262 4891 prosternitur,:
3307 4830 3355 4875 et
3406 4834 3528 4873 cum
3576 4817 3902 4887 aliquandiu

2288 4916 2520 4985 orationi
2542 4896 3283 4987 incubuisset,sensissetque
3300 4913 3660 4985 perspiritum
3683 4912 3903 4967 Domini

2288 4931 2520 4985 orationi
2544 4931 2791 4987 mentitus
2828 4931 3283 4987 et,sensrssetque
3300 4931 3660 4985 persptrunm
3684 4931 3897 4967 vomitu

2287 5009 2481 5066 adesse
2528 4931 2829 5095 virtutem;
2858 5019 3077 5065 erectus
3125 5009 3446 5081 paululum,
3476 5016 3532 5075 et
3560 5006 3613 5077 in
3646 5006 3897 5079 defuncti

2288 5119 2382 5158 ora
2411 5104 2641 5175 defixus,
2679 5088 2944 5179 orationis
2986 5120 3100 5159 suae
3145 5117 3217 5179 ac,
3246 5101 3645 5177 _ntiserieortiite
3679 5102 3904 5157 Domini

2287 5198 2591 5267 intrepidus
2610 5198 2959 5269 exspectabat
2987 5204 3243 5287 meum
3270 5196 3505 5275 {vixque
3526 5195 3761 5269 duarum
3793 5197 3907 5267 fere

2290 5289 2549 5345 horarum
2608 5292 2840 5363 spatium
2904 5270 3334 5349 ἰηιυῐοεξὲῗᾷῗ,
3387 5278 3523 5357 vidit
3574 5270 3907 5359 defunctum

2290 5384 2549 5453 paulatim
2583 5384 2844 5453 membris
2876 5382 3133 5437 omnibus
3163 5382 3519 5449 commoveri,
3549 5390 3607 5449 et
3628 5382 3833 5451 laxatis
3854 5383 3907 5439 in

2290 5494 2447 5533 usum
2478 5478 2699 5533 videndi
2727 5478 2993 5549 palpitare
3021 5476 3340 5531 luminibus.
3374 5475 3512 5529 Tum
3544 5491 3677 5532 vero
3711 5494 3908 5552 magna

2293 5571 2359 5625 ad
2396 5571 2680 5626 Dominum
2708 5584 2839 5624 voce
2864 5584 3159 5625 conversus
3184 5570 3388 5647 gratias
3421 5584 3611 5643 agens,
3648 5572 3911 5629 cellulam

2293 5664 2536 5718 clamore
2585 5652 3122 5747 compleveratzquo
3170 5662 3358 5739 audito
3403 5664 3494 5741 qui
3547 5680 3647 5735 pro
3697 5667 3911 5723 foribus

2294 5756 2605 5821 astiterant,
2637 5728 2817 5811 sitatim
2841 5756 3077 5839 iri-nunt,
3106 5736 3306 5829 Mirum
3330 5728 3732 5845 spectaculum,
3763 5761 3911 5833 quod

2294 5846 2559 5925 videbant
2601 5836 2785 5905 vivere
2833 5836 2994 5929 quem
3046 5854 3327 5923 mortuum
3368 5836 3910 5921 ’t-eliquissent‘l-lta

3750 5945 3769 5981 \
