4106 6344
589 322 686 380 167

1931 317 2222 380 SULPICII
2260 315 2516 377 SEVERI

3787 315 3886 380 I68

579 435 1771 512 conversusadlmvamviditpropeassistere
1793 435 2042 491 umbram
2068 435 2411 498 sor-Acum
2465 436 2673 508 ingenti
2725 436 2924 508 gaudio
2973 434 3273 508 lmtitiaque
3327 448 3626 511 rmperuut.
3687 439 3886 496 Aderat

578 529 785 599 didam,
843 543 1068 588 trucem.
1152 534 1406 606 Imperat,
1454 550 1654 590 nomen
1705 533 2066 603 meritumque
2121 541 2178 586 ut

579 623 915 696 loqueretur.
961 627 1171 684 Nomen
1222 627 1409 696 edicit,
1451 628 1521 683 de
1576 627 1806 683 crimine
1845 626 2173 682 confitetur:

578 716 849 774 latronem
886 734 945 775 se
972 719 1164 788 fuisse,
1197 720 1267 776 ob
1293 721 1500 777 scelera
1539 735 1878 791 percussum,
1920 719 2059 789 vulgi
2093 734 2181 773 er-

582 828 705 870 rore
745 814 1121 881 celebratum;
1178 815 1282 872 sibi
1330 816 1464 871 nihil
1505 830 1627 870 cum
1673 815 2007 887 martyribus
2056 829 2180 870 esse

581 920 894 972 commune,
923 923 1047 962 cum
1107 907 1232 962 illos
1263 907 1458 978 gloria,
1489 922 1548 964 se
1579 922 1736 978 ptena
1768 907 2054 962 retineret.
2085 906 2183 960 Mi-

578 1013 698 1054 rum
724 999 776 1053 in
804 999 1024 1055 modum
1058 1015 1250 1057 vocem
1283 1001 1562 1073 loquentis
1597 1001 1689 1073 qni
1733 1001 1962 1056 aderant
1995 1002 2180 1058 audie-

577 1089 727 1158 bant,
763 1107 1051 1163 personam
1087 1101 1264 1148 tamen
1293 1108 1400 1147 non
1437 1093 1717 1149 videbant.
1747 1092 1885 1148 Tum
1917 1092 2180 1150 Martinus

575 1187 703 1258 quid
738 1188 968 1244 vidisset
990 1188 1276 1259 'exposnit,
1307 1188 1579 1259 jussitqne
1617 1205 1683 1243 ex
1713 1203 1779 1242 eo
1806 1188 1926 1242 loco
1979 1187 2178 1252 altare,

577 1281 720 1352 quod
752 1281 822 1336 ibi
840 1281 1034 1349 fuerat,
1060 1283 1404 1338 submoveri:
1431 1291 1594 1352 atque
1615 1284 1683 1336 ita
1707 1282 1965 1354 populum
1989 1295 2181 1351 super-

579 1376 817 1432 stitionis
846 1376 987 1432 illius
1032 1376 1264 1433 absolvit
1293 1391 1503 1433 errore.

649 1468 761 1525 XII.
802 1468 1014 1526 Accidit
1040 1480 1225 1525 autem
1258 1469 1566 1541 insequenti
1613 1477 1882 1540 tempore,
1916 1467 2045 1522 dum
2077 1466 2182 1523 iter

575 1574 781 1637 ageret,
807 1565 1104 1636 utgentilis
1143 1564 1426 1634 cujusdam
1454 1579 1671 1634 corpus,
1721 1562 1864 1634 quod
1890 1561 1955 1616 ad
1999 1560 2181 1632 sepul-

575 1673 727 1714 crum
759 1674 882 1714 cum
915 1659 1302 1730 superstitioso
1330 1659 1521 1714 funere
1553 1657 1927 1722 deferebatur,
1956 1654 2178 1710 obvium

570 1751 827 1809 haberet:
855 1753 1312 1824 c0nspicatnsque
1325 1755 1541 1808 eminus
1567 1751 1903 1807 venieminm
1935 1753 2174 1814 turbam,

2281 529 2498 585 eminus
2528 530 2684 588 turba
2737 532 3080 588 mirantium.
3133 532 3366 602 Jamque
3397 533 3654 600 paulatim
3698 543 3886 590 nutare

2283 625 2460 694 pinus,
2493 633 2546 680 et
2577 623 2788 680 ruinam
2843 641 2998 681 suam
3043 642 3238 682 casura
3297 627 3560 683 minitari.
3609 626 3886 683 Pallebant

2281 721 2494 774 eminus
2523 719 2804 788 monachi,
2847 730 2902 775 et
2930 721 3182 792 periculo
3219 722 3330 791 jam
3365 723 3622 792 propiore
3671 732 3888 778 conter-

2283 810 2396 880 riti,
2415 827 2566 882 spem
2594 828 2812 870 omnem
2842 812 3115 885 fidemque
3139 813 3518 885 perdiderant,
3545 813 3718 868 solam
3751 813 3887 869 Mar-

2283 905 2378 960 tini
2410 917 2636 961 mortem
2655 917 3057 977 exspectantes.
3089 908 3264 963 Atille
3284 907 3522 962 conlisus
3551 907 3603 962 in
3629 907 3883 973 Domino,

2282 1001 2587 1071 intrepidus
2615 1003 2931 1072 opperiens,
2972 1019 3094 1058 cum
3133 1003 3243 1072 jam
3276 1001 3549 1073 fragorem
3598 1004 3681 1058 sui
3730 1005 3886 1072 pinus

2282 1095 2576 1150 concidens
2635 1096 2921 1162 edidisset,
2960 1095 3071 1166 jam
3146 1095 3408 1158 cadenti,
3449 1095 3561 1165 jam
3622 1110 3789 1164 super
3828 1111 3884 1152 se

2283 1189 2460 1243 ruenti
2493 1188 2704 1245 elevata
2734 1188 2951 1244 obviam
2983 1205 3142 1242 manu
3176 1188 3386 1259 signum
3412 1187 3605 1244 salutis
3630 1188 3880 1259 Opponit:

2283 1292 2394 1337 tum
2416 1298 2550 1338 vero
2573 1284 2590 1353 (
2615 1283 2844 1338 turbinis
2875 1283 3036 1338 modo
3063 1291 3394 1338 retroactam
3423 1284 3686 1353 putares)
3709 1283 3886 1339 diver-

2282 1394 2396 1433 sam
2449 1379 2501 1434 in
2559 1388 2763 1448 partem
2809 1379 2944 1432 ruit:
2977 1378 3116 1433 adeo
3175 1387 3228 1432 ut
3275 1378 3533 1442 rusticos,
3562 1379 3652 1448 qui
3686 1387 3799 1432 toto
3832 1379 3882 1434 in

2285 1475 2402 1529 loco
2439 1483 2734 1540 steterant,
2771 1489 2907 1543 pcue
2942 1473 3320 1544 prostraverit.
3353 1471 3488 1528 Tum
3535 1489 3664 1529 vero
3694 1473 3745 1528 in
3777 1489 3883 1530 σωκ

2279 1570 2390 1625 lum
2438 1569 2678 1624 clamore
2731 1569 2968 1632 sublato,
3033 1568 3265 1639 gentiles
3314 1579 3537 1636 stupere
3587 1569 3879 1633 miraculo;

2283 1663 2530 1717 monachi
2561 1663 2694 1716 flere
2742 1677 2852 1733 prie
2903 1661 3133 1730 gaudio;
3165 1659 3368 1715 Christi
3415 1675 3610 1716 nomen
3645 1661 3698 1716 in
3739 1677 3884 1715 com-

2283 1773 2445 1812 mune
2488 1757 2557 1812 ab
2584 1758 2837 1812 omnibus
2869 1757 3173 1827 prmdicari.
3217 1755 3469 1826 Satisque
3509 1757 3778 1820 ennsﬁtit,
3819 1771 3882 1811 eo

570 1846 830 1917 quidnam
860 1847 912 1902 id
945 1857 1091 1906 esset
1116 1850 1353 1919 ignarus,
1388 1846 1668 1917 paululum
1697 1845 1878 1900 stetit:
1907 1859 2030 1898 nam
2065 1842 2176 1898 fere
2207 1844 2254 1904 B
2282 1851 2369 1906 die
2401 1851 2632 1905 salutem
2683 1852 2762 1906 illi
2814 1851 3036 1906 venisse
3065 1851 3305 1922 regioni:
3333 1867 3454 1905 nam
3483 1867 3644 1905 nemo
3675 1853 3787 1907 fere
3818 1867 3881 1908 ex

573 1941 994 2012 quingentorum
1026 1956 1282 2013 passuum
1316 1940 1662 1996 intervallum
1694 1949 1833 2006 erat,
1864 1948 1922 1992 ut
1954 1937 2176 1993 difficile

573 2035 736 2091 fuerit
762 2037 1084 2107 dignoscere
1109 2035 1238 2108 quid
1265 2035 1496 2092 videret.
1527 2034 1729 2089 Tamen
1761 2033 1887 2103 quia
1917 2031 2175 2086 rusticam

576 2146 796 2187 manum
830 2140 1102 2196 cerneret,
1145 2140 1201 2186 et
1248 2141 1444 2201 agente
1473 2130 1646 2184 'vento
1687 2127 2001 2182 linteamina
2055 2142 2177 2181 cor-

572 2225 690 2295 pori
731 2226 1037 2295 snperjecta
1098 2224 1414 2291 Velitarent,
1471 2221 1729 2294 profanos
1777 2221 2174 2276 sacrificiorum

572 2317 710 2372 ritus
731 2319 814 2389 agi
840 2317 1110 2374 credidit:
1154 2318 1284 2388 quia
1311 2328 1458 2373 esset
1495 2315 1611 2372 haec
1651 2316 1928 2372 Gallorum
1960 2313 2176 2369 rusticis

571 2409 936 2478 consuetudo,
977 2411 1269 2468 simulacra
1302 2410 1614 2465 daamonum
1646 2409 1882 2464 candido
1915 2418 2054 2464 tecta
2079 2422 2173 2462 ve-

570 2504 775 2560 lamine
794 2504 997 2561 misera
1030 2521 1126 2576 per
1155 2520 1317 2576 agros
1345 2519 1476 2560 suos
1494 2505 1853 2560 circumferre
1872 2501 2171 2558 dementia.

569 2597 795 2654 Elevato
813 2614 947 2670 ergo
979 2599 1033 2654 in
1057 2600 1320 2656 adversos
1345 2599 1714 2671 signocrucis,
1748 2600 1981 2668 imperat
2003 2597 2175 2652 turbae

570 2707 680 2748 non
713 2692 923 2749 moveri
958 2694 1101 2760 loco,
1133 2708 1381 2764 onusque
1407 2693 1706 2763 deponere.
1752 2690 1849 2746 llic
1902 2707 2033 2745 vero
2075 2690 2178 2744 mi-

573 2801 694 2842 rum
721 2787 774 2842 in
810 2786 1029 2842 modum
1069 2788 1288 2844 videres
1320 2788 1552 2843 miseros
1587 2787 1818 2856 primum
1868 2785 2016 2839 velut
2044 2797 2174 2838 saxa

572 2881 840 2954 riguisse:
870 2883 1018 2949 dein,
1046 2899 1168 2939 cum
1204 2896 1530 2954 promovere
1556 2895 1617 2936 se
1643 2895 1859 2936 summo
1885 2878 2175 2935 conamine

570 2979 899 3044 niterentur,
945 2977 1082 3032 ultra
1112 2976 1374 3032 accedere
1426 2991 1534 3030 non
1579 2974 1854 3040 valentes,
1887 2973 2174 3028 ridiculam

572 3071 627 3127 in
679 3075 999 3144 vertiginem
1048 3073 1393 3140 relabantur,
1451 3072 1627 3127 donec
1692 3072 1871 3136 victi,
1928 3069 2174 3139 corporis

569 3181 708 3222 onus
731 3175 960 3237 ponunt.
991 3166 1224 3222 Attoniti
1252 3175 1306 3222 et
1333 3173 1507 3221 seruet
1535 3165 1770 3220 invicem
1801 3172 2167 3233 aspectantes,

2282 1943 2505 1999 immani
2539 1945 2627 1999 illa
2669 1945 3016 1999 multitudine
3038 1944 3323 2015 gentilium
3358 1944 3477 2009 fuit,
3514 1945 3604 2013 qui
3653 1961 3758 2000 non
3785 1945 3882 2000 im-

2283 2039 2550 2109 positione
2592 2055 2783 2094 manus
2822 2039 3158 2106 desiderata,
3204 2039 3496 2094 Dominum
3542 2039 3750 2107 lesom,
3800 2057 3884 2096 re-

2282 2135 2411 2190 licto
2442 2133 2739 2204 impietatis
2761 2149 2970 2198 errore,
3002 2133 3318 2188 crediderit.
3353 2134 3420 2188 Et
3443 2149 3572 2190 vere
3596 2145 3720 2189 ante
3747 2134 3885 2190 Mar-

2283 2228 2453 2282 tinum
2509 2227 2664 2296 pauci
2721 2226 3036 2288 admodum,
3085 2226 3250 2281 immo
3303 2241 3439 2294 pene
3490 2227 3622 2280 nulli
3673 2227 3724 2280 in
3778 2227 3883 2282 illis

2282 2320 2600 2391 regionibus
2643 2318 2842 2376 Christi
2887 2337 3086 2375 nomen
3150 2329 3500 2389 receperant:
3548 2320 3693 2390 quod
3747 2320 3883 2376 adeo

2283 2413 2572 2469 virtutibus
2604 2414 2751 2470 illius
2798 2415 3164 2486 exemploque
3204 2414 3502 2477 convaluit,
3553 2424 3611 2468 ut
3647 2415 3760 2482 jam
3809 2413 3882 2469 ibi

2283 2509 2466 2563 nullus
2517 2508 2671 2562 locus
2717 2508 2811 2573 sit,
2866 2509 2960 2579 qui
2994 2524 3100 2564 non
3137 2517 3234 2563 ant
3263 2509 3509 2579 eccleng
3560 2507 3884 2579 freqnentis-

2281 2603 2462 2667 simis,
2499 2611 2591 2656 ant
2619 2603 2969 2657 monasteriis
3000 2603 3073 2657 sit
3119 2572 3565 2688 repletus.@m
3617 2602 3710 2656 ubi
3760 2601 3882 2657 fana

2280 2696 2861 2782 destruxeratkstatim
2896 2695 2968 2751 ibi
2999 2708 3090 2751 aut
3119 2697 3382 2752 ecclesias
3409 2678 3501 2750 aut
3553 2696 3880 2751 monasteria

2277 2789 2656 2870 construebat.

2533 2863 2936 2939 Nec—minorem
2974 2884 3075 2938 sub
3098 2883 3237 2940 idem
3274 2883 3385 2940 fere
3415 2893 3632 2954 tempus
3685 2885 3878 2941 eodem

2280 2975 2330 3028 in
2362 2990 2526 3044 opere
2569 2978 2823 3031 virtutem
2851 2976 3056 3047 edidit;
3090 2992 3214 3031 nam
3237 2992 3359 3032 enm
3387 2977 3440 3031 in
3471 2978 3590 3032 vico
3642 2977 3876 3047 quodam

2278 3068 2403 3123 fano
2428 3071 2808 3142 antiquissimo
2838 3081 2892 3125 et
2919 3042 3276 3126 celeberrimo
3316 3071 3494 3142 ignem
3539 3072 3874 3134 immisisset.

2278 3162 2330 3216 in
2380 3165 2681 3234 proximam
2744 3164 2911 3218 immo
2966 3163 3118 3218 adha'
3155 3173 3336 3218 entem
3392 3163 3613 3218 domum
3683 3173 3878 3234 agente

2281 3264 2441 3311 vento
2469 3240 2806 3311 flammarum
2842 3257 2988 3328 globi
3026 3180 3362 3358 {animum
3416 3256 3569 3325 Quod
3613 3255 3708 3311 ubi
3741 3257 3877 3309 Mar-

565 3259 824 3330 quiduam
857 3259 963 3316 sibi
993 3259 1309 3326 accidisset,
1334 3258 1828 3328 taciticogitabant.
1853 3255 1960 3312 Sed
1985 3257 2172 3311 beatus
2199 3245 2247 3309 C
2281 3264 2441 3311 vento
2469 3256 2806 3311 flammarqu
2842 3257 2988 3328 globi
3026 3245 3362 3330 uerebantur.
3416 3256 3569 3325 Quod
3613 3255 3708 3311 ubi
3741 3257 3877 3309 Mar-

564 3353 646 3407 vir
672 3368 798 3408 cum
845 3353 1236 3423 comperisset,
1266 3354 1653 3424 exsequiarum
1701 3366 1825 3408 esse
1867 3350 2015 3405 illam
2063 3347 2172 3404 frc-

566 3451 846 3519 quentiam
874 3462 980 3502 non
1013 3462 1318 3516 sacrorum,
1351 3448 1562 3503 elevata
1596 3461 1812 3501 rursum
1864 3458 2048 3508 manu,
2077 3441 2172 3497 dat

568 3543 650 3598 eis
677 3541 913 3598 abeundi
955 3553 1012 3599 et
1045 3543 1267 3599 tollendi
1295 3545 1548 3615 corporis
1578 3552 1922 3614 potestatem.
1965 3540 2043 3595 Ita
2074 3555 2170 3596 eos

564 3645 767 3693 etcum
811 3636 1004 3702 voluit,
1034 3647 1180 3694 stare
1210 3639 1499 3709 compulit;
1529 3646 1584 3694 et
1631 3653 1754 3694 cum
1795 3635 1976 3702 libuit,
2016 3634 2170 3690 abire

570 3729 841 3802 permisit.

637 3821 778 3879 XIII.
832 3823 966 3880 Item
1013 3838 1136 3881 cum
1173 3826 1226 3881 in
1277 3826 1397 3883 vico
1441 3826 1679 3898 quodam
1713 3827 1972 3894 templum
2021 3822 2167 3877 anti-

565 3918 891 3989 quissimum
939 3918 1222 3989 diruisset,
1252 3929 1307 3977 et
1337 3923 1595 3977 arborem
1652 3920 1859 3991 pinum,
1893 3933 2014 3988 quze
2044 3919 2168 3972 fano

562 4022 684 4068 erat
724 4017 1001 4084 proxima,
1033 4025 1182 4072 esset
1235 4031 1494 4086 agreSsus
1537 4013 1830 4079 excidere;
1865 4021 1978 4067 tum
2035 4026 2168 4067 vero

559 4108 789 4164 antistes
819 4109 923 4164 loci
949 4109 1116 4177 illius,
1145 4120 1454 4180 carteraqne
1487 4109 1775 4178 gentilium
1808 4110 1967 4163 turba
2001 4105 2168 4177 carpit

563 4194 858 4262 obsistei'e,
905 4203 1106 4252 etcqu
1137 4197 1302 4254 iidem
1327 4196 1428 4264 illi,
1447 4197 1576 4252 dum
1599 4197 1858 4266 templum
1881 4195 2162 4259 evertitur,

561 4285 866 4360 imperante
889 4289 1118 4346 Domino
1147 4291 1506 4362 quievissent,
1536 4291 1742 4346 succidi
1773 4289 2022 4345 arborem
2055 4305 2163 4344 non

558 4381 927 4450 patiebamur.
959 4381 1053 4439 llle
1078 4398 1177 4440 eos
1217 4383 1410 4440 sedulo
1451 4397 1832 4450 commonere,
1877 4382 2014 4438 nihil
2043 4396 2164 4437 esse

559 4477 840 4549 religionis
873 4480 928 4533 in
951 4479 1134 4548 stipite
1159 4495 1172 4531 :
1213 4478 1382 4534 Deum
1412 4479 1616 4549 petius,
1644 4478 1730 4533 cui
1763 4477 1992 4532 serviret
2021 4477 2159 4545 ipse,

557 4585 964 4645 sequerentur:
995 4575 1246 4629 arborem
1298 4573 1468 4644 illam,
1494 4573 1675 4628 excidi
1722 4583 1999 4641 oportere,
2035 4570 2158 4639 quia

2275 3349 2419 3403 tinus
2447 3351 2706 3417 advertit,
2736 3350 2924 3420 rapido
2964 3349 3149 3406 coFs'tF
3165 3361 3364 3406 tectum
3413 3352 3608 3404 domus
3641 3349 3872 3414 scandit,

2273 3442 2490 3497 obvium
2522 3458 2582 3498 se
2604 3443 3024 3499 advenientibus
3045 3443 3275 3498 flammis
3301 3442 3563 3498 inferens.
3585 3442 3725 3499 Tum
3745 3457 3873 3497 vero

2276 3537 2472 3592 mirum
2515 3539 2566 3592 in
2601 3538 2816 3594 modum
2841 3555 3102 3596 cerneres
3141 3552 3330 3594 contra
3363 3541 3469 3594 vim
3517 3539 3667 3594 venti
3695 3540 3870 3610 ignem

2273 3633 2598 3703 retorqueri,
2628 3643 2683 3687 nt
2713 3635 3189 3704 compugnantium
3224 3632 3367 3686 inter
3394 3647 3452 3687 se
3473 3633 3868 3688 elementorum

2272 3726 2489 3796 quidam
2518 3727 2800 3781 conflictus
2845 3726 3142 3782 videretur.
3191 3725 3266 3780 Ita
3296 3729 3498 3780 virtute
3514 3723 3764 3808 “gemini
3799 3724 3871 3778 ibi

2273 3827 2482 3874 tantum
2527 3820 2666 3891 ignis
2714 3829 2798 3876 est
2841 3833 3121 3890 operatus,
3155 3819 3242 3873 ubi
3285 3819 3470 3890 jussus
3514 3786 3869 3922 @Eﬁco

2269 3925 2491 3977 autem,
2544 3913 2628 3969 cui
2684 3913 2982 3984 Leprosum
3050 3929 3247 3968 nomen
3307 3921 3388 3968 est
3423 3953 3438 3977 ,
3487 3911 3626 3967 cun?
3686 3911 3864 3966 itidem

2271 4007 2533 4078 templum
2595 4008 3064 4077 opulentissimum
3123 4007 3518 4077 superstitione
3588 4003 3866 4076 religionis

2267 4100 2530 4156 voluisset
2576 4111 2848 4165 evertere,
2889 4101 3087 4155 restitit
3135 4101 3183 4154 ei
3217 4097 3507 4154 multitudo
3554 4097 3859 4169 gentilium,

2267 4192 2403 4247 adeo
2463 4202 2520 4247 ut
2566 4207 2674 4247 non
2720 4191 2927 4263 absque
2978 4192 3174 4262 injuria
3220 4192 3293 4246 sit
3351 4191 3622 4261 repulsus.
3679 4191 3861 4259 Itaque

2265 4289 2490 4345 secessit
2513 4288 2581 4344 ad
2617 4290 2860 4361 proxima
2894 4290 3034 4352 loca,
3063 4289 3248 4358 ibique
3277 4303 3376 4358 per
3405 4287 3646 4343 triduum
3688 4287 3860 4343 cilicio

2267 4393 2442 4439 tectus
2467 4394 2523 4440 et
2546 4384 2755 4453 cinere,
2782 4384 3038 4455 jejunans
3064 4399 3282 4451 semper
3311 4392 3470 4453 atque
3504 4398 3694 4450 orans,
3743 4397 3860 4452 pre-

2264 4478 2488 4533 cabatur
2517 4493 2544 4530 a
2573 4478 2828 4544 Domino,
2861 4489 2936 4543 ut,
2969 4479 3094 4549 quia
3125 4478 3382 4547 templum
3433 4477 3564 4532 illud
3610 4486 3861 4533 evertere

2265 4568 2498 4623 humana
2529 4585 2721 4625 manus
2767 4585 2873 4625 non
2935 4571 3223 4641 potuisset,
3271 4570 3447 4625 virtus
3498 4569 3629 4624 illud
3682 4570 3859 4624 divina

557 4644 704 4723 esset
733 4667 972 4722 daemoni
1009 4667 1278 4723 dedicata.
1312 4667 1450 4722 Tum
1480 4683 1547 4722 ex
1578 4667 1685 4723 illis
1711 4683 1872 4732 unus,
1900 4669 1992 4738 qtti
2041 4672 2162 4721 erat
2187 4644 2241 4704 D
2266 4664 2525 4719 dirueret.
2574 4663 2710 4719 Tmn
2749 4665 2930 4721 subito
2977 4665 3024 4721 ei
3057 4665 3166 4720 duo
3215 4663 3393 4734 angeli
3448 4661 3650 4718 hastati
3703 4673 3858 4733 atque

553 4758 816 4815 audacior
844 4761 1089 4816 caneris:
1123 4758 1182 4817 Si
1218 4760 1406 4826 habes,
1443 4760 1638 4831 inquit,
1672 4761 1906 4831 aliquam
1949 4760 2017 4815 de
2050 4761 2160 4815 Deo

558 4861 674 4921 tuo,
709 4869 874 4925 quem
902 4853 1039 4909 dicis
1061 4865 1114 4910 te
1143 4855 1350 4922 colere,
1377 4854 1655 4923 fiduciam,
1687 4856 2004 4927 nosmetipsi
2036 4871 2160 4912 suc-

554 4949 802 5006 cidemus
831 4951 973 5005 hanc
1018 4949 1294 5016 arborem,
1331 4959 1385 5004 tu
1415 4961 1667 5005 ruentem
1703 4951 1892 5022 excipe
1921 4969 1935 5007 :
1968 4961 2055 5020 et,
2111 4951 2159 5007 si

557 5053 739 5100 tecum
770 5051 855 5100 est
887 5052 1035 5112 tuus,
1070 5052 1126 5098 ut
1156 5044 1315 5110 dicis,
1347 5044 1631 5110 Dominus,
1659 5045 1876 5101 evades.
1903 5045 2040 5100 Tum
2070 5046 2159 5102 ille

557 5136 835 5210 intrepide
863 5139 1100 5194 confisus
1121 5139 1171 5191 in
1190 5137 1444 5205 Domino,
1467 5137 1734 5193 facturum
1756 5154 1814 5194 se
1841 5140 2149 5209 pollicetur.

551 5231 654 5288 Hic
695 5247 825 5288 vero
855 5232 921 5288 ad
949 5232 1252 5289 istiusmodi
1280 5232 1648 5290 conditionem
1677 5234 1857 5289 omnis
1897 5235 1984 5289 illa
2024 5251 2151 5305 gen-

548 5325 727 5383 tilium
779 5327 934 5382 turba
1004 5329 1324 5385 consensit:
1384 5327 1710 5399 facilemque
1767 5328 1978 5385 arboris
2040 5344 2151 5384 sua:

550 5419 798 5478 habuere
836 5421 1133 5492 jacturam,
1192 5425 1236 5477 si
1285 5422 1562 5478 inimicum
1612 5438 1889 5479 sacrormn
1928 5439 2150 5480 suormn

548 5528 680 5570 casu
709 5514 858 5570 illius
889 5514 1223 5570 ohruissenl.
1259 5515 1445 5585 Itaque
1488 5530 1609 5570 cum
1642 5533 1804 5573 unam
1838 5518 1890 5572 in
1940 5526 2150 5588 partem

546 5605 708 5681 pinus
738 5608 832 5664 illa
857 5617 1006 5664 esset
1027 5608 1272 5672 acclinis,
1305 5619 1365 5664 ut
1394 5625 1499 5664 non
1537 5621 1681 5665 esset
1714 5611 1962 5677 dubium,
1987 5626 2147 5681 qnam

541 5704 597 5761 in
630 5714 841 5776 partem
868 5703 1079 5760 succisa
1100 5715 1406 5770 corrueret;
1431 5719 1500 5761 eo
1521 5705 1639 5760 loco
1657 5705 1869 5760 vinctus
1891 5706 2150 5761 statuitur

545 5813 646 5869 pro
675 5797 907 5856 arbittio
940 5800 1294 5864 rusticorum,
1329 5816 1438 5869 quo
1461 5799 1714 5854 arborem
1758 5815 1879 5856 esse
1901 5814 2148 5856 casuram

541 5904 704 5948 nemo
749 5892 1054 5952 dubi'abat.
1090 5892 1384 5952 Succidere
1411 5892 1576 5967 igitur
1628 5893 1730 5966 ipsi
1776 5909 1929 5950 suam
1960 5895 2148 5964 pinum

2265 4758 2458 4812 scntati
2483 4757 2655 4813 instar
2674 4758 2879 4814 militiae
2895 4758 3132 4814 caelestis
3149 4774 3207 4812 se
3225 4757 3559 4826 obtulerunt,
3579 4757 3820 4814 dicentes
3843 4772 3856 4811 :

2267 4853 2460 4909 missos
2491 4869 2550 4909 se
2571 4870 2602 4910 a
2628 4853 2880 4921 Domino,
2906 4861 2963 4908 ut
2993 4854 3246 4908 rusticam
3278 4851 3684 4908 multitudinem
3719 4853 3857 4922 fuga-

2266 4955 2410 5012 rent,
2440 4947 2873 5019 prazsidiumque
2903 4946 3136 5003 Martino
3173 4946 3405 5009 ferrent,
3445 4960 3516 5000 ne
3552 4944 3702 5016 quis,
3737 4943 3856 4999 dum

2266 5043 2522 5113 templum
2567 5042 2897 5110 dirueretur,
2950 5041 3275 5097 obsisteret:
3334 5039 3543 5096 rediret
3595 5054 3757 5110 ergo,
3805 5048 3855 5092 et

2260 5153 2398 5209 Opus
2447 5149 2687 5210 coeptum
2739 5138 2970 5194 devotus
3028 5137 3302 5207 impleret.
3336 5134 3410 5190 Ita
3445 5149 3736 5205 regressus
3791 5133 3853 5188 ad

2259 5233 2940 5307 vicum,(inspectantibus
2960 5231 3246 5302 gentilium
3285 5229 3463 5284 turbis
3490 5239 3542 5284 et
3566 5230 3854 5300 quiescenv

2259 5329 2422 5396 libus,
2453 5328 2580 5382 dum
2616 5325 2892 5394 profanam
2921 5324 3095 5379 {edem
3125 5337 3298 5393 usque
3327 5321 3392 5376 ad
3437 5321 3850 5376 fundamentum

2256 5424 2537 5492 dirueret)
2587 5435 2709 5475 aras
2761 5435 2953 5474 omnes
2994 5429 3158 5488 atque
3195 5417 3491 5473 simulacra
3541 5415 3754 5487 redegit
3800 5414 3849 5469 in

2258 5519 2563 5589 pulverem.
2593 5514 2712 5583 Quo
2761 5512 2879 5567 viso
2930 5511 3149 5580 ruSIici,
3190 5528 3315 5568 cum
3364 5527 3423 5567 se
3480 5511 3850 5584 intelligerent

2253 5610 2442 5666 divino
2492 5617 2629 5663 nutu
2678 5605 3086 5676 obstupefactos
3140 5617 3304 5678 atque
3365 5606 3712 5677 perterritos,
3786 5618 3849 5658 nc

2253 5704 2513 5774 episcopo
2531 5711 2919 5771 repugnarent,
2939 5717 3127 5758 omnes
3152 5699 3264 5757 fere
3280 5701 3333 5757 in
3350 5701 3540 5758 Iesum
3563 5699 3845 5756 Dominum

2253 5796 2630 5861 crediderunt,
2659 5795 2958 5852 clamantes
2992 5796 3167 5865 palam
3195 5805 3246 5850 et
3273 5794 3632 5859 confitentes,
3679 5793 3845 5848 Deum

2253 5890 2472 5948 Martini
2493 5888 2807 5955 colendum,
2835 5888 2974 5946 idola
3001 5887 3352 5961 negligenda,
3375 5903 3499 5960 qua:
3530 5887 3636 5945 sibi
3660 5887 3849 5945 adesse
