4106 6344
159 298 248 358 169

159 523 256 569 tum
270 515 364 581 sit,
391 514 681 572 referam.
710 517 813 575 Ubi
837 519 964 574 dum
990 521 1251 591 templum
1275 523 1462 576 itidem
1484 533 1788 591 everteret,

158 609 324 664 furens
337 612 660 681 gentilium
688 615 1026 670 rusticorum
1044 617 1096 670 in
1112 632 1234 672 eum
1265 617 1431 672 irruit
1456 619 1787 684 multitudo;

159 717 378 775 cumque
402 721 564 762 unus
589 707 868 764 audacior
896 710 1111 766 caeteris
1133 711 1325 767 Stricto
1347 726 1470 767 eum
1495 712 1685 782 gladio
1703 729 1792 782 pe-

161 798 546 869 teret,rejecto
575 801 754 872 pallio
786 803 984 858 nudam
1003 805 1277 860 cervicem
1314 806 1630 874 percuSsori
1653 821 1792 876 prae-

159 893 282 948 buit:
300 908 406 949 nec
431 904 756 952 cunctatus
770 895 940 953 ferire
956 898 1207 969 gentilis;
1231 898 1330 954 sed
1358 915 1478 953 cum
1503 899 1790 954 dexteram

158 985 298 1041 altius
312 988 664 1051 exmlisset.
690 991 986 1061 resupinus
1015 993 1676 1063 rnjchonsternatusque
1709 993 1792 1047 di-

157 1082 270 1137 vino
284 1093 471 1149 metu,
489 1087 732 1140 veniam
749 1082 1102 1156 precabatuk
1122 1086 1511 1142 Necdissimile
1535 1088 1665 1143 huic
1693 1087 1794 1144 fuit

511 383 514 385 _
1210 308 1302 367 ne
1341 269 1505 369 vrri
1553 312 1614 368 Β.
1658 311 1949 372 MARTINI
1990 315 2200 374 uasa
2237 319 2447 380 unus.

159 434 249 475 non
269 423 918 516 possen_t.——XV.Quid
933 425 1166 482 etiamin
1185 429 1784 502 pagoAZduorumges-
1811 438 1860 498 Α
1892 434 2050 490 batur
2077 435 2121 509 ).
2147 435 2397 508 Spondet
2420 440 2584 511 igitur
2613 456 2695 510 se,
2715 442 2847 499 side
2878 459 3049 516 puero
3065 449 3282 507 daemon
3314 452 3516 511 fuisset

3401 339 3506 395 170

1895 540 2140 596 exactus,
2191 531 2556 590 christianum
2612 536 2752 592 fore.
2813 541 2887 594 Ita
2931 542 3196 601 Martinus
3249 548 3511 619 imposita

1894 638 2055 678 manu
2089 641 2286 693 puero,
2316 626 2655 684 immundum
2685 633 2756 685 ab
2797 649 2864 690 eo
2891 636 3141 706 spiritum
3175 639 3366 709 ejecit:
3401 658 3512 712 quo

1895 714 2010 768 viso
2037 714 2329 773 Tetradius
2356 718 2649 776 Dominum
2673 722 2861 779 Jesum
2911 727 3180 794 credidit;
3213 732 3517 801 statimque

1893 808 2320 865 catechumenos
2341 810 2544 878 factus,
2575 829 2676 870 nec
2709 817 2883 872 multo
2913 830 3035 889 post
3065 821 3373 890 baptizatus
3401 832 3512 893 est,

1894 914 2223 970 semperque
2263 903 2554 959 Martinmn
2615 908 2814 964 salutis
2872 927 2987 967 sua:
3032 921 3317 970 auctorem
3372 919 3515 973 miro

1893 991 2312 1050 eoluitaffectu.
2348 995 2454 1051 Per
2495 997 2636 1053 idem
2690 1011 2906 1072 tempus
2961 1004 3014 1059 in
3067 1006 3262 1062 eodem
3310 1009 3514 1078 oppido

1895 1083 2178 1154 ingressus
2202 1087 2614 1156 patrisfamilias
2645 1093 2932 1163 cujusdam
2959 1096 3208 1164 domum,
3235 1101 3288 1154 in
3323 1101 3518 1158 limine

158 1174 511 1257 illudwcum
553 1193 688 1232 eum
725 1177 870 1234 idola
910 1174 1282 1235 destru‘éﬁ'tem
1333 1180 1516 1235 cultro
1565 1180 1790 1250 quidam
1857 1174 2018 1258 gipso
2045 1180 2270 1246 restitit,
2323 1181 2540 1237 dicens:
2587 1183 2856 1243 horribile
2885 1189 2939 1242 in
2973 1192 3114 1244 atrio
3158 1193 3356 1250 domus
3399 1195 3517 1252 ἀίε-

159 1270 306 1328 ferire
335 1273 656 1340 voluisset,
695 1276 750 1328 in
785 1277 904 1345 ipso
953 1276 1062 1330 ictu
1093 1275 1299 1330 [ει-,ωη
1341 1275 1389 1329 εί
1413 1274 1482 1331 de
1534 1258 1876 1357 manibusfls
1897 1270 2140 1324 monium
2174 1288 2234 1328 se
2263 1275 2469 1330 videre.
2500 1275 2601 1331 Cui
2630 1293 2756 1334 cum
2779 1291 2833 1334 ut
2854 1281 3166 1340 discederet
3196 1288 3518 1357 imperaret,

161 1383 444 1424 excussum
481 1385 602 1424 non
630 1369 966 1439 comparuit.
1001 1368 1328 1439 Plerumque
1363 1378 1542 1423 autem
1571 1351 1866 1450 contra-\F}
1895 1366 2188 1435 quemdam
2230 1384 2260 1424 e
2289 1369 2519 1439 familia,
2550 1376 2642 1442 qui
2697 1377 2750 1430 in
2807 1377 3069 1436 interiore
3127 1351 3286 1452 parte
3315 1351 3516 1442 mdium

160 1461 468 1516 dicentibus
500 1461 619 1517 sibi
649 1463 898 1526 rusticis,
926 1463 1168 1550 neﬁfana
1211 1477 1406 1546 eorum
1451 1461 1789 1529 destrueret,
1897 1461 2237 1528 morabatur,
2269 1466 2521 1535 arripuit.
2551 1467 2762 1525 Saevire
2808 1473 3066 1530 dentibus
3108 1443 3278 1534 miser
3324 1481 3516 1551 ccepit,

159 1554 224 1612 ita
250 1557 670 1628 praedicatione
692 1565 882 1612 sancta
916 1549 1208 1627 gentilium
1235 1558 1450 1611 animos
1477 1549 1953 1627 mitigabat,v".\,et
1997 1553 2189 1608 obvios
2249 1571 2624 1629 quoscumque
2667 1559 2898 1618 laniare.
2948 1564 3234 1623 Commota
3293 1549 3516 1640 dttntusi

165 1660 216 1704 ut
251 1650 367 1705 luce
430 1649 522 1719 ejs
551 1650 816 1705 veritatis
845 1659 1090 1715 ostensa,
1120 1649 1221 1719 ipsi
1278 1663 1374 1704 sua
1424 1648 1628 1719 templa
1661 1649 1794 1703 sub-

1895 1643 2106 1699 familia
2135 1648 2374 1714 turbata,
2403 1655 2633 1721 pepulus
2675 1654 2729 1708 in
2773 1654 2954 1726 fugam
2987 1675 3209 1717 versus.
3251 1663 3522 1725 Martinus

1898 1751 1959 1791 se
1993 1739 2197 1794 furenti
2225 1741 2447 1811 objecit,
2473 1759 2537 1798 ac
2568 1744 2805 1814 primum
2845 1759 2991 1806 stare
3032 1753 3080 1806 ei
3131 1753 3388 1823 imperat;
3422 1758 3520 1814 sed

159 1808 362 1910 ml.
384 1808 790 1892 mntionum
845 1850 979 1890 vero
1029 1844 1138 1889 tam
1169 1843 1364 1904 potens
1417 1835 1469 1888 in
1500 1850 1568 1888 eo
1612 1833 1790 1904 gratia
1823 1846 1872 1906 Β
1898 1841 2021 1883 cum
2050 1831 2308 1886 dentibus
2341 1835 2622 1901 fremeret,
2649 1837 2929 1910 hiantique
2951 1857 3047 1897 ore
3072 1808 3316 1901 morsum
3348 1808 3523 1904 mina:

171 1941 294 1998 erat,
322 1940 382 1986 ut
411 1930 613 1985 nullus
643 1929 766 1985 fere
801 1929 868 1983 ad
896 1945 1019 1984 eum
1069 1937 1308 1999 aegrotus
1350 1929 1675 1994 accesserit,
1704 1928 1800 1998 qui

170 2042 262 2081 non
291 2027 573 2081 continuo
609 2023 1241 2096 reccperimeatem:
1271 2020 1416 2092 quod
1453 2021 1537 2076 vel
1560 2037 1629 2076 ex
1661 2035 1797 2075 Con-

169 2118 408 2189 sequenti
437 2117 694 2189 liquebit
730 2104 1297 2204 exemwreveris
1339 2115 1518 2186 puella
1548 2113 1800 2184 quiedam

170 2211 274 2269 dira
304 2213 594 2285 paralysis
628 2210 972 2282 mgritudine
1001 2212 1314 2274 tenebatur,
1366 2212 1444 2265 ita
1478 2210 1670 2280 utjam
1704 2224 1801 2279 per

175 2306 392 2360 multum
427 2315 665 2374 tempus
713 2304 868 2358 nullo
911 2303 978 2357 ad
1035 2301 1316 2357 humanos
1368 2317 1498 2356 usus
1550 2302 1802 2372 corporis

177 2399 342 2456 ofﬁcio
383 2401 762 2470 fungeretur:
817 2398 969 2452 omni
998 2413 1066 2453 ex
1120 2406 1277 2466 parte
1325 2405 1681 2466 praemortua,
1711 2394 1803 2450 vix

185 2497 318 2553 tenui
377 2498 585 2566 Spiritu
649 2493 980 2566 palpitabat.
1015 2492 1222 2548 Tristes
1276 2493 1342 2546 ad
1372 2493 1547 2547 solam
1595 2489 1802 2546 funeris

185 2592 648 2662 exspectationem
698 2587 1038 2643 assistebant
1082 2586 1398 2658 propinqui,
1443 2603 1569 2641 cum
1617 2585 1804 2641 subito

188 2686 454 2738 nuntiatur
511 2683 584 2738 ad
637 2683 927 2736 civitatem
991 2679 1141 2734 illam
1195 2681 1420 2734 venisse
1483 2678 1800 2733 Martinum.

185 2777 326 2846 Quod
355 2777 451 2832 ubi
481 2784 651 2848 pater
675 2775 873 2845 puella:
903 2773 1191 2841 comperit,
1219 2773 1466 2828 cucurrit
1511 2771 1802 2836 exanimis,

183 2887 284 2942 pro
306 2871 413 2926 filia
444 2867 857 2942 rogaturus.Et
887 2865 1032 2922 forte
1059 2865 1324 2920 Martinus
1357 2865 1470 2936 jam
1500 2865 1804 2921 Ecclesiam

185 2966 357 3021 fuerat
399 2967 720 3036 ingressus.
757 2961 833 3017 Ibi
877 2963 1226 3032 inspectante
1273 2961 1477 3031 populo
1514 2960 1808 3027 multisque

188 3059 308 3113 aliis
336 3058 616 3128 episc0pis
676 3056 1084 3126 praesentibus,
1140 3055 1355 3125 ejulans
1403 3070 1572 3109 senex
1624 3069 1804 3125 genua

186 3153 301 3221 ejus
327 3152 695 3222 amplectitur
730 3190 748 3217 ,
773 3148 996 3205 dicens:
1028 3147 1168 3204 Filia
1193 3164 1311 3203 mea
1337 3148 1572 3202 moritur
1599 3147 1806 3202 misero

1903 1934 2079 1991 retur,
2109 1923 2314 1996 digitos
2351 1929 2402 1983 ei
2446 1929 2713 1986 Martinus
2739 1932 2793 1986 in
2826 1949 2889 1988 os
2940 1935 3159 1991 intulit:
3211 1939 3269 1995 Si
3326 1941 3520 2012 habes,

1902 2019 2102 2087 inquit,
2135 2022 2339 2091 aliquid
2371 2026 2685 2092 potestatis,
2717 2026 2819 2081 hos
2851 2027 3076 2085 devora.
3109 2030 3249 2088 Tum
3277 2050 3429 2103 vero,
3457 2052 3520 2094 ac

1902 2114 1950 2168 si
1971 2113 2213 2168 candens
2244 2115 2447 2168 ferrum
2477 2114 2727 2172 faucibus
2769 2123 3097 2190 accepisset,
3128 2127 3286 2196 Iunge
3316 2129 3520 2185 reduc-

1905 2207 1973 2260 tis
2001 2207 2257 2261 dentibus
2283 2208 2490 2278 digitos
2537 2209 2678 2263 beati
2715 2211 2816 2266 viri
2845 2215 3053 2270 vitabat
3106 2220 3412 2290 attingere:
3466 2231 3523 2279 et

1903 2313 2027 2354 cum
2057 2299 2245 2369 fugere
2267 2300 2338 2354 de
2366 2301 2600 2356 obsesso
2622 2316 2855 2373 corpore
2886 2309 3062 2376 ptenis
3098 2319 3153 2364 et
3181 2314 3521 2368 Cruciatibus

1904 2403 2221 2464 cogeretur,
2258 2407 2362 2448 nec
2385 2400 2567 2448 tamen
2599 2397 2752 2451 exire
2781 2396 2830 2451 ei
2876 2414 2972 2467 per
3012 2415 3072 2455 os
3102 2403 3313 2472 liceret,
3370 2405 3519 2462 foeda

1905 2486 2229 2556 relinquens
2259 2485 2500 2555 vestigia
2533 2485 2688 2542 ﬂuxu
2713 2494 2917 2546 ventris
2941 2504 3161 2562 egestus
3198 2508 3300 2552 est.

1976 2579 2166 2635 XVIII.
2210 2580 2430 2634 Interea
2461 2595 2586 2636 cum
2627 2583 2692 2638 de
2722 2593 2873 2640 motu
2929 2595 3090 2659 atque
3140 2591 3344 2662 impetu
3385 2595 3522 2652 Bar-

1906 2675 2162 2731 barorum
2215 2675 2396 2730 subita
2451 2675 2725 2732 civitatein
2766 2679 2910 2736 fama
2962 2686 3258 2755 turbasset,
3309 2688 3517 2747 daemo-

1907 2769 2123 2823 niacum
2155 2768 2221 2824 ad
2247 2782 2308 2824 se
2331 2769 2582 2824 exhiberi
2619 2772 2770 2840 jubet
2809 2791 2822 2827 :
2857 2776 3092 2846 imperat
3119 2791 3196 2846 ut,
3234 2798 3299 2837 an
3353 2801 3524 2845 verus

1905 2873 2050 2917 esset
2077 2861 2166 2917 hic
2193 2861 2442 2929 nuntius,
2467 2861 2750 2921 fateretur.
2797 2868 2950 2925 Tunc
2984 2873 3269 2930 confessus
3303 2888 3409 2944 cst,
3458 2896 3518 2937 se

1908 2955 2103 3012 decem
2127 2956 2406 3010 dmmones
2431 2957 2619 3024 fuisse,
2643 2962 2733 3029 qui
2758 2978 3031 3021 rumorem
3057 2967 3203 3024 hunc
3227 2987 3323 3041 per
3348 2989 3523 3044 popu-

1909 3051 2021 3105 lum
2075 3050 2554 3119 disseminassent,
2613 3063 2670 3107 ut
2703 3054 2805 3110 hoc
2857 3059 3050 3116 saltem
3101 3075 3244 3119 metu
3301 3082 3368 3120 ex
3421 3068 3521 3125 illo

1912 3143 2175 3198 Martinus
2221 3143 2423 3212 oppido
2460 3143 2768 3215 fugaretur:
2836 3149 3107 3209 Barbaros
3149 3156 3283 3210 nihil
3339 3160 3520 3216 minus

183 3262 375 3317 genere
406 3246 735 3318 languoris,
798 3252 854 3300 et
877 3247 1020 3313 quod
1049 3243 1170 3313 ipsa
1199 3253 1284 3299 est
1307 3253 1482 3298 morte
1504 3241 1802 3306 crudelius,
1833 3244 1878 3307 (ζ
1912 3253 2075 3306 quam
2103 3238 2465 3306 irruptionem
2493 3239 2754 3310 cogitare.
2787 3242 2860 3296 Ita
2885 3259 3009 3300 eum
3053 3247 3170 3303 haec
3203 3251 3518 3309 immundus

185 3341 295 3395 solo
316 3343 519 3409 spiritu
541 3339 706 3400 vivit,
729 3337 843 3408 jam
859 3353 1027 3393 carne
1043 3347 1407 3406 praemortua;
1438 3351 1570 3408 rogo
1599 3343 1660 3390 ut
1683 3350 1803 3391 eam

187 3436 365 3504 adeas,
426 3447 601 3507 atque
655 3432 986 3498 benedicas,
1013 3431 1232 3489 confido
1262 3434 1408 3487 enim
1442 3431 1588 3503 quod
1619 3446 1715 3502 per
1753 3441 1806 3487 te

188 3529 462 3586 reddenda
494 3528 569 3584 sit
599 3527 851 3582 sanitati.
881 3525 997 3593 Qua
1032 3525 1126 3580 ille
1167 3540 1300 3581 voce
1323 3524 1588 3580 confusus
1617 3523 1808 3578 obstu—

191 3633 321 3696 pttit,
349 3635 406 3682 et
426 3625 639 3695 refugit
671 3622 896 3677 dicens:
950 3620 1062 3675 Iloc
1091 3635 1202 3675 sua:
1245 3634 1356 3675 non
1386 3634 1509 3674 esse
1551 3618 1803 3684 virtutis;

190 3732 369 3774 senem
402 3732 603 3773 errare
626 3713 872 3787 judicio;
900 3727 1006 3768 non
1027 3727 1149 3768 esse
1171 3728 1230 3766 se
1253 3712 1500 3783 dignum,
1529 3726 1625 3780 per
1641 3725 1804 3780 quem

193 3810 457 3866 Dominus
486 3809 715 3881 signum
748 3807 968 3862 virtutis
997 3805 1334 3861 ostenderet.
1366 3804 1618 3859 Perstare
1643 3803 1808 3858 velte-

196 3909 429 3961 mentius
452 3905 598 3960 lIens
625 3911 814 3973 pater,
845 3911 902 3957 et
929 3915 1087 3955 orare
1115 3909 1172 3954 ut
1201 3900 1507 3954 exanimem
1533 3896 1804 3951 visitaret.

194 4001 479 4058 Postremo
502 4017 530 4052 a
564 3995 1058 4055 circumstantibus
1079 3994 1354 4064 episcopis
1383 3993 1466 4048 ire
1488 3990 1807 4061 compulsus

197 4095 482 4152 descendit
511 4093 582 4148 ad
613 4091 840 4147 domum
871 4089 1086 4160 puellae.
1136 4088 1333 4158 Ingens
1365 4084 1518 4140 turba
1549 4098 1647 4155 pro
1678 4085 1810 4139 fori-

200 4189 296 4244 bus
323 4186 693 4260 exspectabat
725 4183 984 4256 qniduam
1018 4184 1110 4238 Dei
1142 4196 1334 4237 servus
1363 4188 1512 4236 esset
1541 4179 1805 4234 faeturus.

199 4280 274 4338 Ac
295 4284 564 4352 primum,
587 4293 716 4350 quae
745 4285 904 4332 erant
925 4277 1070 4332 illius
1098 4275 1379 4330 familiaria
1412 4276 1468 4329 in
1496 4272 1812 4329 istiusmodi

202 4380 361 4430 rebus
392 4389 549 4431 arma
586 4415 603 4441 ,
638 4371 762 4426 solo
785 4378 1094 4440 prostratus
1119 4368 1334 4434 oravit;
1377 4367 1577 4423 deinde
1608 4380 1806 4436 aegram

205 4467 422 4524 intuens
452 4468 580 4522 dari
611 4464 715 4521 sibi
742 4464 922 4518 oleum
969 4463 1242 4533 postulat;
1275 4459 1420 4532 quod
1467 4475 1589 4514 cum
1639 4458 1809 4513 bene-

204 4560 456 4626 dixisset,
491 4561 544 4615 in
580 4573 646 4613 os
679 4557 876 4628 puellae
931 4556 1038 4610 vim
1071 4556 1244 4611 sancti
1302 4552 1533 4624 liquoris
1583 4554 1804 4620 inludit,

1907 3332 2139 3403 spiritus
2187 3331 2364 3385 media
2389 3332 2442 3385 in
2485 3333 2720 3388 ecclesia
2750 3334 3032 3405 fateretur,
3067 3353 3211 3397 metu
3251 3355 3306 3400 et
3340 3346 3523 3402 tutba-

1909 3427 2060 3479 tione
2110 3424 2362 3494 prtesenti
2394 3423 2587 3481 civitas
2641 3427 2871 3484 liberata
2914 3443 3018 3486 est.
3066 3433 3222 3505 Apud
3277 3437 3521 3495 Parisios

1905 3532 2067 3582 vero,
2095 3515 2222 3570 dum
2263 3527 2470 3584 portam
2500 3519 2739 3574 civitatis
2768 3521 2916 3576 illius
2938 3527 3151 3596 magnis
3178 3543 3368 3584 secum
3405 3541 3518 3586 tur-

1908 3609 1992 3665 bis
2038 3608 2294 3664 euntibus
2342 3611 2616 3678 introiret,
2674 3613 2952 3682 leprosum
3006 3622 3314 3676 miserabili
3379 3623 3518 3680 facie

1908 3701 2260 3757 horrentibus
2296 3706 2510 3756 cunctis
2542 3705 2823 3760 osculatus
2869 3717 2956 3763 est
2999 3720 3162 3781 atque
3192 3713 3514 3770 benedixit:

1907 3795 2204 3864 Statimque
2251 3796 2396 3848 omni
2439 3795 2582 3850 malo
2623 3797 2975 3867 emundatus,
3036 3815 3258 3872 postero
3301 3806 3393 3863 die
3450 3809 3516 3864 ad

1909 3891 2199 3946 ecclesiam
2231 3889 2456 3945 veniens
2487 3892 2683 3968 nitenti
2711 3903 2860 3960 cute,
2895 3898 3099 3966 gratias
3145 3915 3243 3968 pro
3273 3904 3516 3959 sanitate

1909 4000 2073 4055 quam
2106 3994 2405 4053 receperat,
2436 3965 3049 4131 agebat.Enec.boe
3075 3965 3515 4060 prastereundum

1911 4089 2020 4131 est.
2049 4077 2191 4131 uttod
2226 4076 2455 4130 [imbrice
2485 4079 2747 4131 vestimen
2773 4095 2833 4131 ξε
2856 4080 2976 4131 eius
2990 4082 3277 4131 clltcimllm
3299 4089 3515 4131 dett-up-

1911 4089 2020 4140 est,
2049 4077 2191 4148 qttod
2226 4076 2455 4130 fimbriae
2485 4076 2833 4133 vestiInE‘nTts
2856 4080 2976 4149 ejus
2990 4082 3277 4154 cilicioque
3299 4089 3520 4143 deti-ac-

1912 4170 2256 4243 tkcrebras
2277 4184 2443 4238 super
2469 4170 2872 4226 infirmantibus
2896 4159 3056 4245 egere
3084 4179 3512 4237 virtutes‘fnam

1895 4262 2238 4364 “digit-is
2289 4263 2532 4364 illigata,
2565 4273 2659 4364 an)
2705 4265 2849 4320 eollo
2904 4267 3091 4364 inditre
3155 4287 3398 4344 pesszepe
3445 4278 3514 4332 ab

1913 4355 2312 4427 aegrotantibus
2332 4357 2552 4410 morbos
2577 4355 2970 4428 eﬂugavcrunt.

1987 4448 2127 4504 .\IX.
2168 4447 2430 4504 Arborius
2453 4431 2659 4516 autem,
2689 4453 2771 4504 vir
2793 4431 3190 4522 prmerius,
3216 4461 3387 4514 sancti
3417 4463 3516 4516 ad-

1914 4543 2132 4599 modum
2159 4553 2214 4596 et
2244 4543 2419 4597 Iidelis
2450 4543 2674 4614 ingenii,
2705 4560 2829 4600 cum
2873 4547 2978 4601 filia
3022 4549 3141 4619 ejus
3169 4555 3512 4622 gravissimis

204 4655 492 4724 smul"tu
548 4666 660 4705 vox
691 4650 902 4705 reddi“,
933 4657 1038 4704 est.
1086 4647 1238 4703 Tunc
1293 4647 1550 4717 paulatim
1601 4647 1810 4717 singula
1840 4639 1892 4698 D
1918 4641 2196 4708 quartanis
2228 4635 2472 4693 febribus
2510 4651 2780 4706 ureretur,
2813 4639 3096 4710 epistolam
3135 4645 3348 4702 Martini
3390 4666 3513 4720 qua:

204 4759 455 4802 contactu
481 4748 603 4816 ejus
625 4753 911 4811 cmpernnt
940 4743 1179 4798 membra
1204 4743 1493 4809 viviscere,
1514 4743 1692 4798 dOnec
1720 4745 1814 4798 lir-

204 4846 364 4895 matis
393 4840 706 4909 gressibus,
740 4838 936 4907 populo
965 4844 1128 4902 teste,
1155 4835 1426 4890 surrexit.

277 4933 438 4990 XVII.
487 4933 698 5000 Eodem
730 4942 981 5002 tempore
1008 4929 1248 4986 Tetradii
1279 4929 1559 4999 cujusdam
1582 4945 1813 4999 prociin-

207 5027 400 5080 solaris
431 5027 532 5081 viri
563 5039 762 5081 servus
787 5024 1061 5080 daemonio
1081 5032 1369 5093 Corruptus
1394 5023 1633 5079 dolendo
1661 5024 1813 5078 exitu

207 5121 573 5176 cruciabatur.
630 5118 872 5186 Rogatus
918 5133 1049 5188 ergo
1095 5118 1379 5183 Martinus,
1421 5128 1476 5170 ttt
1511 5118 1561 5171 ei
1594 5133 1811 5171 manum

207 5209 532 5278 imponeret,
583 5209 778 5266 deduci
839 5227 960 5264 enin
989 5210 1055 5264 ad
1097 5226 1157 5265 se
1197 5212 1373 5278 jubet;
1428 5211 1523 5264 sed
1583 5227 1811 5281 nequam

209 5305 430 5372 spiritus
489 5304 649 5360 nullo
683 5303 908 5373 proferri
951 5305 1114 5357 modo
1153 5319 1216 5357 ex
1260 5303 1398 5358 celia
1453 5306 1640 5372 inqua
1695 5313 1816 5357 erat

209 5403 418 5467 potuit:
445 5402 520 5455 ita
555 5403 608 5454 in
639 5398 998 5454 advenientes
1019 5397 1229 5452 rabidis
1256 5397 1508 5451 dentibus
1531 5399 1812 5452 εει-νῖνὺτη.

211 5490 348 5550 Tum
374 5495 668 5551 Tetradius
685 5494 749 5548 ad
776 5507 949 5563 genua
979 5492 1122 5548 beati
1155 5490 1257 5545 viri
1294 5491 1602 5545 advolwtttr
1626 5505 1809 5554 orans,

213 5600 272 5640 Ut
313 5590 376 5643 ad
405 5591 654 5653 domum,
689 5587 743 5641 in
785 5601 887 5657 qua
925 5586 1296 5641 dacmoniacus
1329 5584 1652 5649 habebatur,
1695 5586 1812 5649 ipse

213 5677 594 5739 descenderet.
624 5680 761 5736 Tum
793 5695 925 5735 vero
963 5679 1224 5733 Martinus
1256 5694 1475 5748 negare,
1510 5695 1568 5732 se
1599 5677 1810 5749 profani

217 5782 277 5828 et
303 5776 517 5844 gentilis
571 5774 797 5830 domum
841 5774 993 5828 adire
1031 5787 1190 5843 posse
1218 5771 1236 5837 ί
1266 5787 1386 5824 nam
1417 5770 1703 5824 'I‘ctiadtus
1749 5783 1814 5824 eo

220 5875 462 5939 tempore
491 5867 672 5924 adhuc
715 5867 1036 5938 gentilitatis
1087 5881 1274 5922 errore
1321 5863 1617 5933 implicitus
1669 5873 1817 5920 tene-

499 5965 786 6026 ΡΑτιιοι.
832 5961 980 6024 ΧΧ.

1913 4747 2042 4788 casu
2082 4732 2146 4785 ad
2182 4747 2306 4787 eum
2347 4732 2526 4787 delata
2562 4734 2757 4798 fuerat,
2806 4736 3016 4804 pectori
3057 4739 3251 4808 puella:
3294 4745 3347 4796 in
3396 4746 3514 4814 ipso

1915 4839 2140 4880 accessu
2169 4823 2652 4888 ardorisinsernit,
2683 4827 2977 4898 statimque
3000 4832 3176 4899 lugata
3209 4833 3372 4888 febris
3404 4847 3516 4896 est.

1915 4918 2044 4986 Quzr.
2075 4933 2161 4973 res
2189 4918 2329 4985 apud
2360 4918 2652 4973 Arboriutn
2687 4920 2739 4973 in
2771 4929 2978 4977 tantum
3010 4926 3196 4994 valuit,
3231 4938 3288 4982 ut
3325 4933 3509 4988 statim

1916 5011 2149 5080 puellam
2181 5010 2290 5065 Deo
2323 5015 2550 5073 voverit,
2583 5020 2637 5066 et
2663 5025 2938 5081 perpetuae
2961 5017 3254 5086 virginitati
3283 5022 3511 5092 diearit;

1917 5105 2301 5176 profectu-sque
2327 5110 2392 5158 ad
2421 5104 2730 5171 Martinum,
2764 5109 2997 5177 puellam
3029 5116 3102 5178 ei,
3137 5130 3378 5183 prtlfb‘t’ns
3408 5121 3516 5174 vir-

1918 5211 2090 5254 tutum
2133 5200 2251 5268 ejus
2291 5201 2686 5263 testiinonium,
2735 5217 2856 5272 qua:
2910 5220 3007 5273 per
3056 5208 3339 5265 absentem
3386 5215 3517 5270 licet

1915 5305 2100 5349 curata
2129 5307 2295 5358 essm,
2318 5294 2538 5359 obtulit,
2560 5311 2738 5366 neque
2760 5299 2829 5354 ab
2855 5301 2963 5354 alio
2989 5317 3106 5355 eam
3133 5320 3292 5373 quam
3316 5323 3344 5360 a
3369 5309 3511 5362 Mar-

1917 5390 2050 5452 tino,
2086 5387 2271 5440 habitu
2305 5388 2627 5456 virginitatis
2671 5393 2944 5460 imposito,
2984 5409 3175 5461 passus
3200 5407 3284 5451 est
3320 5416 3514 5455 cause-

1914 5483 2077 5536 cruri.
2111 5482 2367 5536 Paulinus
2404 5498 2552 5543 vero,
2586 5487 2665 5537 vir
2700 5488 2875 5548 magni
2909 5489 3255 5559 postmodum
3303 5494 3515 5548 futurus

1911 5573 2168 5643 exetnpli,
2209 5589 2329 5626 cum
2371 5575 2588 5629 oculum
2634 5578 2872 5646 graviter
2907 5581 3095 5635 dolere
3137 5583 3410 5650 cmpiSseI,
3457 5593 3513 5641 et

1909 5671 2017 5739 jam
2054 5670 2309 5738 pupillam
2339 5669 2457 5738 ejus
2497 5676 2734 5725 crassior
2775 5676 2946 5729 nubes
2984 5675 3309 5742 superducta
3345 5679 3514 5734 texis~

1914 5771 2015 5829 set,
2048 5760 2326 5816 oculumei
2358 5760 2620 5816 Martinus
2647 5767 2898 5831 peniculo
2921 5764 3165 5832 contigit,
3199 5765 3510 5829 pristinam-

1915 5877 2020 5932 que
2044 5861 2094 5917 ei
2124 5861 2417 5916 sanitatem
2444 5860 2662 5916 sublato
2692 5861 2839 5915 otnni
2878 5861 3065 5915 dolore
3097 5860 3358 5916 restituit.
3389 5865 3509 5936 Ipse

2900 5951 2938 6010 6
