4106 6344
591 342 619 406 ι
629 342 693 398 τι

1963 321 2189 386 ιυιιιδιι

2293 320 2544 385 SEVERI
3802 329 3900 388 iii

593 464 774 511 autem
803 467 931 509 eum
963 466 1092 510 casu
1128 450 1364 522 quodam
1396 455 1546 504 esset
1571 446 1638 502 de
1667 443 1950 502 caenaculo
1973 444 2195 501 devoiu-
2225 444 2280 503 Α
2305 442 2546 500 tinianus
2568 443 2620 499 in
2645 442 2823 514 fugam
2850 457 3042 501 versus
3062 453 3178 501 est:
3205 443 3403 500 deinde
3429 451 3550 516 post
3572 460 3775 502 annum
3795 447 3900 505 fere

595 557 704 612 tus,
733 556 788 603 et
818 562 914 616 per
937 544 1292 614 confragosos
1319 543 1484 598 scala:
1514 539 1714 612 gradus
1737 539 2025 605 decidens,
2056 539 2194 593 mul-

595 643 664 698 tis
706 639 1028 695 vulneribus
1067 636 1490 703 essetedoctus,
1535 651 1658 690 cum
1695 635 1962 689 exanimis
1989 634 2196 707 iaceret

595 735 650 790 in
676 733 893 800 cellula,
918 742 974 789 et
1009 731 1320 789 immodicis
1346 728 1627 785 doloribus
1647 730 2008 794 cruciaretur,
2038 735 2195 784 nocte

592 828 641 886 ei
670 827 897 898 angelus
929 826 1078 881 visus
1107 833 1192 881 est
1236 824 1424 880 eluere
1463 824 1713 887 vulnera,
1753 830 1810 878 et
1845 823 2048 877 salubri
2098 837 2196 877 un-

591 920 753 994 guine
774 920 988 977 contusi
1012 919 1260 990 corporis
1285 917 1532 974 membra
1559 917 1911 987 contingere:
1936 925 2102 987 alque
2124 917 2193 971 ita

593 1026 816 1085 posuero
843 1013 932 1070 die
959 1014 1245 1070 restitutus
1269 1023 1356 1068 est
1389 1011 1631 1075 sanitati,
1673 1019 1733 1065 ut
1763 1011 1898 1066 nihil
1939 1023 2192 1082 umquam

593 1108 886 1179 pertulisse
909 1106 1239 1163 incommodi
1267 1116 1576 1177 putaretur.
1600 1106 1709 1164 Sed
1731 1109 1854 1177 quia
1875 1107 2095 1177 longum
2110 1116 2195 1162 est

591 1203 671 1257 ire
709 1216 804 1269 per
843 1200 1080 1271 singula,
1121 1199 1401 1255 sufficiant
1440 1201 1556 1255 haec
1591 1201 1679 1257 vei
1718 1215 1886 1270 pauca
1915 1201 1984 1256 de
2027 1201 2194 1271 pluri-

592 1294 696 1350 mis
721 1313 734 1349 :
765 1294 1011 1364 satisque
1038 1295 1108 1350 sit
1136 1310 1239 1350 nos
1271 1305 1320 1350 et
1350 1295 1403 1349 in
1428 1295 1826 1351 excellentibus
1849 1309 1955 1350 non
1979 1297 2193 1352 subtra-

589 1387 722 1446 here
754 1390 1063 1456 veritatem,
1095 1398 1150 1444 et
1179 1389 1234 1444 in
1265 1389 1453 1445 multis
1474 1391 1643 1445 vitare
1667 1389 1959 1444 fastidium.

592 1481 777 1584 ξίξΧ.
797 1481 976 1586 Alque
1003 1491 1062 1537 ut
1093 1483 1303 1537 minora
1332 1484 1498 1538 tantis
1533 1476 2105 1558 iniseranqquamvis,
2133 1493 2192 1538 ut

586 1551 678 1634 3/th
712 1551 1028 1632 nost‘tiorum
1071 1583 1206 1631 atas
1238 1584 1576 1646 temporum,
1617 1551 1949 1647 quibus‘j'am
1999 1577 2194 1648 depra-

586 1678 706 1727 vata
735 1670 924 1725 omnia
972 1677 1135 1740 atque
1161 1679 1420 1739 corrupta
1474 1677 1621 1735 sunt,
1671 1683 1812 1740 pene
1859 1669 2188 1740 pracipuum

2301 537 2597 602 resumptis
2620 537 2846 603 viribus,
2880 546 3096 609 captum
3128 537 3269 594 intra
3293 536 3560 610 Aquileiae
3580 555 3771 595 muros
3797 537 3901 598 Ma-

2299 629 2504 684 ximum
2534 629 2829 686 interfecit.

2369 721 2511 778 XXI.
2555 725 2781 779 Constat
2809 733 2990 780 autem
3019 725 3180 781 etiam
3211 723 3436 798 angelos
3469 727 3537 784 ab
3567 742 3635 783 eo
3667 728 3902 798 plerum-

2300 829 2405 887 que
2426 819 2592 884 visos,
2618 817 2689 872 ita
2713 827 2769 874 nt
2793 825 3049 874 conserto
3069 820 3302 877 invicem
3336 821 3478 892 apud
3503 838 3628 878 eum
3654 839 3903 882 sermone

2299 909 2655 982 loquerentur
2689 931 2703 970 :
2752 912 3034 969 diabolum
3077 925 3206 972 vero
3237 925 3344 971 tam
3388 917 3820 989 conspicabiiem
3851 931 3903 976 et

2296 1005 2602 1073 subjectum
2624 1005 2798 1062 oculis
2824 1005 3092 1075 habebat,
3119 1015 3175 1062 ut
3197 1009 3314 1064 sive
3346 1025 3406 1066 se
3437 1011 3490 1064 in
3525 1011 3746 1082 propria
3780 1012 3902 1068 sub-

2298 1101 2498 1156 stantia
2528 1102 2860 1168 contineret,
2913 1103 3027 1158 sive
3056 1102 3107 1156 in
3136 1102 3383 1158 diversas
3417 1105 3618 1175 figuras
3649 1105 3903 1176 spiritua-

2297 1191 2365 1247 iis
2386 1195 2638 1262 nequitia:
2670 1194 3052 1260 transtulisset,
3085 1197 3328 1268 qualibet
3353 1196 3422 1251 ab
3451 1213 3517 1258 eo
3541 1198 3645 1255 sub
3672 1199 3903 1270 imagine

2295 1285 2595 1352 videretur,
2635 1289 2780 1358 quod
2810 1303 2929 1343 cum
2957 1288 3203 1345 diabolus
3252 1292 3418 1347 sciret
3446 1309 3508 1348 se
3529 1294 3777 1363 effugere
3800 1313 3899 1351 non

2299 1393 2480 1449 posse,
2509 1382 2769 1436 conviciis
2801 1385 3166 1454 eumurgebat
3191 1384 3529 1456 frequenter,
3555 1389 3685 1459 quia
3721 1388 3902 1447 fallere

2296 1489 2402 1530 non
2447 1486 2632 1545 posset
2680 1476 2912 1532 insidiis.
2954 1478 3200 1547 Quodam
3232 1487 3415 1537 autem
3457 1493 3708 1555 tempore
3735 1501 3899 1545 cornu

2295 1568 2452 1624 bovis
2477 1579 2760 1626 cruentum
2793 1572 2846 1626 in
2875 1587 3038 1628 manu
3066 1582 3260 1630 tenens
3289 1589 3413 1631 cum
3443 1577 3650 1648 ingenti
3681 1578 3896 1636 fremitu

2295 1663 2542 1718 cellulam
2571 1662 2687 1735 ejus
2718 1665 2937 1736 irrupit,
2963 1678 3354 1740 cruentamque
3384 1679 3672 1728 ostentans
3714 1671 3902 1731 dexte-

2297 1772 2434 1820 ram,
2467 1768 2519 1812 et
2542 1758 2782 1814 admisso
2807 1775 3000 1815 recens
3024 1761 3233 1817 scelere
3262 1764 3638 1832 congaudens,
3664 1761 3769 1822 Ubi
3800 1777 3898 1834 est,

581 1843 916 1925 suntiam“:
949 1869 1072 1909 cum
1104 1855 1170 1909 ad
1205 1855 1604 1925 imperatorem
1637 1856 1959 1920 Maximum,
1989 1853 2187 1912 ferocis
2218 1843 2266 1904 Β
2296 1851 2492 1918 inquit,
2535 1852 2787 1921 Martine,
2821 1855 2998 1909 virtus
3021 1855 3146 1910 tua?
3177 1872 3340 1911 unum
3385 1855 3454 1912 dc
3485 1857 3590 1913 tuis
3620 1860 3787 1916 modo
3819 1861 3900 1916 in-

588 1763 680 1828 sit,
712 1761 836 1817 adul
877 1761 1211 1832 tion'i‘regi
1241 1761 1637 1818 sacerdotalem
1664 1775 1774 1816 non
1802 1763 2034 1818 cessisse
2061 1777 2189 1818 con-

588 1778 916 2004 stantina:
949 1869 1072 1909 eum
1104 1855 1170 1909 ad
1205 1855 1604 1925 imperatorem
1637 1856 1959 1920 Maximum,
1989 1853 2187 1912 ferocis

588 1951 745 2004 inaen
851 1963 993 2004 trum
1027 1960 1083 2003 et
1124 1948 1394 2003 bellorum
1421 1949 1663 2003 civilium
1695 1949 1922 2004 victoria
1959 1951 2182 2004 clatum.

587 1948 993 2020 ingenii’Ti'rum
1027 1960 1083 2003 et
1124 1948 1394 2003 bellorum
1421 1949 1663 2003 civilium
1695 1949 1922 2004 victoria
1959 1951 2182 2016 clatum,

587 2041 771 2112 plures
797 2058 866 2098 es
895 2041 1133 2098 diVersis
1165 2041 1411 2111 partibus
1441 2041 1682 2111 episcopi
1704 2042 2109 2107 convenissent,
2132 2051 2188 2098 et.

585 2135 731 2194 fmda
763 2138 908 2193 circa
956 2136 1254 2208 principem
1298 2137 1540 2190 omnium
1589 2136 1830 2192 adulatio
1879 2144 2183 2204 notaretur,

583 2245 754 2302 seque
775 2231 1034 2300 degeneri
1067 2233 1428 2285 inconstantia
1451 2231 1616 2300 regite
1635 2230 1909 2306 clienteitc
1932 2230 2188 2286 sacerdo-

589 2324 713 2380 talis
739 2324 978 2396 dignita
1005 2323 1341 2380 subdidisset
1365 2366 1380 2391 ,
1411 2325 1463 2378 in
1487 2323 1606 2379 solo
1634 2324 1866 2378 Martino
1888 2323 2185 2394 apostolica

583 2419 885 2474 auctoritas
911 2417 1302 2486 permanebat;
1326 2431 1447 2470 nam
1479 2425 1534 2471 ct
1562 2418 1605 2470 si
1640 2431 1738 2486 pro
1766 2417 2037 2486 aliquibus
2058 2431 2182 2487 sup-

583 2509 893 2578 plicandum
924 2511 1040 2579 regi
1063 2507 1183 2572 fuit,
1219 2509 1519 2579 imperavit
1543 2508 1723 2578 potius
1749 2523 1910 2579 quam
1931 2509 2145 2579 rogavit
2170 2527 2184 2564 :

585 2612 640 2656 et
671 2615 703 2658 ο
742 2601 996 2658 convivio
1029 2602 1149 2670 ejus
1181 2599 1496 2668 frequenter
1528 2609 1748 2671 rogatus
1777 2601 2059 2666 nbstinttit,
2103 2601 2188 2656 di-

583 2709 733 2760 cens,
766 2712 826 2749 se
857 2710 1060 2750 meum:
1083 2696 1203 2763 ejus
1242 2692 1560 2763 participem
1593 2707 1712 2748 esse
1743 2705 1850 2748 non
1885 2709 2065 2765 posse,
2096 2694 2185 2764 qui

583 2788 724 2846 duos
750 2789 1134 2859 imperatores,
1163 2804 1330 2844 unum
1374 2801 1564 2858 regno,
1607 2786 1838 2842 alterum
1873 2789 1979 2842 vita
2011 2801 2184 2858 espo-

584 2880 760 2940 lissct.
785 2882 1094 2947 Postremo,
1120 2898 1242 2937 cum
1274 2881 1541 2936 Maximus
1562 2896 1620 2936 se
1651 2895 1755 2937 non
1782 2889 1976 2952 sponte
2004 2893 2188 2952 sump-

582 2977 724 3032 uisse
753 2977 1041 3047 imperium
1072 2976 1395 3042 affirmaret,
1428 2975 1522 3030 sed
1559 2975 1864 3043 impositam
1894 2976 1997 3030 sibi
2029 2989 2055 3027 a
2088 2974 2188 3028 mi-

583 3069 773 3126 litibus
809 3070 995 3126 divino
1027 3079 1159 3123 nutu
1183 3069 1334 3140 regni
1368 3071 1756 3124 necessitatem
1794 3069 1959 3122 armis
1990 3067 2184 3122 defen-

499 3177 505 3183 ‘
582 3162 752 3229 disse;
787 3171 844 3218 et
869 3177 977 3219 non
1013 3163 1248 3218 alienam
1291 3163 1359 3216 ab
1388 3177 1454 3218 eo
1485 3163 1579 3218 Dei
1618 3163 1950 3218 voluntatem
1989 3161 2181 3228 videri,

2295 1941 2505 1998 tet-feci.
2546 1943 2699 2000 Tunc
2745 1946 2836 2002 ille
2884 1950 3204 2004 convocatis
3248 1947 3508 2005 fratribus
3556 1951 3730 2008 refert
3774 1953 3898 2025 quid

2293 2038 2540 2095 diabolus
2577 2040 2902 2109 indicasset;
2954 2042 3324 2115 soliiciiosque
3367 2060 3490 2101 esse
3514 2047 3765 2118 ρι’ςιιοῑρῐι
3807 2064 3900 2120 per

2291 2132 2523 2188 cellulas
2578 2135 2940 2206 singulorum.
2986 2138 3233 2206 quisnam
3283 2137 3387 2194 hoc
3426 2155 3552 2194 casu
3598 2139 3794 2197 fuisset
3824 2143 3901 2198 af-

2292 2223 2488 2282 fectus.
2528 2227 2810 2286 Neminem
2849 2231 3068 2302 quidem
3108 2231 3299 2288 deesse
3335 2232 3403 2288 de
3448 2233 3754 2302 monachis,
3803 2235 3895 2292 sed

2291 2333 2458 2375 unum
2508 2323 2769 2379 rusticum
2815 2324 3070 2380 mercede
3125 2324 3476 2389 conductum.
3540 2336 3600 2382 ut
3649 2327 3899 2386 vehiculo

2289 2415 2433 2488 ligna
2465 2417 2727 2484 deferret,
2763 2419 2875 2476 isse
2905 2417 2968 2475 ad
3001 2413 3194 2474 silvam
3227 2423 3495 2476 nuntiant.
3537 2421 3704 2479 anet
3737 2423 3898 2494 igitur

2290 2511 2504 2581 aliquos
2533 2511 2612 2566 ire
2650 2511 2699 2567 ei
2725 2511 2970 2568 obviam.
3013 2514 3089 2570 ita
3127 2517 3267 2572 haud
3309 2517 3472 2586 longe
3499 2529 3528 2569 a
3560 2517 3898 2572 monasterio

2286 2602 2397 2672 jam
2429 2615 2566 2672 perte
2590 2604 2858 2659 exanimis
2883 2603 3181 2662 invenitur.
3216 2608 3540 2665 Extremum
3569 2617 3752 2666 tamen
3792 2611 3898 2680 Spi-

2291 2697 2454 2751 ritum
2477 2695 2723 2761 trahens,
2742 2698 2943 2755 indicat
2968 2701 3228 2758 fratribus
3251 2719 3467 2758 causam
3487 2704 3683 2760 mortis
3705 2715 3759 2760 et
3787 2705 3898 2760 vui-

2295 2791 2468 2844 neris:
2490 2789 2694 2859 junctis
2714 2790 2919 2848 scilicet
2935 2791 3113 2850 bubus
3135 2796 3262 2851 dum
3280 2797 3544 2852 dissoluta
3561 2793 3896 2854 arctiuslnra

2290 2881 2636 2953 constringit,
2664 2884 2857 2941 bovem
2887 2887 2988 2942 sibi
3021 2901 3255 2945 excusso
3292 2893 3470 2960 capite
3500 2890 3646 2944 inter
3674 2889 3895 2959 inguina

2291 2991 2460 3034 cornu
2493 2977 2737 3048 adegisse
2763 2997 2776 3033 :
2803 2994 2904 3035 nec
2929 2981 3101 3035 multo
3115 2992 3240 3050 post
3263 2983 3426 3036 vitam
3457 2982 3716 3038 reddidit.
3737 2983 3899 3039 Vide-

2291 3071 2445 3138 ritis,
2467 3088 2574 3141 quo
2602 3071 2804 3140 judicio
2839 3069 3050 3128 Domini
3073 3074 3289 3129 diabolo
3316 3075 3440 3129 data
3467 3074 3636 3131 fuerit
3665 3073 3781 3130 haec
3805 3092 3901 3146 p0-

2291 3167 2478 3218 iestas.
2530 3162 2586 3217 in
2633 3161 2862 3219 Martino
2913 3158 3043 3219 illud
3099 3167 3348 3222 mirabile
3397 3178 3540 3233 erat,
3593 3165 3739 3239 quod
3789 3184 3899 3224 non

582 3271 754 3327 penes
794 3271 958 3334 quem
1003 3265 1110 3311 tam
1142 3255 1451 3310 incredibili
1489 3264 1688 3311 eventu
1714 3256 1938 3310 victoria
1971 3254 2182 3320 fuisset,
2214 3243 2260 3308 C
2292 3257 2465 3312 soimn
2497 3255 2599 3311 hoc
2631 3256 2774 3327 quod
2813 3267 2972 3328 supra
3009 3261 3316 3326 retulimus,
3361 3257 3460 3315 sed
3498 3261 3666 3316 multa
3713 3261 3886 3315 istius

583 3351 907 3418 nullumque
937 3364 1003 3404 ex
1050 3348 1382 3406 adversariis
1421 3349 1526 3403 nisi
1577 3350 1629 3403 in
1669 3350 1784 3404 acie
1827 3348 2182 3412 occubuisse;

585 3443 804 3499 tandem
820 3443 998 3498 victus
1024 3442 1108 3496 vel
1132 3443 1344 3497 ratione
1368 3444 1452 3497 vel
1481 3443 1748 3511 precibus,
1779 3440 1845 3495 ad
1878 3441 2184 3495 convivium

587 3538 772 3601 venit;
807 3537 1003 3592 mirum
1035 3537 1087 3592 in
1112 3537 1330 3592 modum
1359 3537 1630 3606 gaudente
1653 3551 1802 3606 rege,
1827 3534 1972 3605 quod
2007 3534 2057 3587 id
2084 3533 2184 3586 im-

588 3643 881 3704 petrasset.
925 3632 1186 3687 Gonvivas
1217 3643 1400 3687 autem
1450 3633 1698 3699 aderant,
1734 3629 1902 3685 veluti
1935 3627 2000 3682 ad
2044 3627 2185 3682 diem

589 3727 782 3782 festum
806 3725 1041 3785 evocati.
1061 3726 1260 3780 summi
1289 3735 1453 3794 atque
1487 3725 1730 3779 illustres
1750 3723 1872 3783 viri,
1899 3720 2191 3789 praefectus

590 3820 844 3890 idemque
869 3821 1061 3876 consul
1096 3820 1351 3885 Evodius,
1396 3819 1475 3873 vir
1497 3833 1603 3886 quo
1635 3817 1766 3870 nihil
1801 3829 2054 3883 umquam
2076 3813 2191 3881 jus-

587 3913 698 3970 tius
725 3912 854 3978 fuit;
885 3911 1127 3968 Comites
1148 3913 1256 3967 duo
1280 3923 1493 3967 summa
1525 3916 1797 3979 potestate
1815 3905 2047 3974 praediti,
2079 3902 2192 3958 fra-

591 4017 674 4063 ter
699 4008 930 4078 regiset
955 4019 1210 4077 patruus:
1237 4006 1452 4062 medius
1486 4007 1629 4057 inter
1659 4002 1759 4055 hos
1788 3999 2005 4054 Martini
2037 4011 2192 4068 pres-

589 4101 749 4175 byter
789 4103 1154 4159 accubuerat:
1202 4101 1318 4172 ipse
1365 4108 1546 4155 autem
1582 4097 1776 4152 sellula
1811 4095 1964 4165 juxta
2007 4107 2188 4162 regem

590 4200 764 4268 posita
809 4198 1159 4255 consrderat.
1210 4197 1288 4251 Ad
1331 4195 1568 4249 medium
1606 4193 1720 4246 fere
1761 4189 2095 4253 convivium,
2137 4195 2194 4242 ut

591 4293 763 4347 moris
787 4303 894 4358 est,
925 4304 1172 4364 pateram
1205 4293 1316 4359 regi
1352 4289 1601 4344 minister
1629 4285 1851 4341 obtulit.
1881 4285 1972 4339 ille
2001 4289 2194 4338 sancto

591 4387 882 4442 admodum
912 4388 1172 4456 episcopo
1200 4384 1379 4452 potius
1405 4382 1522 4438 dari
1551 4383 1726 4451 jubet,
1751 4385 2076 4449 exspectans
2112 4385 2195 4432 at-

587 4495 696 4550 que
725 4478 995 4539 ambiens,
1027 4485 1087 4530 ut
1112 4477 1180 4530 ab
1203 4476 1346 4529 illius
1371 4475 1594 4529 dextera
1625 4473 1877 4540 poculum
1909 4480 2150 4525 sumeret
2178 4487 2192 4534 ;

590 4573 691 4630 sed
721 4571 987 4626 Martinus
1010 4569 1099 4623 ubi
1123 4569 1313 4630 ebibit,
1342 4576 1583 4635 pateram
1610 4566 1933 4635 presbytero
1965 4579 2065 4616 suo
2085 4573 2192 4617 tra.

593 4662 752 4726 didit,
776 4661 982 4715 nullum
1016 4659 1226 4713 scilicet
1256 4658 1576 4711 existimans
1607 4656 1911 4724 digniorem
1944 4656 2033 4725 qui
2073 4665 2192 4724 post

596 4770 656 4811 so
679 4754 829 4824 prior
852 4753 1088 4817 biberet,
1114 4765 1217 4806 nec
1243 4752 1511 4820 integrum
1537 4748 1637 4802 sibi
1663 4747 1798 4812 fore,
1823 4748 1869 4802 si
1893 4757 1986 4802 aut
2007 4759 2191 4819 regem

594 4848 772 4918 ipsum
815 4855 906 4899 aut
935 4858 1033 4899 eos
1061 4845 1149 4912 qui
1183 4857 1211 4896 a
1243 4852 1374 4912 rege
1402 4849 1559 4895 erant
1585 4839 1841 4910 proximi,
1874 4839 2194 4912 presbytero

592 4939 950 5014 praetulisset.
975 4937 1133 5004 Quod
1175 4936 1372 4989 factum
1422 4935 1723 5001 imperator
1762 4946 2063 5002 omnesque
2102 4935 2194 4998 qni

592 5041 725 5090 tunc
749 5031 997 5096 aderant,
1032 5031 1105 5084 ita
1134 5029 1381 5083 admirati
1413 5033 1557 5091 sunt,
1595 5031 1650 5080 ut
1683 5027 1784 5082 hoc
1808 5027 1982 5095 ipsum
2010 5026 2109 5092 eis,
2138 5025 2192 5082 in

593 5139 703 5196 quo
733 5123 1029 5190 contempti
1065 5121 1301 5183 fuerant,
1340 5117 1619 5188 placeret:
1659 5115 2191 5188 celeberrimumque

594 5234 694 5290 per
721 5231 882 5272 omne
919 5215 1179 5284 palatium
1217 5213 1332 5278 fuit,
1373 5211 1569 5266 fecisse
1620 5211 1907 5265 Martinum
1942 5210 1997 5264 in
2043 5212 2190 5280 regis

592 5311 828 5381 prandio
869 5308 1016 5378 quod
1052 5307 1103 5360 in
1135 5305 1479 5360 infirmorum
1507 5303 1750 5374 jndic'um
1779 5303 2046 5360 conviviis
2075 5305 2190 5373 cpi-

591 5418 881 5476 scopernm
900 5419 931 5456 ιι
941 5418 1058 5456 amo
1075 5401 1317 5468 fecisset;
1337 5401 1624 5470 eidemque
1640 5399 1753 5455 Max
1765 5402 1872 5455 imo
1888 5402 2050 5470 longe
2065 5410 2189 5455 ante

590 5499 841 5568 prtrdisit
870 5496 1133 5561 futurum,
1164 5508 1221 5551 ut
1255 5496 1304 5551 si
1343 5495 1409 5550 ad
1437 5493 1639 5550 italiam
1673 5503 1946 5566 perget-et,
1973 5506 2083 5563 quo
2114 5495 2190 5548 ire

589 5589 863 5658 cupiebat,
895 5589 1097 5644 bellum
1133 5587 1518 5644 Valentiniano
1557 5590 1874 5659 imperatori
1923 5586 2186 5651 inberens,

592 5681 761 5736 sciret
795 5696 855 5738 se
887 5683 1068 5752 pri-mo
1092 5683 1310 5753 quidem
1347 5685 1554 5751 impetu
1585 5681 1822 5736 futurum
1865 5693 1989 5735 esse
2021 5680 2190 5733 victo-

603 5789 743 5840 rem,
775 5775 872 5832 sed
905 5783 1070 5846 parvo
1101 5789 1216 5846 post
1246 5780 1496 5848 tempore
1521 5787 1643 5829 esse
1675 5777 2002 5846 periturum.
2031 5772 2187 5838 Quod

601 5869 818 5940 quidem
846 5870 920 5929 ita
957 5871 1219 5930 vidimus:
1244 5888 1371 5930 nam
1402 5869 1579 5941 primo
1596 5868 1835 5926 adventu
1857 5869 1977 5941 ejus
2001 5867 2190 5926 Valen-

2292 3351 2460 3418 mndi,
2503 3350 2716 3421 quoties
2762 3350 3113 3417 accidissent,
3157 3355 3317 3428 iunge
3364 3367 3491 3412 ante
3537 3355 3899 3427 praevidebat,

2291 3455 2382 3500 aut
2413 3446 2515 3499 sibi
2546 3446 2791 3500 nuntiata
2819 3445 3084 3503 fratribus
3114 3448 3407 3504 indicabat.

2368 3537 2530 3592 XXII.
2575 3537 2913 3609 Frequenter
2939 3549 3119 3596 autem
3161 3541 3434 3608 diabolus,
3464 3539 3594 3597 dum
3628 3538 3780 3598 mille
3806 3558 3900 3598 no-

2292 3631 2448 3685 cendi
2497 3632 2710 3688 artibus
2758 3646 3005 3689 sanctum
3057 3639 3232 3689 virum
3285 3637 3592 3691 conabatur
3641 3631 3898 3702 illudere,

2293 3726 2558 3781 visibilem
2592 3742 2651 3783 se
2680 3728 2727 3783 ei
2765 3727 2956 3785 formis
2982 3727 3379 3785 dirersissimis
3413 3731 3722 3802 ingerebat.
3766 3731 3900 3794 Nam

2294 3819 2562 3875 interdum
2595 3819 2649 3875 in
2678 3819 2829 3876 lovis
2854 3837 3109 3891 persona,
3138 3822 3753 3892 plerumqneiiiercurii,
3783 3835 3905 3893 per-

2294 3929 2440 3982 saepe
2483 3913 2644 3969 ctiam
2691 3929 2750 3971 se
2786 3915 3011 3972 Veneris
3055 3929 3119 3972 ac
3163 3915 3417 3971 Minervm
3451 3917 3901 3990 transfiguratum

2293 4004 2531 4060 vultibus
2552 4004 2816 4062 offerebat
2839 4025 2850 4060 :
2877 4005 3144 4063 adve‘rSus
3163 4021 3320 4078 quem
3345 4019 3566 4080 semper
3591 4009 3902 4073 interritus,

2295 4096 2450 4164 signo
2485 4112 2546 4154 se
2575 4099 2754 4153 crucis
2784 4107 2839 4156 et
2867 4101 3138 4156 orationis
3165 4099 3370 4156 auxilio
3409 4101 3760 4172 protegebat.
3792 4105 3904 4158 Au-

2296 4190 2583 4246 diebantur
2629 4194 2791 4248 etiam
2825 4195 3146 4266 plerumque
3197 4195 3466 4263 conviCia,
3499 4193 3706 4266 quibus
3753 4196 3905 4250 illum

2298 4284 2452 4339 turba
2485 4284 2790 4341 daemonum
2826 4288 3106 4358 protervis
3143 4287 3371 4343 vocibus
3411 4283 3730 4357 increpabat
3765 4307 3777 4342 :
3811 4288 3906 4343 sed

2297 4378 2477 4431 omnia
2504 4377 2635 4432 falsa
2668 4389 2724 4434 et
2751 4395 2888 4435 vana
2917 4389 3275 4450 cognoscens,
3315 4389 3422 4434 non
3463 4379 3794 4436 movebatur
3814 4375 3907 4436 ob-

2291 4467 2474 4538 jectis.
2509 4469 2872 4530 Testabantur
2893 4473 3057 4526 etiam
3091 4471 3255 4541 aliqui
3289 4487 3350 4525 ex
3386 4469 3652 4551 batribns
3681 4472 3908 4530 audisse

2300 4577 2358 4618 se
2383 4563 2688 4620 da’mnncm
2718 4567 2987 4634 protervis
3023 4565 3310 4621 Martinnm
3349 4563 3578 4622 vocibus
3620 4570 3912 4641 increpan-

2224 4632 2274 4692 θ
2304 4664 2436 4721 tem,
2469 4671 2567 4710 cur
2591 4655 2732 4712 intra
2761 4661 3152 4715 monaSterium
3175 4658 3391 4730 aliquos
3417 4669 3485 4715 ex
3523 4659 3791 4718 fratribus
3817 4661 3909 4733 qui

2294 4747 2425 4804 olim
2445 4748 2771 4820 baptismum
2793 4750 3028 4807 diversis
3049 4749 3330 4807 erroribus
3351 4751 3758 4823 perdidissent.
3780 4769 3912 4810 con-

2296 4858 2484 4898 versos
2529 4855 2715 4913 postea
2747 4846 3068 4917 recepisset,
3101 4855 3472 4915 exponentem
3505 4849 3743 4904 crimina
3793 4851 3906 4904 sin-

2295 4938 2590 5009 gulorbm:
2638 4939 2927 4996 Martinum
2970 4939 3190 4997 diabolo
3227 4949 3622 5012 repugnantem
3673 4959 3906 5014 r05p0n-

2299 5034 2451 5088 disse
2505 5045 2852 5103 constanter,
2926 5036 3147 5105 antiqua
3207 5035 3405 5092 delicta
3466 5040 3720 5094 melioris
3785 5041 3906 5096 vita:

2296 5128 2718 5183 conversatione
2747 5129 3000 5198 purgari;
3029 5135 3084 5182 et
3112 5141 3207 5195 per
3228 5130 3668 5186 misericordiam
3687 5131 3908 5188 Domini

2295 5220 2659 5275 absolvendos
2689 5236 2814 5276 esse
2858 5222 3115 5290 peccatis,
3156 5221 3247 5287 qui
3289 5236 3518 5291 peccare
3556 5225 3903 5282 desinerent.

2293 5311 2492 5366 Contra
2518 5311 2735 5366 dicente
2760 5312 3002 5375 diabolo,
3033 5327 3137 5364 non
3166 5313 3445 5380 pertinere
3467 5314 3530 5369 ad
3553 5318 3778 5373 veniam
3803 5317 3909 5374 cri-

2295 5409 2554 5472 minosm,
2589 5416 2639 5461 et
2670 5408 2842 5460 semei
2883 5404 3047 5475 lapsis
3089 5405 3291 5461 nullam
3318 5423 3344 5460 a
3390 5407 3629 5465 Domino
3662 5413 3910 5469 clemen-

2291 5502 2424 5556 tiam
2459 5499 2728 5571 prmstarl;
2753 5509 2877 5555 tunc
2905 5501 2959 5554 in
2990 5501 3126 5554 hanc
3143 5508 3336 5557 votem
3365 5501 3534 5557 fertur
3558 5505 3909 5562 exclamasse

2298 5598 2604 5653 Martinus:
2643 5594 2701 5650 Si
2742 5603 2796 5650 tu
2847 5595 2981 5665 ipse,
3033 5609 3065 5648 ο
3115 5593 3470 5661 miserabilis,
3505 5596 3574 5651 ab
3619 5595 3906 5654 hominum

2294 5690 2652 5746 insectatione
2692 5687 3012 5752 desisteres,
3047 5693 3102 5743 et
3139 5695 3189 5741 te
3232 5687 3502 5744 factorum
3556 5699 3784 5750 tuorum
3829 5695 3912 5749 vel

2297 5783 2401 5838 hoc
2431 5789 2679 5852 tempore
2709 5801 2830 5842 cum
2856 5784 2975 5841 dies
2997 5777 3186 5854 judicii
3212 5782 3270 5835 in
3294 5784 3546 5854 proximo
3578 5793 3690 5854 est,
3733 5793 3912 5860 ptent-

2297 5877 2467 5938 teret;
2501 5883 2602 5944 ego
2631 5869 2731 5930 tibi
2756 5883 2889 5931 Vere
2918 5873 3156 5931 conlisus
3181 5871 3233 5928 in
3268 5867 3504 5934 Domino
3529 5867 3664 5934 Jesu
3685 5873 3915 5937 Christo
