4106 6344
201 327 301 386 115

1279 333 1368 390 DE
1410 331 1571 391 Vl’l‘A
1617 330 1679 390 B.
1724 328 2010 390 MAR‘TINI
2053 331 2259 394 LIBER
2302 336 2499 396 UNUS.

3459 347 3564 404 174

195 445 659 502 misericordiam
695 450 1018 521 pollicerer.
1049 449 1096 508 Ο
1116 466 1279 524 quam
1308 463 1494 510 saneta
1528 453 1596 509 de
1629 452 1838 508 Domini
1872 452 1924 510 Α
2019 451 2214 510 XXIV.
2245 454 2698 511 Animadversum
2724 464 2808 512 est
2831 462 3036 525 tamen,
3062 455 3254 515 eodem
3284 459 3400 516 fere
3424 468 3563 517 tem-

193 540 396 612 pietate
410 556 673 612 przesnm
685 547 823 616 ptio,
843 547 894 600 in
919 563 1020 617 qua
1047 547 1152 603 etsi
1174 549 1556 604 auctoritatem
1578 557 1840 619 praestare

194 652 298 691 non
320 639 527 707 potuit,
557 641 826 696 ostendit
848 641 1129 700 affectum!
1160 643 1364 714 thuia
1385 644 1454 700 de
1467 644 1687 700 diabolo
1703 646 1844 712 ejus-

194 727 429 800 demque
456 731 696 787 artibus
716 749 902 790 sermo
927 745 1151 791 exortus
1173 745 1279 802 est,
1300 755 1406 792 non
1423 739 1491 792 ab
1511 754 1570 793 re
1598 740 1836 807 videtur,

196 821 326 878 licet
355 823 770 896 extrinsecus,
806 827 1013 886 referre
1043 832 1185 902 quod
1225 841 1442 903 gestum
1472 842 1555 887 est
1585 851 1597 887 :
1630 835 1753 902 quia
1789 843 1839 888 et

195 915 445 986 quaedam
473 915 532 971 in
559 934 633 974 eo
651 919 873 976 Martini
898 921 1156 977 virtutum
1175 923 1352 995 portio
1366 934 1473 993 est,
1488 934 1644 981 etres
1676 925 1839 998 digna

197 1009 470 1066 miraculo
502 1023 671 1069 recte
699 1016 988 1071 memoriae
1019 1017 1390 1086 mandabitur,
1434 1019 1488 1073 in
1521 1021 1839 1089 exemplum

195 1105 454 1172 cavendi,
511 1109 560 1162 si
620 1110 760 1179 quid
814 1110 1073 1182 deinceps
1121 1111 1331 1182 uspiam
1385 1112 1490 1168 tale
1517 1113 1838 1184 contigerit.

262 1196 464 1256 XXIII.
515 1197 729 1256 Clarus
770 1202 988 1272 quidam
1035 1205 1275 1272 nomine,
1313 1204 1638 1260 adolesvcns
1688 1204 1844 1259 nubi-

195 1291 470 1356 lissimus,
502 1310 641 1349 mox
680 1295 992 1368 presbyter,
1022 1313 1163 1352 nunc
1196 1296 1339 1352 felici
1370 1297 1559 1353 beatus
1583 1313 1840 1365 excessu,

196 1402 311 1442 cum
349 1388 583 1445 relictis
637 1391 900 1448 omnibus
948 1407 1007 1448 se
1053 1392 1118 1446 ad
1160 1391 1447 1448 Martinum
1488 1393 1838 1459 contulisset,

196 1481 348 1537 brevi
403 1491 677 1558 tempore
711 1486 778 1540 ad
823 1501 1094 1542 summum
1138 1486 1263 1542 fidei
1316 1488 1688 1562 virtutumque
1719 1504 1840 1542 om-

198 1577 345 1629 nium
385 1576 621 1631 culmen
676 1577 902 1632 enituit.
937 1577 1124 1650 Itaque
1164 1595 1285 1634 cum
1331 1578 1473 1635 haud
1528 1580 1692 1652 longe
1739 1581 1840 1636 sibi

197 1669 262 1725 ab
292 1670 559 1741 episc0pi
597 1673 947 1732 monasterio
979 1674 1389 1730 tabernaculum
1438 1676 1840 1742 constituisset,

199 1762 477 1834 multique
509 1765 665 1836 apud
701 1782 828 1820 eum
863 1766 1063 1823 fratres
1089 1777 1594 1836 commorarentur;
1620 1767 1844 1839 juvenis

198 1853 431 1925 quidam
467 1855 540 1910 ad
573 1872 703 1910 eum
753 1858 1039 1914 Anatolius
1083 1860 1328 1925 nomine,
1361 1859 1463 1915 sub
1496 1859 1839 1929 professione
1868 1842 1917 1902 Β

203 1949 470 2003 monachi
528 1964 764 2004 omnem
827 1949 1190 2006 humilitatem
1249 1963 1410 2022 atque
1465 1952 1842 2014 innocentiam

205 2045 475 2099 mentitus
517 2045 786 2112 accessit,
823 2045 1196 2118 haliitavitque
1226 2045 1558 2118 aliquamdiu
1597 2046 1653 2103 in
1693 2062 1844 2101 com-

203 2153 366 2192 mune
391 2154 520 2193 cum
551 2143 801 2194 creteris.
832 2141 960 2196 Dein
990 2141 1320 2211 procedente
1349 2150 1591 2211 tempore
1613 2143 1842 2213 angelos

204 2230 344 2300 apud
394 2247 462 2287 se
514 2231 674 2304 loqui
724 2233 909 2288 solere
943 2233 1216 2289 dicebat:
1265 2251 1388 2289 cum
1444 2235 1603 2289 fidem
1659 2236 1841 2289 nullus

204 2321 525 2392 adhiberet,
556 2326 741 2396 signis
759 2325 1083 2397 quibusdam
1107 2327 1398 2399 plerosque
1417 2329 1481 2383 ad
1506 2329 1840 2384 credendum

205 2417 554 2473 c0arctabat.
590 2418 887 2477 Postremo
910 2435 977 2474 eo
1012 2423 1494 2492 usqueprocessit,
1523 2434 1578 2477 ut
1614 2423 1757 2477 inter
1783 2439 1842 2478 se

207 2527 270 2567 ac
304 2511 486 2568 Deum
514 2514 755 2584 angelos
781 2515 1093 2570 discurrere
1137 2516 1500 2587 praedicaret:
1527 2517 1750 2588 jamque
1782 2531 1842 2572 se

210 2623 368 2664 unum
403 2625 475 2664 ex
513 2608 811 2682 prOphetis
843 2609 1032 2664 haberi
1066 2610 1514 2666 volcbat.Clarus
1548 2621 1727 2666 tamen
1750 2627 1844 2665 ue-

209 2717 483 2773 qnaquam
535 2702 610 2757 ad
645 2701 982 2756 credendum
1016 2702 1135 2772 cogi
1186 2713 1420 2774 poterat.
1475 2703 1571 2758 Ille
1612 2704 1662 2758 ei
1707 2702 1842 2757 iram

209 2791 429 2850 Domini
458 2804 519 2850 et
550 2807 868 2866 praesentes
913 2796 1123 2867 plagas,
1159 2812 1258 2852 cur
1285 2806 1481 2852 sancto
1522 2814 1626 2852 non
1657 2798 1845 2853 crede-

213 2897 316 2951 ret.
346 2889 721 2943 comminari.
759 2889 1050 2945 Postremo
1082 2891 1134 2944 in
1169 2890 1308 2945 hanc
1354 2907 1542 2945 vocem
1594 2895 1846 2962 erupisse

213 2978 429 3036 fertur:
461 2981 615 3038 Ecce
659 2981 767 3039 hac
811 2993 974 3039 nocte
1003 2993 1211 3040 vestem
1255 2984 1386 3039 mihi
1417 2985 1702 3040 candidam
1731 2986 1845 3040 Do—

216 3077 401 3131 minus
437 3075 508 3134 de
537 3079 691 3136 cmlo
721 3077 893 3146 dabit,
922 3094 1024 3150 qua
1055 3079 1278 3136 indutus
1309 3079 1362 3134 in
1392 3079 1572 3135 medio
1605 3092 1842 3135 vestrum

213 3168 545 3226 diversabor
587 3188 601 3225 :
654 3169 822 3241 idque
863 3172 1018 3226 vobis
1048 3172 1258 3244 signum
1291 3172 1414 3236 erit,
1454 3187 1541 3227 me
1579 3171 1676 3226 Dei
1718 3187 1844 3228 esse

1946 560 2078 615 pore
2109 546 2276 603 fuisse
2299 550 2351 602 in
2375 547 2949 622 Hispaniisjuvenem,
2975 552 3064 622 qui
3091 568 3212 608 cum
3241 555 3343 610 sibi
3372 554 3562 610 multis

1945 640 2115 710 signis
2144 644 2526 701 auctoritatem
2578 647 2906 716 paravisset,
2939 661 3008 704 eo
3039 663 3211 716 usque
3245 650 3422 705 elatus
3451 661 3558 716 eSI,

1947 746 2000 789 ut
2029 751 2087 792 se
2115 735 2320 792 Heliam
2351 739 2716 809 profiteretur.
2745 741 2898 810 Quod
2925 757 3046 796 cum
3075 742 3323 814 plerique
3355 753 3563 798 temere

1946 830 2332 899 credidissent,
2379 833 2586 890 addidit
2625 842 2684 890 ut
2726 851 2785 892 se
2814 833 3098 896 Christum
3143 851 3266 894 esse
3309 837 3557 892 diceret:

1948 923 1999 978 in
2034 940 2140 995 quo
2170 927 2334 980 etiam
2366 927 2504 984 adeo
2537 928 2730 995 illusit,
2764 937 2824 984 ut
2851 944 2974 986 eum
2998 929 3216 1000 quidam
3241 921 3556 1002 episcOpus,

1949 1018 2172 1073 nomine
2201 1018 2404 1088 Rufus,
2431 1028 2490 1075 ut
2525 1013 2805 1080 Dominum
2833 1021 3089 1084 adoraret
3115 1037 3128 1077 :
3158 1033 3382 1093 propter
3412 1025 3554 1094 quod

1946 1124 2070 1165 eum
2105 1121 2288 1178 postea
2318 1113 2386 1169 ab
2429 1114 2749 1185 episcopatu
2781 1114 3050 1186 dejectum
3087 1115 3344 1174 vidimus.
3379 1116 3555 1174 Pleri-

1947 1221 2053 1272 que
2083 1206 2246 1262 etiam
2281 1208 2439 1263 nobis
2471 1224 2501 1264 e
2529 1208 2790 1268 fratribus
2819 1211 3149 1279 retulerunt,
3191 1212 3386 1270 eodem
3421 1223 3560 1268 tem-1

1949 1316 2086 1371 pore
2117 1301 2169 1356 in
2194 1300 2416 1358 Oriente
2439 1303 2729 1376 quemdam
2753 1305 3055 1370 exstitisse,
3087 1305 3177 1376 qui
3206 1321 3265 1364 se
3286 1307 3554 1362 Joannem

1948 1398 2392 1467 essejaetitaret.
2431 1399 2508 1456 Ex
2551 1415 2660 1468 quo
2701 1399 2975 1470 conjicere
3014 1415 3332 1472 possumus,
3374 1403 3561 1458 istius-

1947 1493 2095 1550 modi
2127 1491 2625 1565 pseudoprophetis
2655 1493 3064 1561 exsistentibus,
3103 1494 3426 1551 Antichristi
3461 1495 3559 1550 ad-

1949 1597 2168 1646 ventum
2202 1587 2510 1652 imminere,
2548 1587 2639 1657 qui
2664 1587 2778 1658 jam
2828 1587 2882 1643 in
2928 1586 3049 1646 istis
3094 1589 3412 1671 mysterium
3457 1591 3562 1644 ini-

1946 1680 2170 1750 quitatis
2199 1687 2481 1751 operatur.
2515 1679 2631 1735 Non
2651 1680 3092 1751 praetereundum
3117 1691 3299 1738 autem
3319 1682 3560 1751 videtur,

1951 1781 2154 1842 quanta
2197 1772 2490 1830 Martinum
2542 1773 2644 1832 sub
2677 1773 2868 1832 iisdem
2921 1773 3118 1830 diebus
3156 1774 3405 1832 diabolus
3444 1787 3563 1834 arte

1949 1865 2262 1921 tentaverit.
2310 1864 2556 1933 Quodam
2599 1867 2742 1922 enim
2785 1866 2875 1924 die
2917 1868 3198 1937 prtemissa
3241 1884 3352 1937 prae
3402 1883 3462 1924 se
3507 1880 3564 1924 et

1949 1959 2334 2028 circumjcetns
2367 1956 2502 2030 ipse
2536 1961 2652 2015 luce
2683 1975 2979 2030 purpurea,
3016 1976 3125 2031 quo
3156 1959 3372 2018 facilius
3401 1962 3564 2018 clari-

1951 2061 2059 2110 tate
2099 2052 2364 2121 assumpti
2408 2051 2632 2122 fulgoris
2676 2052 2954 2120 illuderet.
3009 2061 3160 2110 veste
3203 2054 3365 2110 etiam
3415 2055 3562 2127 regia

1949 2143 2195 2210 indutus,
2242 2143 2552 2206 diademate
2591 2160 2659 2198 ex
2698 2145 2929 2214 gemmis
2973 2160 3220 2216 auroque
3250 2145 3561 2212 redimitus,

1949 2236 2150 2291 calceis
2197 2250 2332 2290 auro
2375 2235 2546 2300 illitis,
2581 2250 2779 2292 sereno
2813 2251 2931 2300 ore,
2970 2236 3092 2292 laeta
3137 2237 3295 2302 facie,
3325 2246 3386 2291 ut
3427 2237 3564 2294 nihil

1951 2329 2130 2383 minus
2160 2343 2321 2398 quam
2374 2327 2626 2385 diabolus
2677 2337 2981 2398 putaretur,
3032 2331 3210 2384 oranti
3264 2329 3316 2383 in
3363 2330 3564 2386 cellula

1949 2425 2140 2480 astitit.
2172 2423 2416 2494 Cumque
2449 2423 2711 2481 Martinus
2739 2423 2918 2492 primo
2951 2433 3178 2492 aspectu
3221 2422 3337 2494 ejus
3374 2424 3568 2480 fuisset

1952 2518 2262 2583 hebetatus,
2317 2517 2407 2574 diu
2461 2517 2803 2588 multumque
2845 2516 3122 2574 silentium
3171 2517 3333 2574 ambo
3375 2528 3569 2574 tenue-

1951 2621 2101 2666 runt.
2135 2610 2270 2666 Tum
2299 2611 2450 2682 prior
2478 2610 2753 2677 diabolus,
2784 2610 3059 2682 Agnosce,
3092 2611 3285 2683 inquit,
3318 2611 3567 2677 Martiae,

1952 2720 2112 2774 quem
2163 2704 2388 2759 cernis:
2435 2701 2685 2760 Christus
2733 2720 2834 2774 ego
2869 2718 2995 2762 sum
3035 2723 3047 2760 :
3091 2703 3456 2760 descensurus
3497 2704 3567 2760 ad

1954 2806 2158 2852 terram
2194 2797 2342 2867 prius
2373 2811 2460 2851 me
2490 2794 2846 2859 manifestare
2871 2796 2970 2853 tibi
2995 2796 3167 2852 volui.
3191 2796 3273 2853 Ad
3304 2796 3420 2852 hate
3444 2814 3568 2853 cum

1953 2888 2213 2944 Martinus
2245 2897 2473 2953 taceret,
2525 2905 2626 2945 nec
2671 2889 2965 2960 quidquam
3023 2891 3267 2960 responsi
3310 2892 3564 2956 referret,

1953 2984 2155 3036 iterare
2186 2996 2348 3035 ausus
2391 2990 2472 3036 est
2517 2981 2766 3036 diabolus
2809 2981 3172 3050 professionis
3221 2981 3505 3037 audaciam
3553 3001 3566 3037 :

1952 3073 2204 3140 Martiae,
2233 3074 2359 3145 quid
2379 3074 2600 3128 dubitas
2630 3074 2877 3138 credere,
2909 3089 3031 3130 cum
3061 3075 3281 3130 videas?
3307 3059 3564 3131 Christus

1955 3185 2056 3240 ego
2087 3184 2228 3224 sum.
2261 3168 2398 3222 Tum
2431 3169 2546 3235 ille,
2576 3168 2859 3224 revelante
2890 3169 2993 3223 sibi
3023 3169 3251 3238 Spiritu,
3277 3181 3331 3224 ut
3359 3170 3566 3226 intelli-

213 3265 498 3332 virtutem,
533 3264 634 3336 qui
663 3263 761 3318 Dei
787 3273 938 3322 veste
966 3263 1202 3320 donatus
1221 3268 1346 3320 sim.
1372 3263 1508 3320 Tum
1531 3280 1661 3319 vero
1678 3280 1842 3336 gran-
1865 3240 1913 3304 Ο
1945 3271 2099 3334 geret
2127 3261 2400 3317 diabolum
2434 3276 2578 3326 esse,
2614 3277 2720 3315 non
2747 3261 2913 3315 Deum
2943 3277 2956 3312 :
2990 3260 3107 3315 Non
3134 3277 3215 3327 sc,
3243 3263 3440 3331 inquit,
3468 3261 3559 3317 Je-

212 3353 295 3410 dis
311 3356 569 3411 omnium
600 3355 671 3411 ad
691 3355 834 3410 hanc
855 3353 1260 3424 professionem
1278 3355 1636 3426 exspectatio.
1657 3355 1840 3426 Itaque

213 3453 279 3508 ad
313 3454 560 3510 mediam
589 3451 712 3510 fere
741 3463 955 3510 noctem
985 3452 1202 3508 fremitu
1233 3461 1434 3507 terram
1465 3452 1836 3508 insultantium

211 3548 567 3605 commoveri
597 3563 766 3604 omne
791 3550 1181 3604 monasterium
1214 3548 1336 3604 loco
1368 3549 1542 3604 visum
1580 3558 1662 3604 est
1690 3568 1702 3603 :
1735 3549 1839 3606 cel—

214 3643 383 3699 lulam
416 3653 635 3711 autem,
669 3644 720 3698 in
764 3659 871 3716 qua
906 3643 1048 3699 idetn
1077 3643 1401 3700 adolescens
1430 3643 1834 3713 continebatur,

213 3737 426 3793 crebris
457 3750 734 3792 cerneres
775 3736 976 3792 micare
1020 3737 1314 3794 luminibus
1351 3756 1361 3791 :
1393 3737 1748 3807 fremitusque
1782 3738 1833 3791 in

215 3845 276 3884 ea
319 3830 792 3898 discurrentium,
839 3819 898 3886 et
939 3846 1184 3886 murmur
1223 3829 1494 3901 quoddam
1539 3832 1831 3884 multarum

212 3938 415 3980 vocum
457 3921 816 3978 audiebatur.
855 3922 1063 3985 Deinde
1094 3923 1236 3977 facto
1271 3922 1495 3978 silentio
1543 3935 1828 3993 egressus;

214 4031 386 4073 unum
432 4017 504 4074 de
535 4016 824 4083 fratribus,
865 4017 1151 4076 Sabacinm
1192 4017 1417 4083 nomine,
1450 4015 1516 4070 ad
1550 4030 1609 4072 se
1650 4023 1828 4081 vocat,

214 4113 572 4183 tunicamque
594 4111 670 4178 ei,
701 4126 806 4182 qua
839 4120 958 4166 erat
985 4111 1223 4177 indutus,
1256 4109 1511 4166 ostendit.
1557 4109 1829 4180 Obstupeo

214 4203 394 4260 factus
424 4205 520 4260 ille
550 4213 824 4260 convocat
862 4214 1120 4270 czeteros;
1165 4205 1281 4274 ipse
1311 4204 1474 4259 etiam
1513 4203 1704 4257 Clarus
1741 4217 1831 4256 ac—

215 4297 421 4361 currit;
461 4295 824 4366 adhibitoque
857 4296 1060 4351 lumine
1081 4306 1290 4351 veStem
1326 4310 1518 4352 omnes
1541 4294 1831 4364 diligenter

215 4387 543 4460 inspiciunt.
605 4388 739 4443 Erat
785 4398 963 4444 autem
1015 4405 1227 4443 summa
1279 4388 1535 4453 mollitie,
1592 4385 1832 4441 candore

215 4483 448 4546 eximio,
501 4483 732 4537 micanti
781 4497 1055 4551 purpura;
1089 4497 1191 4538 nec
1231 4493 1435 4547 tamen,
1472 4479 1630 4550 cujus
1683 4486 1831 4534 esset

213 4577 438 4646 generis
454 4584 551 4631 aut
574 4575 815 4642 velleris,
844 4585 1056 4646 poterat
1075 4575 1316 4646 agnosci.
1337 4574 1620 4630 Curiosius
1637 4579 1825 4628 tamen

215 4671 393 4726 oculis
425 4679 521 4725 aut
563 4670 754 4740 digitis
788 4678 1096 4736 attrectata,
1136 4685 1242 4723 non
1289 4667 1432 4724 aliud
1469 4682 1629 4737 quam
1660 4667 1830 4722 vestis

214 4765 533 4821 videbatur.
569 4765 783 4820 Interea
823 4762 1016 4820 Clarus
1050 4763 1248 4819 fratres
1291 4761 1549 4818 admonet
1594 4761 1830 4817 orationi

216 4858 452 4926 instare,
497 4866 561 4912 ut
609 4856 946 4913 manifestius
1001 4859 1083 4912 eis
1135 4857 1414 4922 Dominus,
1462 4855 1718 4925 quidnam
1775 4851 1828 4909 id

217 4963 406 5019 esset,
445 4951 807 5007 ostenderet:
855 4953 1039 5022 itaque
1085 4951 1349 5020 reliquum
1399 4949 1572 5005 noctis
1616 4950 1831 5021 hymnis

217 5047 563 5119 psalmisque
581 5047 944 5102 consumitur.
969 5049 1036 5100 At
1057 5047 1146 5100 ubi
1168 5045 1345 5099 illuxit
1368 5045 1503 5108 dies,
1523 5045 1832 5116 apprehen-

216 5158 342 5198 sum
383 5141 614 5200 dextera
661 5139 879 5196 trahere
925 5139 991 5194 ad
1051 5139 1341 5194 Martinum
1391 5139 1638 5207 volebat,
1689 5139 1827 5194 bene

215 5235 481 5292 conscius
524 5233 681 5292 illudi
730 5233 878 5288 illum
921 5231 1121 5291 diaboli
1160 5241 1278 5288 arte
1316 5248 1422 5289 non
1468 5247 1649 5304 posse.
1690 5231 1826 5288 Tum

215 5345 358 5388 vero
389 5329 555 5386 reniti
593 5343 657 5383 ac
687 5328 988 5384 reclamare
1029 5328 1195 5384 miser
1226 5327 1410 5398 coepit,
1445 5324 1829 5382 interdictum-

216 5437 330 5497 que
378 5424 484 5480 sibi
535 5437 661 5478 esse
709 5421 942 5488 dicebat,
993 5438 1061 5476 ne
1101 5436 1161 5476 se
1208 5421 1437 5476 Martino
1487 5420 1825 5475 ostenderet.

218 5518 473 5592 Cumque
501 5517 732 5572 invitum
764 5517 844 5572 ire
874 5515 1288 5586 compellerent,
1318 5517 1464 5571 inter
1496 5513 1826 5571 trahentium

217 5629 419 5669 manus
446 5614 619 5669 vestis
643 5613 880 5668 evanuit.
913 5611 1070 5668 Unde
1096 5613 1218 5683 quis
1246 5611 1462 5667 dubitet
1493 5612 1635 5667 hanc
1664 5613 1827 5667 etiam

218 5706 440 5763 Martini
475 5707 638 5760 fuisse
669 5705 944 5774 virtutem,
977 5713 1039 5759 ut
1072 5703 1410 5774 phantasiam
1453 5718 1609 5760 suam
1642 5703 1833 5760 diabo-

219 5800 334 5865 lus,
357 5816 480 5857 cum
509 5808 629 5856 erat
668 5798 876 5854 Martini
919 5799 1089 5854 oculis
1121 5796 1436 5870 ingerenda,
1479 5795 1831 5854 dissimulare

221 5891 430 5950 diutius
461 5902 550 5949 aut
581 5898 760 5961 tegere
791 5907 897 5948 non
928 5891 1142 5963 posset?

1948 3368 2042 3409 sus
2072 3353 2336 3410 Dominus
2368 3363 2718 3423 purpuratum
2765 3364 2820 3407 et
2867 3353 3178 3410 diademate
3223 3355 3554 3409 renitentem

1948 3458 2236 3503 venturum
2269 3463 2389 3502 esse
2419 3448 2690 3517 prtedixit.
2726 3446 2838 3518 Ego
2881 3441 3185 3511 Christum,
3229 3445 3335 3500 nisi
3390 3446 3443 3500 in
3488 3463 3556 3502 eo

1948 3541 2137 3596 habitu
2165 3541 2443 3612 formaque
2465 3556 2570 3611 qua
2605 3554 2797 3610 passus
2825 3547 2930 3606 est,
2968 3539 3070 3594 nisi
3099 3540 3278 3594 crucis
3299 3539 3554 3609 stigmata

1946 3633 2353 3705 praeferentem,
2390 3634 2607 3690 venisse
2633 3649 2740 3688 non
2774 3631 3018 3689 credam.
3046 3631 3128 3690 Ad
3163 3631 3300 3686 hanc
3333 3631 3422 3686 illc
3455 3647 3552 3685 vo-

1945 3743 2066 3784 cem
2091 3728 2274 3781 statim
2301 3726 2552 3781 utfumus
2581 3727 2819 3792 evanuit,
2849 3737 2901 3780 et
2929 3718 3178 3779 cellulam
3204 3733 3356 3778 tanto
3382 3723 3554 3778 fetore

1943 3819 2264 3891 complevit,
2307 3829 2365 3874 ut
2396 3819 2618 3876 indubia
2651 3820 2849 3875 iudicia
2883 3818 3241 3888 relinqueret,
3277 3819 3549 3873 diabolum

1944 3930 2004 3970 se
2033 3915 2221 3969 fuisse.
2255 3913 2368 3969 Hoc
2403 3914 2475 3968 ita
2503 3924 2713 3985 gestum
2747 3924 2801 3966 ut
2835 3927 2999 3984 supra
3024 3912 3329 3979 retulimus,
3363 3927 3433 3967 ex
3465 3911 3549 3982 ip-

1941 4009 2053 4064 sius
2085 4009 2298 4066 Martini
2332 4024 2425 4064 ore
2456 4008 2708 4081 cognovi,
2740 4025 2806 4063 ne
2837 4009 2957 4078 quis
2993 4005 3132 4062 forte
3162 4007 3439 4064 existimet
3469 4005 3550 4061 fa-

1941 4104 2214 4159 bulosum.

2014 4195 2180 4250 XXV.
2225 4197 2354 4251 Nam
2385 4213 2506 4252 cum
2539 4196 2663 4250 olim
2697 4194 2878 4250 audita
2916 4194 3018 4248 fide
3051 4195 3189 4264 ejus,
3234 4197 3339 4249 vita
3382 4206 3545 4266 atque

1939 4291 2250 4353 virtutibus,
2281 4291 2558 4346 desiderio
2581 4290 2727 4343 illius
2749 4297 3128 4352 aestuamus,
3159 4299 3366 4358 gratam
3384 4287 3542 4343 nobis

1942 4384 2006 4441 ad
2038 4402 2158 4441 eum
2192 4385 2482 4440 videndum
2516 4384 3009 4455 peregrinationem
3044 4381 3420 4449 suscepimus:
3469 4382 3543 4435 si-

1943 4481 2076 4546 mul,
2107 4480 2235 4550 quia
2252 4479 2366 4548 jam
2409 4477 2642 4534 ardedat
2668 4477 2884 4531 animus
2913 4475 3075 4529 vitam
3104 4473 3248 4528 illius
3274 4473 3539 4539 scribere,

1939 4573 2138 4643 partim
2162 4572 2236 4626 ab
2266 4571 2406 4642 ipse,
2443 4570 2499 4625 in
2530 4579 2793 4640 quantum
2839 4567 2930 4622 ille
2972 4563 3296 4636 interrogari
3340 4565 3540 4636 potuit,

1857 4644 1914 4707 Ῑ)
1939 4668 2200 4724 sciscitati
2229 4681 2448 4732 sumus;
2477 4666 2676 4738 partim
2708 4663 2774 4718 ab
2811 4662 2897 4716 his
2923 4662 3011 4732 qui
3045 4659 3407 4716 interfuerant
3451 4660 3538 4716 vel

1935 4761 2201 4826 sciebant,
2247 4759 2626 4831 cognovimus.
2680 4756 2799 4823 Quo
2827 4755 3044 4826 quidem
3099 4764 3340 4825 tempore
3387 4753 3542 4810 credi

1935 4872 2044 4911 non
2076 4861 2256 4926 potest
2282 4869 2382 4924 qua
2407 4865 2500 4908 me
2529 4849 2859 4914 humilitate,
2904 4864 3008 4918 qua
3056 4847 3390 4918 benignitate
3417 4863 3542 4903 sus-

1935 4947 2159 5019 ceperit,
2192 4946 2602 5017 congratulatus
2636 4943 2926 5013 plurimum
2963 4951 3016 4996 et
3058 4941 3284 5011 gavisus
3329 4941 3380 4995 in
3430 4941 3536 4997 Do-

1937 5043 2108 5109 mino,
2139 5039 2279 5111 quod
2329 5038 2460 5093 tanti
2491 5045 2636 5092 esset
2667 5034 2886 5090 habitus
2915 5049 2946 5088 a
2975 5034 3153 5100 nobis,
3184 5050 3343 5104 quem
3378 5049 3534 5104 pere-

1933 5134 2239 5207 grinatione
2292 5139 2542 5199 suscepta
2617 5127 3033 5197 expetissemus.
3092 5127 3346 5181 Miserum
3413 5129 3532 5181 me!

1934 5230 2098 5306 (pene
2137 5242 2244 5282 non
2292 5225 2464 5280 audeo
2489 5220 2757 5293 confiteri)
2785 5236 2908 5277 cum
2937 5236 3022 5276 me
3064 5231 3253 5275 sancto
3279 5220 3534 5274 convivio

1936 5341 2037 5381 suo
2061 5322 2312 5392 dignatus
2338 5327 2484 5373 esset
2509 5315 2788 5379 adhibere,
2823 5327 3016 5385 aquam
3051 5312 3299 5367 manibus
3327 5313 3532 5366 nostris

1937 5421 2055 5492 ipse
2080 5414 2312 5480 obtulit;
2358 5415 2424 5468 ad
2463 5427 2744 5483 vesperam
2775 5421 2955 5465 autem
3003 5409 3119 5478 ipse
3163 5408 3321 5464 nobis
3367 5406 3534 5475 pedes

1938 5508 2132 5567 abluit.
2161 5507 2269 5563 Nec
2300 5505 2457 5561 reniti
2499 5512 2594 5560 aut
2631 5503 2923 5559 contraire
2954 5500 3257 5556 constantia
3280 5496 3380 5550 fuit
3412 5513 3425 5548 :
3460 5496 3531 5549 ita

1937 5603 2260 5662 auctoritate
2303 5599 2448 5653 illius
2489 5612 2785 5669 oppressus
2816 5611 2959 5662 sum,
2991 5605 3052 5648 ut
3083 5592 3234 5647 nefas
3263 5596 3532 5658 putarem,

1937 5702 1981 5757 si
2013 5715 2120 5754 non
2151 5693 2567 5766 acquievissem.
2610 5692 2802 5748 Sermo
2834 5696 3013 5742 autem
3068 5685 3210 5737 illius
3239 5695 3346 5734 non
3392 5679 3536 5733 alius

1938 5793 2077 5864 apud
2107 5806 2206 5845 nos
2229 5788 2349 5854 fuit,
2378 5802 2540 5860 quam
2573 5784 2757 5840 mundi
2784 5781 2942 5852 hujus
2970 5775 3256 5832 illecebras
3279 5779 3334 5828 et
3353 5772 3541 5829 smeuli

1940 5900 2107 5942 onera
2140 5881 2522 5954 relinquenda,
2553 5888 2612 5934 ut
2642 5875 2930 5932 Dominum
2962 5866 3146 5925 Jesum
3174 5865 3334 5923 liberi
3373 5880 3542 5937 expo-
