4106 6344
159 409 252 470 177

1153 415 1374 472 EPIST.
1419 415 1485 472 11.
1527 416 1618 471 AD
1657 415 2022 474 AURELIUM
2065 415 2444 473 DIACONUM.

3368 416 3474 475 178

155 547 258 586 cere
283 549 382 585 non
430 541 602 601 potest
645 531 862 604 (ΜηιιΙι.
910 531 1198 604 ιιιίινιεὶ).
1236 531 1380 585 \‘ere
1411 531 1567 599 plane
1621 532 1757 597 iste,
1789 536 1842 596 Α
1868 531 1958 586 nui
1993 531 2302 600 pavimento
2353 531 2740 597 subdiderunt,
2798 533 3110 599 lectumque
3139 533 3186 587 ei
3237 533 3476 602 plurimo

154 625 484 695 quicumque
517 631 634 686 est,
664 624 711 676 si
742 623 848 676 illis
879 623 1213 692 temporibus
1237 636 1394 676 natu~
1422 633 1598 687 esset,
1623 635 1675 676 et
1711 624 1760 675 in

154 717 436 772 Dominum
469 717 576 771 ltac
607 731 738 772 Voce
767 717 947 770 dicere
975 717 1279 784 potui.~‘Set,
1311 717 1400 784 qui
1447 716 1609 770 simili
1642 731 1760 770 ιιιο-

157 810 223 864 do
249 817 496 862 sanctum
533 809 750 862 Domini
779 811 1111 877 blaspltrmat
1141 810 1418 876 exemplo.
1449 810 1584 874 Quid
1607 824 1761 878 ergo,

157 904 391 974 quisquis
425 918 520 970 es,
571 903 839 957 Martinus
891 903 1011 957 ideo
1058 919 1168 956 tton
1222 913 1451 972 potens,
1489 902 1610 956 ideo
1656 919 1763 956 non

158 1009 400 1063 sanctus;
431 1001 562 1068 quia
597 1008 684 1051 est
726 998 1063 1067 periclitatus
1109 999 1400 1052 inrendio‘!
1430 997 1472 1052 Ο
1505 998 1722 1051 beatum
1747 1039 1760 1064 ,

158 1102 206 1147 et
233 1107 328 1160 per
358 1091 549 1145 omnia
581 1091 819 1146 similem
850 1091 1166 1160 Apostolis,
1199 1091 1362 1145 etiam
1415 1091 1469 1144 in
1519 1091 1601 1145 bis
1633 1107 1766 1143 con-

159 1186 348 1250 viciis,
392 1186 610 1240 virum!
672 1185 882 1252 Nempe
927 1184 1030 1238 hoc
1059 1194 1112 1239 et
1158 1184 1224 1238 de
1271 1184 1443 1238 Pauio
1487 1185 1760 1253 gentiles,

161 1295 272 1334 cum
303 1294 429 1332 eum
480 1279 672 1345 vipera
726 1276 1142 1342 momordisset,
1174 1277 1379 1330 dixisse
1425 1276 1761 1331 referuntur:

164 1372 255 1426 Hic
275 1372 433 1426 homo
461 1372 617 1426 debet
662 1372 922 1424 homicida
967 1388 1104 1436 esse,
1135 1387 1285 1435 quem
1328 1371 1523 1424 salvum
1567 1374 1764 1442 furtum

165 1471 216 1523 de
241 1470 371 1522 mari
394 1469 508 1538 fata
542 1469 713 1522 vivere
741 1485 841 1521 non
869 1469 1091 1521 siverunt
1125 1469 1325 1535 (Actor.
1357 1481 1524 1520 xxvul
1543 1508 1556 1530 ,
1584 1465 1667 1536 4).
1697 1464 1768 1519 At

165 1561 240 1616 ille
271 1578 511 1617 excussa
553 1563 746 1627 vipera
779 1561 830 1615 in
867 1563 1042 1631 ignem
1077 1560 1214 1613 nihil
1260 1560 1388 1613 mali
1431 1560 1761 1629 patiebatur.

163 1652 233 1708 llli
271 1663 455 1708 auten:
506 1653 695 1708 subito
740 1668 1026 1717 casurum,
1057 1663 1110 1706 et
1158 1661 1389 1721 repente
1439 1654 1764 1705 moriturum

164 1760 270 1802 eum
301 1747 610 1815 putabant;
642 1747 736 1799 sed
765 1761 885 1800 cum
917 1745 1169 1800 viderent
1197 1744 1331 1798 ttiltil
1385 1745 1512 1798 mali
1545 1745 1761 1799 contin~

163 1853 276 1908 gere
301 1839 349 1892 ei
373 1881 387 1900 ,
419 1847 816 1893 convertentes
843 1854 898 1892 se
919 1880 933 1903 ,
959 1837 1217 1892 dicebant
1255 1853 1379 1890 cum
1412 1837 1582 1891 Deum
1615 1852 1759 1891 esse.

1868 627 2133 681 stramine
2155 635 2560 680 exsmncrunt.
2592 625 2747 690 Dein,
2780 641 2901 679 eum
2930 641 2987 679 se
3010 625 3278 680 Martinus
3324 625 3480 679 cubi-

1868 731 1980 775 tum
2035 720 2395 783 collocasset,
2450 720 2716 775 insuetant
2769 719 3058 774 mollitiem
3115 719 3272 774 strati
3331 717 3478 774 male

1867 812 2199 869 ΒἩιιιιιίθιιιίς
2258 813 2525 868 horrescit
2550 831 2562 865 :
2590 813 2792 882 quippe
2827 814 2915 882 qui
2967 815 3108 866 nnda
3137 812 3328 878 bumo,
3365 825 3475 864 uno

1871 914 2080 958 tantum
2116 905 2296 958 rilicio
2328 904 2664 973 suprrjecto,
2698 906 2900 960 cubare
2941 913 3305 959 coitsueverat
3337 922 3348 955 :
3381 904 3482 957 ila-

1866 1015 1977 1070 que
1995 1001 2381 1068 quasiacceptn
2408 1008 2692 1067 perunctus
2716 999 2910 1068 injuria
2937 1005 3475 1052 stratttentumomne

1868 1094 2122 1164 projerit.
2153 1091 2293 1146 Casu
2325 1109 2488 1162 super
2513 1093 2849 1147 fornaculum
2883 1104 3090 1162 partem
3127 1092 3298 1160 palea:
3328 1091 3480 1144 illius

1869 1204 2029 1257 quatit
2065 1198 2398 1252 removerat,
2424 1188 2662 1255 aggessit
2696 1187 2874 1257 :ipse,
2909 1198 2966 1240 ut
3010 1197 3130 1241 erat
3162 1185 3351 1245 moris,
3384 1200 3486 1238 nu-

1869 1277 1935 1333 da
1971 1281 2156 1345 ltumo,
2194 1277 2520 1332 lassitudine
2552 1278 2764 1333 itineris
2793 1286 3044 1348 urgente,
3075 1276 3364 1348 requievit.
3394 1275 3475 1331 Ad

1870 1371 2107 1425 mediam
2133 1372 2242 1424 fere
2272 1383 2486 1424 noctem
2518 1386 2617 1440 per
2648 1372 3037 1441 interruptum,
3062 1382 3302 1438 utsupra
3335 1369 3482 1423 dixi-

1869 1481 2012 1526 mus,
2049 1466 2420 1535 pavimentum
2458 1465 2598 1534 ignis
2622 1474 2880 1530 aistuans,
2936 1475 3250 1520 arescentes
3294 1463 3481 1534 paleas

1869 1558 2251 1629 apprehendit.
2289 1559 2548 1612 Martinus
2572 1573 2766 1611 somno
2809 1557 3041 1622 excitus,
3077 1571 3135 1611 re
3166 1556 3474 1624 inopinata,

1868 1653 2090 1721 ancipiti
2144 1651 2410 1721 periculo,
2462 1660 2512 1704 et
2567 1653 2824 1714 maxime,
2853 1660 2910 1704 ut
2941 1647 3229 1713 referebat,
3259 1646 3483 1701 diabolo

1868 1746 2161 1800 insidiante
2217 1755 2379 1814 atque
2436 1755 2666 1814 urgente
2697 1751 3034 1813 praeventus,
3067 1741 3273 1795 tardius
3312 1755 3473 1810 quam

1867 1838 2058 1893 debuit
2082 1839 2146 1891 ad
2172 1839 2434 1891 orationis
2447 1837 2691 1905 Confugit
2713 1837 3000 1890 auxilium.
3022 1835 3157 1890 Nam
3181 1848 3474 1902 erumpere

168 1930 405 1998 Alioquin
454 1929 547 1985 vel
599 1929 798 1984 ltorum
844 1931 1124 1999 eXt-Iltplo,
1157 1931 1399 1983 omnium
1446 1929 1762 1983 mortalium
1802 1938 1844 1996 Β
1872 1933 2017 1986 foras
2073 1930 2320 2000 cupiens,
2371 1946 2493 1984 cum
2554 1932 2776 1999 pessulo
2824 1944 2984 2000 quem
3018 1929 3162 1982 ostio
3192 1925 3485 1981 obdiderat

167 2023 560 2088 infelicissime,
602 2024 883 2094 perlidiam
913 2033 1058 2078 tuam
1087 2039 1388 2095 coarguere
1421 2027 1537 2094 ipse
1565 2021 1767 2080 débue-

169 2132 270 2183 ras;
314 2116 443 2172 utsi
491 2118 588 2173 tibi
645 2117 960 2172 scandalum
1006 2128 1252 2172 moverat
1301 2119 1448 2186 quod
1498 2120 1766 2173 Martinus

170 2209 365 2264 ﬂamma
395 2211 545 2280 ignis
569 2210 856 2265 videbatur
889 2222 1156 2275 attactus,
1184 2211 1329 2266 hunc
1359 2227 1576 2266 rursum
1629 2222 1768 2265 atta-

173 2310 303 2357 ctum
343 2302 411 2356 ad
464 2303 666 2357 merita
728 2303 868 2357 illiUs
907 2313 961 2357 et
987 2305 1241 2358 virtutem
1301 2302 1569 2369 referres,
1623 2305 1767 2374 quod

176 2396 559 2463 circuntSeptus
608 2397 825 2466 ignibus
876 2412 977 2450 noo
1014 2399 1266 2467 perisset.
1327 2401 1574 2468 Agnosco
1600 2401 1767 2464 enim,

180 2489 348 2554 miser,
379 2504 621 2558 agnosce
645 2491 790 2560 quod
814 2491 1014 2556 nescis,
1048 2507 1245 2545 omnes
1275 2491 1386 2545 fere
1417 2501 1635 2546 sanctos
1659 2507 1772 2545 ma-

125 2631 131 2652 ,
182 2584 507 2653 gisinsignes
535 2583 901 2652 periculorum
949 2601 1174 2638 suorum
1231 2582 1398 2638 fuisse
1455 2584 1767 2639 virtutibus.

126 2653 340 2729 L'Video
355 2678 580 2746 quidem
609 2675 830 2730 Petrum
862 2675 963 2730 lide
994 2684 1294 2745 potentem,
1319 2691 1498 2729 rerum
1523 2676 1774 2731 obstante

190 2776 390 2830 natura,
441 2783 599 2823 mare
647 2768 873 2837 pedibus
920 2783 1356 2838 supeigressum,
1388 2777 1443 2822 et
1496 2769 1776 2823 instabiles

189 2871 340 2929 aquas
361 2876 634 2929 corporeo
659 2863 927 2930 pressisse
960 2862 1214 2930 vestigio,
1257 2860 1352 2914 sed
1379 2875 1485 2914 non
1521 2861 1643 2916 ideo
1679 2864 1776 2914 mi-

189 2968 282 3008 ttor
304 2955 429 3008 mibi
461 2955 681 3010 \idctur
704 2955 946 3024 gentium
981 2954 1326 3025 praedicator,
1381 2971 1537 3024 quem
1582 2955 1780 3008 ﬂuctus

195 3047 481 3114 absorbuit,
513 3059 569 3105 et
602 3061 723 3118 post
755 3051 990 3103 ttiduum
1018 3050 1354 3117 totidemque
1383 3060 1572 3104 noctes
1603 3066 1783 3102 emer-

192 3154 393 3210 gentem
422 3162 450 3197 e
474 3141 753 3214 profundo
785 3142 926 3196 ttnda
964 3142 1219 3205 restituit,
1264 3150 1424 3207 atque
1458 3139 1600 3194 haud
1642 3139 1779 3204 scio,

195 3246 254 3286 an
292 3250 427 3303 pene
481 3235 606 3304 plus
639 3235 803 3288 fuerit
857 3233 1060 3288 viti-se
1094 3233 1145 3286 in
1178 3232 1466 3300 profundo,
1502 3249 1571 3284 an
1619 3248 1782 3301 supra

1870 2025 1964 2080 diu
1994 2027 2330 2094 multumque
2361 2023 2619 2089 lui-tatus,
2655 2023 3039 2091 gravissimum
3088 2025 3234 2075 circa
3267 2033 3327 2073 se
3355 2032 3484 2072 sen-

1871 2120 1944 2172 sit
1991 2118 2340 2182 incendium,
2386 2116 2522 2170 adeo
2572 2127 2628 2169 ut
2683 2124 2892 2169 vestem
2947 2129 3050 2184 qua
3082 2113 3310 2166 indutus
3340 2119 3478 2176 erat,

1872 2213 2009 2283 ignis
2041 2212 2428 2276 absumpserit.
2474 2209 2720 2264 Tandem
2756 2212 2807 2262 in
2841 2224 2899 2263 se
2933 2222 3214 2274 reversus,
3272 2222 3378 2259 non
3429 2206 3482 2258 in

1875 2308 2019 2378 fuga,
2046 2308 2139 2361 sed
2173 2307 2222 2358 in
2251 2306 2484 2360 Demino
2517 2305 2698 2358 spiens
2729 2318 2851 2358 esse
2883 2301 3236 2372 praesidium;
3270 2311 3482 2354 scutum

1876 2400 2002 2456 ﬁdei
2036 2409 2090 2454 et
2117 2399 2382 2453 orationis
2412 2398 2706 2469 arripiens,
2753 2396 2948 2452 mediis
2992 2395 3226 2448 ﬂammis
3252 2401 3394 2447 lotus
3417 2392 3483 2445 ad

1875 2494 2167 2548 Dominum
2219 2507 2518 2547 conversus
2568 2491 2837 2545 incubuit.
2885 2489 3023 2543 Tum
3059 2504 3192 2542 vero
3227 2487 3489 2541 ditinitus

1878 2586 2006 2657 igne
2034 2586 2309 2651 sobmoto,
2344 2584 2568 2638 innoxio
2591 2582 2694 2637 sibi
2720 2583 2853 2638 orbe
2901 2581 3248 2636 ﬂammarum
3271 2579 3485 2634 orabat.

1878 2678 2126 2734 Monacbi
2159 2687 2368 2740 autem,
2401 2677 2488 2746 qui
2523 2692 2620 2745 pro
2650 2675 2858 2728 foribus
2885 2682 3064 2731 erant.
3101 2673 3406 2741 crepitante
3435 2680 3489 2724 et

1877 2773 2212 2829 colluctante
2244 2771 2479 2825 incendii
2514 2786 2672 2833 sono,
2692 2769 2973 2822 obseratas
2995 2765 3285 2836 eﬂ‘ringuot
3309 2765 3486 2818 fores:

1879 2865 2195 2934 diutuleque
2225 2867 2367 2936 igne.
2398 2879 2428 2918 e
2456 2862 2648 2918 mediis
2668 2861 2904 2916 ﬂammis
2930 2857 3494 2914 Martinumauferunt

1882 2975 2002 3013 cum
2030 2960 2139 3024 jam
2171 2959 2408 3027 poenitus
2441 2972 2562 3011 esse
2591 2964 2946 3025 consuntptus
2979 2962 3085 3007 tant
3110 2953 3367 3006 diuturno
3404 2953 3486 3005 in-

1885 3053 2081 3108 cendio
2107 3062 2412 3122 putaretur.
2464 3051 2735 3104 (La-terum
2766 3048 2995 3120 (verbis
3041 3048 3179 3101 meis
3228 3044 3496 3100 Dominus

1887 3157 1969 3203 est
2001 3150 2157 3201 testis
2187 3147 2203 3215 )
2238 3145 2368 3200 mihi
2401 3147 2518 3215 ipse
2544 3143 2836 3209 relerebat,
2869 3153 2921 3198 et
2958 3157 3066 3196 non
3115 3141 3236 3195 sine
3284 3141 3495 3208 gemitu

1889 3243 2182 3303 fatebatur.
2216 3242 2271 3295 in
2305 3241 2406 3294 hoc
2430 3258 2486 3296 so
2506 3240 2710 3294 diaboli
2739 3250 2856 3292 arte
2878 3235 3193 3307 dereptum,
3217 3247 3270 3290 ut
3300 3249 3493 3290 excus-

197 3331 348 3384 tnaris
379 3330 645 3399 profunda
678 3329 969 3383 transisse.
998 3329 1104 3382 Sed
1131 3327 1248 3380 lucc
1297 3337 1374 3389 ιιι,
1424 3336 1480 3378 ιιι
1518 3326 1778 3387 arbitror,

1891 3351 1982 3391 sus
2011 3354 2042 3390 e
2070 3350 2262 3389 somno
2303 3334 2596 3388 censilium
2649 3345 2753 3385 non
2781 3332 3033 3394 haberet,
3067 3343 3174 3398 quo
3205 3343 3301 3399 per
3332 3326 3494 3380 ﬁdem

197 3425 369 3491 Stulte,
427 3440 534 3479 non
567 3424 801 3493 legeras,
833 3434 922 3475 aut
958 3421 1097 3474 lecta
1133 3436 1237 3474 non
1265 3419 1543 3473 audieras.
1597 3417 1786 3488 Neque

196 3517 330 3571 enim
381 3518 590 3588 absque
641 3517 826 3570 divino
877 3512 1784 3580 consilioistiusmodiexemplum

199 3608 380 3664 beatus
405 3609 750 3680 Evangelista
781 3609 954 3663 sacris
985 3609 1182 3661 litteris
1212 3605 1550 3676 protulisset,
1599 3604 1704 3659 nisi
1734 3614 1791 3658 ttt

199 3717 260 3758 ex
290 3705 370 3758 bis
400 3708 630 3760 liumatta
661 3720 814 3758 mens
838 3702 1171 3765 erudiretur,
1203 3700 1790 3771 naufragiorquatque

201 3801 525 3867 Serpentium
584 3813 768 3860 casus.
803 3807 854 3851 et
893 3796 1071 3869 (sicut
1126 3795 1424 3864 Apostolus
1478 3793 1667 3855 refett.
1699 3773 1794 3864 qui

201 3892 453 3956 nuditate,
483 3893 625 3946 fame
653 3893 1034 3960 latronumque
1061 3889 1312 3956 periculis
1343 3886 1643 3958 gloriatur)
1675 3905 1792 3940 om-

204 3983 282 4037 nia
309 3984 420 4039 haec
446 3986 650 4041 Sanetis
677 3984 996 4038 hominibus
1025 3994 1187 4052 atque
1217 3981 1466 4036 omnibus
1501 3983 1565 4035 ad
1602 3999 1794 4052 perpe-

205 4077 435 4132 tiendum
465 4079 684 4150 quidem
708 4093 829 4132 esse
851 4077 1160 4131 communia
1188 4091 1202 4140 ;
1257 4075 1351 4129 sed
1382 4075 1462 4128 bis
1491 4076 1792 4131 tolerandis

205 4182 361 4243 atque
383 4174 665 4228 vincendis
695 4174 1023 4244 pra’cipnam
1057 4186 1278 4238 semper
1305 4172 1575 4237 justorum
1627 4169 1794 4223 fuisse

206 4266 474 4334 tirtutem,
525 4269 653 4321 dttttt
706 4282 803 4337 per
851 4267 1027 4319 omnia
1079 4273 1413 4318 tentamenta
1447 4265 1715 4331 patientes
1742 4271 1797 4316 et

209 4375 418 4429 semper
450 4360 657 4426 invicti,
695 4368 845 4412 tanto
869 4358 1061 4412 fortius
1086 4359 1392 4417 vincerent,
1427 4368 1630 4424 quanto
1669 4369 1794 4422 gra-

209 4453 321 4507 vius
347 4454 710 4526 pertulissettt.
744 4451 899 4506 Unde
923 4451 1024 4506 hoc
1051 4453 1196 4520 quod
1230 4451 1297 4504 ad
1325 4449 1535 4504 Martini
1568 4447 1798 4502 iulirmi-

210 4553 368 4599 tatem
395 4559 630 4609 vocatur,
659 4545 874 4615 plenum
907 4555 988 4598 est
1007 4544 1285 4613 dignitatis
1309 4553 1362 4597 et
1391 4542 1601 4612 glorias,
1631 4541 1800 4610 siqui—

210 4641 328 4694 dem
383 4639 850 4710 perieulosissimo
901 4655 1028 4693 casu
1069 4649 1310 4693 tentatus
1341 4638 1588 4694 evicetit.
1623 4635 1803 4692 Caete-

1892 3441 1946 3487 et
1971 3430 2269 3484 orationem
2297 3429 2539 3498 perit-uio
2594 3434 2919 3494 repugnaret
2953 3443 2965 3479 :
2996 3423 3232 3492 denique
3290 3419 3494 3475 tamdiu

1891 3527 2033 3579 circa
2064 3539 2122 3576 se
2147 3523 2372 3575 saevisse
2418 3521 2616 3589 ignem,
2652 3519 2911 3589 quamdiu
2962 3530 3253 3587 erumpere
3291 3514 3492 3568 ostium

1894 3615 2139 3671 turbatus
2166 3623 2351 3669 mente
2378 3614 2688 3668 tentaverit.
2733 3612 2834 3667 Ubi
2863 3627 2993 3665 vero
3021 3608 3290 3664 auxilium
3322 3606 3503 3661 crucis

1895 3721 1948 3766 et
1974 3709 2241 3763 orationis
2304 3722 2452 3760 arma
2499 3707 2810 3775 repetiSSt-t,
2843 3704 3055 3759 medias
3082 3703 3316 3756 cessisse
3343 3698 3497 3752 ﬂam-

1896 3820 2035 3867 mas,
2065 3817 2234 3868 seque
2285 3813 2411 3854 tunc
2456 3801 2692 3854 sensisse
2729 3809 2982 3854 rorantes
3006 3813 3142 3868 quas
3184 3794 3327 3848 male
3357 3801 3504 3846 esset

1897 3904 2153 3962 expertus
2183 3903 2426 3948 urentes.
2465 3892 2616 3947 L‘nde
2641 3892 2906 3962 intelligat
2932 3888 3180 3960 quisquis
3209 3887 3323 3940 hzec
3367 3885 3504 3955 lege-

1899 3988 1992 4051 rit,
2020 3996 2286 4041 tentatum
2317 3985 2537 4057 quidem
2569 3986 2666 4040 illo
2694 3985 2983 4040 Martinum
3036 3983 3299 4055 periculo,
3333 3978 3427 4034 sed
3454 3987 3508 4032 et

1899 4081 2209 4153 probatum.

2521 4172 2856 4228 EPlSTOLA
2895 4173 2959 4227 ll.

2341 4289 2420 4342 An
2459 4288 2746 4342 Aunsuuu
2785 4302 3073 4343 DIACONUI.

2130 4401 2203 4456 De
2223 4402 2363 4456 obitu
2394 4411 2441 4454 et
2485 4401 2812 4472 apparitione
2861 4400 2996 4454 beati
3050 4396 3289 4452 Martini.

1981 4517 2264 4573 SULPICIUS
2314 4514 2567 4570 SEVEBUS
2621 4514 2862 4570 Aunnuo
2907 4513 3140 4568 diacono
3183 4509 3434 4566 salutem.

1987 4633 2347 4701 Posteaquam
2381 4647 2407 4682 a
2442 4647 2527 4685 me
2553 4647 2711 4685 ntane
2751 4631 3028 4698 digressus
3051 4645 3133 4696 es,
3185 4643 3336 4684 eram
3377 4625 3518 4682 resi-

212 4751 327 4789 rum
355 4736 402 4790 id
426 4738 682 4790 omissum
708 4750 737 4788 a
770 4749 854 4788 me
881 4734 930 4786 ιιι
961 4733 1142 4787 libello
1176 4734 1268 4786 illo
1313 4748 1470 4801 quem
1495 4733 1563 4786 de
1593 4732 1700 4785 vita
1736 4732 1797 4784 il-
1832 4735 1886 4795 D
1911 4729 2048 4784 dens
2074 4727 2226 4782 solus
2250 4728 2300 4780 itt
2322 4725 2541 4789 cellula,
2575 4725 2924 4795 subieratque
2951 4740 3036 4779 me
3066 4723 3289 4794 illaqua:
3317 4721 3516 4790 smpius

213 4831 312 4884 lius
336 4833 670 4901 scrip~imus,
699 4846 858 4882 nemo
883 4827 1144 4892 miretur;
1177 4827 1519 4880 cumibidem
1550 4825 1650 4879 sim
1682 4840 1807 4895 pro-

215 4927 407 4991 fessus,
436 4945 519 4981 me
551 4945 658 4981 tton
689 4925 871 4980 omnia
917 4926 1066 4978 illius
1095 4925 1228 4977 laeta
1261 4924 1604 4994 complexum
1640 4941 1652 4976 :
1678 4921 1806 4992 quia

215 5020 255 5073 si
280 5022 525 5089 persequi
558 5019 810 5074 universa
843 5019 1154 5082 voluissem,
1190 5015 1517 5072 immensum
1552 5015 1805 5069 volumen

217 5111 518 5182 legentibus
573 5113 894 5166 edidissem.
947 5110 1128 5179 Neque
1178 5119 1304 5162 sunt
1355 5120 1463 5162 tam
1495 5125 1662 5176 parva
1691 5125 1815 5178 quae

217 5193 402 5276 gessit,
431 5221 484 5260 ut
515 5208 694 5260 omnia
722 5203 996 5273 potuerint
1015 5202 1426 5270 comprehendi.
1487 5201 1596 5258 Sed
1631 5214 1809 5255 tamen

218 5297 319 5352 boc
343 5298 410 5353 de
438 5316 540 5368 quo
572 5299 802 5367 qnaastio
835 5297 1041 5356 incidit,
1062 5296 1233 5349 latere
1264 5310 1368 5348 non
1401 5296 1596 5359 patiar,
1616 5302 1671 5347 et
1698 5310 1811 5348 rem

221 5404 455 5449 omnem.
485 5401 540 5444 ut
561 5399 713 5459 gesta
745 5397 848 5451 est,
881 5387 1140 5451 releram,
1173 5405 1239 5440 tte
1275 5388 1413 5441 l'orte
1434 5387 1669 5441 consilio
1689 5385 1815 5451 hoc,

222 5482 368 5552 quod
406 5484 467 5537 ad
511 5483 969 5554 vituperationem
1026 5481 1170 5534 beati
1219 5480 1316 5534 viri
1350 5489 1560 5544 poterat
1587 5480 1814 5549 opponi,

223 5579 631 5647 praeti-rtttisisse
660 5575 958 5628 videamur.
983 5572 1121 5627 Cum
1148 5571 1213 5625 ad
1246 5571 1813 5640 dimersinquamdam

225 5685 324 5740 pro
356 5668 574 5722 solemni
605 5665 1001 5722 consuetudine
1032 5666 1214 5732 (sicut
1264 5664 1536 5733 episeopis
1593 5663 1817 5716 visitare

227 5761 482 5818 ecclesias
520 5776 646 5815 suas
670 5762 838 5814 moris
866 5773 943 5812 eSt
971 5757 1177 5828 )media
1206 5758 1320 5809 fere
1353 5756 1532 5810 hieme
1555 5755 1819 5810 Martinus

227 5857 841 5921 venis~et,mat-sionem
871 5854 919 5908 ei
952 5855 1004 5906 in
1033 5852 1335 5906 secretario
1367 5851 1612 5906 ecclesia:
1635 5851 1819 5906 clerici

231 5959 573 6020 paraverunt,
609 5949 945 6018 multumque
973 5947 1153 6018 ignem
1185 5944 1509 6015 scabrojam
1541 5953 1599 6000 et
1632 5954 1818 6015 perte-

1913 4832 2145 4892 occnpat
2193 4820 2474 4891 cogitatio,
2523 4833 2648 4888 spes
2693 4817 3014 4880 futurorum,
3053 4814 3515 4887 praesentiumque

1914 4917 2214 4974 fastidiunt,
2237 4914 2422 4980 judicii
2454 4921 2652 4976 metus,
2671 4911 2898 4965 formido
2924 4925 3202 4976 pinnarum
3229 4925 3244 4975 ;
3269 4917 3346 4970 et,
3372 4907 3520 4977 quod

1916 5022 2267 5077 Consequens
2291 5013 2426 5068 erat,
2455 5014 2616 5074 atque
2648 5005 2788 5057 unde
2816 5005 3074 5072 Cogitatio
3099 5014 3209 5057 tota
3228 5001 3524 5057 descende-

1917 5111 2022 5167 rat,
2057 5113 2402 5170 peccatoruut
2438 5113 2681 5151 meorum
2714 5099 3018 5152 recordatio
3048 5098 3255 5152 tristem
3279 5112 3364 5151 me
3395 5111 3525 5151 eone

1922 5195 2240 5261 fectumqne
2264 5191 2599 5246 reddiderat.
2626 5190 2834 5244 Deinde
2867 5206 2990 5245 cum
3047 5189 3266 5262 fatigata
3323 5204 3528 5260 angore

1921 5286 2089 5340 animi
2140 5287 2190 5339 in
2244 5285 2442 5339 lectulo
2483 5284 2724 5338 membra
2762 5300 3088 5353 posuissem,
3124 5294 3179 5338 nt
3209 5287 3528 5356 plerumque

1923 5397 1989 5438 ex
2024 5381 2396 5436 incestitttdine
2425 5379 2591 5444 solet,
2625 5394 2852 5433 somnus
2874 5381 3117 5449 obrepsit
3149 5379 3276 5452 (qui
3309 5390 3362 5432 ut
3383 5390 3527 5430 sem-

1926 5491 2021 5543 per
2047 5472 2325 5527 matutinis
2356 5474 2468 5526 oris
2520 5473 2692 5526 levior
2720 5474 3090 5543 incertusque,
3130 5472 3203 5526 ita
3232 5481 3528 5541 suspensus

1925 5577 1979 5622 et
2009 5566 2208 5621 dubius
2252 5581 2346 5635 per
2366 5565 2610 5621 membra
2658 5565 3018 5630 diffunditur;
3056 5575 3134 5629 ιιι,
3165 5563 3308 5633 quod
3345 5563 3394 5614 itt
3418 5559 3527 5612 alio

1923 5678 2120 5733 sopore
2145 5676 2249 5715 noti
2279 5661 2482 5725 evenit,
2516 5677 2658 5732 pene
2682 5662 2913 5732 vigilans
2931 5661 3170 5716 dormire
3201 5653 3523 5726 tesentias);

1924 5772 2047 5812 Cum
2081 5765 2304 5825 repente
2347 5765 2595 5809 sanetum
2651 5755 2940 5809 Martinam
2985 5754 3298 5822 episeopttm
3343 5742 3528 5806 videte

1929 5850 2062 5903 mibi
2088 5849 2295 5913 videor,
2327 5857 2651 5918 prtcteatum
2688 5857 2807 5923 toga
2837 5844 3092 5908 Candida,
3143 5843 3296 5898 vultu
3328 5844 3526 5916 igneo,

1930 5941 2280 5998 stellantibus
2305 5939 2502 6006 oculis,
2534 5940 2688 5994 crine
2717 5950 2992 6007 purpureo
3023 5951 3037 5989 ε
3069 5944 3230 6004 atque
3279 5936 3352 5993 ita
3397 5933 3534 5992 mibi
