4106 6344
572 356 674 414 1ῗ9

1931 352 2230 418 δυιριοιι
2263 353 2515 414 SEVERI

3772 355 3878 415 ιω

565 474 618 526 in
643 486 704 528 ea
737 471 1057 526 habitudine
1105 471 1351 541 corporis
1401 469 1678 538 formaque
1708 483 1810 540 qua
1843 483 1965 523 eum
1996 481 2167 522 nove-
2199 471 2246 534 Α
2273 469 2430 535 alias,
2457 478 2511 521 ut
2537 483 2682 539 smpe
2711 469 2976 537 provenit,
3039 471 3290 524 victimas
3321 467 3637 535 duceretur,
3673 470 3880 540 primus

572 581 709 632 ram,
739 566 1052 628 videbatur,
1086 571 1163 630 ut,
1195 563 1342 633 quod
1373 562 1552 633 eloqui
1589 562 1744 618 nobis
1786 578 1924 632 pene
1947 559 2173 618 difficile

572 669 678 726 est,
734 677 838 713 non
894 667 1083 730 posset
1140 657 1329 728 aspici,
1380 673 1501 712 cum
1535 665 1719 727 posset
1743 655 1987 728 agnosci.
2018 656 2176 711 Arri-

574 751 817 822 densque
846 751 978 805 mihi
1007 732 1306 821 paululum,
1336 749 1580 805 libellum
1607 765 1766 820 quem
1798 749 1867 804 de
1890 749 1995 804 vita
2031 751 2177 805 illius

573 845 923 916 scripseram,
974 841 1162 902 dextra
1215 841 1556 916 praeferebat.
1618 845 1729 916 Ego
1785 853 1967 899 sancta
2002 859 2176 915 genua

574 938 692 1008 ejus
723 939 1027 1009 amplexus,
1059 937 1496 995 benedictionem
1531 952 1628 1008 pro
1653 937 2053 992 consuetudine
2082 937 2179 992 lla-

572 1031 807 1101 gitabam
837 1049 850 1086 :
881 1030 1395 1100 superpositamque
1418 1029 1583 1100 capiti
1617 1045 1738 1085 meo
1783 1045 2001 1084 manum
2036 1039 2178 1085 tactu

576 1125 933 1181 blandissimo
957 1125 1279 1191 sentiebam,
1307 1141 1428 1180 cum
1464 1126 1608 1181 inter
1635 1123 2031 1181 benedictionis
2054 1141 2177 1182 ver-

579 1220 643 1273 ba
667 1219 933 1274 solemnia
960 1219 1229 1274 familiare
1265 1217 1395 1273 illud
1412 1219 1491 1273 uri
1519 1233 1618 1272 suo
1645 1220 1823 1274 crucis
1847 1235 2042 1275 nomen
2075 1219 2178 1276 ite-

585 1322 751 1366 rarct.
774 1309 892 1366 Mox
927 1311 979 1365 in
1007 1326 1129 1365 cum
1164 1309 1460 1366 luminibus
1489 1309 1733 1378 intentis,
1768 1326 1888 1366 cum
1921 1310 2180 1366 exsatiari

578 1403 730 1458 vultu
753 1404 898 1459 illius
928 1413 1336 1474 conspectuque
1362 1417 1468 1457 non
1493 1417 1734 1472 possem,
1763 1403 1939 1458 subito
1971 1399 2104 1457 mihi
2130 1404 2180 1457 in

579 1496 812 1552 sublime
841 1496 1090 1551 sublatus
1115 1497 1376 1566 eripitur;
1406 1493 1580 1552 donec
1603 1512 1823 1552 emensa
1858 1498 2000 1551 aeris
2029 1498 2185 1554 istius

579 1587 854 1652 vastitate,
886 1601 1010 1643 cum
1039 1599 1223 1643 tamen
1255 1587 1444 1658 rapida
1505 1588 1649 1643 nube
1699 1587 2014 1644 subvectum
2067 1589 2183 1644 acie

579 1695 934 1752 sequeremur
961 1682 1266 1746 oculorum,
1316 1682 1520 1752 patenti
1551 1683 1692 1738 creto
1725 1693 1979 1751 receptus
2010 1679 2186 1736 videri

584 1775 721 1830 ultra
767 1791 872 1830 non
949 1778 1144 1845 potuit.
1199 1773 1311 1831 Nec
1365 1776 1537 1830 multo
1596 1785 1740 1846 post,
1801 1777 2186 1848 presbyterum

2276 563 2539 625 Omnium,
2566 562 2823 618 carnilice
2851 563 3158 632 compulso,
3189 563 3426 633 palmam
3460 563 3742 634 sanguinis
3789 576 3876 618 oc-

2276 665 2546 724 cupassct.
2605 652 2724 709 Jatn
2755 670 2886 711 vero
2917 655 3183 710 adversus
3235 671 3427 712 omnes
3481 670 3677 732 poenas
3723 664 3916 725 atque,

2277 747 2562 816 supplicia,
2592 744 2788 816 quibus
2821 746 3138 818 plerumque
3168 746 3407 801 humana
3441 748 3610 803 cessit
3656 747 3881 804 infirmi-

2278 849 2382 905 tas,
2412 838 2506 905 ita,
2529 854 2555 891 a
2586 837 2926 894 confessione
2957 839 3172 894 Domini
3207 857 3314 895 non
3341 840 3632 903 recedens,
3685 839 3881 897 immo-

2282 933 2403 989 bilis
2460 937 2746 997 stetisset,
2795 944 2854 988 ut
2903 925 3061 990 lactus
3105 935 3382 991 ulceribus
3428 934 3886 1008 congaudensque

2282 1026 2612 1082 Cl'tt('i.tlli)lls
2647 1027 2909 1098 qutclibet
2969 1028 3110 1082 inter
3165 1037 3438 1085 tormenta
3490 1028 3725 1088 risisset.
3775 1026 3890 1090 Sed

2282 1136 2606 1191 quamquam
2639 1120 2736 1176 ista
2787 1135 2892 1175 non
2929 1119 3138 1188 tttlerit,
3186 1117 3428 1198 implevit
3481 1129 3662 1174 tamen
3723 1119 3884 1175 etiam
3967 1169 3973 1178 .

2283 1213 2400 1266 sine
2420 1227 2615 1268 cruore
2640 1212 2955 1284 martyrium
2989 1231 2999 1266 :
3038 1228 3158 1268 nam
3210 1227 3344 1284 quas
3370 1211 3457 1266 ille
3482 1227 3578 1282 pro
3611 1225 3711 1282 Spe
3734 1222 3890 1267 arter-

2285 1306 2470 1361 nitatis
2504 1311 2864 1360 bumanormn
2897 1303 3144 1360 dolorum
3179 1321 3285 1360 non
3334 1304 3558 1373 pertulit
3587 1301 3888 1372 passiones,

2285 1399 2446 1462 fame,
2479 1399 2693 1472 vigiliis,
2731 1397 2995 1464 nuditate,
3027 1398 3271 1468 jejuniis,
3327 1395 3643 1470 opprobriis
3676 1395 3890 1450 invido-

2289 1507 2429 1553 rum,
2457 1489 2913 1547 insectationibus
2974 1489 3379 1562 improborum,
3412 1505 3545 1544 cura
3595 1503 3695 1559 pro
3747 1485 3892 1542 infir-

2292 1586 2585 1650 mantibus,
2621 1583 2994 1639 sollicitudine
3019 1601 3115 1654 pro
3132 1581 3599 1654 periclitantibus?
3625 1598 3734 1651 quo
3751 1580 3896 1636 enim

2293 1681 2383 1736 ille
2412 1679 2632 1737 dolente
2661 1697 2764 1734 non
2789 1678 3009 1734 doluit?
3035 1695 3142 1749 quo
3173 1678 3572 1733 scandalizante
3605 1694 3712 1732 non
3747 1686 3894 1733 ustus

2293 1772 2416 1827 est?
2446 1790 2552 1843 quo
2577 1783 2838 1842 pereunte
2870 1787 2976 1826 non
3003 1771 3244 1844 gemuit?
3272 1780 3469 1842 praeter
3494 1771 3581 1826 illa
3614 1769 3888 1842 quotidia-

583 1879 828 1924 sanctum
859 1865 1102 1929 Clarum,
1129 1867 1456 1939 discipulum
1488 1867 1653 1932 illius,
1681 1869 1770 1940 qui
1803 1884 1976 1940 nuper
1999 1885 2189 1924 exces-
2218 1871 2266 1930 B
2294 1881 2360 1920 tta
2395 1866 2540 1920 illius
2570 1863 2861 1920 adversum
2909 1865 3162 1919 bumanrc
3217 1866 3587 1936 spiritalisque
3640 1864 3895 1936 nequitia:

581 1975 749 2026 serat,
779 1961 936 2017 video
978 1961 1226 2017 eamdem
1259 1978 1418 2033 quam
1466 1963 1808 2031 magistrum,
1844 1964 1986 2017 viam
2029 1979 2190 2019 scan-

586 2055 736 2109 dere.
770 2051 883 2123 Ego
913 2054 1203 2125 impudens
1233 2055 1387 2125 sequi
1443 2055 1696 2126 cupiens,
1719 2055 1846 2110 dum
1871 2055 2011 2110 altos
2039 2071 2190 2128 gres-

584 2164 678 2204 sus
724 2148 924 2204 molior
950 2163 1003 2205 et
1026 2152 1298 2216 connitor,
1334 2150 1532 2220 evigilo
1572 2169 1585 2204 ε
1618 2166 1920 2222 somnoque
1947 2151 2187 2220 excitus,

581 2241 950 2316 congratul‘ari
1002 2260 1276 2315 cmperam
1337 2245 1554 2312 visioni,
1586 2259 1708 2300 cum
1739 2245 1806 2300 ad
1839 2260 1924 2300 me
1947 2260 2081 2316 puer
2110 2243 2190 2298 fa-

583 2338 812 2392 miliaris
861 2337 1184 2408 ingreditur,
1235 2339 1400 2393 solito
1454 2340 1679 2405 tristior,
1735 2339 1884 2393 vultu
1917 2339 2190 2411 loquentis

584 2431 789 2498 pariter
818 2441 872 2486 et
895 2430 1153 2485 dolentis.
1181 2431 1320 2498 Quid
1349 2439 1428 2495 tu,
1461 2431 1705 2502 inquam,
1741 2441 1846 2485 tam
1898 2432 2065 2486 tristis
2108 2427 2189 2485 lo-

587 2522 677 2590 qui
727 2523 934 2592 gestis?
977 2525 1043 2576 At
1093 2522 1218 2587 ille,
1246 2521 1393 2588 Duo,
1431 2525 1634 2594 inquit,
1666 2522 1918 2579 monachi
1970 2523 2131 2579 modo
2161 2540 2194 2579 a

587 2614 823 2670 Turonis
875 2615 1198 2683 adfuerunt,
1232 2617 1325 2688 qtti
1368 2615 1626 2671 domuum
1675 2615 1960 2672 Martinum
2009 2621 2194 2676 obisse

589 2712 865 2765 nuntiant.
896 2709 1145 2776 Concidi,
1180 2711 1382 2775 fateor,
1416 2713 1731 2783 obortisque
1761 2712 2016 2786 lacrymis
2065 2711 2190 2770 ﬂevi

585 2802 877 2857 uberrime.
911 2803 1049 2872 Quin
1083 2803 1246 2860 etiam
1275 2802 1401 2859 dum
1427 2804 1541 2858 lucc
1564 2805 1628 2860 ad
1663 2814 1736 2873 te,
1772 2804 1959 2874 frater,
2000 2805 2194 2862 scribi-

589 2911 740 2962 mus,
766 2893 937 2950 lluunt
967 2896 1251 2968 lacrymae,
1279 2913 1378 2952 nec
1412 2898 1579 2951 ullum
1609 2897 2066 2968 impatientissimi
2093 2897 2192 2953 do-

588 2987 720 3040 loris
751 2987 980 3043 admitto
1009 2989 1284 3044 Solatium.
1310 2987 1387 3043 Te
1414 3008 1541 3044 vero
1562 3032 1579 3059 ,
1607 2991 1694 3044 tibi
1729 2991 1830 3046 hoc
1873 2991 2005 3046 mihi
2051 3009 2188 3046 nuu-

589 3081 780 3132 tiatuut
823 3088 937 3143 est,
975 3082 1294 3149 participem
1343 3097 1466 3136 esse
1515 3083 1662 3138 volui
1705 3081 1879 3138 luctus
1927 3083 2068 3150 mei,
2099 3084 2189 3155 qui

585 3187 705 3225 eras
730 3176 907 3226 sociu»
938 3176 1163 3229 amoris.
1200 3169 1329 3229 Veni
1356 3192 1485 3245 ergo
1507 3176 1572 3230 ad
1610 3193 1694 3232 me
1719 3177 1924 3241 statim,
1957 3189 2011 3230 ut
2045 3180 2190 3248 pari-

587 3275 670 3319 ter
723 3266 1006 3335 lugeamus
1057 3281 1216 3338 quem
1271 3269 1471 3338 pariter
1515 3286 1763 3324 amamus
1804 3289 1817 3325 :

585 3364 751 3414 sciam
791 3365 962 3416 virum
1019 3364 1172 3417 illum
1231 3383 1334 3418 non
1384 3381 1506 3422 esse
1549 3365 1868 3436 lugendum,
1926 3365 2036 3431 cui,
2075 3373 2195 3435 post

585 3455 816 3508 evictum
845 3455 1643 3526 triumphatumques:rculunt,
1661 3473 1803 3512 nunc
1825 3458 2043 3513 demum
2065 3455 2191 3512 red-

584 3549 692 3600 dita
724 3559 807 3601 est
837 3557 1039 3602 corona
1067 3551 1310 3617 justitia'.
1348 3549 1453 3605 Sed
1479 3561 1655 3605 tamen
1687 3568 1788 3621 ego
1819 3569 1924 3606 non
1967 3569 2188 3624 possunt

587 3639 718 3692 mihi
749 3639 1044 3709 imperare,
1077 3644 1206 3710 quin
1235 3641 1470 3697 doleam.
1496 3641 1746 3699 Praemisi
1769 3646 1985 3713 quidem
2010 3657 2193 3718 patro-

588 3744 736 3796 num’,
794 3734 886 3786 sed
941 3735 1192 3788 solatium
1247 3739 1370 3790 vita:
1419 3740 1706 3806 prmsentis
1755 3739 1908 3792 amisi
1948 3741 2112 3806 :etsi,
2145 3739 2190 3794 si

584 3823 853 3880 rationem
880 3826 1042 3880 ullam
1077 3827 1234 3881 dolor
1253 3827 1586 3896 admitteret,
1616 3830 1854 3900 gaudere
1907 3831 2185 3886 deberem.

587 3915 682 3972 Est
711 3918 855 3973 enim
889 3917 976 3973 ille
1007 3931 1297 3975 consertus
1348 3924 1610 3993 apostolis
1664 3941 1726 3980 ac
1777 3925 2082 3996 prepltetis,
2113 3935 2186 3988 et,

584 4010 729 4082 quod
756 4025 889 4084 pace
911 4023 1227 4069 sanctorum
1260 4019 1507 4071 omnium
1538 4017 1792 4084 dixerim,
1837 4019 1890 4072 in
1937 4018 2028 4073 illo
2065 4019 2186 4087 jus-

583 4120 759 4163 torum
783 4125 947 4180 grege
975 4111 1104 4165 nulli
1128 4113 1424 4180 secundus,
1455 4125 1511 4169 ut
1540 4130 1724 4186 spero,
1783 4115 1948 4172 credo
1975 4125 2029 4172 et
2056 4132 2187 4172 ροη-

585 4202 712 4268 lido,
761 4204 866 4258 illis
924 4206 1265 4273 potissimum
1315 4209 1405 4277 qui
1459 4209 1627 4264 stolas
1684 4224 1812 4263 suas
1843 4211 1892 4262 in
1922 4211 2186 4280 sanguine

580 4297 852 4362 laverunt,
885 4303 1226 4368 aggreg’at—us,
1259 4313 1457 4369 agnum
1485 4299 1678 4356 ducem
1703 4301 1770 4355 ab
1797 4301 1946 4356 omni
1971 4302 2183 4373 integer

579 4391 701 4445 labe
729 4391 1041 4446 comitatur.
1073 4391 1212 4448 Nam
1240 4392 1365 4448 licet
1394 4393 1446 4448 ei
1486 4395 1626 4449 ratio
1657 4396 1918 4465 temporis
1949 4411 2056 4449 non
2088 4411 2187 4465 p0-

578 4489 746 4541 tuerit
786 4496 1052 4555 pratstare
1097 4489 1450 4560 martyrium,
1497 4489 1667 4559 gloria
1697 4497 1882 4545 tamen
1930 4491 2186 4560 martyris

579 4597 686 4636 non
739 4583 972 4646 carebit,
1025 4582 1150 4650 quia
1179 4593 1306 4636 voto
1349 4592 1516 4652 atque
1547 4584 1744 4638 virtute
1768 4593 1820 4638 et
1851 4585 2026 4654 potuit
2057 4599 2183 4640 esse

2293 1956 2508 2011 diversa
2536 1957 2861 2021 certamina,
2908 1957 3034 2010 dum
3086 1957 3139 2010 iu
3192 1972 3256 2011 eo
3294 1958 3459 2011 variis
3508 1957 3897 2018 tentationibus

2295 2049 2536 2119 appetito
2588 2065 2806 2119 semper
2850 2058 3146 2118 exsuperat
3189 2048 3454 2104 fortitudo
3486 2049 3764 2113 vincendi,
3801 2065 3891 2118 pa-

2297 2141 2484 2200 tientia
2517 2141 2902 2215 exspectandi,
2939 2144 3318 2213 mquanimitas
3339 2144 3669 2200 sustinendi.
3699 2144 3744 2202 Ο
3777 2159 3899 2201 vere

2297 2235 2621 2292 ineffabilem
2654 2237 2854 2300 virum,
2889 2237 3126 2306 pietate,
3171 2235 3575 2306 misericordia,
3606 2235 3894 2303 charitate,

2296 2346 2418 2402 qua:
2445 2345 2565 2384 cum
2596 2328 2841 2398 quotidie
2870 2329 3033 2384 etiam
3059 2329 3111 2383 in
3142 2330 3346 2383 sanctis
3393 2331 3524 2382 viris
3572 2329 3776 2384 smculo
3807 2327 3898 2383 fri-

2295 2431 2455 2494 gente
2481 2422 2754 2495 frigescat,
2786 2423 2837 2477 in
2867 2423 2960 2477 illo
2990 2433 3167 2478 tamen
3199 2439 3367 2494 uSque
3405 2423 3470 2478 ad
3501 2422 3685 2486 liuent,
3742 2432 3896 2482 aucta

2299 2518 2350 2572 iu
2397 2517 2532 2581 dies,
2591 2516 2963 2586 perseveravit
2993 2517 3006 2570 !
3043 2532 3150 2587 quo
3176 2532 3277 2586 ego
3309 2516 3455 2570 illius
3487 2517 3633 2572 bono
3655 2516 3742 2573 vel
3769 2532 3893 2588 spe-

2297 2609 2507 2664 cialiter
2533 2608 2728 2663 fruitus
2758 2624 2900 2672 sum,
2923 2625 3044 2663 cum
3071 2625 3157 2663 me
3181 2610 3462 2679 indignum
3476 2619 3529 2664 et
3553 2626 3659 2663 non
3689 2626 3897 2666 uteren-

2300 2716 2404 2759 tem
2430 2703 2586 2757 unice
2608 2702 2890 2773 diligebat.
2920 2703 2996 2757 lin
3031 2719 3218 2757 rursus
3254 2702 3506 2774 lacrymre
3538 2702 3732 2768 linunt,
3761 2704 3897 2756 imo-

2297 2815 2400 2864 que
2427 2795 2494 2851 de
2528 2802 2747 2866 pectore
2795 2793 3029 2864 gemitus
3062 2795 3310 2870 erumpit.
3363 2795 3418 2848 lu
3445 2809 3551 2864 quo
3583 2794 3712 2848 mihi
3748 2803 3895 2865 post-

2297 2891 2411 2946 haec
2443 2889 2660 2944 homine
2692 2889 2887 2942 similis
2920 2889 3156 2958 requies,
3214 2891 3262 2944 in
3291 2891 3444 2958 Cujus
3477 2891 3584 2944 erit
3630 2889 3895 2946 chat-itate

2295 2983 2590 3039 solatium?
2613 2983 2692 3035 Mc
2715 2983 2995 3048 miserum,
3031 2999 3115 3037 me
3147 2982 3410 3037 infelicem
3445 2985 3456 3037 Σ
3488 2993 3752 3052 poteritne
3779 2997 3893 3036 um-

2295 3092 2475 3147 quam,
2505 3075 2547 3130 si
2575 3075 2777 3129 diutius
2808 3074 3016 3135 vixero,
3053 3091 3157 3128 nou
3205 3075 3413 3139 dolere,
3461 3073 3603 3146 quod
3663 3075 3895 3130 Martino

2296 3177 2570 3241 superstes
2602 3167 2879 3222 sum?erit
2906 3168 3033 3221 mihi
3062 3166 3299 3237 postbmc
3333 3169 3440 3220 vita
3479 3165 3747 3236 jucunda,
3789 3166 3916 3240 erit-

1858 3285 2184 3341 quan-"luam
2217 3268 2262 3331 ί]
2293 3263 2409 3318 dies
2430 3271 2522 3316 aut
2547 3263 2675 3316 hora
2710 3261 2828 3315 sine
2860 3261 3112 3332 lacrymis
3137 3262 3160 3312 ‘l
3183 3271 3272 3314 aut
3305 3270 3500 3325 tecum,
3536 3257 3704 3315 frater
3731 3259 3897 3314 dilec-

2301 3355 2526 3419 tissime,
2563 3363 2753 3422 potero
2787 3353 2930 3405 illius
2965 3351 3294 3406 mentionem
3328 3347 3534 3406 habere
3564 3351 3687 3404 sine
3717 3349 3845 3406 fletu
3873 3350 3897 3404 ?

2296 3459 2388 3504 attt
2413 3464 2664 3519 umquam
2694 3447 2924 3516 loquens
2954 3447 3094 3516 apud
3127 3459 3178 3501 te
3207 3445 3350 3500 aliud
3377 3462 3539 3516 quam
3579 3445 3645 3499 de
3680 3446 3772 3499 illo
3816 3443 3900 3499 lo-

2295 3543 2388 3613 qui
2413 3542 2642 3607 potcro?
2671 3539 2775 3595 Sed
2806 3539 2932 3610 qttid
2971 3551 3020 3595 te
3053 3541 3105 3605 in
3135 3539 3402 3612 lacrymas
3443 3538 3712 3609 ﬂetusque
3742 3553 3896 3592 com-

2297 3637 2526 3691 moveo?
2554 3650 2682 3690 ecce
2733 3649 2876 3688 nunc
2921 3635 3266 3688 consulatum
3323 3648 3443 3686 esse
3488 3644 3538 3687 te
3577 3631 3776 3702 cupio,
3805 3629 3900 3702 qui

2296 3745 2380 3784 me
2403 3728 2672 3783 consolari
2699 3727 2812 3796 ipse
2836 3743 2941 3781 non
2969 3742 3210 3795 possum.
3241 3724 3357 3779 Non
3390 3723 3565 3778 deerit
3598 3725 3754 3778 nobis
3781 3723 3895 3788 ille,

2295 3821 2429 3876 mihi
2461 3819 2652 3890 crede,
2684 3838 2792 3877 non
2822 3821 3027 3877 deerit:
3055 3820 3302 3876 intererit
3332 3818 3401 3874 dc
3431 3834 3490 3874 se
3521 3821 3900 3874 sermocinan-

2294 3914 2466 3981 tibus,
2500 3915 2701 3968 astabit
2740 3914 3057 3968 orantibus:
3091 3911 3341 3983 quodque
3378 3909 3489 3982 jam
3551 3909 3716 3967 hodie
3759 3927 3896 3982 prte-

2291 4013 2440 4062 stare
2485 4006 2738 4077 dignatus
2767 4018 2869 4072 est,
2907 4006 3195 4061 videndum
3229 4020 3285 4059 se
3316 4005 3368 4058 in
3419 4005 3590 4076 gloria
3623 4021 3721 4060 sua
3750 4021 3897 4076 s'rpe

2291 4099 2546 4172 praebebit
2569 4143 2583 4166 ,
2618 4113 2666 4154 et
2702 4099 2948 4166 assidua,
2981 4100 3121 4154 sicut
3147 4113 3270 4154 ante
3299 4098 3576 4169 paululum
3609 4097 3772 4166 fecit,
3801 4099 3897 4155 be-

2291 4194 2600 4249 nedictione
2648 4209 2746 4248 nos
2788 4201 3052 4265 proteget.
3105 4191 3233 4248 lnde
3282 4189 3584 4247 secundum
3639 4193 3894 4248 ordinem

2292 4287 2522 4343 visionis
2558 4288 2755 4343 coelum
2785 4301 2844 4342 se
2883 4285 3236 4357 sequentibus
3290 4296 3475 4355 patere
3527 4285 3894 4353 monstravit,

2287 4393 2343 4440 et
2383 4399 2490 4455 quo
2516 4383 2824 4452 sequendus
2870 4394 3050 4449 esset,
3085 4383 3333 4438 edocuit:
3380 4395 3489 4454 quo
3534 4395 3663 4450 spes
3708 4392 3894 4435 nostra

2286 4477 2592 4540 tendenda,
2625 4494 2734 4549 quo
2782 4479 2997 4533 animus
3037 4475 3387 4548 dirigendus,
3431 4476 3708 4530 instruxit.
3751 4473 3894 4543 Quid

2289 4582 2467 4628 tamen
2497 4574 2607 4630 fiet.
2637 4573 2824 4629 frater?
2850 4573 2992 4643 quod
3018 4576 3146 4628 mihi
3173 4574 3288 4645 ipse
3311 4588 3429 4627 sum
3455 4572 3734 4638 conscius,
3761 4588 3895 4627 con-

578 4683 808 4744 martyr,
844 4684 900 4728 et
925 4674 1112 4730 voluit.
1141 4674 1297 4743 Quod
1334 4675 1443 4730 siei
1471 4676 1795 4731 Neronianis
1822 4676 2182 4747 Dccianisquc
2209 4655 2262 4716 D
2289 4665 2548 4720 scendere
2571 4664 2796 4719 arduum
2821 4665 2950 4720 illud
2983 4667 3104 4732 iter,
3124 4681 3186 4722 ac
3218 4675 3506 4731 penetrare
3533 4682 3639 4719 non
3675 4677 3891 4736 potero:

585 4763 947 4838 temporibus,
984 4769 1034 4821 iu
1069 4767 1158 4822 illa
1192 4783 1312 4839 quae
1343 4776 1470 4823 tunc
1497 4770 1705 4823 exstitit
1750 4769 2014 4825 dimicare
2055 4784 2187 4824 cou-

578 4861 866 4932 gressione
915 4857 1179 4926 licuisset,
1221 4870 1391 4914 testor
1420 4860 1588 4915 Deum
1622 4861 1746 4916 cmli
1792 4869 1955 4931 atque
2000 4871 2184 4928 teme,

581 4964 782 5023 sponte
812 4954 1103 5024 equuleum
1131 4953 1493 5018 ascendisset,
1537 4953 1678 5008 ultro
1706 4970 1764 5010 se
1796 4955 2008 5025 ignibus
2039 4956 2185 5010 intu-

578 5048 753 5110 lisset,
792 5045 1139 5116 llebrmisque
1173 5046 1354 5118 pueris
1379 5047 1697 5118 mquandus,
1752 5048 1895 5104 inter
1940 5048 2187 5104 ﬂamma-

583 5156 702 5194 rum
736 5139 927 5209 globos
957 5141 1130 5194 media
1176 5139 1322 5204 licet,
1360 5141 1615 5212 hymnum
1641 5139 1855 5196 Domini
1884 5141 1934 5196 itt
1967 5141 2187 5200 fornace

583 5239 878 5287 cantasset.
909 5231 1065 5298 Quod
1097 5231 1141 5287 si
1173 5227 1466 5288 Esaianum
1512 5233 1645 5289 illttd
1700 5237 2025 5307 supplicium
2057 5251 2182 5308 per-

581 5328 821 5384 seeutori
862 5323 1000 5383 forte
1027 5327 1343 5398 placuisset,
1375 5345 1669 5400 numquam
1713 5329 1958 5402 profecto
2007 5333 2184 5401 impar

580 5420 862 5494 prophetae
894 5421 1063 5476 serris
1085 5433 1137 5477 et
1168 5419 1383 5476 laminis
1411 5422 1669 5478 dissecari
1698 5424 1939 5479 membra
1976 5424 2185 5479 timuis-

580 5517 706 5578 set;
757 5522 814 5566 at
858 5514 903 5567 si
953 5512 1198 5582 prarcisis
1242 5513 1466 5585 rupibus
1520 5515 1873 5587 abruptisque
1904 5519 2179 5574 montibus

582 5619 744 5675 agere
779 5603 992 5660 felicem
1021 5603 1175 5660 furor
1204 5607 1401 5676 impius
1423 5607 1725 5675 maluisset,
1761 5610 2021 5679 perhibeo
2047 5626 2179 5666 con-

580 5698 709 5754 lisus
739 5697 1109 5756 testimonium
1137 5699 1374 5768 veritati,
1409 5711 1602 5772 sponte
1619 5703 1928 5760 cecidisset.
1960 5703 2014 5760 Si
2049 5716 2178 5759 vero

583 5789 821 5858 gentium
855 5789 1093 5847 doctoris
1120 5788 1372 5862 exemplo
1422 5781 1606 5864 gladio
1660 5789 1974 5864 deputatus,
2033 5791 2178 5847 inter

2291 4759 2361 4813 ita
2393 4759 2602 4814 sarcina
2635 4757 2863 4814 molesta
2893 4776 2978 4814 me
3013 4769 3343 4830 prwgravat,
3385 4768 3439 4814 et
3481 4760 3691 4830 peccati
3748 4761 3893 4814 mole

2290 4853 2606 4924 depressum
2629 4894 2644 4919 ,
2679 4863 2877 4925 negato
2911 4853 2962 4907 in
2996 4863 3142 4907 astra
3173 4868 3506 4916 conscensu,
3542 4868 3687 4908 smva
3723 4855 3892 4908 mise-

2290 4944 2512 5002 rabilem
2545 4943 2693 5000 ducit
2726 4947 2776 5000 in
2810 4956 3030 5000 tartara.
3081 4945 3216 5017 Spes
3244 4953 3423 5000 tamen
3473 4957 3767 5016 superest,
3801 4947 3891 5000 illa

2288 5039 2439 5105 sola,
2476 5038 2561 5094 illa
2592 5049 2897 5111 postrema,
2934 5048 2990 5094 ut
3033 5038 3175 5110 quod
3211 5054 3305 5108 per
3333 5054 3430 5094 nos
3478 5040 3734 5096 obtinere
3783 5057 3894 5100 non

2291 5149 2608 5206 possumus,
2641 5131 2830 5190 saltem
2867 5148 2963 5203 pro
2991 5130 3152 5185 nobis
3181 5140 3370 5187 orante
3411 5131 3640 5187 Martino
3679 5150 3896 5190 merea-

2289 5244 2428 5282 mur.
2458 5226 2561 5282 Sed
2580 5225 2704 5298 quid
2737 5236 2809 5293 te,
2843 5227 3026 5289 frater,
3063 5223 3264 5278 diutius
3287 5239 3489 5294 occupo
3518 5226 3751 5294 epistola
3783 5235 3894 5284 tam

2289 5321 2521 5396 loquaci,
2555 5321 2918 5389 demororque
2967 5318 3293 5374 venturum?
3321 5318 3481 5372 simul
3525 5318 3634 5389 jam
3686 5322 3888 5392 pagina

2289 5413 2505 5486 impleta
2535 5429 2638 5468 non
2663 5414 2878 5483 recipit.
2915 5410 3038 5466 Mihi
3083 5421 3262 5466 tamen
3296 5411 3411 5466 haec
3458 5412 3556 5467 fuit
3588 5415 3730 5469 ratio
3777 5433 3893 5470 ser-

2288 5523 2501 5564 monem
2557 5509 2715 5561 istum
2762 5507 2974 5574 longius
3031 5506 3380 5576 proferendi,
3431 5509 3633 5578 utquia
3683 5507 3894 5564 doloris

2290 5601 2536 5658 nuntium
2567 5599 2793 5670 epistola
2827 5598 3146 5665 deferebat,
3178 5601 3367 5655 eadem
3423 5599 3516 5653 tibi
3551 5615 3620 5654 ex
3655 5603 3889 5671 quadam

2288 5693 2458 5750 nostri
2491 5691 2933 5748 confabulatione
2967 5700 3250 5762 praestaret
3281 5692 3467 5747 cbarta
3495 5688 3780 5749 solatium.
