4106 6344
205 276 299 338 181
1161 276 1383 337 EPIST.
1427 275 1518 338 ill.
1564 277 1654 344 AD
1692 276 2058 344 BASBULAH
2096 279 2378 341 SOCRUM
2416 282 2626 343 SUAM.

806 395 1139 466 EPISTOLA
1179 395 1267 454 lll.

604 510 698 566 An
728 512 1013 568 Bassum)!
1041 526 1247 568 socantt
1277 523 1435 566 sun.

205 623 478 690 Quomodo
511 623 712 682 beatus
757 627 1018 684 Martinus
1051 645 1113 682 ea:
1139 627 1236 682 hac
1261 627 1365 681 vita
1391 625 1462 680 ad
1494 624 1844 684 immortalem

836 745 841 749 -
885 722 1164 776 transierit.

284 831 576 891 SULPICIUS
606 834 868 896 Sevsnns
898 840 1153 896 Bassum
1187 835 1403 907 parenti
1435 833 1746 891 venerabili

904 929 1156 982 salutem.

267 1041 322 1099 Si
357 1051 639 1114 parentes
675 1043 865 1099 vocari
897 1042 947 1098 in
977 1043 1064 1114 jus
1097 1041 1312 1109 liceret,
1350 1051 1401 1098 te
1435 1040 1599 1110 plane
1624 1037 1839 1114 expila-

202 1135 359 1190 tionis
391 1135 658 1206 furtique
692 1151 846 1192 ream
882 1135 948 1190 ad
985 1135 1236 1206 praetoris
1269 1135 1508 1189 tribunal
1547 1133 1701 1200 justo
1733 1133 1828 1187 do-

202 1230 314 1284 lore
343 1229 740 1284 traheremus.
779 1228 921 1297 Quid
954 1227 1100 1283 enim
1133 1243 1240 1282 non
1269 1240 1580 1297 conquerar
1608 1237 1773 1295 quam
1806 1239 1834 1281 a

205 1335 254 1379 te
285 1325 468 1393 patior
517 1323 841 1394 iniurium?
887 1323 1086 1378 nullam
1134 1322 1261 1378 mihi
1304 1321 1452 1378 domi
1496 1321 1836 1390 chartulam,

204 1419 402 1474 nullum
461 1418 754 1483 libellum,
800 1418 1006 1473 nullam
1053 1415 1342 1486 epistolam
1387 1415 1658 1485 reliquisti
1697 1434 1711 1470 :
1760 1417 1832 1471 ita

201 1508 391 1564 furaris
419 1511 651 1576 omnia,
681 1507 754 1564 ita
787 1511 1044 1565 universa
1071 1507 1415 1580 divulgas.Si
1441 1507 1569 1578 quid
1599 1507 1666 1561 ad
1697 1508 1833 1561 ami-

201 1622 316 1662 cum
342 1606 716 1662 familiariter
739 1607 966 1677 scripsi;
995 1605 1040 1660 si
1065 1603 1191 1676 quid
1215 1603 1376 1668 forte,
1405 1603 1532 1659 dum
1561 1603 1828 1671 ludimus,

202 1700 335 1768 quod
369 1699 544 1756 velim
596 1712 791 1755 tamen
837 1699 1112 1755 occultum
1161 1714 1322 1762 esse,
1355 1698 1598 1765 dictavi,
1642 1701 1827 1754 omnia

3453 295 3560 354 182

1865 397 2281 470 Anonqueunt
2321 401 2623 461 devoratis.
2657 401 2891 477 imperat
2935 409 3140 477 deinde
3192 414 3402 483 potenti
3447 413 3558 468 vir-

1929 494 2409 559 ‘tmeverborum,
2441 505 2501 552 ut
2528 499 2770 590 eum'cui
2805 500 3435 584 mactabam/gurgitem
3464 520 3554 560 re-

1948 585 2275 668 linquentes,
2299 590 2481 643 aridas
2500 585 2751 659 peterent
2773 593 3136 668 desertasque
3159 600 3414 669 regiones
3428 608 3556 686 Teo

1947 681 2204 736 nimirum
2237 681 2378 738 circa
2412 700 2539 740 aves
2571 687 2687 741 illas
2718 704 2847 743 usus
2892 691 3150 760 imperio.
3185 709 3296 762 quo
3341 681 3552 747 dmino-

1944 787 2042 828 nes
2091 772 2277 844 fugare
2308 775 2834 850 consueveratfita
2863 797 3032 851 grege
3067 782 3242 850 facto,
3274 799 3467 838 omnes
3497 785 3552 839 in

1944 875 2110 920 unum
2172 867 2276 922 illa:
2335 870 2588 925 volucres
2636 883 2984 945 congregata:
3015 918 3029 939 ,
3078 877 3272 931 relicto
3325 876 3554 933 flumine

1943 971 2157 1016 montes
2186 961 2459 1032 silvasque
2510 965 2811 1034 petierunt,
2866 985 2976 1023 non
3029 970 3150 1022 sine
3181 969 3550 1026 admiratione

1940 1053 2252 1121 multorum,
2285 1057 2371 1126 qui
2406 1063 2613 1110 tantam
2643 1058 2962 1131 in‘gijartiuo
2988 1063 3243 1116 virtutem
3273 1061 3547 1131 viderent,

1941 1155 1999 1201 ut
2030 1146 2190 1204 etiam
2217 1148 2412 1203 avibus
2445 1146 3150 1225 nupera-ret.(Aliquatndiu
3182 1171 3312 1225 ergo
3339 1155 3393 1216 in
3429 1156 3550 1212 vico

1913 1243 2056 1307 .illo,
2087 1243 2172 1298 vel
2207 1243 2259 1298 in
2318 1245 2560 1300 ecclesia
2607 1221 2887 1317 aﬂant
2942 1221 3104 1314 ica/t,
3154 1261 3550 1316 commoratus,

1938 1351 2071 1407 pace
2100 1338 2241 1392 inter
2286 1338 2520 1393 clericos
2568 1340 2840 1405 restituta,
2883 1355 3006 1395 cum
3051 1341 3170 1412 iam
3215 1340 3428 1412 regredi
3479 1339 3548 1395 ad

1936 1431 2328 1486 mooasterium
2374 1432 2664 1502 cogitaret,
2715 1432 2922 1488 viribus
2965 1433 3215 1504 corporis
3262 1435 3431 1506 etepit
3461 1450 3549 1488 re-

1934 1534 2097 1593 pente
2125 1522 2356 1578 destitui
2387 1544 2399 1578 :
2428 1525 2860 1595 convocatisque
2893 1527 3203 1595 discipulis,
3255 1526 3454 1581 indicat
3485 1539 3548 1580 se

1927 1615 2039 1684 jam
2068 1616 2291 1670 resolvi.
2316 1616 2452 1670 Tum
2477 1632 2609 1672 vero
2632 1600 2917 1702 mge'ror’et
2943 1618 3122 1673 luctus
3142 1619 3543 1699 omniumivox

1932 1723 2034 1764 una
2070 1707 2438 1777 plangentium
2469 1727 2482 1762 :
2511 1707 2624 1764 Cur
2681 1677 2809 1777 iiiis,
2832 1686 3026 1781 ’pater,
3058 1709 3308 1765 deseris?
3339 1677 3544 1766 aunt‘ctii

203 1795 264 1846 ad
298 1805 350 1848 te
386 1794 548 1864 prius
582 1809 734 1864 pene
777 1807 938 1862 quam
969 1792 1171 1846 fuerint
1220 1791 1426 1861 scripta
1470 1801 1565 1845 ant
1599 1791 1824 1859 dictata,

1936 1817 2035 1856 nos
2085 1801 2359 1858 desolatas
2421 1802 2733 1872 relinquis?
2785 1803 3054 1858 invadent
3111 1803 3256 1858 enim
3321 1819 3540 1874 gregem

204 1888 562 1956 perveniunt.
628 1885 905 1940 Nimirum
960 1882 1288 1938 obarrhatos
1344 1883 1516 1938 habes
1576 1883 1825 1938 netarios

203 1993 374 2044 meos,
406 1994 507 2050 per
531 1993 682 2048 quos
716 1977 814 2032 tibi
843 1989 1046 2031 nostra:
1076 1974 1297 2046 ineptia:
1326 1975 1694 2046 publicantur;
1725 1989 1825 2030 nec

206 2078 384 2126 tamen
414 2072 727 2126 adversum
762 2085 856 2124 cos
881 2085 1104 2141 possum
1131 2065 1364 2133 moveri,
1399 2069 1443 2122 si
1476 2065 1574 2122 tibi
1609 2078 1822 2138 parent,

207 2167 289 2232 qui
323 2168 377 2220 in
405 2164 498 2235 jus
554 2175 812 2219 nostrum
860 2179 925 2221 ex
961 2175 1050 2222 tua
1102 2163 1452 2233 potissimum
1496 2157 1827 2218 liberalitate

213 2267 512 2324 venerunt,
546 2273 727 2328 seque
759 2253 934 2310 adhuc
968 2267 1087 2310 tuos
1115 2270 1275 2327 quam
1307 2267 1457 2310 meos
1479 2265 1602 2311 esse
1633 2258 1823 2308 memi-

213 2359 435 2406 nerunt:
468 2361 525 2406 tu
573 2351 704 2405 Sttla
745 2367 804 2406 es
833 2366 954 2417 rea,
991 2359 1046 2405 tu
1089 2349 1204 2406 sola
1239 2347 1560 2420 eulpabilis,
1601 2366 1721 2420 quae
1772 2355 1827 2405 et

216 2430 336 2499 mihi
368 2444 686 2508 insidiaris,
724 2454 782 2498 et
813 2443 938 2498 illos
971 2444 1160 2499 fraude
1190 2443 1592 2510 circumvenis,
1624 2455 1681 2499 ut
1710 2445 1826 2500 sine

217 2535 417 2592 delectu
472 2535 594 2592 ullo
651 2537 1004 2592 familiariter
1053 2537 1281 2608 scripta,
1343 2547 1436 2592 aut
1489 2539 1830 2608 negligenter

217 2630 423 2698 emissa,
459 2630 805 2685 illucubrata
838 2627 932 2684 tibi
975 2629 1191 2702 peuims
1228 2640 1392 2702 atque
1430 2630 1676 2702 impolita
1716 2641 1825 2686 tra-

219 2723 426 2780 dantur.
460 2721 634 2793 Nam,
668 2733 729 2780 ut
758 2724 828 2781 de
865 2724 1091 2794 reliquis
1123 2735 1355 2791 taceam,
1394 2740 1524 2796 rogo
1561 2724 1826 2796 quemad-

220 2818 430 2872 modum
459 2829 574 2872 tam
603 2819 720 2873 cito
751 2817 817 2872 ad
842 2827 892 2872 tc
922 2819 1150 2890 epistola
1181 2815 1272 2872 illa
1302 2819 1478 2890 potuit
1513 2819 1824 2893 pervenire,

223 2930 382 2982 quam
422 2932 600 2986 nuper
649 2915 718 2970 ad
749 2915 1030 2971 Aurelium
1073 2916 1361 2970 diaconum
1397 2915 1821 2988 scripseramus.

230 3006 340 3094 Ego
367 3009 504 3064 enim
529 3005 753 3064 Tolosm
786 3009 1017 3080 positus,
1054 3017 1110 3062 tu
1140 3007 1397 3064 Treveris
1424 3008 1741 3075 constituta,
1772 3017 1829 3065 et

227 3113 332 3154 tam
370 3099 528 3173 longe
571 3119 600 3156 a
663 3103 838 3173 patria
896 3102 1009 3156 filio
1059 3101 1396 3172 inquietante
1440 3099 1684 3168 divulsa,
1721 3118 1823 3174 qua

1933 1904 2082 1948 tuum
2123 1895 2236 1964 lupi
2281 1909 2544 1966 rapaces:
2580 1906 2631 1951 et
2664 1896 2790 1964 quis
2819 1911 2918 1950 nos
2945 1911 2974 1950 a
3007 1895 3283 1951 morsibus
3325 1909 3541 1962 eorum,

1930 2001 2193 2056 percusso
2229 1997 2468 2056 pastore.
2502 1986 2854 2058 prohibebit?
2894 1988 3099 2043 scimus
3143 1986 3363 2059 quidem
3398 1986 3544 2044 desi-

1929 2081 2122 2136 derare
2156 2091 2206 2134 te
2235 2079 2552 2147 Christum;
2581 2077 2676 2137 sed
2712 2081 2860 2136 salva
2897 2081 2988 2137 tibi
3021 2091 3150 2136 sunt
3172 2089 3262 2138 tua
3290 2083 3538 2151 przemia,

1929 2187 2033 2228 nec
2054 2171 2228 2243 dilata
2251 2172 2568 2227 minuentur
2596 2190 2610 2226 :
2645 2173 2816 2228 nostri
2859 2173 3042 2243 p0tius
3073 2173 3370 2240 miserere,
3404 2188 3543 2243 quos

1929 2187 2033 2228 nec
2054 2181 2127 2227 dil
2190 2187 2220 2226 a
2251 2181 2568 2227 minuentur
2596 2190 2610 2226 :
2645 2181 2816 2228 nostri
2859 2181 3042 2243 potius
3073 2181 3370 2240 miserere,
3404 2188 3540 2243 quos

1928 2181 2346 2413 ἀδεεῖ-φυηρ
2377 2266 2468 2321 ille
2498 2274 2680 2321 motus
2711 2266 2798 2321 his
2823 2265 3046 2322 ﬂetibus
3067 2310 3082 2336 ,
3117 2277 3176 2322 ut
3208 2275 3353 2322 totus
3393 2281 3540 2323 sem-

1931 2375 2030 2413 ner
2057 2359 2109 2413 ili
2181 2360 2369 2413 omino
2391 2359 2785 2413 misericordias
2810 2360 3116 2413 visceribus
3141 2355 3418 2413 afﬂuebat.
3461 2362 3538 2413 la-

1931 2375 2030 2430 per
2057 2359 2109 2414 in
2136 2355 2369 2414 Domino
2391 2359 2785 2416 misericordia:
2810 2360 3116 2416 visceribus
3141 2355 3418 2428 affluebat,
3461 2362 3538 2416 la-

1928 2465 2210 2522 crymasse
2257 2453 2572 2521 perhibetur
2607 2471 2619 2506 :
2654 2468 3072 2522 conversusque
3111 2452 3178 2508 ad
3226 2452 3534 2524 Dominum,

1931 2544 2030 2599 hac
2068 2551 2278 2598 tantum
2327 2543 2586 2600 flentibus
2624 2559 2762 2601 voce
2806 2545 3092 2614 respondit
3132 2563 3146 2598 :
3187 2546 3447 2610 Domine,
3489 2548 3535 2601 si

1930 2636 2109 2693 adhuc
2137 2638 2338 2709 populo
2369 2652 2458 2693 tuo
2481 2653 2598 2694 sum
2624 2636 2998 2705 necessarius,
3031 2651 3138 2694 non
3166 2652 3361 2694 recuso
3387 2639 3541 2702 labo-

1932 2746 2048 2786 rem
2079 2750 2090 2787 :
2121 2729 2218 2786 fiat
2258 2733 2512 2788 voluntas
2541 2741 2653 2787 tua.
2685 2731 2956 2788 Nimirum
3004 2732 3155 2788 inter
3194 2747 3347 2802 spem
3381 2749 3539 2795 amo-

1931 2837 2160 2895 remque
2193 2827 2434 2899 positus,
2475 2826 2744 2880 dubitavit
2787 2841 2925 2896 pene
2966 2827 3097 2897 quid
3129 2827 3358 2883 mallet:
3413 2828 3538 2898 quia

1931 2932 2031 2974 nec
2061 2917 2463 2986 hos_descrere,
2502 2933 2601 2974 nec
2640 2935 2670 2973 a
2709 2917 2930 2975 Christo
2969 2921 3190 2976 volebat
3216 2919 3422 2977 diutius
3452 2932 3539 2977 se-

1928 2980 2316 3095 parﬁﬁnihil
2342 3023 2520 3070 tamen
2551 3014 2602 3068 in
2628 3023 2754 3068 voto
2782 3030 2878 3070 suo
2899 3029 3133 3084 ponens,
3157 3024 3251 3079 aut
3273 3016 3541 3078 voluntati

1931 3104 2270 3174 relinquens,
2315 3113 2483 3158 totum
2517 3120 2577 3159 se
2623 3105 2839 3159 Domini
2892 3106 3121 3160 arbitrio
3167 3110 3536 3176 potestatique
3617 3099 3626 3120 ’“
3665 3111 3684 3146 ιε

226 3191 441 3250 tandem
476 3191 815 3250 familiarem
848 3195 992 3248 illam
1020 3195 1304 3265 epistolam
1333 3197 1621 3251 occasione
1651 3193 1825 3250 furata
1854 3178 1898 3239 (ἶ
1932 3199 2302 3253 committens.
2325 3196 2530 3253 Nonne
2551 3198 2650 3256 tibi
2671 3197 2758 3253 bis
2779 3197 3128 3268 paucissimis
3149 3197 3332 3254 verbis
3353 3198 3554 3262 dicere

225 3288 316 3342 es?
342 3303 581 3360 namque
613 3288 805 3358 accepi
837 3284 1048 3343 litteras
1077 3297 1230 3356 tuas,
1270 3289 1468 3360 quibus
1508 3289 1705 3346 scribis
1727 3331 1741 3356 ,
1773 3289 1826 3344 in

226 3380 413 3435 eadem
445 3380 685 3451 epistola
717 3397 818 3452 qua
851 3380 920 3436 de
953 3381 1101 3436 obitu
1132 3383 1317 3437 domui
1350 3379 1565 3438 Martini
1601 3380 1826 3438 fecerim

231 3475 588 3542 mentionem,
642 3475 821 3548 ipsum
877 3476 1021 3531 beati
1082 3477 1182 3532 viri
1225 3479 1510 3533 transitum
1555 3495 1832 3551 exponere

230 3567 500 3625 debuisse.
529 3569 699 3636 Quasi
734 3585 865 3626 vero
895 3588 995 3642 ego
1025 3573 1172 3626 illam
1203 3573 1490 3644 epistolam
1522 3583 1614 3630 aut
1645 3575 1833 3647 legen-

233 3663 347 3718 dam
391 3666 482 3720 alii
526 3675 898 3736 prazterqunm
936 3665 1040 3737 ipsi
1085 3668 1148 3722 ad
1183 3685 1344 3737 quem
1387 3669 1548 3724 missa
1592 3670 1828 3734 videtur,

234 3757 520 3825 ediderim,
571 3772 670 3813 aut
711 3774 812 3830 ego
863 3769 1016 3815 tanto
1058 3761 1159 3814 siin
1201 3764 1354 3832 operi
1395 3763 1700 3818 destinatus
1726 3803 1740 3829 ,
1773 3771 1834 3818 ut

237 3853 412 3907 omnia
445 3869 569 3923 quae
598 3852 671 3908 de
709 3839 1222 3924 Martino'cognosci
1251 3863 1506 3926 oportet,
1545 3871 1629 3912 me
1661 3857 1832 3926 potis-

235 3947 426 4002 simum
457 3947 746 4002 scribente
777 3958 1083 4002 mitescant.
1117 3949 1324 4019 itaque,
1357 3951 1402 4005 si
1431 3966 1550 4021 qum.
1580 3949 1648 4006 de
1682 3949 1830 4005 obitu

236 4040 400 4094 sancti
428 4041 678 4111 episcopi
716 4039 908 4097 audire
936 4042 1220 4097 desideras
1245 4083 1258 4108 ,
1289 4044 1357 4098 ab
1388 4044 1498 4098 illis
1529 4043 1707 4113 potius
1740 4043 1831 4114 qui

239 4132 550 4201 interfuere,
581 4149 857 4204 cognosce
888 4152 900 4187 :
934 4151 1038 4205 ego
1073 4136 1169 4190 tibi
1201 4139 1364 4191 statui
1406 4136 1538 4191 nihil
1568 4137 1827 4201 scribere,

242 4241 302 4279 ne
331 4228 528 4297 ubique
561 4244 648 4282 mc
675 4229 940 4299 publicos;
976 4239 1155 4285 tamen
1185 4231 1231 4285 si
1266 4231 1363 4286 tias
1393 4229 1582 4295 fidem,
1619 4230 1750 4284 nulli
1783 4239 1834 4286 te

243 4335 354 4375 esse
398 4322 666 4376 lecturam
695 4363 709 4386 ,
756 4323 941 4391 paucis
981 4333 1085 4376 tum
1130 4323 1460 4378 satisfaciam
1514 4322 1832 4376 voluntati:

246 4413 415 4484 itaque
464 4416 742 4488 przestabo
796 4427 846 4470 te
890 4418 971 4470 his
1003 4433 1123 4488 qum
1166 4419 1296 4472 mihi
1355 4428 1482 4472 sunt
1529 4428 1832 4487 comperta,

245 4508 424 4573 partici
469 4478 881 4563 cntra-artiums
910 4511 1071 4579 igitur
1100 4512 1308 4572 obitum
1335 4525 1490 4567 suum
1516 4510 1678 4583 longe
1707 4520 1834 4567 ante

246 4527 541 4690 prmscigitf"
566 4537 819 4671 ili—fitque
854 4601 1110 4670 fratribus
1143 4602 1562 4658 dissolutionem
1597 4604 1678 4658 sui
1711 4619 1833 4658 cor-

610 4617 658 4654 IX

246 4599 541 4678 prarscijit,‘

245 4693 386 4760 poris
416 4693 732 4748 imminere.
774 4693 990 4749 Interea
1022 4711 1185 4750 causa
1219 4695 1451 4764 exstitit,
1485 4712 1589 4767 qua
1621 4694 1838 4754 Conda-

234 4791 448 4861 )cnsem
482 4784 1222 4861 dimcesiq‘visitaretg/nam
1247 4788 1462 4846 clericis
1495 4791 1635 4845 inter
1662 4805 1721 4846 se
1748 4806 1840 4846 ec-

233 4849 421 4931 Cclesire
463 4878 612 4933 illius
643 4851 1129 4949 disgordantibus,
1167 4897 1352 4950 pacem
1400 4883 1627 4953 cupiens
1667 4883 1841 4939 refor-

252 4986 414 5034 mare,
452 4973 586 5027 licet
628 4972 792 5028 finem
843 4975 1052 5030 dierum
1102 4991 1329 5032 suorum
1383 4992 1488 5031 non
1538 4978 1836 5049 ignoraret,

252 5065 513 5132 proficisci
542 5076 726 5122 tamen
752 5068 1030 5124 itiusmodi
1059 5071 1128 5125 ob
1154 5085 1371 5124 causam
1395 5087 1503 5126 non
1529 5073 1801 5128 recusavit
1825 5090 1840 5128 :

254 5158 442 5214 bonam
507 5161 649 5216 hanc
709 5161 967 5216 virtutum
1024 5177 1243 5218 suarum
1309 5165 1840 5224 consummationem

1934 3289 2244 3347 videbitur:
2277 3289 2468 3346 Gravis
2507 3289 2724 3360 quidem
2773 3299 2914 3364 est,,
2943 3289 3194 3355 Domine,
3245 3303 3544 3363 corporea;

1934 3400 2110 3455 pugna
2142 3385 2458 3528 militiiyct
2477 3383 2586 3454 jam
2611 3383 2747 3440 satis
2776 3384 3032 3475 esquuod
3067 3385 3385 3455 humusque
3411 3400 3534 3440 eer-

1936 3479 2075 3528 tavi:
2111 3479 2204 3528 sed
2231 3479 2274 3528 si
2308 3514 2322 3528 ι
2342 3477 2487 3528 dhuc
2514 3477 2566 3528 in
2600 3477 2795 3528 eodem
2833 3477 3022 3528 labore
3055 3490 3156 3528 nro
3183 3477 3383 3528 castris
3409 3477 3532 3528 ttin-

1936 3479 2075 3544 tavi;
2111 3479 2204 3532 sed
2231 3479 2274 3532 si
2308 3477 2487 3532 adhuc
2514 3477 2566 3532 in
2600 3477 2795 3532 eodem
2833 3477 3022 3532 labore
3055 3490 3156 3548 pro
3183 3477 3383 3532 castris
3409 3477 3532 3531 tuo-

1933 3588 2053 3627 rum
2083 3579 2228 3627 stare
2253 3583 2340 3626 me
2373 3571 2646 3643 praecipis,
2683 3589 2786 3626 non
2818 3582 3162 3662 recuso/{nec
3190 3571 3533 3627 fatiscentem

1932 3666 2198 3721 causabor
2219 3659 2683 3733 aetatemfmunia
2727 3674 2816 3721 tua
2850 3659 3079 3722 devotus
3114 3666 3354 3736 implebo
3377 3668 3420 3730 ;’
3428 3666 3532 3720 sub

1934 3759 2102 3831 signis
2136 3759 2280 3824 tuis,
2314 3758 2672 3830 quoaduSque
2715 3760 2848 3849 ipse],
2867 3759 3135 3830 jnsseris,
3171 3757 3415 3812 militabo
3432 3749 3534 3828 {et
3589 3745 3651 3800 ’Ἷ

1933 3853 2180 3922 quamvis
2211 3861 2391 3923 optata
2431 3852 2496 3906 sit
2527 3853 2644 3906 seni
2679 3852 2868 3908 missio
2900 3859 3026 3922 post
3048 3849 3315 3916 laborem,
3349 3862 3433 3906 est
3457 3860 3537 3908 ta-

1936 3961 2058 4002 men
2088 3946 2302 4000 animus
2333 3947 2504 4001 victor
2533 3961 2803 4002 annorum
2832 3986 2844 4010 ,
2873 3954 2930 4002 et
2968 3944 3168 4001 cedere
3198 3942 3415 4002 nescius
3441 3958 3532 3999 ses

1937 4039 2160 4093 neetuti.
2182 4035 2322 4098 Ni
2356 4038 2462 4108 iam
2487 4041 2671 4109 parcis
2700 4039 2868 4105 aetati,
2904 4037 3106 4093 bonum
3139 4045 3225 4092 est
3249 4035 3405 4103 mihi,
3432 4035 3534 4090 Dos
3590 4065 3591 4068 η
3627 4075 3630 4078 -
3683 4048 3740 4088 ίπι
3763 4011 3776 4057 ·’
3803 4063 3812 4076 --
3855 4055 3862 4078 ι

1936 4131 2115 4185 mine:
2144 4130 2236 4183 fiat
2265 4131 2517 4186 voluntas
2542 4139 2628 4185 tua
2657 4149 2669 4184 :
2698 4131 2796 4184 hos
2819 4144 2952 4185 vero
2981 4129 3178 4202 quibus
3201 4131 3392 4193 timeo,
3423 4127 3542 4198 ipso

1935 4220 2238 4276 custodies.
2271 4221 2314 4276 0
2344 4220 2516 4276 virum
2553 4221 2882 4277 ineffabilem
2909 4263 2921 4284 ,
2955 4237 3055 4276 nec
3085 4223 3274 4276 labore
3306 4222 3537 4288 victum,

1937 4330 2038 4370 nec
2065 4324 2239 4369 morte
2263 4315 2617 4378 vincendum,
2646 4315 2735 4385 qui
2760 4315 2814 4368 in
2849 4314 3052 4368 nullam
3079 4325 3138 4368 se
3168 4319 3378 4381 partem
3411 4319 3540 4383 pro.

1937 4408 2061 4462 nior
2090 4406 2456 4468 iuclinaverit.
2489 4423 2590 4462 nec
2621 4409 2754 4461 mori
2797 4406 3064 4472 timuerit,
3100 4419 3202 4462 nec
3230 4406 3417 4459 vivere
3447 4421 3539 4459 re-

1938 4503 2142 4559 cusarit
2171 4503 2183 4555 !
2219 4501 2402 4572 Itaque
2431 4513 2555 4558 eum
2580 4501 2691 4572 jam
2725 4515 2824 4570 per
2849 4499 3058 4568 aliquot
3078 4497 3197 4554 dies
3217 4497 3269 4552 vi
3303 4497 3538 4552 febrium

692 4611 819 4671 tque
854 4601 1110 4670 fratribus
1143 4602 1562 4658 dissolutionem
1597 4604 1678 4658 sui
1711 4619 1833 4658 cor-
1861 4570 1916 4630 D
1943 4605 2241 4665 teneretur,
2276 4613 2382 4653 non
2407 4605 2586 4653 tamen
2619 4611 2647 4652 a
2678 4595 2774 4652 Dei
2797 4610 2966 4667 opere
2995 4593 3286 4650 cessabat:
3324 4606 3544 4664 pernox
3583 4622 3604 4628 -

1944 4695 1996 4749 in
2027 4692 2365 4749 orationibus
2410 4699 2465 4746 et
2499 4690 2746 4762 VigiliiSy
2779 4689 3098 4744 fatiscentes
3138 4696 3290 4742 artus
3333 4685 3544 4742 servire

1943 4789 2156 4858 spiritui
2189 4785 2440 4858 cogebat,
2489 4785 2654 4839 nobili
2685 4763 2778 4839 illo
2816 4793 2988 4838 strato
3019 4796 3120 4838 suo
3168 4781 3222 4836 in
3263 4782 3449 4836 cinere
3488 4789 3545 4836 et

1944 4879 2124 4934 cilicio
2150 4877 2441 4933 recubans.
2480 4877 2544 4930 Et
2585 4890 2706 4930 cum
2740 4890 2770 4928 a
2810 4872 3097 4943 discipulis
3131 4880 3450 4943 rogaretur,
3485 4880 3546 4925 ut
3585 4908 3598 4922 ρ.

1950 4973 2146 5028 saltem
2168 4972 2293 5026 vilia
2310 4971 2408 5025 sibi
2432 4970 2636 5024 sineret
2649 4977 2946 5024 stramenta
2964 4950 3218 5062 stipponi;
3241 4979 3347 5019 non
3365 4963 3548 5030 decet,

1952 5066 2308 5139 ἰηιιυίιῖηῒὶί,ι
2347 5064 2717 5119 Christianum
2768 5062 2875 5117 nisi
2921 5062 2975 5116 in
2994 5055 3218 5116 “cinere
3651 5125 3655 5130 ,

1951 5163 2130 5227 mori;
2175 5175 2275 5231 ego
2303 5162 2348 5214 si
2401 5159 2549 5214 aliud
2583 5161 2735 5215 vobis
2774 5159 3084 5228 exemplum
3128 5157 3397 5227 relinquo,
3429 5156 3552 5223 ipse

251 5253 594 5336 existimans,
624 5255 671 5310 si
704 5270 889 5325 pacem
925 5256 1178 5312 ecclesiae
1203 5256 1472 5312 redditam
1499 5243 1897 5338 reliquisseg
1955 5251 2195 5324 peccavi.
2229 5251 2415 5306 Oculis
2446 5251 2607 5322 igitur
2633 5266 2696 5304 ac
2728 5251 2981 5304 manibus
3017 5249 3072 5304 in
3102 5248 3300 5303 coelum
3331 5259 3550 5314 semper

210 5316 322 5437 Ea
357 5346 635 5414 profectus
664 5361 788 5402 cum
838 5364 936 5402 suo
969 5349 1082 5413 illo,
1118 5359 1176 5403 ut
1226 5364 1469 5419 semper,
1515 5316 1897 5422 frequenti:
1955 5350 2217 5424 intentus,
2251 5347 2507 5401 invictum
2532 5345 2599 5400 ab
2623 5346 2873 5400 oratione
2910 5344 3162 5412 spiritum
3193 5358 3298 5396 non
3328 5340 3550 5394 relaxa-

254 5439 387 5492 sinio
413 5440 809 5510 discipulorum
839 5444 1294 5512 sanctissimeque
1315 5443 1847 5525 comitatu,-mergos

257 5533 307 5586 in
335 5532 558 5590 flumine
587 5534 938 5604 conspicatur
965 5536 1190 5607 piscium
1217 5536 1458 5605 prrsdnm
1479 5533 1652 5608 sequi,
1678 5546 1734 5593 et
1761 5554 1848 5594 ra-

259 5640 442 5694 pacem
475 5628 776 5698 ingluviem
807 5629 1042 5684 assiduis
1080 5644 1276 5699 urgere
1321 5633 1591 5698 capturis.
1623 5632 1845 5700 Forma,

261 5719 447 5788 inquit.
475 5719 594 5774 haec
619 5720 926 5776 daemonum
959 5733 1042 5778 est
1067 5740 1078 5775 :
1112 5721 1444 5777 insidiantur
1474 5725 1729 5789 incautis,
1761 5740 1852 5780 ca-

277 5816 423 5891 piunt
467 5816 794 5883 nescientes,
845 5825 1034 5892 captos
1087 5817 1378 5885 devorant,
1437 5819 1860 5892 exsaturarique

1951 5443 2040 5498 bat
2068 5441 2163 5507 iet
2187 5425 2306 5494 cum
2333 5455 2360 5492 a
2384 5439 2741 5510 presbyteris,
2772 5438 2863 5508 qui
2891 5446 3002 5491 tum
3027 5435 3095 5490 ad
3118 5449 3242 5490 cum
3271 5431 3554 5487 conﬂuxe-

1953 5545 2094 5601 rant,
2131 5542 2451 5605 rogaretur,
2487 5541 2548 5587 ut
2591 5530 2974 5602 corpusculum
3020 5526 3207 5584 lateris
3249 5521 3555 5582 mutatione

1953 5631 2255 5687 relevaret:
2285 5628 2458 5684 Sinite
2484 5670 2497 5691 ,
2534 5625 2732 5696 inquit,
2767 5625 2928 5678 sinite
2956 5637 3063 5686 me,
3105 5620 3321 5676 fratres.
3351 5613 3558 5676 caelum

1959 5726 2134 5793 potius
2170 5723 2445 5793 respicere
2477 5735 2638 5790 quam
2671 5731 2872 5789 terram
2895 5757 2909 5779 ,
2961 5721 3020 5768 ut
3056 5723 3157 5764 suo
3194 5708 3307 5777 jam
3353 5705 3553 5761 itinere

1959 5818 2135 5876 iturus
2163 5816 2229 5872 ad
2260 5815 2544 5871 Dominum
2576 5811 2799 5887 spiritus
2832 5807 3116 5876 dirigatur.
3158 5798 3287 5856 Haec
3315 5797 3564 5867 locutus.
