4106 6344
521 301 627 360 185
1239 277 1286 354 Χ

526 614 764 670 Abrahae
787 629 875 672 me
900 615 1050 672 sinus
1078 617 1331 688 recipiet.

610 1058 635 1084 ι
667 1045 802 1102 Cum
847 1049 945 1102 hac
986 1061 1118 1116 ergo
1158 1060 1292 1101 voce

535 1118 817 1188 fatigatum
865 1119 1064 1170 divinis
1109 1119 1293 1186 aperi—

532 1192 638 1254 bus.
662 1193 918 1259 spiritum
947 1191 1090 1242 cmlo
1120 1189 1293 1243 reddi-

534 1262 609 1316 dit
632 1280 653 1314 :
676 1262 965 1329 testatique
991 1261 1148 1314 nobis
1171 1270 1297 1314 sunt

535 1333 625 1400 qui
651 1335 957 1391 adfui-rant,
975 1333 1084 1400 jam
1108 1333 1297 1387 exani-

533 1419 626 1457 mo
648 1419 873 1466 corpore
891 1404 1182 1473 gloriﬁeati
1203 1407 1296 1456 ho-

535 1475 703 1529 minis
728 1475 928 1530 vidisse
955 1491 1014 1528 se
1041 1475 1295 1540 gloriam.

547 1546 731 1599 Vultus
768 1547 888 1601 luce
919 1548 1121 1600 clarior
1155 1549 1300 1601 reni—

540 1618 710 1683 lebat,
744 1633 866 1671 cum
912 1618 1152 1672 membra
1195 1634 1298 1672 crc-

539 1699 653 1743 tera
719 1705 786 1742 ne
843 1692 1019 1742 tennis
1073 1690 1297 1758 quidem

540 1761 751 1813 macula
802 1759 1070 1824 fuscaret;
1096 1764 1148 1815 in
1180 1762 1300 1814 aliis

539 1831 730 1891 etiam,
774 1842 827 1884 et
870 1832 922 1885 in
964 1832 1056 1884 illo
1094 1846 1297 1886 tantum

543 1903 767 1956 artubus
824 1917 930 1956 non
993 1903 1298 1970 pudendis,

543 1972 822 2041 seplettnis
901 1975 1302 2042 quodammodo

545 2045 698 2109 pueri
761 2046 935 2113 gratia
995 2045 1299 2100 videbatur.

544 2115 679 2182 Quis
711 2117 869 2169 istum
900 2133 1154 2182 umquam
1186 2118 1305 2172 cili-

544 2189 633 2240 cio
665 2195 889 2250 tectum,
938 2190 1062 2255 quis
1099 2190 1302 2243 cineri-

548 2258 650 2311 bus
678 2261 928 2313 crederet
960 2259 1308 2315 involutum?

546 2330 619 2382 ita
683 2335 823 2384 vitro
876 2333 1104 2400 purior,
1168 2333 1307 2386 lacte

548 2400 850 2470 candidior,
876 2404 984 2470 jam
1005 2402 1305 2466 inquadam

544 2469 746 2526 futurae
761 2469 1310 2540 resurrectiOnisglo-

548 2544 627 2596 ria
680 2557 732 2596 et
781 2553 969 2598 natura
1016 2547 1309 2600 deinutatze

551 2615 732 2668 carnis
763 2627 1019 2670 ostensus
1050 2628 1156 2670 est.
1190 2617 1307 2671 Jam

551 2700 688 2738 vero
715 2685 769 2739 in
800 2687 1120 2756 obsequium
1151 2688 1308 2744 func-

557 2757 654 2818 ris,
726 2758 872 2811 Credi
938 2777 1044 2813 non
1113 2771 1307 2829 potest,

550 2838 751 2896 quanta
804 2831 1080 2884 hominum
1131 2832 1311 2885 multi-

553 2899 683 2952 tudo
711 2905 1064 2955 convenerit:
1086 2911 1192 2956 tota
1217 2903 1312 2957 ob-

550 2971 694 3023 viam
725 2973 945 3041 c0rpori
969 2975 1158 3028 civitas
1183 2974 1307 3038 ruit;

554 3043 734 3114 cuncti
766 3060 828 3095 ex
858 3047 1000 3113 agris
1041 3056 1205 3114 atque
1237 3047 1314 3098 vi-

553 3112 653 3179 cis,
702 3112 964 3183 multique
1013 3133 1074 3170 ex
1119 3112 1314 3170 vicinis

553 3185 717 3238 etiam
744 3187 970 3239 urbibus
1001 3186 1309 3242 adfuerunt.

551 3254 844 3324 Oquautus
860 3259 960 3311 luet
973 3274 1032 3312 us
1047 3261 1308 3324 omnium,

551 3338 753 3397 quanta
780 3328 1050 3397 praveipue
1079 3347 1310 3386 mmreu-

555 3399 692 3452 tium
739 3402 972 3454 lamenta
1017 3403 1314 3457 monacho-

557 3471 707 3523 rum!
734 3473 823 3535 qui
867 3488 934 3526 eo
971 3473 1058 3527 die
1088 3473 1200 3528 fere
1246 3475 1312 3529 ad

554 3539 664 3594 duo
696 3543 864 3595 millia
888 3546 1208 3600 convenisse
1226 3547 1310 3600 di-

1885 303 2177 363 SULPICII
2217 306 2300 366 SE
2310 308 2471 366 VEB]

521 421 799 477 diabolum
820 422 960 478 vidit
985 437 1156 494 prope
1181 404 1463 502 adsistere.
1487 422 1628 492 Quid
1665 421 1773 489 hic,
1808 422 2004 492 inquit,
2035 437 2124 478 as-
2151 431 2206 493 Α
2228 425 2441 502 ειθνίςιἈ
2460 428 2616 496 cujus
2643 431 2899 500 exemplo
2930 431 2981 484 in

523 524 630 584 tas,
663 527 889 572 cruenta
942 518 1153 574 bestia?
1177 517 1313 574 nihil
1347 519 1399 573 in
1427 533 1531 584 me,
1569 516 1807 583 funeste,
1852 515 2120 586 reperies.

1373 828 1465 892 (Ex
1492 827 1751 891 capitulari
1773 826 1958 878 Veron.
1997 829 2129 890 cod.)

1438 1046 1565 1101 Cum
1591 1047 1690 1102 hac
1712 1063 1834 1118 ergo
1864 1062 1984 1100 voce
2013 1047 2129 1099 ani-

1367 1135 1505 1172 utam
1530 1119 1655 1172 emlo
1679 1118 1904 1171 reddidit
1933 1134 1950 1172 :
1978 1127 2131 1171 testa-

1368 1191 1506 1257 tique
1533 1190 1675 1244 nobis
1696 1201 1812 1243 sunt
1835 1191 1922 1258 qui
1947 1189 2134 1243 ibidem

1370 1266 1596 1332 fuerunt,
1639 1264 1820 1315 vidisse
1848 1278 1902 1313 se
1938 1263 2132 1314 rultum

1371 1337 1482 1405 ejus
1523 1344 1780 1402 tamquam
1810 1333 2006 1386 vultum
2040 1349 2133 1386 an-

1371 1406 1509 1474 geli:
1550 1406 1770 1458 membra
1812 1415 1982 1457 autem
2022 1407 2136 1472 eius

1373 1477 1599 1529 candida
1648 1487 1920 1546 tamquam
1946 1477 2037 1528 nix
2066 1475 2140 1527 vi-

1373 1547 1654 1612 debantur,
1690 1545 1852 1601 itaut
1889 1545 2134 1612 dicerent,

1376 1619 1503 1683 Quis
1533 1621 1684 1672 istum
1713 1635 1951 1688 umquam
1970 1618 2138 1671 cilicio

1381 1691 1549 1761 (vidit)
1583 1691 1806 1743 tectum?
1845 1691 2034 1761 quisin
2063 1691 2136 1741 ci-

1375 1759 1578 1815 neribus
1591 1762 1813 1816 crederet
1828 1759 2142 1814 involutum?

1365 1835 1483 1906 jam
1514 1835 1669 1906 enim
1723 1833 1797 1885 sic
1849 1833 2134 1896 videbatur,
2171 1843 2218 1901 Β

1373 1905 1523 1974 quasi
1559 1906 1609 1955 in
1654 1908 1845 1972 futura:
1884 1919 2142 1956 resurrec-

1375 1977 1525 2029 tionis
1551 1975 1719 2045 gloria
1756 1986 1799 2028 et
1828 1986 2011 2027 natura
2044 1974 2133 2027 de-

1378 2059 1587 2101 mutata!
1657 2048 1824 2099 carnis
1907 2056 2138 2100 ostensus

1377 2130 1450 2171 est
1482 2117 1529 2173 ι).
1565 2116 1631 2171 1η
1681 2117 1979 2187 obsequium
2021 2133 2138 2170 vero

1379 2191 1577 2261 funeris
1618 2189 1763 2261 credi
1828 2205 1928 2241 non
1977 2197 2138 2253 potest

1376 2259 1568 2331 quanta
1606 2259 1868 2313 hominum
1903 2261 2138 2311 multitu-

1381 2337 1448 2385 do
1473 2333 1787 2394 convenerit;
1813 2341 1916 2383 tota
1939 2332 2138 2383 abi-iam

1381 2404 1776 2469 carpat-icivitas
1801 2403 1905 2455 ruit
1931 2419 1948 2456 :
1971 2403 2142 2455 cuncti

1383 2491 1445 2528 ea:
1496 2476 1634 2543 agris
1685 2484 1837 2544 atque
1885 2490 1945 2526 ex
1995 2474 2138 2535 vicis,

1384 2548 1633 2616 multique
1675 2547 1738 2599 de
1781 2545 1957 2616 vicinis
1990 2545 2141 2598 etiam

1384 2614 1590 2670 urbibus
1603 2619 1903 2685 adfuerunt.
1923 2614 1966 2669 0
1979 2634 2143 2686 quau-

1385 2697 1465 2741 tus
1493 2691 1659 2741 luctus
1678 2689 1923 2748 omnium,
1950 2697 2146 2758 quanta

1383 2765 1640 2832 prtrcipue
1693 2763 2011 2814 nuerentium
2067 2759 2140 2813 la-

1385 2840 1558 2884 menta
1603 2832 2010 2885 ntonacliorum!
2057 2833 2145 2900 qui

1384 2920 1442 2957 eo
1483 2903 1564 2956 die
1608 2907 1713 2972 fere
1751 2906 1833 2957 ad.
1873 2901 1916 2960 Π
1957 2900 2148 2956 Conve-

1387 2975 1521 3026 uisse
1576 2975 1854 3041 dicuntur,
1911 2975 2146 3043 specialis

1389 3043 1606 3098 Martini
1623 3048 1790 3114 gloria
1810 3063 1827 3100 :
1850 3047 1963 3112 ejus
1981 3062 2148 3098 exem-

1387 3116 1474 3187 plo
1498 3118 1550 3170 in
1576 3117 1678 3171 Dni
1705 3121 1997 3172 servitutem
2029 3117 2149 3169 stir-

1389 3205 1477 3256 pes
1509 3198 1667 3242 luntre
1689 3192 2061 3256 fruticaverant
2095 3199 2144 3244 ο.

2233 497 2443 572 Domini
2462 502 2778 572 servitutem
2792 497 2988 572 stirpes

2233 579 2403 645 tanta},
2420 569 2826 628 l‘rutiCaveraut.
2850 569 2990 645 Age-

2229 641 2324 696 bat
2356 644 2608 697 nimirum
2642 653 2771 699 ante
2807 661 2866 700 se
2896 641 2990 716 pa-

2231 723 2350 768 stor
2409 716 2718 770 exstinctus
2796 731 2989 787 greges

2233 793 2608 847 suos,'sanct:e
2636 787 2778 842 illius
2802 788 2989 842 multi-

2235 855 2438 912 tudinis
2489 859 2718 928 pallidas
2778 861 2988 923 turbas,

2234 929 2448 997 agmina
2470 931 2709 999 palliata,
2734 941 2824 984 aut
2846 945 2993 985 eme-

2236 1001 2462 1054 ritorum
2520 1003 2764 1055 laborum
2811 1017 2992 1066 senes,

2237 1081 2332 1124 aut
2356 1073 2566 1139 juratOs
2591 1072 2792 1128 Christi
2824 1075 2877 1127 in
2909 1089 2991 1126 sa-

2237 1155 2520 1196 cramenta
2576 1146 2803 1198 tirones.
2857 1145 2992 1198 Tum

2237 1216 2506 1284 virginum
2521 1215 2721 1270 chorus
2735 1216 2862 1269 lletn
2874 1216 2995 1270 abs-

2240 1287 2418 1340 tinens
2471 1304 2579 1355 prin
2609 1287 2837 1356 pudore,
2871 1303 2994 1340 rum

2241 1357 2534 1412 lanaudum
2569 1361 2746 1428 potius
2775 1360 2848 1412 illi
2877 1374 2999 1413 esse

2241 1427 2467 1483 sentiret
2526 1427 2686 1500 quem
2738 1433 2848 1498 jam
2899 1446 2998 1484 suo

2245 1501 2509 1554 Dominus
2558 1504 2770 1570 gremio
2813 1504 2999 1556 conlo—

2244 1583 2412 1635 veret,
2446 1589 2606 1640 quam
2631 1583 2820 1626 sancto
2843 1573 3002 1626 dissi.

2247 1645 2482 1696 mulabat
2503 1644 2703 1714 gaudio
2731 1645 2873 1712 quod
2905 1645 3000 1697 do-

3719 312 3818 372 184

3061 438 3153 483 aut
3171 431 3379 502 juratos
3409 430 3605 485 Christi
3645 429 3700 483 in
3739 444 3820 482 sa-

3061 513 3325 555 cramenta
3394 505 3633 568 tirones;
3713 510 3817 554 tum

3063 573 3317 642 virginum
3403 573 3594 629 chorus
3701 574 3821 642 fletu

3062 643 3322 698 abstinens
3422 661 3532 716 pra:
3583 716 3588 717 ί
3630 643 3824 717 pudore

3061 732 3216 784 quam
3242 726 3421 770 sancto
3460 716 3822 771 dissimulabat

3062 788 3253 858 gaudio
3300 788 3438 856 quod
3479 785 3721 842 dolebat!
3756 789 3824 840 si-

3063 859 3267 923 quidem
3333 859 3464 929 ﬁdes
3521 861 3650 929 ﬂere
3706 875 3823 930 pro-

3066 931 3256 984 hiberet
3299 947 3316 984 :
3367 935 3615 998 gemitum
3663 938 3827 984 tamen

3067 1003 3398 1072 extorquebat
3421 1001 3638 1069 aﬂectus
3664 1016 3682 1064 ,'
3729 1010 3828 1053 ete-

3071 1075 3176 1125 nim
3221 1083 3328 1127 tam
3391 1083 3570 1128 sancta
3622 1082 3731 1126 erat
3771 1072 3831 1125 de

3068 1144 3213 1197 illius
3268 1144 3437 1218 gloria
3493 1147 3623 1217 (et)
3655 1145 3826 1198 exsul-

3072 1224 3220 1282 tatio,
3249 1233 3402 1281 quam
3429 1218 3516 1288 pia
3561 1218 3626 1269 de
3676 1225 3831 1268 morte

3073 1289 3303 1341 tristitia.
3352 1288 3670 1358 lgnosceres_
3705 1288 3831 1356 [len-

3071 1360 3227 1420 tibus,
3259 1355 3624 1432 congratulare
3648 1355 3674 1395 (ί
3707 1355 3830 1432 gari-

3073 1432 3307 1486 dentibus
3327 1474 3340 1496 ,
3359 1429 3373 1432 ’
3398 1431 3523 1484 dum
3567 1429 3835 1498 unusquis-

3071 1519 3169 1570 que
3229 1513 3274 1554 et
3348 1503 3445 1556 sibi
3513 1512 3724 1570 praestat
3784 1509 3834 1552 ut

3074 1574 3266 1637 doleat,
3316 1585 3363 1627 et
3393 1574 3472 1628 illi
3512 1583 3564 1626 ut
3592 1575 3832 1644 gaudeat.

3077 1644 3208 1698 Iltzc
3236 1647 3397 1714 igitur
3425 1644 3560 1698 beati
3603 1646 3701 1697 viri
3731 1659 3840 1697 cor-

2245 1714 2414 1787 lebat!
2512 1715 2778 1785 siquidem
2872 1717 3004 1770 lidcs
3079 1734 3176 1787 pus
3227 1733 3386 1787 usque
3426 1718 3493 1769 ad
3536 1719 3708 1770 locum
3761 1732 3840 1768 se-

2249 1786 2376 1838 lli-re
2393 1787 3003 1858 prohiberet,gemitum
3081 1786 3245 1854 pulcri
3272 1786 3476 1858 hymnis
3507 1804 3702 1841 canora
3744 1801 3839 1839 ca:—

2246 1869 2592 1932 eittorqueret
2614 1857 2858 1920 allectus;
2890 1873 3005 1914 ete-
3081 1858 3288 1913 testibus
3311 1857 3458 1913 turba
3489 1859 3838 1932 prosequitur,

2250 1929 2358 1982 nim
2402 1939 2508 1982 tam
2549 1943 2665 1984 erat
2715 1943 2900 1986 sancta
2941 1932 3007 1985 de
3081 1940 3191 1986 etc.

2241 2035 2387 2089 illius
2443 2035 2615 2105 gloria
2672 2035 2992 2100 exsultatio,
3049 2050 3212 2105 quam
3269 2034 3355 2106 pia
3393 2035 3462 2090 de
3501 2043 3679 2090 morte
3719 2047 3844 2086 con-

2241 2128 2405 2183 lusio.
2434 2129 2754 2199 Ignosceres
2775 2129 3050 2182 ﬂentibus.
3075 2127 3418 2198 gratularere
3441 2126 3805 2196 gaudentibus
3831 2144 3844 2179 :

2242 2224 2366 2294 quia
2409 2234 2464 2277 et
2503 2223 2650 2293 pium
2677 2231 2762 2278 est
2790 2221 3028 2292 gaudere
3051 2219 3304 2288 Martino,
3329 2229 3384 2274 et
3429 2219 3573 2290 pium
3606 2228 3688 2273 est
3721 2217 3849 2273 ﬂere

2243 2317 2563 2381 Martinam;
2593 2316 2721 2371 dum
2744 2316 3113 2386 unusquisque
3135 2324 3190 2370 et
3210 2315 3313 2370 sibi
3333 2324 3555 2384 praestat
3577 2312 3847 2378 ntdoleat,

2245 2419 2302 2464 et
2331 2410 2404 2463 illi
2429 2410 2593 2463 debet
2620 2409 2949 2479 utgaudeat.
2986 2407 3112 2461 Hcce
3145 2408 3309 2477 igitur
3339 2406 3483 2462 beati
3525 2407 3624 2460 viri
3659 2421 3852 2475 corpus

2248 2517 2418 2570 usque
2439 2503 2506 2555 ad
2529 2503 2705 2556 Iocnm
2755 2500 2994 2570 sepulcri
3045 2502 3263 2572 hymnis
3295 2516 3497 2556 canora
3528 2499 3852 2554 ctelestihus

2247 2595 2402 2649 turba
2437 2594 2804 2664 prosequitur.
2837 2591 3226 2662 Comparetur,
3269 2592 3313 2647 si
3341 2581 3541 2662 placet.
3578 2590 3854 2645 sa'cularis

2249 2687 2338 2742 illa
2377 2702 2608 2756 pompa,
2644 2702 2748 2740 non
2779 2686 2956 2739 dicam
2987 2686 3198 2739 funeris
3220 2725 3236 2752 ,
3267 2685 3366 2739 sed
3393 2682 3654 2752 triumphi
3685 2697 3698 2735 :
3730 2680 3854 2752 quid

2249 2781 2427 2836 simile
2455 2780 2669 2834 Martini
2699 2779 2977 2850 exsequiis
3007 2778 3363 2834 conferetur?
3393 2779 3610 2832 Ducant
3640 2776 3716 2831 illi
3754 2791 3857 2846 prae

2249 2879 2498 2933 eurrihus
2517 2878 2629 2930 suis
2645 2877 2854 2930 vinctos
2875 2885 2995 2945 post
3018 2885 3165 2946 terga
3185 2876 3430 2945 Captivos
3455 2892 3467 2928 :
3505 2875 3726 2929 Martini
3742 2888 3857 2928 cor-

2251 2970 2417 3041 pushi
2440 2968 2531 3039 qui
2561 2969 2818 3022 mundum
2843 2968 3011 3023 ductu
3043 2969 3189 3024 illius
3217 2969 3486 3033 vicerant,
3517 2981 3856 3038 prosequun-

2253 3074 2358 3129 tur;
2382 3065 2501 3117 illos
2522 3064 2765 3118 confusis
2797 3065 3077 3132 plausibus
3096 3063 3424 3133 pupulorum
3459 3061 3699 3116 honoret
3720 3061 3858 3115 insa-

2254 3156 2369 3211 nia:
2391 3157 2618 3211 Martiuo
2634 3157 2833 3210 divinis
2855 3156 3364 3224 plauditurpsalmis
3385 3173 3396 3208 :
3421 3155 3688 3209 Martinus
3709 3154 3860 3226 hym-

1386 3248 1579 3328 hyebag
1635 3248 1878 3314 ηεὶηίνηπη
1926 3270 2043 3313 ante
2094 3277 2146 3313 δε
2175 3300 2220 3364 C
2255 3249 2337 3303 nis
2358 3250 2670 3304 coelestibus
2701 3250 3021 3313 honoratur,
3049 3250 3126 3303 illi
3155 3258 3278 3320 post
3305 3248 3612 3318 triumphos
3645 3264 3775 3303 suos
3805 3249 3855 3302 in

1388 3341 1562 3364 οιηιίην
1618 3349 1792 3364 ιηιηηι-η·
1841 3348 1958 3364 nunc
2030 3349 2148 3364 εηη-
2255 3351 2448 3364 .λ...-..-
2486 3357 2620 3364 -,-._--
2654 3342 2939 3364 ._-.J--..--_
2973 3359 2986 3364 -
3019 3341 3276 3364 ιι--ιι....,.
3311 3342 3530 3364 ll.__l.__
3558 3341 3680 3364 -2...”
3707 3341 3855 3364 ...ΑΙ-,ιε

1387 3341 1568 3401 pastor
1616 3349 1792 3402 greges
1837 3348 1980 3395 suos,
2026 3349 2148 3384 san-

1387 3411 1480 3456 rtw
1565 3405 1708 3457 illius
1803 3403 2146 3457 multitudinis

1386 3476 1611 3546 pallidas
1663 3478 1837 3528 turbas
1871 3517 1884 3539 ,
1939 3477 2148 3542 agmina

1386 3549 1626 3618 palliata,
1679 3558 1768 3600 aut
1819 3549 2148 3601 emeritorum

554 3623 755 3668 cuntur
775 3658 788 3680 ,
817 3615 1070 3684 specialis
1095 3617 1309 3673 Martini
1439 3620 1630 3689 supple
1679 3618 1946 3691 laborum)
1977 3634 2142 3683 senes,

631 3752 816 3828 {Cum
846 3754 915 3828 ab
945 3755 1093 3810 hisce
1122 3757 1309 3813 verbis
1339 3773 1506 3828 prope
1533 3759 1598 3812 ad
1627 3760 1788 3812 linem
1825 3774 1996 3827 usque
2035 3759 2150 3827 epi-

557 3823 1015 3900 stolm,_majores
1043 3845 1203 3897 quam
1231 3823 1454 3900 usquaui
1489 3832 1539 3883 in
1581 3831 1877 3898 Capitulari
1901 3823 2091 3884 codice
2123 3846 2149 3880 a

555 3892 803 3974 vulgatis
833 3892 1210 3974 diserepantie
1239 3892 1552 3974 occurrant,
1587 3912 1642 3955 et
1663 3892 1883 3974 quidem
1927 3901 2154 3974 Concin-

555 3967 682 4041 nior
709 3967 832 4041 inde
863 3981 916 4022 et
945 3972 1252 4036 simplicior
1273 3973 1650 4037 lluatsensus;
1676 3967 1812 4026 adeo
1837 3984 1892 4026 ut
1915 3973 2153 4041 suspicio

556 4036 690 4090 mihi
709 4038 819 4107 jam
845 4041 1054 4113 pridem
1069 4045 1322 4104 subierit,
1347 4036 1708 4112 posteriorem
1731 4043 1889 4112 hujus
1907 4036 2152 4113 epistola:

553 4119 879 4185 pa_rtem,gut
909 4113 962 4166 in
995 4112 1154 4183 Vulg.
1191 4115 1387 4184 legitur
1409 4157 1421 4174 .
1454 4119 1838 4184 interpolatum
1871 4112 2152 4185 ab'aliquo

551 4177 760 4235 fuisse:
795 4182 999 4238 idcirco
1042 4177 1328 4256 utrumque
1361 4196 1565 4241 textum
1593 4177 1622 4241 ὁ
1653 4188 1874 4257 regione
1919 4187 2019 4242 sibi
2061 4177 2150 4242 i'e-

2255 3351 2453 3396 tartara
2484 3357 2624 3396 saeva
2654 3342 2940 3396 trudentur
2973 3359 2986 3395 :
3018 3341 3279 3395 Martinus
3297 3342 3533 3396 Abralue
3557 3341 3682 3395 sinu
3707 3341 3859 3395 hctus

2250 3435 2555 3502 excipitur;
2589 3432 2852 3486 Martinus
2899 3433 2984 3487 hic
3015 3448 3222 3503 pauper
3250 3443 3303 3487 et
3347 3433 3626 3496 modicus,
3658 3436 3855 3489 cretum

2250 3527 2401 3582 dives
2450 3527 2793 3596 ingreditur:
2830 3528 2974 3581 illinc
3023 3543 3145 3592 nos,
3181 3535 3238 3580 ut
3287 3541 3482 3596 Spero,
3515 3528 3856 3596 custodiens,

2251 3635 2338 3674 me
2365 3619 2481 3673 hac
2511 3620 2845 3674 scribentem
2875 3620 3121 3690 respicit,
3154 3631 3206 3674 te
3231 3621 3522 3690 legentem.

2259 3760 2616 3828 Spondentem
2643 3761 2858 3825 damus,
2885 3773 2939 3814 ut
2971 3763 3144 3826 lector
3175 3775 3282 3833 uno
3323 3760 3521 3815 intuitu
3541 3761 3856 3833 videatquar

2260 3833 2312 3886 in
2354 3833 2506 3902 \‘ulg.
2547 3833 2835 3893 redundat,
2863 3843 2920 3904 et
2947 3835 3147 3888 rectius
3172 3832 3420 3902 judicare
3447 3835 3622 3904 possit
3654 3832 3771 3888 utra
3794 3836 3857 3890 sit

2261 3904 2599 3973 prallereuda
2630 3905 2808 3960 lectio.
2841 3902 3049 3961 Ent‘ron
3082 3904 3287 3960 VERON.

2329 3975 2355 4012 ι)
2390 3976 2519 4046 Leg.
2552 3989 2704 4032 esset.

2333 4059 2353 4118 (ξ
2384 4049 2440 4101 lu
2468 4064 2569 4102 ms.
2605 4050 3007 4118 [rutecareraut.

2330 4117 2354 4155 ιι
2389 4119 2549 4176 Forte
2574 4117 3022 4195 congratularere.

536 4332 3839 4362 mm

1419 4514 2203 4635 SULPIGII
2320 4523 3007 4636 SEVERI

1746 4733 2669 4886 DIALOGI.

1844 5173 2446 5262 DIALOGUS
2495 5177 2568 5260 Ι.

618 5555 660 5609 l.
691 5552 824 5608 Cum
853 5549 906 5604 in
929 5560 1091 5605 unum
1121 5550 1298 5607 locum
1325 5568 1428 5624 ego
1467 5561 1522 5606 et
1566 5551 1758 5608 Gallus
1787 5561 1974 5607 noster
2003 5564 2136 5606 con-
2171 5550 2221 5610 D
2248 5547 2418 5604 nostri
2457 5561 2616 5601 causa
2643 5545 2710 5601 ab
2736 5545 2960 5601 Oriente
2979 5585 2996 5614 ,
3049 5561 3157 5618 quo
3181 5561 3240 5602 se
3264 5555 3390 5601 ante
3423 5546 3725 5603 triennium
3759 5562 3851 5618 pa-

543 5646 924 5709 venissemus,
951 5643 1031 5698 vir
1062 5643 1195 5699 mihi
1241 5655 1294 5700 et
1315 5653 1540 5714 propter
1572 5643 1783 5697 Martini
1817 5644 2136 5698 memoriam

542 5741 630 5806 (ex
658 5741 798 5794 illius
822 5739 966 5794 enim
999 5739 1276 5811 discipulis
1306 5753 1422 5795 erat
1451 5737 1544 5817 )et
1571 5747 1793 5806 propter
1820 5752 1912 5791 sua
1947 5735 2138 5790 merita

539 5834 933 5900 charissitnus;
970 5833 1263 5890 intervenit
1303 5832 1460 5887 nobis
1510 5829 1894 5885 Postumianus
1943 5843 2130 5895 meus,

2250 5642 2406 5696 triam
2447 5642 2756 5724 rediiiquens
2805 5640 3149 5706 contulerat,
3210 5656 3515 5712 regressus.
3567 5639 3846 5712 Complexi

2251 5723 2526 5788 hominem
2582 5734 3046 5798 amantissimum,
3098 5723 3504 5804 exosculatiqué
3568 5743 3845 5805 genua'et

2251 5826 2415 5898 pedes
2441 5825 2580 5896 ejus,
2611 5841 2733 5883 cum
2756 5843 2861 5883 uno
2882 5837 3042 5899 atque
3073 5827 3245 5885 altero
3272 5830 3447 5898 spatio
3477 5829 3627 5899 quasi
3658 5829 3837 5885 obsta-
