4106 6344
204 354 302 412 185

1673 352 2021 412 DlALOGUS
2061 353 2103 409 l.

3445 349 3548 408 186

198 466 390 538 peracti
419 509 435 533 ,
495 468 761 525 invicem
793 469 985 526 ﬂentes
1028 468 1224 541 gaudio
1265 467 1784 524 deambulassemus
1811 511 1826 536 ,
1860 478 1908 538 Α
1935 469 2272 538 asperiorem
2303 469 2460 525 nobis
2488 469 2655 526 fuisse
2681 484 2844 540 quam
2867 468 3078 524 debuit.
3108 467 3219 524 Nec
3235 481 3369 523 vero
3393 466 3552 538 quid-

193 560 350 632 jactis
383 562 437 615 in
463 570 695 617 terram
726 562 921 619 ciliciis
948 562 1316 618 consedimus.
1340 560 1477 616 Tum
1513 563 1664 632 prior
1689 561 1828 617 Pos-

201 655 470 712 tuntianus
495 672 596 711 me
630 658 858 713 intuens
882 701 896 725 ,
946 656 1080 713 Cum
1111 672 1288 713 essem
1320 699 1335 724 ,
1380 657 1589 727 inquit,
1640 657 1695 711 in
1741 673 1829 712 re—

199 753 357 809 motis
388 752 633 826 Egypti
657 797 674 821 ,
706 755 871 810 libuit
897 765 953 809 ιιι
980 754 1045 809 ad
1078 770 1226 809 mare
1246 769 1416 823 usque
1442 754 1826 824 procederem.

201 845 385 901 Navim
412 847 537 902 illic
582 851 906 904 onerariam
953 848 1193 914 oﬂ'eudi,
1227 865 1347 918 quae
1395 864 1516 902 cum
1551 848 1831 903 mercibus

200 936 512 993 Narbonem
581 949 790 1009 petens
844 941 1060 996 solvere
1105 941 1349 1010 parabat.
1406 939 1609 996 Eadem
1669 948 1832 994 nocte

199 1041 372 1086 astare
401 1031 458 1086 in
485 1033 720 1088 somnis
738 1033 874 1089 mihi
903 1035 1050 1089 visus
1070 1049 1159 1100 es,
1206 1044 1260 1088 et
1314 1034 1510 1103 injecta
1546 1047 1633 1088 me
1665 1049 1830 1088 manu

202 1127 415 1182 trahere
440 1170 454 1192 ,
518 1138 588 1183 ut
621 1131 813 1184 navim
861 1129 1006 1183 illam
1037 1128 1488 1184 conscenderem.
1526 1128 1647 1183 Mox
1675 1138 1831 1183 tene-

202 1221 320 1276 bras
349 1233 671 1292 rumpente
731 1223 1004 1288 diluculo,
1050 1237 1174 1278 cum
1214 1222 1281 1278 de
1331 1238 1396 1276 eo
1449 1222 1566 1276 loco
1617 1221 1670 1274 in
1725 1235 1833 1291 quo

200 1315 522 1386 quieveram
554 1318 969 1378 surrexiSsem.
1017 1316 1289 1371 somnium
1323 1331 1502 1371 meum
1555 1317 1672 1383 ipse
1719 1331 1834 1370 me-

200 1423 316 1463 cum
350 1419 637 1478 reputans
684 1419 840 1464 tanto
883 1411 956 1464 ttti
1001 1411 1272 1464 desiderio
1319 1411 1499 1464 subito
1545 1420 1832 1478 correptus

201 1515 312 1556 sum
342 1543 356 1564 ,
381 1511 442 1556 ut
478 1502 626 1557 nihil
653 1513 944 1557 cunctatus
971 1504 1148 1557 navim
1186 1503 1637 1568 conscenderim;
1673 1504 1834 1557 trice-

201 1593 335 1649 simo
367 1595 462 1649 die
499 1595 817 1651 Massiliam
846 1596 1134 1666 appulsus,
1185 1596 1310 1651 inde
1339 1596 1442 1650 huc
1468 1595 1684 1650 decimo
1717 1610 1832 1665 per-
1869 1609 1878 1617 ‘

200 1685 445 1740 venerim
484 1685 674 1740 :adeo
710 1702 968 1756 prospera
1003 1689 1271 1757 navigatio
1313 1689 1416 1758 pia:
1441 1686 1615 1741 adfuit
1640 1688 1831 1742 volun-

201 1780 310 1834 tati.
352 1779 439 1834 Tu
473 1780 645 1834 modo
665 1822 680 1845 ,
714 1791 940 1851 propter
967 1797 1124 1851 quem
1149 1791 1226 1836 tot
1249 1779 1421 1835 maria
1450 1783 1828 1852 tt‘altSttaviga-

1935 577 2099 632 quam
2131 563 2185 617 in
2229 563 2381 618 illum
2415 562 2799 618 inclementius
2822 561 2997 617 dicam
3021 602 3036 628 ,
3067 561 3194 632 quia
3227 573 3282 616 et
3312 559 3548 614 amicum

1934 657 2106 718 colui.
2143 667 2195 712 et
2227 668 2352 713 tunc
2383 659 2545 714 etiam
2587 660 2762 713 amavi
2834 673 2960 713 cum
3017 657 3311 728 putabatur
3367 653 3552 711 inimi-

1934 765 2054 807 cus.
2080 753 2164 807 Me
2194 761 2372 807 autem
2399 755 2513 808 lucc
2535 754 2710 809 tacitis
2735 753 3164 824 cogitationibus
3181 752 3552 807 resolventetn

1935 843 2228 899 admodum
2255 845 2412 900 dolor
2443 847 2546 901 iste
2574 847 2890 917 compttngit
2937 845 3114 916 (pene
3163 857 3264 899 nos
3285 843 3558 914 sapientis

1933 947 1988 994 et
2009 939 2248 1009 religiosi
2279 941 2381 994 viri
2407 941 2646 996 amicitia
2676 939 3039 1012 destitutos),
3093 939 3247 994 illum
3275 937 3553 1009 quondam

1937 1041 2044 1088 tam
2104 1035 2342 1089 amicum
2393 1035 2545 1090 nobis
2567 1078 2582 1101 ,
2637 1045 2743 1090 tam
2778 1051 3026 1090 amarum
3075 1035 3127 1090 in
3162 1050 3263 1090 nos
3294 1048 3418 1089 esse
3451 1046 3554 1102 po-

1935 1133 2127 1186 tuisse.
2153 1130 2355 1187 Verum
2388 1131 2534 1199 haec,
2565 1147 2686 1202 qua:
2716 1133 2972 1187 maeroris
3005 1133 3160 1200 plena
3201 1139 3358 1197 sunt,
3385 1129 3557 1184 relin-

1935 1238 2166 1294 quamus
2192 1242 2205 1278 :
2232 1234 2284 1277 te
2317 1224 2492 1292 potius
2517 1267 2530 1289 ,
2564 1234 2620 1279 ut
2650 1224 2852 1278 dudum
2902 1223 3284 1293 spoponderas
3308 1265 3322 1288 ,
3357 1221 3550 1276 audia-

1937 1331 2080 1370 mus.
2112 1316 2188 1369 Ita
2215 1359 2229 1382 ,
2258 1317 2464 1386 inquit,
2496 1316 2614 1380 fiat,
2650 1315 3072 1380 Postumianus;
3128 1316 3271 1385 quod
3316 1330 3441 1370 cum
3469 1313 3553 1368 di-

1937 1410 2136 1476 xisset,
2178 1410 2456 1480 paululum
2483 1424 2677 1464 omnes
2699 1409 3085 1463 conticuimus.
3144 1407 3278 1462 Dein
3307 1406 3548 1461 cilicium

1935 1508 2020 1558 cui
2055 1503 2364 1570 insederat,
2414 1501 2478 1556 ad
2533 1518 2620 1557 me
2672 1503 2895 1572 propius
2936 1501 3208 1569 admovit,
3258 1510 3422 1570 atque
3475 1497 3548 1552 ita

1937 1613 2165 1652 CXOI‘SUS
2193 1606 2277 1652 851
2308 1616 2319 1651 ἒ

2003 1693 2092 1749 lll.
2134 1692 2274 1747 Ante
2303 1693 2405 1748 hoc
2429 1693 2719 1748 triennium
2745 1737 2758 1757 ,
2799 1708 2908 1762 quo
2964 1702 3208 1761 tempore
3235 1691 3330 1746 tibi
3357 1732 3370 1756 ,
3405 1691 3533 1748 Snlo

1934 1787 2041 1856 pici
2066 1828 2078 1850 ,
2113 1785 2237 1840 hinc
2264 1785 2453 1840 abiens
2487 1785 2752 1850 valedixi,
2811 1786 2902 1840 ubi
2934 1784 3188 1840 Narbone
3219 1785 3398 1838 navim
3434 1784 3546 1839 sol-

201 1871 369 1925 vimus
391 1912 406 1938 ,
432 1880 666 1926 tantum
702 1882 862 1926 terra:
887 1873 1379 1927 transcucurrimus
1400 1915 1413 1937 ,
1463 1874 1831 1943 complecten-

1939 1881 2112 1936 vitnus
2132 1925 2146 1947 ,
2175 1883 2365 1952 quinto
2387 1883 2476 1938 die
2515 1894 2733 1954 portum
2773 1882 2973 1939 Africa:
3008 1883 3334 1937 intravimus
3362 1903 3375 1938 :
3406 1882 3547 1936 adeo

203 1959 320 2018 dum
351 1963 883 2034 perfruendutnque
918 1975 998 2031 te,
1045 1965 1272 2021 remotis
1315 1967 1601 2029 omnibus,
1651 1966 1823 2020 trade.

204 2055 312 2126 Ego
333 2073 476 2113 vero
497 2099 514 2125 ,
553 2059 810 2128 inquatn,
836 2059 1000 2113 etiam
1043 2075 1166 2113 cum
1197 2069 1252 2114 tu
1306 2061 1357 2114 in
1386 2059 1623 2131 ZEgypto
1651 2076 1830 2114 mora-

202 2149 334 2204 reris
359 2189 375 2215 ,
411 2159 569 2204 totus
598 2158 785 2203 tecum
811 2165 1026 2220 semper
1048 2149 1228 2205 animo
1260 2160 1315 2206 ct
1341 2153 1677 2221 cogitatione
1708 2167 1830 2207 ver-

204 2243 380 2309 sabar,
408 2259 620 2314 meque
652 2242 726 2298 de
753 2253 805 2298 te
837 2244 953 2299 dies
983 2259 1046 2298 ac
1069 2256 1255 2299 noctes
1279 2244 1608 2316 cogitantem
1656 2255 1828 2298 totutn

206 2343 289 2390 tua
311 2335 564 2392 Charitas
589 2337 944 2407 possidebat;
974 2338 1168 2392 nedum
1191 2339 1351 2392 modo
1368 2355 1452 2392 me
1477 2317 1569 2392 tibi
1591 2339 1830 2392 aestimes

207 2441 404 2499 puncto
457 2431 744 2500 temporis
793 2430 1134 2495 defuturum,
1168 2432 1461 2501 quominus
1505 2447 1691 2485 amore
1727 2441 1821 2484 tuo

209 2521 450 2592 pendens
475 2531 532 2578 te
567 2524 819 2586 intuear,
854 2533 903 2575 te
931 2522 1183 2585 audiam,
1215 2533 1392 2576 terum
1425 2522 1638 2592 loquar,
1674 2523 1828 2576 nullo

207 2620 420 2689 penitus
451 2619 508 2673 in
544 2631 828 2673 secretum
862 2627 1106 2672 nostrum
1129 2659 1142 2683 ,
1165 2617 1306 2686 quod
1332 2617 1490 2672 nobis
1515 2617 1627 2672 hzec
1653 2632 1830 2671 remo-

207 2709 311 2766 tior
336 2711 534 2766 cellula
570 2722 822 2780 prarstat,
856 2711 1096 2766 admisso
1127 2729 1140 2765 :
1170 2727 1291 2765 nam
1326 2711 1488 2781 hujus
1526 2713 1746 2775 nostri,
1771 2720 1830 2765 ut

207 2803 463 2870 arbitror,
499 2803 656 2859 Galli
681 2803 1032 2871 praesentiam
1065 2819 1170 2859 non
1225 2804 1454 2858 moli-ste
1505 2804 1648 2859 feres
1682 2847 1696 2871 ,
1727 2806 1822 2876 qui

208 2896 310 2953 hoc
339 2899 585 2954 adventu
622 2907 720 2952 tuo
744 2940 759 2963 ,
811 2904 868 2951 ut
912 2897 1061 2952 vides
1093 2940 1106 2962 ,
1139 2897 1360 2966 perinde
1387 2907 1547 2967 atque
1565 2914 1664 2967 ego
1687 2899 1823 2967 ipse,

210 2989 510 3060 triumphat
539 2989 773 3060 gaudio.
811 2989 976 3044 Recte
1005 2990 1182 3059 plane,
1205 2991 1378 3060 inquit
1408 2989 1822 3054 Pustumiauus;

213 3081 269 3138 in
294 3084 551 3139 societate
586 3092 782 3138 n0stra
811 3083 998 3138 Gallus
1050 3084 1150 3138 iste
1181 3084 1538 3138 retinebitur:
1573 3085 1698 3154 quia
1723 3084 1825 3140 etsi

207 3177 343 3233 mihi
368 3193 559 3249 parum
584 3179 849 3249 cognitus
872 3189 979 3245 est,
1011 3194 1110 3250 pro
1136 3194 1203 3232 eo
1232 3190 1410 3233 tamen
1441 3179 1582 3248 quod
1619 3178 1714 3233 tibi
1742 3185 1826 3233 est

1937 1993 2198 2048 prospera
2229 1978 2318 2031 Dei
2351 1987 2483 2032 nutu
2507 1979 2781 2046 navigatio
2808 1977 2929 2033 luit.
2954 1977 3138 2035 Libuit
3165 1979 3351 2032 animo
3395 1977 3549 2032 adire

1936 2069 2319 2140 Carthaginem
2344 2113 2358 2136 ,
2386 2070 2502 2126 loca
2538 2070 2759 2126 visitare
2783 2081 3095 2126 sanctorutn
3113 2113 3129 2138 ,
3179 2081 3234 2126 et
3262 2072 3546 2142 praecipue

1937 2163 2001 2217 ad
2035 2165 2349 2232 sepulcrum
2377 2163 2632 2235 Cypriani
2663 2166 2921 2235 martyris
2946 2164 3198 2220 adorare.
3243 2165 3547 2233 Quintode-

1935 2255 2081 2310 cimo
2109 2255 2195 2310 die
2219 2256 2283 2308 ad
2322 2267 2533 2325 portum
2564 2257 2833 2327 regressi,
2870 2259 3223 2327 provectique
3256 2259 3308 2312 in
3349 2247 3544 2325 altum,

1935 2348 2325 2402 Alexandriam
2384 2360 2655 2418 petentes,
2709 2349 3016 2405 reluctante
3071 2363 3260 2406 auStro
3309 2365 3449 2421 pene
3489 2351 3542 2405 in

1935 2441 2132 2514 Syrten
2159 2442 2292 2496 illati
2326 2457 2545 2497 sumus:
2579 2441 2724 2510 quod
2762 2443 2970 2508 providi
3019 2453 3196 2497 natiue
3241 2452 3530 2510 caventes,
3571 2448 3604 2484 δ

1935 2537 2097 2606 iactis
2149 2550 2341 2588 navem
2401 2534 2656 2588 anchoris
2702 2535 2922 2590 sistunt.
2985 2535 3099 2592 Sub
3147 2537 3317 2590 oculis
3347 2545 3530 2592 autem

1938 2637 2080 2683 terra
2110 2628 2400 2682 continens
2423 2639 2575 2695 erat,
2613 2629 2662 2681 in
2708 2643 2867 2698 quam
2901 2629 3119 2698 scaphis
3171 2631 3380 2700 egressi
3409 2644 3532 2685 cum

1937 2736 2103 2776 vacua
2127 2721 2195 2776 ab
2229 2721 2466 2775 humano
2491 2721 2638 2775 cultu
2663 2722 2843 2776 omnia
2869 2737 3246 2787 cerneremus,
3275 2738 3376 2793 ego
3423 2733 3544 2778 stu-

1934 2809 2142 2866 diosius
2165 2812 2630 2878 explorandorum
2660 2814 2904 2868 locorum
2951 2815 3121 2883 gratia
3151 2814 3370 2883 longius
3414 2829 3541 2884 pro-

1938 2904 2102 2960 cessi.
2136 2903 2336 2958 Tribus
2392 2903 2505 2958 fere
2535 2903 2774 2959 millibus
2825 2921 2857 2960 a
2907 2904 3090 2960 littore
3134 2921 3362 2975 parvum
3395 2917 3549 2976 tugu-

1937 2999 2076 3053 rium
2109 2998 2254 3052 inter
2285 3015 2479 3052 arenas
2509 2998 2790 3068 conSpicio
2819 3044 2832 3066 ,
2893 3002 3051 3069 cujus
3107 3011 3308 3055 tectum
3336 3043 3350 3067 ,
3403 3002 3546 3057 sicut

1936 3091 2229 3148 Sallustius
2253 3093 2360 3157 ait,
2397 3092 2550 3160 quasi
2597 3093 2780 3147 carina
2831 3093 2985 3147 navis
3016 3099 3176 3156 crat,
3224 3094 3542 3162 contiguum

1937 3194 2095 3239 terra:
2116 3228 2130 3250 ,
2164 3185 2297 3238 satis
2322 3183 2493 3238 firmis
2518 3184 2713 3238 tabulis
2745 3195 3101 3248 ennstratum,
3147 3199 3254 3238 non
3301 3185 3442 3254 quod
3469 3185 3541 3241 ibi

209 3270 569 3328 charissimus
593 3315 607 3338 ,
640 3289 750 3325 non
775 3283 954 3343 potest
987 3273 1113 3327 mihi
1148 3288 1254 3328 non
1284 3288 1404 3327 esse
1428 3273 1626 3326 charus
1653 3314 1667 3338 ,
1714 3288 1830 3326 ma-
1857 3280 1903 3342 Ο
1939 3279 2017 3333 vis
2046 3278 2300 3333 imbrium
2322 3279 2424 3332 ulla
2456 3280 2717 3334 timeatur
2740 3278 2943 3350 (fuisse
2968 3291 3150 3332 autem
3179 3279 3284 3332 illic
3305 3278 3540 3347 pluviam

210 3367 359 3422 xime
379 3384 503 3422 cunt
528 3384 597 3422 ex
630 3367 851 3422 Martini
879 3367 948 3421 sit
975 3367 1280 3436 disciplina.
1329 3367 1515 3432 Neque
1558 3367 1831 3437 gravabor

210 3460 504 3530 quamlibet
533 3470 797 3515 conserte
828 3459 1113 3513 vobiscum
1135 3501 1147 3524 ,
1180 3467 1236 3512 ut
1270 3459 1513 3525 j-oscitis,
1549 3459 1779 3513 fabulari
1816 3475 1828 3512 :

209 3555 408 3622 quippe
429 3568 561 3609 cum
590 3553 702 3607 huc
723 3564 946 3623 prepter
977 3552 1082 3606 hoc
1105 3552 1372 3619 venerim,
1435 3560 1490 3606 ut
1545 3568 1631 3606 me
1672 3552 1833 3622 hujus

209 3646 434 3719 Sulpicii
460 3651 572 3704 mei
599 3650 717 3718 (me
748 3657 928 3701 autem
954 3657 1182 3718 utraque
1229 3663 1389 3702 manu
1433 3647 1834 3715 complecteba-

211 3744 330 3814 tur)
362 3743 648 3799 desiderio
674 3743 840 3796 etiam
870 3741 1132 3796 verbesus
1168 3740 1571 3808 impendercm.

282 3841 346 3896 ll.
390 3842 696 3898 Enimvero
718 3885 731 3907 ,
780 3843 998 3912 inquam
1021 3882 1035 3905 ,
1066 3841 1198 3896 satis
1239 3842 1483 3911 probasti
1512 3883 1526 3906 ,
1563 3849 1828 3911 quantum

211 3935 333 4006 pius
363 3951 516 3991 amor
546 3937 768 4006 possit,
821 3935 912 4004 qui
963 3939 1134 3990 nostri
1184 3951 1346 3989 causa
1383 3945 1462 3990 tot
1509 3937 1675 3990 maria
1713 3946 1831 3990 tan-

213 4037 437 4102 tumque
461 4041 738 4086 terrarum
770 4045 1026 4084 emensus
1046 4073 1060 4098 ,
1095 4046 1123 4083 a
1155 4046 1370 4086 summo
1392 4073 1406 4096 ,
1433 4041 1490 4085 ut
1515 4032 1586 4084 ita
1611 4030 1784 4085 dicam
1813 4071 1828 4095 ,

158 4160 163 4164 -
211 4123 348 4179 solis
370 4139 598 4194 egressu
631 4122 875 4188 usquein
900 4122 1018 4192 ejus
1041 4125 1265 4179 occidua
1293 4125 1512 4179 venisti.
1541 4125 1654 4194 Age
1675 4139 1829 4193 ergo,

212 4215 338 4286 quia
365 4226 420 4271 et
460 4217 663 4272 secreti
695 4215 840 4270 inter
865 4231 963 4270 nos
993 4233 1090 4272 nec
1115 4219 1365 4287 occupati
1391 4233 1609 4284 sumus,
1631 4227 1688 4273 et
1713 4234 1830 4272 ser-

211 4311 362 4365 moni
397 4321 489 4366 tuo
521 4326 724 4366 vacare
775 4311 1074 4376 debemus,
1125 4313 1404 4368 edisseras
1461 4313 1618 4367 nobis
1665 4313 1826 4367 velim

213 4415 432 4458 omnem
491 4403 952 4474 peregrinationis
993 4413 1097 4458 tute
1131 4407 1446 4471 historiam;
1495 4406 1730 4476 qualiter
1776 4406 1831 4460 in

211 4491 435 4550 Oriente
464 4494 602 4550 fides
633 4492 840 4549 Christi
884 4494 1112 4563 ﬂoreat;
1139 4514 1258 4567 qua:
1289 4499 1358 4552 sit
1388 4499 1457 4554 ibi
1512 4510 1828 4554 sanctorum

213 4586 542 4657 quies,qua:
569 4585 816 4641 inStituta
844 4587 1236 4643 monachorum
1263 4605 1277 4656 ;
1306 4591 1632 4663 quantisque
1660 4592 1830 4662 signis

1937 3371 2226 3442 nequando
2248 3370 2466 3442 quidem
2497 3372 2742 3426 auditum
2775 3374 2892 3442 est)
2917 3413 2931 3437 ,
2963 3371 3058 3426 sed
3083 3371 3225 3441 quod
3256 3383 3542 3427 ventorum

1938 3480 2000 3521 ea
2033 3464 2112 3518 vis
2141 3476 2257 3532 est,
2290 3473 2347 3520 ut
2376 3465 2419 3519 si
2450 3467 2669 3535 quando
2704 3465 2785 3519 vel
2835 3464 3186 3520 clementiori
3244 3463 3388 3519 coelo
3441 3463 3543 3517 ali-

1936 3558 2234 3628 quantulus
2258 3561 2469 3628 spirare
2495 3558 2654 3613 ﬂatus
2677 3561 2909 3628 cmperit
2927 3600 2941 3624 ,
2967 3558 3141 3627 majus
3174 3557 3227 3611 in
3257 3556 3360 3611 illis
3384 3557 3545 3612 terris

1935 3667 2098 3722 quam
2123 3652 2174 3705 in
2201 3650 2315 3706 ullo
2341 3653 2476 3706 mari
2504 3650 2843 3722 naufragium
2871 3651 2959 3705 sit.
2987 3650 3146 3705 Nulla
3179 3650 3249 3705 ibi
3273 3650 3539 3722 germina,

1937 3753 2052 3798 sata
2083 3745 2232 3797 nulla
2265 3745 2618 3812 proveniunt,
2674 3745 2874 3814 quippe
2903 3744 3140 3798 instabili
3189 3743 3309 3798 loco
3337 3784 3352 3808 ,
3385 3759 3545 3797 aren-

1937 3838 2084 3893 tibus
2111 3839 2294 3894 arenis
2321 3839 2386 3894 ad
2412 3856 2626 3894 onmem
2651 3852 2855 3894 motum
2886 3850 3172 3894 ventorum
3200 3839 3543 3894 cedentibus.

1940 3932 2138 3988 Verum
2165 3912 2479 3990 ubi/eversa
2508 3934 2754 4006 quatdam
2783 3951 2809 3987 a
2837 3936 2973 3990 mari
3007 3935 3386 4004 promontoria
3407 3951 3541 3990 ven-

1939 4027 2008 4080 tis
2040 4030 2336 4093 resistunt,
2385 4038 2526 4083 terra
2581 4029 2979 4100 aliquantulum
3034 4029 3261 4083 solidior
3316 4027 3544 4082 herbam

1938 4135 2114 4174 raram
2142 4133 2306 4191 atque
2334 4121 2601 4191 hispidam
2630 4123 2818 4194 gignit.
2847 4124 2920 4177 Ea
2951 4123 3143 4178 ovibus
3173 4131 3260 4176 est
3283 4121 3538 4191 pabulum

1936 4214 2070 4266 satis
2102 4214 2254 4268 utile.
2289 4215 2482 4269 Incolae
2511 4215 2650 4270 lacte
2674 4219 2889 4280 vivunt;
2923 4217 3011 4284 qui
3053 4215 3371 4270 Sulertiores
3389 4224 3542 4275 sunt,

1937 4307 2055 4369 vel,
2088 4313 2142 4358 ut
2172 4306 2242 4358 ita
2263 4305 2494 4360 dixerim
2515 4349 2528 4373 ,
2554 4307 2781 4362 ditiores
2807 4349 2820 4368 ,
2871 4307 3176 4361 hordeaceo
3213 4321 3350 4375 pane
3383 4315 3544 4361 utun-

1938 4405 2044 4450 tur.
2077 4395 2149 4450 Ea
2179 4396 2253 4451 ibi
2281 4398 2396 4450 sola
2451 4398 2640 4452 messis
2663 4407 2745 4452 est
2768 4440 2781 4462 ,
2815 4414 2934 4468 qum
2991 4399 3275 4452 celeritate
3306 4412 3542 4466 proven-

1939 4499 2022 4544 tus
2067 4506 2164 4561 per
2217 4501 2467 4545 naturam
2506 4491 2607 4545 soli
2639 4489 2752 4544 sive
2791 4491 2964 4557 aeris,
3028 4498 3316 4543 venturum
3371 4502 3533 4542 casus

1939 4587 2169 4640 evadere
2199 4586 2337 4640 solet
2363 4602 2378 4640 :
2401 4586 2602 4655 quippe
2634 4584 2804 4638 fertur
2828 4600 2855 4635 a
2885 4582 2974 4637 die
3003 4581 3133 4651 jacti
3186 4581 3412 4635 seminis
3443 4579 3540 4636 tri-

213 4691 279 4733 ac
307 4677 605 4734 virtutibus
631 4680 683 4732 in
734 4679 909 4733 servis
949 4681 1061 4734 suis
1085 4678 1337 4737 Christus
1375 4695 1636 4754 operetur
1661 4703 1673 4739 :
1705 4701 1828 4738 nam
1861 4685 1908 4743 ι)
1933 4677 2140 4733 cesimo
2166 4677 2254 4733 die
2280 4688 2669 4733 maturescere.
2699 4677 3012 4730 Consistere
3035 4684 3217 4728 autem
3247 4673 3321 4728 ibi
3355 4673 3538 4728 homi-

213 4781 400 4840 ccrte,
433 4773 560 4845 quia
606 4773 661 4827 iu
712 4772 797 4828 his
827 4774 1137 4843 regionibus
1163 4817 1178 4843 ,
1214 4779 1355 4833 inter
1387 4779 1490 4833 ista
1532 4795 1652 4849 qua:
1693 4779 1832 4834 vivi-

216 4879 347 4921 mus
369 4908 383 4932 ,
416 4867 532 4936 ipsa
560 4865 721 4921 nobis
752 4866 856 4919 vita
882 4864 1098 4923 fastidio
1129 4878 1244 4934 est;
1281 4869 1517 4926 libenter
1555 4885 1626 4926 ex
1656 4881 1707 4926 te
1735 4887 1832 4925 au-

218 4959 434 5017 diemus
459 5003 473 5027 ,
498 4963 545 5018 si
571 4960 660 5017 vel
690 4960 745 5016 in
770 4976 957 5017 eremo
986 4963 1170 5020 vivere
1191 4963 1524 5021 Christianis
1556 4966 1704 5021 licet.
1745 4967 1827 5022 Ad

219 5052 345 5110 hac
367 5055 753 5112 Postumiauus
774 5096 789 5120 ,
823 5055 1041 5111 Faciam
1066 5098 1080 5123 ,
1107 5057 1280 5128 inquit
1305 5100 1320 5124 ,
1346 5068 1405 5114 ut
1429 5059 1744 5114 desiderare
1776 5067 1830 5114 te
1866 5079 1870 5088 ι

219 5149 418 5217 video;
443 5151 542 5208 sed
562 5165 754 5222 quaeso
781 5151 934 5221 prius
961 5168 1024 5207 ex
1057 5161 1109 5208 te
1131 5152 1369 5222 audiam,
1402 5170 1470 5209 an
1522 5154 1610 5210 isti
1639 5169 1830 5210 omnes

217 5259 360 5316 quos
411 5246 500 5300 hic
540 5243 870 5316 reliqueram
899 5244 1246 5312 sacerdotes,
1288 5247 1422 5302 tales
1450 5247 1562 5301 sint
1589 5289 1603 5311 ,
1635 5248 1828 5317 quales

221 5351 322 5393 eos
343 5379 358 5403 ,
382 5349 675 5408 antequam
712 5337 1110 5406 proﬁciscerer,
1139 5352 1489 5394 noveramus.
1517 5339 1654 5395 Tum
1685 5354 1790 5411 ego
1817 5379 1831 5402 ,

223 5427 466 5497 Absiste,
491 5430 735 5499 inquam,
761 5429 860 5484 ista
893 5446 1161 5502 quaerere,
1191 5446 1314 5500 qua:
1339 5440 1434 5488 aut
1457 5448 1563 5487 una
1591 5446 1830 5498 mecum,

224 5530 290 5576 ut
313 5533 467 5590 puto,
495 5522 683 5586 nosti,
718 5531 809 5576 aut
845 5523 888 5576 si
929 5523 1175 5594 ignoras,
1222 5539 1328 5578 non
1368 5524 1559 5580 audire
1605 5525 1672 5580 sit
1711 5541 1832 5583 me-

222 5613 354 5670 lius.
386 5615 519 5669 lllud
549 5615 779 5669 reticere
800 5630 902 5670 non
934 5631 1152 5686 possunt
1178 5658 1192 5683 ,
1239 5632 1344 5672 non
1372 5617 1549 5674 solum
1580 5617 1704 5674 illos
1755 5601 1848 5675 del

224 5707 423 5779 quibus
455 5709 787 5779 interrogas,
819 5709 947 5764 nihil
985 5711 1239 5766 meliores
1267 5727 1427 5781 quam
1462 5729 1696 5768 noveras
1747 5714 1829 5767 fa-

225 5810 378 5867 ctus;
404 5803 496 5857 sed
530 5819 696 5856 unutn
723 5803 870 5857 illum
901 5806 1065 5860 nostri
1116 5805 1386 5876 quondam
1427 5817 1702 5863 amantem
1727 5852 1742 5877 ,
1772 5810 1827 5862 in

227 5905 344 5966 quo
369 5897 640 5967 reSpirarc
665 5896 732 5951 ab
763 5898 983 5953 istorum
1014 5897 1461 5956 insectationibus
1484 5901 1827 5967 solebamus,

1937 4787 2035 4828 nes
2058 4787 2163 4826 non
2193 4772 2299 4826 alia
2329 4772 2468 4827 ratio
2507 4771 2668 4835 facit,
2708 4786 2869 4840 quant
2895 4767 3040 4840 quod
3089 4781 3281 4822 omnes
3333 4767 3538 4822 tributo

1933 4866 2090 4922 liberi
2118 4875 2277 4921 sunt:
2327 4878 2570 4922 extrema
2600 4865 2873 4935 siquidem
2924 4865 3265 4935 Cyrenorum
3289 4876 3382 4917 ora
3414 4873 3531 4929 est,

1934 4961 2155 5019 deserto
2181 4961 2257 5016 illi
2280 4963 2533 5033 contigua
2555 5002 2570 5028 ,
2603 4961 2746 5032 quod
2777 4961 2918 5014 inter
2945 4957 3242 5030 Egyptum
3291 4966 3348 5012 et
3389 4957 3534 5012 Alri-

1931 5071 2050 5113 cam
2077 5057 2388 5127 interjacet,
2420 5054 2676 5127 perquod
2706 5055 2833 5110 olim
2865 5051 3001 5110 Cato
3027 5054 3300 5110 Caesarem
3323 5052 3536 5123 l’ugiens

1930 5149 2087 5205 duxit
2113 5150 2440 5206 exercitum.

2000 5243 2091 5298 IV.
2122 5243 2263 5313 Ergo
2285 5253 2340 5298 ut
2366 5243 2431 5297 ad
2459 5247 2729 5314 tugurium
2787 5242 2920 5298 illud
2953 5240 3098 5314 quod
3139 5239 3355 5295 eminus
3385 5253 3522 5294 eon-

1933 5353 2218 5412 spexeram
2237 5380 2251 5403 ,
2278 5337 2532 5410 pertendi
2551 5380 2566 5404 ,
2593 5338 2811 5393 invenio
2841 5351 3026 5391 senem
3052 5337 3104 5390 in
3130 5341 3282 5389 veste
3312 5331 3537 5400 pellicea

1937 5434 2143 5488 molam
2175 5440 2336 5486 manu
2365 5441 2698 5497 vertentem;
2752 5432 3132 5485 consalutatus
3183 5424 3394 5493 accepit
3439 5436 3539 5474 nos

1935 5526 2190 5599 benigne.
2220 5525 2436 5596 EjeCtos
2463 5541 2564 5581 nos
2588 5527 2640 5581 in
2665 5524 2797 5580 illud
2823 5524 2976 5578 littus
3001 5521 3365 5590 exponimus;
3390 5525 3538 5569 etne

1934 5623 2117 5680 statim
2146 5629 2395 5688 repetere
2423 5633 2642 5674 cursum
2663 5617 2933 5687 possimus
2956 5656 2969 5679 ,
3005 5612 3168 5668 maris
3190 5608 3420 5662 mollitie
3443 5605 3538 5658 de-

1935 5715 2093 5771 tineri
2125 5732 2138 5768 :
2167 5726 2420 5780 egressus
2445 5713 2494 5765 in
2521 5721 2720 5766 terram
2754 5708 2850 5781 (ut
2881 5716 2962 5762 est
2985 5719 3102 5758 mos
3131 5699 3352 5755 humani
3389 5697 3538 5766 inge-

1933 5807 2044 5878 nii)
2105 5815 2351 5861 naturam
2406 5788 2648 5859 locorum
2682 5801 2994 5869 cultumque
3041 5793 3404 5850 habitantium
3431 5805 3530 5846 vo-

1932 5902 2102 5960 luisse
2131 5914 2464 5972 cognoscere
2487 5916 2500 5957 :
2527 5896 2862 5956 Christianos
2879 5906 2979 5950 nos
2991 5903 3145 5948 esse:
3172 5885 3225 5943 id
3254 5885 3529 5960 praecipuo
