4106 6344
563 302 662 360 I87

1943 297 2237 372 SULPIGK
2272 301 2527 364 SEVERI

3761 308 3862 370 I88

559 428 802 480 querere
828 455 843 479 ,
904 428 971 468 an
1020 424 1203 472 essent
1249 413 1414 485 aliqui
1457 415 1597 470 inter
1655 413 1771 470 illas
1825 412 2150 472 solitudines
2179 415 2443 478 Aberet:
2472 420 2565 489 qui
2600 428 2862 488 tractator
2902 435 3180 482 sacrarum
3211 423 3606 495 scripturarum
3640 424 3857 496 peritis-

557 508 875 562 (jltristiani.
908 507 1044 564 Tum
1075 523 1205 563 vero
1236 508 1326 563 ille
1376 507 1511 564 flens
1567 509 1760 578 gaudio
1792 551 1807 574 ,
1856 507 1922 562 ad
1978 523 2152 579 genua

564 610 754 654 nostra
781 601 1118 669 provolvitur
1145 619 1156 654 :
1189 601 1386 658 iterum
1417 617 1516 658 nos
1547 618 1608 656 ac
1639 603 1836 672 sa-pius
1859 602 2152 657 exoscula-

559 703 645 750 tus
678 696 872 750 invitat
902 696 966 750 atl
992 697 1292 752 oralionem
1317 716 1330 753 :
1355 695 1837 764 deindeimpositis
1867 697 1917 751 in
1953 705 2152 752 terrain

557 804 849 844 vervecum
910 790 1147 862 pellibus
1192 787 1322 843 facit
1368 805 1466 844 nos
1523 790 1888 846 discumbere.
1919 789 2156 861 Apponit

555 882 843 954 prandium
875 897 1010 940 sane
1042 883 1558 952 locupletissimum,
1614 882 1895 938 dimidium
1959 899 2152 954 panem

557 975 946 1032 hordeaceam.
979 978 1208 1032 Eramus
1250 986 1431 1032 autem
1476 991 1574 1034 nos
1606 988 1864 1048 quatuor,
1898 977 2011 1048 ipse
2040 987 2156 1033 erat

556 1072 798 1142 quintus.
830 1071 1170 1127 Fasciculqu
1196 1071 1360 1126 etiam
1391 1070 1574 1125 herba:
1614 1072 1794 1126 itttulit
1819 1112 1834 1137 ,
1869 1071 2025 1148 cujus
2055 1087 2153 1126 no-

565 1182 687 1218 men
723 1165 957 1228 excidit;
991 1178 1112 1234 quas
1135 1165 1371 1218 menthzc.
1400 1165 1593 1219 similis
1624 1167 1935 1222 exuberans
1960 1163 2106 1220 foliis
2135 1205 2151 1234 ,

555 1270 808 1324 saporem
837 1254 1011 1309 mellis
1039 1255 1357 1324 pra'stahat:
1396 1257 1555 1325 hujus
1583 1258 1838 1327 pra‘dttlci
1863 1257 2151 1312 admodum

558 1354 828 1408 suavitate
856 1351 1111 1407 delectati
1169 1358 1332 1420 atque
1371 1349 1623 1405 exsatiati
1677 1367 1886 1406 sumus.
1927 1350 2006 1406 Ad
2041 1351 2154 1404 haac

557 1446 841 1500 subridens
865 1461 965 1514 ego
991 1445 1056 1499 ad
1086 1443 1299 1500 Gallum
1328 1459 1528 1511 meum,
1561 1442 1721 1510 Quid,
1756 1445 1998 1514 inquam,
2033 1443 2156 1500 Gal-

557 1537 639 1593 le?
673 1538 917 1608 plaeetne
949 1537 1042 1591 tibi
1089 1536 1373 1606 prandium
1396 1577 1408 1600 ,
1442 1535 1734 1591 fasciculus
1777 1536 2066 1594 herbarum
2101 1548 2151 1594 et

558 1635 712 1701 panis
762 1631 1018 1688 dimidius
1060 1633 1190 1686 viris
1244 1631 1524 1702 quinque?
1574 1629 1708 1685 Tum
1750 1632 1869 1698 ille,
1907 1634 2043 1686 sicut
2069 1643 2153 1688 est

554 1727 1052 1782 verecundissin‘ms
1076 1769 1088 1791 ,
1119 1725 1510 1796 aliquautulmn
1543 1725 1892 1789 erubescens.
1919 1725 2043 1780 dum
2075 1726 2153 1780 fa-

2258 514 2432 572 simus
2463 513 2784 570 habebatur.
2839 515 2945 572 Sed
3000 517 3242 588 episc0pi
3299 519 3547 588 qua‘dam
3601 518 3655 574 in
3707 518 3856 580 libris

2259 607 2686 677 ipsiusiusauius
2718 610 2919 681 Scripta
2969 611 3378 679 memorabant,
3406 629 3526 682 qua!
3553 622 3858 672 assertores

2255 703 2371 774 ejus
2398 703 2690 759 defendere
2715 720 2821 759 non
2845 707 2965 761 ausi
2989 747 3004 770 ,
3033 706 3100 758 ah
3121 706 3392 762 hzereticis
3417 709 3603 778 potius
3632 707 3852 765 fraudu-

2258 795 2428 851 lenter
2462 797 2663 853 inserta
2691 795 2983 852 dicebant:
3011 807 3066 854 et
3097 799 3221 854 ideo
3245 817 3348 856 non
3368 812 3588 871 propter
3619 800 3709 855 illa
3739 817 3858 870 quas

2257 887 2309 943 in
2342 889 2822 959 reprehensionem
2854 891 3048 945 metito
3075 902 3420 957 vocarentur,
3457 893 3620 949 etiam
3655 894 3858 962 reliqua

2256 993 2380 1034 esse
2406 981 2746 1045 damnanda;
2787 997 2908 1038 cum
2966 982 3258 1052 legentium
3305 983 3437 1038 fides
3484 984 3640 1039 facile
3694 985 3861 1053 possit

2258 1070 2456 1126 habere
2483 1072 2806 1136 discrimen,
2859 1089 2924 1130 ne
2972 1074 3161 1130 falsata
3190 1085 3536 1144 sequeretur,
3587 1085 3642 1131 et
3676 1088 3854 1135 tamen

2255 1164 2522 1220 catholice
2553 1166 2829 1236 disputata
2884 1169 3186 1224 retineret:
3241 1185 3346 1225 non
3389 1184 3512 1225 esse
3553 1179 3737 1226 autem
3762 1171 3856 1225 mi-

2258 1274 2374 1312 rum
2401 1300 2412 1320 ,
2440 1259 2481 1311 si
2513 1259 2564 1313 in
2618 1259 2770 1314 libris
2818 1261 3111 1316 neotericis
3138 1269 3195 1316 et
3233 1276 3425 1318 recens
3455 1261 3676 1332 scriptis
3710 1264 3854 1321 fraus

2258 1352 2507 1407 haeretica
2554 1353 2744 1408 fuisset
2796 1363 3054 1422 cperata,
3097 1369 3217 1424 qua:
3261 1355 3314 1409 in
3355 1354 3678 1424 quibusdam
3727 1355 3856 1414 locis

2259 1459 2362 1497 non
2390 1445 2661 1501 timniSset
2701 1444 2941 1503 incidere
2992 1448 3368 1517 Evangelicam
3403 1448 3713 1502 veritatem.
3746 1448 3853 1504 Ad-

2257 1555 2469 1594 versum
2521 1539 2636 1594 btec
2683 1542 2925 1611 episcopi
2982 1541 3302 1597 obStinatius
3358 1543 3694 1611 renitentes,
3760 1560 3853 1615 pro

2258 1641 2522 1701 potestate
2547 1631 2813 1702 erigebant
2836 1645 2982 1689 recta
3005 1635 3167 1690 etiam
3197 1636 3445 1690 universa
3463 1651 3586 1691 cum
3608 1637 3784 1705 pravis
3803 1648 3854 1694 et

2257 1737 2376 1778 eum
2407 1724 2523 1792 ipso
2549 1737 2770 1780 auctore
2798 1725 3060 1781 damnare
3087 1744 3100 1782 :
3126 1729 3249 1799 quia
3273 1727 3405 1783 satis
3437 1743 3714 1800 superque
3741 1728 3848 1785 suf-

555 1823 866 1892 ligztlimlem
898 1837 1071 1876 meatu
1116 1820 1360 1890 accepit,
1396 1819 1584 1888 Facis,
1641 1822 1849 1891 inquit,
1903 1822 2143 1892 Sulpici,
2179 1807 2228 1870 Β
2257 1816 2480 1873 ficerent
2527 1817 2648 1874 libri
2675 1834 2808 1889 quos
2836 1819 3079 1876 Ecclesia
3108 1821 3440 1890 recepisset:
3491 1821 3848 1890 reSpuendam

559 1924 650 1966 tuo
676 1929 856 1979 more,
900 1915 988 1984 qui
1015 1913 1214 1968 nullam
1250 1911 1623 1978 occasionem,
1683 1913 1726 1966 si
1769 1929 1870 1983 qua
1904 1914 1998 1967 tibi
2026 1930 2150 1984 por-

559 2019 703 2063 recta
733 2007 893 2062 fuerit
915 2049 927 2069 ,
960 2007 1196 2073 omittis,
1229 2009 1354 2079 quin
1387 2006 1778 2062 nosedacitatis
1807 2007 2018 2078 fatiges.
2042 2009 2149 2064 Sed

557 2101 690 2156 facis
715 2102 1006 2156 inhumane
1030 2145 1042 2167 ,
1067 2103 1158 2173 qui
1189 2118 1286 2156 nos
1307 2101 1494 2156 Gallos
1526 2102 1936 2173 lioniioeseogis
1968 2120 2150 2158 exem-

557 2197 645 2266 plo
672 2196 985 2266 angelorum
1021 2194 1201 2250 vivere
1232 2195 1600 2267 (quamquam
1635 2211 1736 2267 ego
1780 2197 1962 2250 studio
1994 2212 2147 2252 mau-

556 2290 789 2346 ducaudi
821 2291 984 2346 etiam
1031 2291 1257 2361 angelos
1315 2291 1646 2346 manducare
1678 2290 1898 2346 credam
1931 2291 1949 2362 )
1980 2311 1992 2345 :
2025 2309 2148 2348 nam

556 2385 717 2436 istum
745 2382 1028 2438 dimidium
1056 2385 1412 2439 hortleacenm
1440 2387 1603 2438 timeo
1628 2385 1707 2438 vel
1743 2386 1890 2441 solus
1916 2385 2153 2457 attinge-

557 2492 634 2531 re.
662 2476 765 2532 Setl
796 2485 1084 2531 contentus
1133 2477 1206 2532 sit
1251 2477 1353 2532 hoc
1404 2478 1736 2544 Cyrenensis
1789 2479 1916 2547 ille,
1947 2481 2032 2534 cui
2065 2479 2148 2534 vel

558 2570 856 2623 necessitas
889 2570 973 2624 vel
1008 2581 1194 2625 natura
1220 2582 1297 2626 est
1328 2573 1568 2634 esurire;
1598 2572 1681 2628 vel
1716 2584 1990 2641 postremo
2017 2573 2102 2627 isti
2134 2615 2150 2640 ,

556 2663 786 2732 quibus,
812 2662 1006 2732 credo,
1037 2666 1242 2720 marina
1269 2665 1492 2732 jactatio
1521 2667 1756 2721 inediam
1789 2667 1894 2722 cibi
1928 2668 2150 2722 fecerat.

557 2755 669 2812 Nos
693 2756 879 2826 procul
907 2772 936 2812 a
960 2759 1090 2812 mari
1115 2759 1390 2825 absumus,
1419 2768 1472 2814 et
1505 2762 1644 2828 quod
1673 2759 1768 2816 tibi
1799 2775 1944 2830 saepe
1992 2769 2156 2818 testa-

561 2857 647 2904 tus
680 2866 823 2915 sum,
857 2849 997 2908 Galli
1025 2866 1232 2906 sumus.
1290 2850 1395 2907 Sed
1425 2862 1613 2923 pergat
1644 2851 1732 2908 hic
1765 2852 1946 2922 potius
1975 2852 2153 2925 expli-

563 2957 694 2997 care
719 2945 800 2998 sui
831 2945 1162 3017 Cyrenensis
1195 2947 1496 3000 historiam.

639 3035 700 3090 V.
755 3037 1077 3104 Enimvero,
1133 3038 1510 3096 Postumiauus
1539 3039 1612 3094 ait
1641 3081 1655 3104 ,
1687 3040 1894 3096 cavebo
1925 3039 2155 3112 posthac

563 3129 884 3201 cujusquam
929 3132 1310 3186 abstinentiam
1341 3131 1673 3202 praedicare;
1725 3149 1794 3190 ne
1833 3133 2017 3190 Gallos
2051 3149 2153 3188 no-

2255 1926 2376 1966 esse
2403 1911 2622 1982 penitus
2650 1911 2958 1979 lectionem,
2985 1929 3103 1984 qua:
3129 1913 3248 1984 plus
3273 1923 3421 1971 esset
3445 1916 3693 1970 nocitura
3723 1917 3850 1971 insi-

2257 2006 2544 2074 pientibus,
2566 2023 2722 2078 quam
2749 2009 3028 2076 profutura
3053 2009 3406 2080 sapientibus.
3431 2009 3560 2066 Mihi
3577 2017 3757 2064 autem
3783 2025 3846 2066 ex

2258 2096 2404 2151 illius
2431 2097 2579 2152 libris
2609 2099 2856 2168 qua-dam
2881 2098 3151 2155 curiosius
3200 2100 3508 2172 indaganti,
3560 2101 3847 2158 admodum

2258 2191 2422 2245 multa
2453 2193 2765 2261 placuerunt
2796 2211 2808 2246 :
2839 2193 2934 2248 sed
2965 2192 3225 2248 nonnulla
3256 2193 3614 2265 deprehendi,
3644 2196 3696 2248 iu
3730 2197 3846 2266 qui-

2257 2283 2355 2337 bus
2380 2284 2528 2338 illnnt
2553 2299 2714 2356 prava
2740 2287 2977 2341 sensisse
3001 2302 3106 2340 non
3135 2285 3355 2341 dubium
3375 2296 3456 2341 est
3483 2329 3496 2352 ,
3520 2304 3642 2357 qua:
3667 2287 3848 2344 defen-

2256 2391 2410 2432 sores
2432 2377 2548 2448 ejus
2571 2376 2756 2432 falsata
2783 2378 3140 2433 contendunt.
3172 2378 3284 2450 Ego
3314 2379 3482 2435 miror
3506 2396 3673 2434 unum
3705 2396 3852 2435 enm-

2257 2471 2490 2542 demqne
2512 2471 2787 2526 hominem
2821 2483 2925 2525 tam
2949 2471 3225 2527 diversum
3268 2489 3295 2526 a
3324 2489 3382 2528 se
3417 2489 3540 2529 esse
3563 2474 3808 2544 potuisse
3831 2511 3851 2544 ,

2260 2566 2386 2620 utin
2419 2580 2479 2620 ea
2509 2574 2775 2635 partequi
2803 2565 3082 2633 probatur,
3113 2567 3386 2624 neminem
3413 2577 3533 2638 post
3560 2567 3852 2636 Apostolus

2262 2659 2452 2713 haheat
2474 2658 2734 2729 mqualem
2760 2674 2773 2722 ;
2808 2658 2860 2712 iu
2885 2675 2946 2714 ea
2961 2676 3090 2715 vero
3112 2677 3232 2729 qua:
3254 2663 3377 2731 jure
3408 2661 3852 2732 reprehenditur,

2261 2768 2418 2808 nemo
2438 2752 2736 2808 deformius
2759 2753 3019 2808 doceatur
3041 2768 3276 2810 errasse.

2335 2845 2442 2900 VII.
2479 2846 2609 2902 Nam
2632 2862 2753 2900 eum
2781 2846 2850 2900 ab
2875 2847 3148 2917 episcopis
3175 2858 3428 2918 excerpta
3461 2850 3514 2904 in
3538 2849 3690 2906 libris
3715 2850 3854 2908 illius

2262 2943 2425 2994 multa
2455 2940 2781 3010 legerentur,
2802 2956 2921 3011 quae
2942 2952 3129 2998 contra
3163 2943 3488 3002 catholicam
3514 2945 3678 3002 fidem
3727 2945 3855 3002 scri-

2263 3044 2349 3104 pta
2368 3041 2673 3100 constaret,
2698 3033 2848 3089 locus
2867 3033 2957 3089 ille
2972 3036 3304 3092 velmaxinie
3329 3039 3551 3108 parabat
3575 3039 3855 3109 invidiam,

2263 3127 2315 3181 in
2338 3142 2446 3197 quo
2468 3125 2674 3182 editum
2706 3127 3003 3198 legebatur,
3035 3129 3152 3201 quia
3189 3129 3454 3186 Dominus
3489 3131 3652 3188 Jesus
3678 3175 3692 3199 ,
3725 3136 3859 3190 sicut

560 3235 703 3278 stros
735 3226 959 3280 arduum
1006 3225 1221 3297 penitus
1269 3226 1508 3281 offendat
1560 3229 1890 3298 exemplum.
1940 3228 2154 3286 Statue-

2264 3237 2360 3294 pro
2387 3221 3003 3292 redemptionehominis
3021 3227 3071 3278 in
3095 3240 3261 3280 carne
3279 3228 3546 3295 venisset,
3565 3237 3620 3283 et
3642 3243 3856 3288 crucem

563 3334 676 3372 ram
697 3329 875 3373 autem
905 3321 1065 3374 etiam
1098 3335 1306 3374 cmuam
1345 3317 1674 3392 Cyrenensis
1708 3321 1848 3376 illius
1876 3364 1890 3387 ,
1921 3322 2002 3376 vel
2027 3337 2156 3376 con-

562 3413 846 3482 sequentia
878 3414 895 3482 (
921 3425 1130 3486 septem
1153 3416 1297 3467 enim
1328 3415 1519 3470 dicbtts
1550 3414 1692 3486 apud
1727 3416 1901 3485 ipsum
1933 3414 2157 3486 fuimus)

567 3506 774 3560 referre
803 3509 1046 3561 convivia
1071 3524 1084 3561 :
1111 3507 1203 3562 sed
1244 3509 1711 3579 supersedendum
1743 3520 1846 3573 est,
1878 3523 1945 3564 ne
1972 3507 2159 3564 Gallus

566 3614 624 3650 se
653 3600 885 3654 aestimet
915 3601 1146 3672 fatigari.
1173 3602 1442 3659 Cmterum
1470 3613 1689 3674 postero
1703 3603 1821 3667 die,
1845 3617 1967 3656 cum
1993 3603 2158 3673 aliqui

566 3707 628 3743 ex
677 3692 865 3745 incolis
909 3695 975 3747 ad
1006 3710 1101 3748 nos
1132 3697 1383 3748 visendos
1413 3697 1687 3750 confluere
1707 3698 2002 3764 cmpissent
2024 3737 2039 3762 ,
2069 3712 2159 3750 co—

567 3786 879 3854 gnoscimus
897 3787 1046 3841 illum
1064 3787 1334 3859 hospitem
1355 3797 1600 3844 nostrum
1615 3803 1735 3842 esse
1752 3787 2159 3859 presbyterum;

567 3878 708 3947 quod
738 3894 945 3935 summa
975 3897 1073 3937 nos
1123 3883 1560 3938 dissimulatione
1599 3883 1895 3937 celaverat.
1954 3880 2164 3938 Deinde

567 3988 689 4028 cum
717 3976 832 4044 ipso
851 3976 915 4030 ad
938 3978 1229 4034 ecclesiam
1260 3978 1626 4048 processimus
1648 4019 1659 4032 .
1683 3990 1804 4044 qua:
1824 3975 1940 4030 fere
1953 3976 2164 4034 duobus

571 4065 806 4122 millibus
829 4068 1045 4136 aberat,
1067 4085 1097 4126 a
1124 4079 1416 4141 conspectu
1437 4079 1624 4122 nostro
1650 4068 1940 4137 interjectu
1967 4071 2164 4125 montis

569 4163 805 4218 exclusa.
829 4163 955 4220 Erat
978 4165 1368 4220 autemvilihus
1393 4172 1533 4216 texta
1554 4163 1823 4232 virgultis,
1853 4179 1960 4219 non
1993 4165 2164 4220 multo

573 4259 877 4317 ambitiosis
928 4277 1087 4331 quam
1134 4259 1302 4316 nostri
1355 4257 1586 4329 hospitis
1627 4258 2073 4324 tabernaculum,
2109 4261 2162 4315 in

568 4369 673 4424 quo
705 4355 807 4410 nisi
841 4354 1096 4409 incurvus
1124 4353 1242 4422 quis
1273 4365 1380 4406 non
1412 4361 1622 4422 poterat
1670 4354 1996 4410 consistere.
2028 4352 2164 4410 Cum

573 4450 850 4505 hominum
880 4465 1062 4505 mores
1092 4463 1464 4520 quaereremus
1485 4490 1499 4514 ,
1533 4448 1667 4506 illud
1701 4450 2019 4519 praeclarum
2049 4449 2167 4506 ani-

572 4544 991 4603 madvertimus.
1018 4543 1148 4596 nihil
1172 4556 1265 4596 eos
1295 4556 1472 4612 neque
1494 4557 1680 4600 emere
1701 4558 1874 4612 neque
1904 4543 2163 4600 vendere.

2259 3331 2356 3384 pro
2379 3315 2609 3370 hominis
2634 3318 2810 3372 salute
2840 3333 3133 3389 perpessus
3160 3361 3174 3385 ,
3230 3330 3464 3375 mortem
3489 3337 3589 3391 pro
3623 3321 3858 3382 hominis

2259 3408 2563 3462 aeternitate
2602 3420 2906 3482 gustasset;
2956 3412 3024 3464 ita
3081 3421 3229 3465 esset
3275 3411 3467 3467 eodem
3502 3413 3700 3469 ordine
3743 3430 3861 3486 pas-

2260 3502 2428 3555 sionis
2457 3501 2619 3555 etiam
2644 3501 2918 3558 diabolum
2945 3503 3328 3574 redempturus
3353 3521 3366 3558 :
3419 3505 3544 3574 quia
3579 3506 3683 3562 hoc
3713 3508 3862 3564 boni-

2264 3596 2357 3648 tati
2387 3593 2529 3651 illius
2557 3595 2850 3666 pietatique
2873 3609 3238 3667 congrueret,
3265 3609 3318 3652 ut
3343 3599 3435 3670 qui
3468 3600 3746 3670 perditum
3772 3602 3865 3657 bo-

2266 3687 2464 3740 minem
2519 3688 2911 3757 reformasset,
2967 3691 3278 3762 prolapsum
3346 3706 3563 3763 quoque
3612 3694 3863 3764 angelum

2266 3779 2540 3836 liberaret.
2574 3782 2710 3836 Cum
2744 3782 2858 3837 haec
2875 3793 3038 3854 atque
3067 3785 3168 3839 alia
3212 3787 3518 3841 istiusmodi
3562 3787 3632 3843 ab
3655 3791 3866 3858 episco-

2267 3876 2349 3942 pis
2384 3874 2761 3943 proderentur,
2787 3892 2850 3931 ex
2883 3877 3078 3932 studiis
3103 3880 3332 3949 partium
3365 3889 3483 3936 orta
3513 3891 3600 3938 est
3623 3883 3820 3944 seditio
3846 3900 3860 3936 :

2264 3981 2518 4036 quazcnm
2536 3969 2755 4038 reprimi
2779 3969 3124 4025 sacerdotum
3155 3973 3484 4028 auctoritate
3505 3989 3615 4028 non
3649 3985 3865 4044 posset,

2266 4079 2444 4120 scaevo
2471 4067 2723 4136 etemplo
2752 4066 2818 4121 ad
2870 4067 3167 4138 regendam
3212 4069 3475 4124 Ecclesiae
3516 4071 3865 4144 disciplinam

2269 4158 2559 4228 praefectos
2581 4162 2898 4226 assumitur,
2924 4161 3079 4230 cujus
3106 4170 3317 4217 terrore
3357 4164 3592 4234 dispersi
3627 4165 3823 4224 fratres
3847 4207 3864 4235 ,

2265 4268 2330 4310 ac
2349 4269 2443 4323 per
2469 4253 2711 4308 diversas
2742 4270 2865 4310 oras
2895 4255 3149 4309 monachi
3176 4267 3300 4310 sunt
3326 4255 3526 4326 fugati,
3565 4259 3637 4314 ita
3667 4270 3724 4316 ut
3748 4273 3865 4330 pro-

2266 4347 2460 4416 positis
2490 4346 2684 4402 edietis
2715 4345 2768 4401 in
2816 4347 2964 4402 nulla
3015 4347 3322 4404 consistere
3369 4348 3500 4404 sede
3528 4349 3862 4408 sinerentur.

2269 4439 2404 4496 Illud
2435 4453 2522 4495 me
2553 4439 2845 4494 admodum
2879 4440 3234 4514 permovehat
3259 4482 3274 4506 ,
3297 4440 3441 4511 quod
3473 4441 3865 4512 Hieronymus,

2269 4533 2350 4588 vir
2381 4535 2613 4588 maxime
2638 4532 2943 4589 catholicus
2967 4544 3022 4590 et
3066 4549 3238 4590 sacrae
3283 4534 3420 4606 legis
3469 4537 3864 4606 peritissimus,

570 4638 708 4702 Quid
737 4639 804 4691 sit
837 4635 984 4692 fraus
1032 4645 1124 4688 aut
1157 4634 1391 4700 furtum,
1451 4637 1730 4698 nesciunt;
1782 4651 1973 4692 aurum
2003 4645 2157 4705 atque

2273 4625 2562 4696 Origeuem
2589 4635 2809 4681 secutus
2861 4627 3035 4694 primo
3063 4636 3308 4696 tempore
3335 4627 3678 4698 :putabatur,
3711 4644 3868 4697 quem

569 4740 852 4800 argentum
873 4770 886 4794 ,
936 4744 1056 4797 qua:
1103 4728 1274 4798 prima
1307 4730 1563 4784 mortales
1612 4737 1836 4798 putant,
1869 4745 2045 4800 neque
2073 4730 2167 4784 ha-

574 4823 728 4885 bent,
767 4838 940 4891 neque
965 4821 1163 4876 habere
1189 4821 1411 4892 cupiunt
1441 4841 1453 4874 :
1482 4839 1602 4878 nam
1631 4838 1756 4878 cum
1785 4837 1887 4894 ego
1938 4823 2164 4895 presby-

570 4926 689 4972 tero
721 4917 796 4971 illi
829 4917 1016 4970 decem
1048 4929 1300 4969 nummos
1326 4931 1518 4972 aureos
1549 4914 1898 4980 detulissem,
1936 4916 2168 4987 refugit,

570 5010 764 5065 altiore
792 5008 1024 5063 consilio
1053 5017 1384 5077 protestatus
1405 5053 1419 5077 ,
1452 5013 1749 5089 Ecclesiaiu
1802 5027 1932 5068 auro
1957 5027 2061 5066 non
2085 5012 2170 5067 in-

571 5105 704 5157 strui
727 5144 740 5169 ,
771 5103 864 5156 sed
897 5103 1072 5170 potius
1091 5103 1316 5158 destrui.
1350 5105 1760 5177 Aliqumitulum
1784 5107 1832 5161 ei
1870 5107 2168 5162 vestimen-

575 5212 750 5254 torum
783 5198 1128 5254 indulsimus.

648 5293 734 5347 Vl.
764 5292 917 5358 Quod
944 5308 1064 5348 eum
1087 5294 1176 5349 ille
1192 5296 1417 5366 benigne
1436 5297 1755 5368 accepisset.
1786 5297 2168 5354 revocantibus

575 5399 673 5439 nos
701 5385 769 5438 ad
802 5400 948 5440 mare
972 5387 1144 5441 nautis
1166 5428 1179 5452 ,
1209 5389 1578 5454 discessimus,
1607 5406 1975 5461 prospereque
2000 5405 2166 5446 cursu

572 5478 801 5545 septimo
825 5477 911 5531 die
925 5478 1314 5536 Alexandriam
1340 5484 1682 5553 pervenimus
1704 5525 1720 5550 ,
1745 5484 1834 5538 ubi
1857 5483 1993 5539 fteda
2025 5483 2166 5542 inter

573 5572 862 5638 episcopos
885 5582 1046 5641 atque
1073 5574 1366 5632 monachos
1395 5578 1694 5634 certamina
1726 5577 2074 5647 gerebantur,
2098 5591 2167 5631 ex

572 5679 633 5717 ea
660 5665 951 5720 occasione
985 5669 1066 5722 vel
1100 5683 1293 5735 causa,
1352 5673 1475 5741 quia
1533 5672 1844 5741 congregati
1888 5671 1941 5724 in
2000 5685 2168 5725 unum

575 5758 774 5825 smpius
801 5759 1116 5816 sacerdotes
1171 5762 1550 5834 frequentibus
1588 5762 1898 5816 decrevisse
1945 5761 2172 5832 synodis

591 5851 930 5922 videbantur,
958 5872 1024 5912 ne
1057 5859 1177 5928 quis
1199 5859 1449 5932 Origenis
1477 5857 1648 5913 libros
1694 5856 1897 5928 legeret
1942 5861 2036 5910 aut
2078 5851 2170 5914 lu-

2273 4733 2417 4773 nunc
2440 4718 2585 4773 idem
2611 4720 2904 4791 praecipue,
2927 4719 3012 4774 vel
3045 4719 3390 4776 omniaillins
3412 4721 3615 4790 scripta
3648 4722 3870 4778 damna-

2275 4821 2374 4866 ret.
2392 4810 2500 4866 Nec
2514 4828 2640 4868 vero
2655 4827 2814 4868 ausus
2832 4829 2949 4868 sum
2965 4813 3031 4868 de
3053 4827 3329 4882 quoquam
3359 4823 3567 4870 temere
3588 4815 3868 4884 judicare:

2274 4909 2706 4979 prmstatitissittii
2732 4921 2908 4965 tamen
2940 4911 3110 4968 viriet
3133 4910 3436 4966 doctissimi
3469 4911 3787 4968 ferebantur
3817 4913 3870 4969 in

2277 5005 2379 5059 hoc
2390 5005 2686 5062 certamine
2700 5005 2987 5060 dissidere.
3009 5004 3115 5062 Sed
3130 5015 3306 5060 tamen
3330 5010 3444 5060 sive
3461 5006 3598 5062 illud
3615 5023 3772 5062 error
3790 5016 3872 5064 est

2270 5108 2328 5156 ut
2355 5115 2455 5170 ego
2484 5102 2660 5156 sentio
2681 5141 2697 5168 ,
2728 5100 2841 5156 sive
2870 5099 3129 5166 haeresis,
3163 5111 3220 5166 ut
3271 5109 3520 5170 putatur;
3558 5118 3665 5162 non
3698 5102 3870 5158 solum

2273 5192 2494 5262 reprimi
2527 5208 2631 5248 non
2657 5193 2836 5260 potuit
2867 5192 3051 5246 multis
3080 5192 3654 5257 anitmidvcrsimiihus
3688 5209 3872 5250 sacer-

2271 5285 2490 5349 dotum;
2523 5283 2616 5338 sed
2646 5299 2987 5354 nequaquam
3016 5292 3123 5339 tam
3165 5285 3273 5340 late
3313 5301 3373 5341 se
3402 5288 3672 5356 potuisset
3702 5287 3872 5344 effun-

2272 5379 2433 5442 dere,
2469 5377 2571 5432 nisi
2624 5377 2980 5432 contentione
3027 5379 3314 5434 crevisset.
3377 5379 3696 5436 Istiusmodi
3741 5395 3874 5451 ergo

2278 5473 2582 5526 turbatione
2629 5486 2751 5526 cum
2798 5469 2918 5524 veni
2951 5470 3376 5538 Alexandriam,
3419 5472 3740 5530 fluctuabat.
3796 5475 3874 5530 Me

2275 5566 2492 5638 quidem
2515 5566 2808 5634 episcopus
2837 5564 2981 5620 illius
3010 5565 3247 5622 civitatis
3271 5567 3509 5638 benigne
3555 5567 3872 5634 admodum,

2275 5671 2328 5714 et
2351 5659 2547 5713 melius
2577 5673 2736 5728 quam
2770 5658 3059 5728 opinabar,
3090 5660 3347 5729 excepit,
3375 5669 3433 5715 et
3472 5674 3659 5714 secmn
3689 5672 3873 5718 tenere

2280 5753 2552 5810 tentavit:
2600 5752 2694 5808 sed
2747 5753 2988 5810 nonfuit
3036 5753 3252 5807 animus
3299 5753 3370 5808 ibi
3413 5753 3754 5817 consiStere,
3788 5753 3876 5809 ubi

2288 5863 2495 5908 recens
2539 5846 2797 5908 fraterna:
2824 5847 2992 5905 cladis
3033 5847 3283 5904 fervebat
3330 5847 3569 5904 invidia:
3624 5863 3748 5916 pam
3779 5845 3884 5914 etsi
