4106 6344
223 360 322 422 189

1672 344 2029 416 ωλωαυδ
2063 344 2105 402 1.

3443 337 3550 400 190

216 475 442 534 fortasse
474 472 791 536 videantur
837 486 1026 546 parere
1068 468 1344 540 episcopis
1384 465 1676 534 debuisse,
1730 479 1838 530 non
1868 464 1921 536 Α
1947 461 2116 524 Totus
2147 475 2364 530 semper
2413 460 2463 524 in
2510 460 2779 525 lectione,
2815 467 2955 516 totu-s
2989 457 3225 526 inlibris
3271 465 3396 512 est:
3441 469 3550 512 non

217 567 283 619 ob
311 563 451 620 banc
481 573 685 627 tamen
735 579 952 620 causam
1008 553 1413 619 multitudinem
1468 565 1677 611 tantam
1739 554 1840 609 sub

217 658 410 714 Christi
445 655 821 714 confessione
850 658 1150 720 viventem,
1183 650 1486 725 prmsertim
1527 645 1596 705 ab
1624 646 1840 720 episco-

218 748 320 825 pis,
353 749 712 822 oportuisset
743 747 928 826 afﬂigi.

289 886 423 944 Vill.
467 885 651 957 Igitur
702 885 836 942 inde
877 885 1193 956 digressus,
1244 881 1530 938 Bethleem
1577 880 1838 950 oppidum

221 980 369 1051 petii,
401 978 557 1048 quod
584 978 662 1034 ab
695 977 1090 1051 Hierosolymis
1119 993 1214 1032 sex
1235 977 1480 1030 millibus
1501 974 1839 1046 disparatur,

221 1075 285 1128 ab
327 1072 692 1150 Alexandria
737 1082 924 1128 autem
971 1072 1208 1128 sedecim
1256 1071 1632 1126 mansionibus
1663 1070 1840 1124 abest.

223 1168 526 1226 Eec'lesiam
583 1167 702 1222 loci
757 1167 906 1222 illius
933 1166 1292 1238 Hieronymus
1333 1165 1621 1237 presbyter
1653 1165 1791 1233 regit
1825 1180 1838 1216 :

224 1278 339 1318 nam
371 1263 639 1332 parocbia
670 1271 768 1318 est
795 1263 1054 1333 episcopi,
1082 1264 1172 1332 qui
1201 1261 1637 1331 Hierosolymam
1668 1267 1838 1314 tenet.

224 1357 340 1413 Mihi
365 1357 481 1428 jam
516 1357 750 1427 pridem
774 1357 1138 1428 Hieronymus
1163 1355 1449 1425 superiore
1478 1354 1566 1409 illa
1603 1369 1719 1407 mea
1750 1368 1844 1421 pe-

225 1452 598 1524 regrinatione
623 1462 954 1522 compertus
979 1450 1136 1504 t'acile
1179 1449 1522 1511 obtinuerat,
1556 1457 1609 1502 ut
1637 1447 1842 1502 nullum

225 1545 350 1604 mihi
380 1545 777 1614 “petendum
807 1546 1014 1600 rectius
1040 1541 1342 1599 arbitrarer
1377 1560 1390 1598 :
1423 1544 1506 1598 vir
1531 1542 1674 1599 enim
1707 1557 1845 1610 pne-

227 1649 302 1694 tor
340 1637 465 1693 fidei
516 1639 796 1693 meritum
847 1637 1143 1707 dotemque
1187 1635 1473 1702 virtutum,
1504 1649 1611 1690 non
1661 1635 1842 1689 solum

229 1733 426 1787 Latinis
450 1741 625 1802 atque
655 1730 898 1796 Grmcis,
928 1730 1024 1786 sed
1055 1740 1111 1785 et
1142 1730 1387 1786 Hebraeis
1407 1732 1570 1785 etiam
1598 1729 1670 1782 ita
1703 1729 1846 1782 litte-

228 1828 298 1881 ris
321 1819 614 1881 institutus
667 1837 792 1891 est,
827 1835 883 1880 ut
912 1840 971 1881 se
998 1825 1077 1880 illi
1122 1827 1178 1880 in
1208 1825 1356 1879 omni
1406 1826 1630 1880 scientia
1684 1838 1845 1879 nemo

227 1920 414 1976 audeat
445 1934 810 1990 comparare.
842 1919 1006 1975 Miror
1034 1926 1238 1983 autem,
1269 1919 1314 1973 si
1342 1935 1448 1972 non
1480 1927 1533 1973 et
1561 1918 1717 1974 vobis
1747 1933 1845 1988 per

230 2015 386 2068 multa
437 2029 566 2085 quae
616 2013 852 2082 scripsit
894 2027 1059 2083 opera
1104 2021 1423 2082 compertus
1448 2019 1564 2078 est,
1593 2026 1717 2066 cum
1749 2026 1846 2081 per

232 2115 396 2163 totum
428 2109 631 2162 orbem
682 2107 920 2176 tegatur.
964 2105 1134 2160 Nobis
1185 2121 1349 2172 vero,
1401 2104 1588 2161 Gallus
1630 2106 1840 2175 inquit,

232 2203 456 2258 nimium
510 2202 866 2271 nimiumque
915 2208 1227 2271 compertus
1274 2209 1354 2254 est
1387 2215 1400 2253 :
1434 2213 1557 2252 nam
1585 2206 1710 2254 ante
1743 2199 1845 2253 hoc

233 2299 668 2369 quinquennium
702 2296 996 2368 quemdam
1024 2296 1171 2351 illius
1202 2295 1443 2350 libellum
1476 2295 1602 2366 legi,
1636 2294 1688 2348 in
1736 2308 1846 2365 quo

239 2401 342 2448 tota
368 2401 700 2446 nostrorum
750 2391 902 2445 natio
933 2390 1322 2446 monachorum
1355 2389 1423 2444 ab
1451 2404 1518 2444 eo
1549 2386 1847 2444 vehemen-

240 2487 446 2542 tissime
470 2495 710 2542 vexatur
735 2494 793 2540 et
819 2485 1092 2555 carpitur;
1122 2485 1268 2540 unde
1293 2484 1564 2540 interdum
1597 2483 1848 2555 Belgicus

243 2592 423 2638 uester
453 2583 614 2636 vahic
644 2582 809 2635 irasci
842 2582 1004 2648 solet,
1035 2579 1178 2650 quod
1211 2580 1429 2648 dixerit,
1459 2595 1556 2634 nos
1580 2592 1752 2648 usque
1779 2578 1846 2634 ad

245 2677 508 2731 vomitum
543 2677 728 2731 solere
757 2674 966 2730 satiari.
996 2675 1108 2746 Ego
1139 2684 1320 2730 autem
1351 2675 1429 2730 illi
1455 2675 1571 2730 viro
1599 2675 1844 2746 ignosco;

244 2780 404 2840 atque
431 2771 506 2825 ita
537 2771 750 2834 sentio,
787 2768 854 2824 de
881 2768 1238 2824 orientalibus
1271 2769 1421 2824 illum
1453 2769 1634 2840 potius
1662 2783 1850 2822 mona-

247 2863 368 2918 chis
391 2879 558 2933 quam
602 2864 674 2918 de
703 2862 1143 2918 occidentalibus
1170 2863 1480 2933 disputasse
1517 2882 1530 2917 :
1563 2877 1685 2916 nam
1718 2861 1848 2916 eda-

252 2960 380 3011 citas
409 2958 461 3012 in
490 2957 708 3013 Gr:eeis
735 2959 858 3027 gula
887 2967 991 3022 est,
1028 2957 1082 3010 in
1113 2956 1284 3014 Gallis
1315 2966 1524 3012 natttra.
1559 2957 1694 3010 Tum
1724 2971 1847 3026 ego,

258 3051 612 3117 Scholastice,
647 3051 897 3122 inquam,
931 3051 1107 3111 Galle.
1143 3050 1394 3106 defendis
1417 3061 1630 3122 gentem
1667 3063 1847 3117 tuam;

253 3146 344 3198 sed
371 3161 560 3215 quasso
593 3153 677 3210 te,
714 3145 856 3198 liber
884 3144 989 3199 iste
1018 3145 1278 3214 numquid
1321 3145 1424 3199 huc
1452 3145 1627 3200 solum
1657 3145 1847 3198 vitium

251 3241 467 3293 damnat
496 3241 551 3292 in
602 3237 931 3292 monachis?
977 3235 1147 3290 Immo
1177 3252 1330 3304 vero,
1363 3238 1560 3309 inquit,
1595 3237 1726 3292 nihil
1761 3251 1853 3308 pe-
1878 3265 1922 3324 ρ
1958 3235 2041 3322 ιε

252 3334 393 3388 nitus
437 3333 658 3396 omisit,
690 3331 836 3401 quod
871 3347 978 3385 non
1009 3342 1296 3400 carperet,
1331 3332 1630 3397 laceraret,
1681 3345 1850 3400 expo-

253 3438 400 3482 neret
436 3445 447 3475 :
487 3428 766 3496 praecipue
814 3426 1096 3478 avaritiam
1123 3465 1136 3487 ,
1174 3440 1276 3480 nec
1325 3424 1503 3479 minus
1548 3424 1846 3479 vanitatem

252 3519 552 3573 insectatus
582 3527 687 3571 est.
725 3517 891 3571 Muita
916 3515 984 3571 de
1011 3517 1264 3586 superbia
1286 3559 1300 3583 ,
1337 3533 1440 3572 non
1472 3529 1636 3586 pauca
1667 3518 1735 3572 de
1762 3533 1851 3572 su-

255 3612 569 3680 perstitione
620 3610 907 3665 disseruit.
958 3609 1097 3666 Vere
1144 3609 1376 3679 fatebor,
1426 3611 1666 3682 pinxisse
1717 3613 1851 3665 mihi

256 3707 459 3763 videtur
489 3708 620 3762 vitia
655 3707 976 3761 manorum.

322 3819 408 3876 IX.
451 3821 730 3878 Caeterum
759 3819 829 3876 de
857 3821 1318 3878 familiaritatibus
1345 3822 1612 3895 virginum
1648 3831 1703 3878 et
1737 3839 1852 3875 mo-

257 3920 585 3981 nacborum,
641 3927 808 3986 atque
855 3913 1019 3970 etiam
1066 3914 1428 3982 clericorum,
1476 3931 1632 3988 quam
1681 3931 1849 3980 vera,

257 4024 404 4078 quam
451 4006 612 4064 fortia
673 4008 1008 4077 disputavit!
1043 4009 1186 4076 unde
1226 4026 1255 4064 a
1304 4010 1628 4082 quibusdam
1656 4053 1670 4077 ,
1713 4025 1852 4082 quos

260 4102 529 4164 nominare
560 4104 724 4170 nolo,
758 4103 957 4164 dicitur
990 4122 1098 4158 non
1133 4106 1302 4160 amari
1335 4124 1347 4160 :
1384 4123 1505 4160 nam
1547 4107 1688 4160 sicut
1733 4106 1853 4162 Bel-

257 4198 395 4265 gicus
426 4210 611 4257 noster
639 4198 922 4265 irascitur,
955 4199 1240 4255 edacitatis
1273 4200 1452 4256 nimia:
1482 4216 1581 4258 nos
1610 4209 1850 4272 notatos,

259 4293 321 4345 ita
351 4293 423 4347 illi
452 4295 691 4349 fremere
720 4291 998 4359 dicuntur,
1025 4308 1146 4358 cum
1179 4295 1251 4364 in
1301 4295 1394 4349 illo
1428 4295 1692 4365 opusculo
1719 4293 1854 4348 scri-

260 4397 393 4452 ptum
444 4389 630 4458 legunt
670 4406 684 4443 :
735 4384 998 4442 C(elibem
1029 4389 1245 4459 spernit
1292 4374 1443 4460 virgo
1491 4402 1848 4462 germanum,

257 4480 467 4543 fratrem
515 4484 721 4554 quaerit
769 4492 1109 4538 extraneum.
1139 4482 1220 4538 Ad
1258 4479 1371 4538 ba-c
1413 4499 1544 4555 ego,
1575 4482 1848 4548 Nimium,

257 4574 460 4644 inquam
481 4618 495 4642 ,
525 4576 708 4641 Galle,
757 4575 1106 4652 progrederis
1137 4595 1150 4630 :
1183 4592 1315 4633 cave
1339 4593 1409 4632 ne
1439 4589 1492 4630 et
1527 4588 1577 4632 te
1620 4575 1845 4646 aliquis.

1943 554 2052 620 die.
2086 571 2193 616 non
2217 567 2380 613 nocte
2402 554 2697 628 requiescit
2725 571 2740 619 ;
2768 562 2860 610 aut
2910 551 3040 621 legit
3067 547 3271 619 aliquid
3317 562 3554 618 semper,

1943 658 2034 708 aut
2063 649 2273 708 scribit.
2316 648 2470 720 Quod
2517 647 2623 708 nisi
2657 645 2788 700 mihi
2833 644 3032 699 fuisset
3074 644 3242 698 fixum
3283 640 3469 695 animo
3503 648 3561 695 et

1947 745 2311 814 promissum,
2363 744 2471 800 Deo
2501 751 2661 808 teste,
2708 739 3046 809 propositam
3088 751 3335 794 eremum
3371 734 3559 802 adire,

1943 836 2026 890 vel
2053 837 2236 906 exigui
2267 835 2531 906 temporis
2571 841 2827 903 punctum
2873 846 2900 884 a
2947 837 3098 886 tanto
3122 829 3244 884 viro
3268 828 3563 886 discedere

1944 928 2258 986 noluissem.
2295 929 2430 992 Huic
2462 944 2594 999 ergo
2628 927 2840 984 traditis
2873 934 3036 995 atque
3083 924 3409 980 commissis
3442 941 3566 980 om-

1945 1024 2106 1078 nibus
2136 1024 2292 1087 meis,
2331 1024 2589 1093 omnique
2619 1021 2846 1087 familia,
2879 1035 2998 1090 qua:
3028 1035 3114 1074 me
3146 1029 3344 1076 contra
3375 1020 3568 1078 volun-

1946 1125 2111 1172 tatem
2153 1118 2318 1184 animi
2361 1119 2463 1172 mei
2495 1126 2680 1173 secuta
2711 1115 2926 1172 tenebat
2974 1114 3328 1183 implicitum,
3358 1130 3569 1170 exone-

1945 1216 2094 1264 ratus
2120 1209 2526 1281 quodammodo
2555 1210 2704 1280 gravi
2739 1208 2885 1264 fasce
2917 1206 3142 1278 penitus
3173 1221 3238 1262 ac
3282 1207 3442 1270 liber,
3477 1222 3568 1262 re-

1943 1319 2164 1376 gressus
2215 1303 2642 1368 Alexandriam,
2704 1303 2942 1358 visitatis
3006 1301 3076 1358 ibi
3133 1301 3438 1368 fratribus,
3495 1302 3565 1358 ad

1943 1400 2286 1470 superiorem
2349 1400 2478 1454 inde
2538 1397 2922 1459 Thebaidam,
2972 1395 3022 1450 id
3072 1403 3157 1449 est
3214 1397 3279 1451 ad
3336 1395 3564 1466 IEgypti

1946 1504 2190 1550 extrema
2237 1493 2520 1548 contendi.
2571 1491 2646 1551 lbi
2691 1492 2836 1548 enim
2884 1501 3056 1546 vastae
3100 1492 3342 1562 patentis
3392 1493 3567 1548 eremi

1945 1587 2272 1644 solitudines
2306 1586 2603 1657 plurimum
2645 1584 2966 1641 ferebantur
3013 1585 3214 1639 habere
3263 1583 3564 1639 monacho-

1948 1696 2089 1738 rum.
2138 1679 2384 1751 Longum
2435 1690 2549 1742 est,
2601 1680 2645 1734 si
2681 1679 2864 1732 omnia
2913 1680 3129 1748 cupiam
3182 1677 3395 1734 referre
3442 1693 3566 1747 qua!

1948 1771 2056 1834 vidi
2085 1790 2097 1826 :
2131 1781 2310 1828 tamen
2340 1786 2509 1844 pauca
2546 1770 2910 1840 perstringam
2940 1785 2971 1825 e
3001 1771 3272 1838 pluribus.

1877 1869 1923 1932 B
2020 1865 2090 1920 X.
2137 1865 2288 1924 Haud
2328 1865 2488 1936 longe
2533 1865 2602 1920 ab
2642 1880 2868 1928 eremo,
2917 1865 3168 1935 contigua
3225 1864 3342 1917 Nilo
3392 1864 3560 1920 multa

1950 1967 2079 2020 sunt
2109 1960 2459 2029 monasteria.
2499 1959 2752 2018 llabitant
2783 1973 2891 2014 uno
2931 1957 3055 2014 loco
3089 1957 3408 2028 plerumque
3432 1973 3564 2014 cen-

1948 2054 2059 2112 teni
2091 2073 2102 2106 :
2131 2052 2327 2125 quibus
2361 2068 2641 2108 summum
2685 2051 2774 2121 jus
2803 2058 2888 2106 est
2913 2091 2928 2115 ,
2955 2052 3058 2105 sub
3087 2051 3296 2106 abbatis
3337 2051 3564 2121 imperio,

1950 2150 2154 2215 vivere,
2191 2148 2320 2201 nihil
2357 2147 2588 2201 arbitrio
2624 2161 2724 2201 suo
2756 2161 2941 2217 agere,
2984 2162 3081 2215 per
3127 2145 3309 2200 omnia
3354 2147 3421 2201 ad
3461 2162 3562 2201 nu-

1951 2253 2061 2306 ttttn
2111 2242 2258 2298 illius
2308 2249 2752 2310 potestatemque
2788 2238 3045 2308 pendere.
3101 2239 3181 2296 Ex
3239 2238 3358 2303 bis,
3391 2239 3437 2292 si
3469 2240 3563 2308 qui

1949 2335 2211 2406 majorem
2240 2334 2493 2388 virtutem
2523 2343 2708 2387 mente
2735 2333 3122 2401 conceperint,
3155 2340 3211 2386 ut
3242 2332 3413 2386 acturi
3465 2347 3556 2386 so-

1950 2431 2183 2492 litariam
2211 2429 2377 2490 vitam
2427 2443 2486 2482 se
2525 2427 2590 2482 ad
2637 2441 2882 2482 eremum
2913 2425 3240 2492 conferant,
3295 2442 3398 2480 non
3453 2427 3559 2484 nisi

1949 2524 2296 2595 permittente
2344 2521 2542 2578 abbate
2579 2520 2887 2580 discedunt.
2946 2521 3072 2574 Haec
3103 2521 3318 2574 illorum
3377 2522 3550 2591 prima

1952 2620 2120 2674 virtus
2148 2627 2264 2683 est,
2298 2632 2496 2686 parere
2541 2615 2721 2670 alieno
2777 2614 3027 2683 imperio.
3084 2613 3464 2684 Transgressis
3489 2614 3560 2671 ad

1950 2725 2226 2776 eremum,
2260 2707 2473 2764 abbatis
2515 2708 2660 2766 illius
2712 2707 3059 2762 ordinatione
3091 2708 3243 2776 panis
3272 2708 3357 2762 Vel
3400 2708 3563 2777 quili-

1953 2803 2042 2858 bet
2069 2803 2220 2858 cibus
2246 2801 2385 2862 alius
2405 2801 2762 2854 ministratur.
2794 2798 2931 2854 Casu
2959 2815 3056 2870 per
3081 2800 3198 2853 illos
3225 2799 3340 2855 dies
3361 2801 3562 2870 quibus

1949 2895 2043 2949 illo
2073 2894 2416 2952 adveneram,
2452 2890 2666 2946 cuidam
2697 2891 2786 2961 qui
2819 2905 2992 2959 nuper
3015 2889 3080 2944 ad
3111 2905 3354 2946 eremum
3379 2904 3560 2945 seces-

1952 2999 2129 3052 serat,
2166 3001 2342 3057 neque
2372 2986 2606 3053 amplius
2635 2984 2702 3036 ab
2750 2983 2853 3037 hoc
2904 2985 3237 3042 monasterio
3267 3002 3422 3051 quam
3457 3000 3555 3040 sex

1955 3080 2194 3138 millibus
2219 3079 2624 3138 tabernaculum
2649 3077 2752 3132 sibi
2775 3079 3152 3139 constituerat,
3182 3079 3558 3146 panentahbas

1955 3191 2052 3246 per
2097 3175 2233 3228 duos
2265 3187 2462 3246 pueros
2520 3173 2770 3235 miserat,
2817 3187 3045 3240 quorum
3107 3171 3284 3239 major
3324 3171 3559 3226 habebat

2044 3271 2133 3319 tllS
2164 3280 2335 3320 annos
2379 3265 2720 3336 quindecim,
2774 3265 2954 3317 minor
2995 3263 3368 3318 duodecennis
3414 3273 3555 3318 erat.

1958 3363 2050 3418 llis
2093 3376 2222 3434 ergo
2253 3358 2376 3414 inde
2402 3357 2757 3415 redeuntibus
2784 3358 2930 3426 aSpis
2967 3357 3116 3412 mirae
3167 3355 3556 3426 magnitudinis

1955 3456 2006 3508 fit
2037 3454 2272 3518 obviam,
2327 3450 2484 3520 cujus
2530 3464 2759 3504 occursu
2794 3448 2922 3503 nihil
2955 3449 3225 3518 perterriti
3253 3465 3266 3510 ;
3305 3448 3394 3502 ubi
3427 3460 3556 3504 ante

1957 3549 2118 3620 pedes
2147 3562 2332 3602 eorum
2368 3545 2548 3609 venit,
2576 3543 2730 3614 quasi
2761 3544 3034 3598 incantata
3062 3542 3420 3606 Carminibus,
3450 3557 3556 3596 cm-

1955 3642 2068 3696 rula
2107 3640 2246 3696 colla
2288 3640 2558 3708 deposuit.
2585 3639 2759 3695 Minor
2782 3653 2812 3694 e
2842 3639 3027 3706 pueris
3059 3653 3222 3694 manu
3249 3637 3556 3706 apprehen-

1953 3750 2067 3791 sam
2093 3749 2157 3788 ac
2192 3731 2358 3804 pallio
2389 3732 2684 3786 involutam
2716 3730 2856 3786 fcrre
2883 3733 3087 3800 cmpit:
3121 3730 3317 3785 deinde
3341 3745 3560 3784 monas-

1955 3827 2148 3881 terium
2182 3824 2332 3894 quasi
2363 3824 2534 3878 victor
2566 3824 2845 3894 ingressus
2879 3824 2927 3876 in
2963 3838 3245 3878 occursum
3290 3822 3552 3888 fratrum,

1953 3918 2380 3990 inspectantibus
2420 3918 2660 3984 cunctis,
2701 3921 2971 3988 captivam
3026 3917 3252 3972 bestiam
3304 3916 3546 3972 resoluto

1956 4014 2118 4083 pallio
2149 4031 2253 4068 non
2283 4013 2401 4070 sine
2419 4013 2696 4084 jactantia}
2727 4024 2936 4070 tumore
2968 4011 3242 4082 deposuit.
3287 4009 3394 4066 Sed
3427 4025 3549 4064 cmn

1955 4109 2236 4164 infantium
2269 4108 2429 4173 fidem
2463 4115 2624 4177 atque
2651 4107 2902 4164 virtutem
2927 4107 3111 4160 cmteri
3145 4105 3500 4175 prmdicarent
3529 4148 3544 4171 ,

1954 4203 2122 4257 abbas
2153 4200 2242 4255 ille
2275 4201 2455 4256 altiori
2485 4201 2717 4255 consilio
2743 4243 2756 4264 ,
2794 4216 2861 4254 ne
2903 4199 3112 4253 infirma
3159 4208 3290 4253 a~tas
3319 4198 3554 4252 insoles-

1954 4304 2140 4359 ceret,
2175 4293 2339 4368 virgis
2375 4302 2661 4362 utrumque
2689 4293 3060 4360 compescuit,
3096 4294 3323 4350 multum
3370 4291 3557 4359 objur-

1953 4398 2110 4462 gatos
2130 4432 2142 4451 ,
2165 4405 2263 4443 cur
2291 4390 2388 4462 ipsi
2413 4389 2554 4459 quod
2577 4404 2668 4456 per
2681 4402 2777 4442 eos
2800 4389 3058 4444 Dominus
3072 4396 3330 4457 operatus
3356 4386 3551 4449 fuerat,

1958 4483 2327 4555 prodidissent
2359 4503 2370 4537 :
2399 4483 2516 4554 ejus
2543 4482 2673 4538 illud
2722 4500 2828 4537 non
2867 4497 2979 4540 sua:
3009 4483 3129 4538 tidei
3153 4523 3168 4546 ,
3220 4481 3317 4537 sed
3355 4482 3554 4536 divinas

1953 4575 2122 4637 fuisse
2148 4581 2398 4642 virtutis:
2453 4579 2729 4636 discerent
2762 4579 2968 4648 potius,
3007 4579 3117 4634 Deo
3145 4580 3196 4631 in
3249 4577 3556 4633 humilitate

255 4667 336 4752 qui
367 4665 481 4725 bare
509 4666 765 4725 [Ol'laﬁ'nis
797 4671 1067 4742 agnoscit,
1096 4671 1371 4742 exaudiat,
1401 4680 1566 4743 teque
1591 4686 1699 4726 una
1729 4687 1850 4728 cum
1878 4666 1929 4728 D
1957 4676 2195 4748 servire,
2249 4690 2357 4730 non
2403 4675 2455 4729 in
2500 4673 2669 4743 signis
2715 4683 2768 4728 et
2813 4673 3103 4728 virtutibus
3141 4672 3399 4743 gloriari:
3430 4672 3556 4742 quia

254 4757 573 4832 Hieronymo
602 4760 834 4831 incipiat
865 4777 970 4816 non
1014 4777 1219 4817 amare.
1250 4763 1382 4818 Nam
1413 4761 1536 4834 quia
1566 4762 1858 4820 scholaSIi-

254 4868 342 4910 cus
373 4871 453 4920 es,
483 4873 588 4911 non
621 4855 897 4911 immerito
924 4864 975 4912 te
1003 4873 1166 4912 versu
1211 4855 1418 4928 Comici
1471 4858 1620 4913 illius
1665 4857 1854 4912 admo-

254 4951 424 5006 nebo:
456 4951 803 5028 Obsequium
833 4951 1060 5021 amicos,
1095 4953 1298 5009 veritas
1327 4951 1510 5008 odium
1545 4955 1703 5025 parit.
1739 4953 1853 5008 Tua

253 5044 400 5099 nobis
443 5046 662 5117 potius,
725 5054 786 5099 ut
822 5059 1100 5116 coeperas,
1147 5045 1523 5115 Postumiane,
1578 5055 1857 5116 repetatur

254 5137 527 5194 orientalis
555 5139 760 5195 oratio.
797 5137 931 5207 Ego,
963 5139 1158 5208 inquit,
1183 5145 1243 5193 ut
1270 5139 1456 5195 dicere
1482 5141 1850 5208 institueram,

253 5232 386 5300 apud
417 5233 813 5303 Hieronymum
856 5248 946 5286 sex
989 5233 1268 5292 mensibus
1299 5231 1373 5288 fui
1407 5251 1418 5287 :
1449 5234 1538 5289 cui
1563 5233 1708 5306 jugis
1761 5209 1857 5291 ad;

252 5341 458 5382 versum
501 5328 684 5382 malos
730 5341 904 5400 pugna
939 5338 1375 5401 perpetuumque
1405 5341 1684 5386 certamen
1719 5344 1855 5386 coa-

252 5423 372 5480 ciiit
401 5424 526 5480 odia
561 5421 926 5496 perditorum.
960 5423 1202 5479 Oderunt
1241 5440 1364 5479 eum
1408 5423 1692 5489 haeretici,
1729 5426 1857 5494 quia

250 5531 338 5571 eos
388 5520 716 5588 impugnare
766 5530 871 5570 non
922 5515 1421 5573 desinitzodernnt
1479 5510 1857 5590 clerici,quia

249 5610 402 5664 vitam
436 5625 627 5665 eorutn
657 5609 957 5664 insectatur
983 5619 1035 5663 et
1078 5608 1328 5664 crimina.
1376 5608 1485 5665 Sed
1517 5607 1678 5680 plane
1722 5625 1851 5668 eum

248 5701 365 5756 boni
414 5717 611 5758 omnes
663 5700 1004 5755 admirantur
1045 5710 1098 5755 et
1123 5700 1395 5772 diligunt:
1435 5719 1558 5758 nam
1588 5699 1678 5774 qui
1721 5719 1849 5772 eum

245 5793 559 5859 ha‘reticum
606 5803 731 5852 esse
764 5795 1136 5866 arbitrantur,
1169 5795 1469 5865 insaniunt.
1504 5795 1648 5856 Vere
1692 5799 1855 5856 dixe-

245 5888 362 5956 rim,
393 5890 670 5950 catholica
711 5887 950 5953 hominis
991 5892 1216 5952 scientia
1241 5936 1254 5960 ,
1296 5906 1424 5949 sana
1459 5893 1711 5950 doctrina
1745 5900 1852 5949 est.

1955 4770 2148 4824 melior
2183 4779 2327 4830 esset
2360 4767 2692 4832 infirmitatis
2745 4766 3074 4828 conscientia
3103 4766 3370 4820 virtutum
3402 4764 3556 4820 vani-

1957 4872 2004 4918 la
2014 4870 2087 4918 te.

2017 4955 2120 5026 ,XI.
2165 4954 2278 5012 lloc
2307 4953 2394 5009 ubi
2429 4953 2524 5012 ille
2556 4953 2855 5008 monachus
2876 4952 3112 5016 audivit,
3139 4961 3193 5005 et
3219 4949 3557 5021 periclitatus

1954 5049 2254 5105 infantulos
2275 5050 2544 5118 serpentis
2575 5063 2804 5104 occursu
2824 5090 2837 5107 .
2873 5055 2926 5102 et
2955 5048 3100 5116 ipsos
3127 5046 3354 5113 insuper
3387 5045 3553 5098 multa

1955 5144 2182 5199 verbera
2210 5144 2352 5198 victo
2380 5153 2634 5212 serpente
2666 5142 2962 5205 meruisse;
2994 5141 3240 5194 abbatem
3266 5139 3556 5201 obsecrat,

1955 5253 2024 5294 ne
2056 5237 2154 5294 sibi
2192 5245 2315 5306 post
2343 5235 2461 5290 haec
2485 5232 2638 5305 panis
2680 5233 2820 5288 ullus
2853 5244 2942 5286 aut
2965 5234 3124 5286 cibus
3147 5230 3341 5300 aliquis
3373 5229 3556 5284 mitte--

1959 5340 2128 5386 retur.
2163 5325 2392 5398 Jamque
2423 5338 2647 5380 octavus
2678 5325 2793 5380 dies
2823 5323 2995 5379 fuerat
3028 5337 3316 5386 emensus,
3347 5337 3454 5390 quo
3495 5335 3556 5372 se

1960 5425 2122 5479 homo
2148 5420 2352 5478 Christi
2387 5423 2525 5480 intra
2562 5422 2856 5490 periculum
2908 5421 3066 5475 famis
3108 5423 3220 5490 ipse
3259 5419 3548 5474 concluse-

1961 5528 2078 5576 rat:
2125 5518 2355 5572 arebant
2380 5516 2618 5572 membra
2655 5515 2898 5585 jejunio,
2953 5515 3046 5568 sed
3108 5513 3343 5566 defit-ero
3394 5523 3550 5562 meus

1960 5617 2099 5676 ctelo
2124 5615 2329 5668 intenta
2359 5627 2466 5668 non
2497 5619 2749 5682 poterat:
2775 5625 2973 5680 corpus
2998 5607 3179 5663 inedia
3227 5601 3508 5658 fatiscehztt
3536 5643 3551 5666 ,

1962 5709 2096 5764 fides
2116 5707 2275 5760 ﬁrma
2305 5706 2572 5760 durabat:
2605 5721 2724 5759 cum
2787 5702 3000 5757 interim
3050 5697 3359 5751 admonitus
3381 5693 3554 5750 abbas

1962 5805 2053 5872 ille
2076 5817 2174 5876 per
2204 5803 2487 5874 spiritum,
2519 5811 2576 5857 ut
2603 5799 2929 5870 discipulum
2957 5795 3231 5857 visitaret;
3282 5792 3368 5861 pia
3400 5789 3556 5845 solli-

1975 5895 2215 5962 citudine
2247 5909 2578 5972 cognoscere
2599 5893 2828 5966 cupiens
2847 5932 2861 5958 ,
2885 5903 2988 5960 qua
3009 5887 3133 5946 vitae
3161 5885 3460 5943 substantia
3479 5885 3560 5942 vir
