4056 6340
454 285 557 353 191

1810 296 2103 355 SULPICII
2144 297 2398 358 SEVERI

3657 292 3754 349 192

453 409 634 468 fidelis
661 410 923 480 aleretur,
947 411 1039 483 qui
1066 411 1363 469 ministrari
1393 412 1496 469 sibi
1529 428 1718 484 panem
1746 414 1815 469 ab
1839 414 2058 472 homine
2084 420 2139 482 Α
2161 433 2192 474 e
2222 416 2477 473 fratribus
2520 416 2713 487 ducem
2732 456 2748 483 ,
2792 415 3037 471 locorum
3080 410 3317 484 peritum
3345 410 3365 481 )
3409 408 3753 481 pervenimus

454 505 746 575 noluisset,
782 505 849 561 ad
872 505 1259 576 requirendum
1283 507 1535 579 eumipse
1551 505 1932 577 proficiscitur.
1966 508 2059 565 Ille

458 598 555 655 ubi
586 602 803 656 eminus
834 615 1020 656 senem
1052 600 1246 658 venire
1272 602 1593 671 conspexit,
1649 602 1920 669 occurrit,
1953 604 2065 673 agit

456 692 699 764 gratias,
733 691 885 749 ducit
927 692 994 748 ad
1042 693 1322 749 cellulam.
1378 693 1513 750 Cum
1561 694 1793 767 ingressi
1862 696 2064 767 pariter

413 772 424 784 ’
458 785 655 853 ambo,
682 787 1029 857 conspiciunt
1058 788 1364 859 palmiciam
1399 801 1639 860 sportam
1664 833 1678 857 ,
1718 790 1895 846 calido
1926 807 2065 863 pane

456 887 810 948 congestam,
861 878 1067 935 foribus
1098 879 1316 934 afﬁxam
1368 880 1437 935 de
1462 891 1616 951 poste
1662 883 1923 951 pendere.
1987 885 2067 940 Ac

459 972 701 1044 primum
733 972 894 1029 calidi
927 974 1081 1043 panis
1111 973 1250 1028 odor
1280 977 1520 1030 sentitur
1551 992 1563 1030 :
1599 984 1745 1032 tactu
1775 993 1905 1033 vero
1932 972 2068 1034 ac'si

452 1076 591 1122 ante
614 1066 896 1138 paululum
927 1067 1062 1123 focis
1083 1076 1231 1123 esset
1257 1079 1482 1140 ereptus
1506 1112 1521 1136 ,
1548 1072 1875 1128 ostenditur.
1902 1072 2069 1147 Egy-

466 1159 568 1231 ptii
603 1169 785 1217 tamen
813 1161 968 1232 panis
990 1160 1166 1217 forma
1221 1178 1329 1218 non
1382 1164 1649 1220 cernitur.
1697 1166 2068 1236 Obstnpefacti

464 1254 630 1311 ambo
654 1268 852 1310 munus
882 1255 1105 1311 caeleste
1127 1266 1497 1327 cognoscunt:
1530 1272 1652 1313 cum
1684 1258 1777 1314 ille
1823 1260 1927 1314 hoc
1976 1260 2072 1316 ab-

466 1346 611 1404 batis
635 1347 893 1404 adventui
920 1349 1223 1419 praestitum
1252 1348 1516 1406 fateretur
1534 1394 1548 1418 ,
1581 1352 1749 1407 abbas
1771 1369 1901 1408 vero
1927 1354 2072 1409 illius

466 1439 596 1495 ﬁdei
627 1455 691 1494 ac
720 1441 907 1496 virtuti
932 1441 981 1496 id
1004 1441 1191 1513 potius
1222 1442 1563 1509 ascriberet;
1622 1444 1693 1516 ita
1721 1445 1881 1501 ambo
1904 1446 2071 1502 cmle-

468 1542 611 1589 stem
700 1549 896 1603 panem
953 1549 1076 1591 cum
1133 1535 1303 1591 multa
1352 1538 1722 1593 exsultatione
1769 1538 2070 1610 fregerunt.

469 1623 622 1694 Quod
655 1639 777 1680 cum
807 1640 978 1682 senex
1005 1626 1073 1681 ad
1094 1628 1486 1695 monaSterium
1521 1638 1645 1699 post
1669 1645 1948 1700 regressus
1968 1633 2077 1687 fra-

471 1716 650 1773 tribus
681 1718 993 1785 retulisset,
1041 1727 1222 1775 tantus
1266 1722 1507 1777 omnium
1562 1724 1882 1779 incenderat
1914 1727 2077 1781 ardor

2160 511 2227 567 ad
2265 510 2556 582 quemdum
2598 525 2785 566 senem
2822 507 3149 563 monachum
3182 506 3284 560 sub
3325 503 3511 559 radice
3558 502 3755 558 montis

2159 603 2521 660 habitantem.
2551 602 2626 658 lbi
2652 645 2667 669 ,
2698 601 2839 672 quod
2865 602 2917 656 in
2947 601 3056 655 illis
3095 600 3231 655 locis
3257 597 3597 654 rarissimum
3632 606 3711 680 est
3735 636 3750 663 ,

2163 707 2357 769 puteus
2384 707 2521 754 erat.
2553 698 2752 752 Bovem
2782 712 2949 751 unum
2980 696 3211 751 habebat
3236 736 3251 761 ,
3301 696 3455 762 cujus
3510 691 3599 747 hic
3643 700 3755 745 erat

2165 802 2313 849 totus
2341 794 2517 857 labor,
2561 792 2790 862 impulsa
2836 791 2995 846 rotali
3037 788 3292 844 machina
3334 801 3530 858 aquam
3561 783 3757 853 produ-

2165 901 2322 942 cere:
2357 901 2481 939 nam
2514 884 2626 940 fere
2650 884 2799 939 mille
2825 893 2918 937 aut
2940 882 3175 952 amplius
3213 879 3407 950 pedum
3437 875 3757 948 profundum

2168 979 2315 1049 putei
2349 977 2644 1032 ferebatur.
2671 976 2870 1033 Hortus
2900 975 3009 1030 illic
3036 986 3153 1031 erat
3185 974 3371 1029 multis
3398 971 3644 1027 oleribus
3666 985 3758 1026 co-

2168 1071 2389 1142 piosus:
2423 1069 2475 1125 id
2508 1070 2724 1140 quidem
2746 1081 2934 1124 contra
2960 1077 3209 1123 naturam
3241 1065 3448 1130 eremi,
3480 1064 3571 1119 ubi
3587 1064 3761 1118 omnia

2169 1164 2411 1229 arentia,
2465 1173 2655 1218 exusta
2704 1161 2838 1216 solis
2887 1160 3207 1219 ardoribus.
3256 1158 3458 1212 nullius
3509 1169 3762 1224 umquam

2173 1257 2402 1312 seminis
2445 1256 2527 1310 vel
2578 1255 2832 1325 exiguam
2890 1252 3126 1308 radicem
3179 1251 3380 1307 ferunt.
3431 1249 3636 1305 Verum
3669 1249 3766 1303 hoc

2172 1360 2361 1405 sancto
2388 1349 2465 1403 illi
2497 1348 2650 1403 labor
2678 1360 3040 1418 cum-pecore
3078 1345 3389 1399 communis
3411 1383 3425 1408 ,
3465 1352 3522 1397 et
3553 1339 3766 1410 propria

2172 1444 2469 1515 prmstabat
2505 1441 2815 1497 industria:
2870 1441 3124 1510 frequens
3153 1440 3302 1495 enim
3327 1436 3574 1507 irrigatio
3607 1449 3769 1504 aqua-

2177 1551 2295 1591 rum
2326 1544 2532 1592 tantam
2561 1535 2945 1607 pinguedinem
2970 1535 3153 1590 arenis
3173 1532 3372 1597 dabat,
3407 1541 3466 1585 ut
3493 1532 3694 1586 mirum
3720 1530 3772 1585 in

2178 1631 2399 1686 modum
2424 1631 2602 1687 virere
2631 1641 2790 1701 atque
2822 1628 3146 1685 fructificare
3176 1627 3317 1681 horti
3351 1626 3497 1680 illius
3525 1626 3674 1679 olera
3700 1626 3777 1680 vi-

2179 1723 2456 1780 deretnus.
2513 1724 2589 1779 Ex
2636 1724 2703 1777 iis
2752 1722 2916 1793 igitur
2947 1736 3054 1776 una
3080 1735 3204 1776 cum
3254 1718 3481 1773 domino
3532 1717 3633 1772 bos
3689 1717 3776 1773 ille

473 1810 722 1880 animos,
747 1821 807 1867 ut
836 1813 1085 1868 certatim
1110 1813 1176 1869 ad
1196 1829 1439 1870 eremum
1468 1825 1523 1870 et
1544 1831 1731 1873 sacras
1755 1819 2080 1875 solitudines
2112 1813 2158 1873 B
2184 1817 2442 1872 vivebat:
2479 1816 2638 1870 nobis
2665 1829 2885 1886 quoque
2916 1830 2982 1870 ex
3019 1828 3081 1867 ea
3126 1811 3284 1883 copia
3316 1826 3528 1868 (tenam
3561 1820 3777 1866 sanetus

474 1903 560 1960 ire
581 1914 982 1975 properarent,
1018 1907 1252 1962 miseros
1280 1921 1338 1964 se
1380 1908 1645 1974 fatentes,
1676 1911 1765 1979 qui
1789 1911 1996 1966 diutius
2026 1912 2079 1966 in

476 1999 904 2070 congregatione
934 2000 1262 2068 multorum,
1289 2000 1379 2057 ubi
1403 2002 1638 2058 humana
1651 2011 1796 2059 esset
1825 2006 2081 2076 patienda

477 2092 828 2149 conversatio
848 2134 863 2158 ,
896 2093 1250 2149 resedissent.

550 2185 666 2241 XII.
712 2185 769 2240 In
805 2187 907 2242 hoc
929 2189 1263 2244 monasterio
1290 2188 1427 2246 duos
1458 2206 1561 2263 ego
1608 2207 1769 2249 senes
1797 2193 1942 2260 vidi,
1992 2195 2083 2264 qui

471 2278 587 2352 jam
608 2294 707 2352 per
729 2280 1085 2350 quadraginta
1114 2297 1289 2339 annos
1321 2283 1393 2339 ibi
1444 2284 1676 2354 degere,
1736 2286 1809 2341 ita
1844 2297 1899 2342 ut
1931 2304 2086 2343 num-

473 2387 637 2445 quam
672 2372 797 2429 inde
828 2374 1222 2444 discesserint,
1279 2376 1618 2435 ferebantur.
1670 2379 1909 2447 Quorum
1946 2395 2089 2452 pra:-

480 2466 741 2523 tereunda
775 2461 906 2521 mihi
938 2472 1392 2526 commemoratio
1414 2487 1519 2525 non
1543 2471 1797 2529 videtur:
1818 2474 2103 2542 siquidem

481 2558 539 2615 id
561 2559 631 2616 de
652 2574 844 2615 eorum
878 2563 1173 2618 virtutibus
1196 2607 1210 2631 ,
1271 2573 1326 2619 et
1346 2564 1558 2621 abbatis
1581 2568 1748 2637 ipsius
1775 2569 2091 2625 testimonio

493 2660 551 2709 et
593 2653 839 2709 omnium
895 2654 1124 2711 fratrum
1181 2657 1447 2713 audierim
1486 2673 1736 2717 sermone
1789 2662 2090 2729 celebrari,

486 2746 633 2817 quod
660 2762 826 2802 unum
851 2756 1040 2805 eorum
1068 2750 1152 2806 Snl
1177 2767 1468 2822 numquam
1501 2753 2088 2826 vidissetepulantem,

487 2839 721 2895 alterum
754 2842 984 2898 vidisset
1027 2844 1225 2899 iratum
1274 2863 1589 2917 numquam.
1629 2849 1711 2904 Ad
1756 2850 1874 2907 bmc
1903 2851 2094 2907 Gallus

489 2946 580 2988 me
611 2933 865 2990 intuens:
912 2935 957 2991 Ο
997 2937 1041 2992 si
1067 2948 1249 2994 vester
1274 2939 1363 2995 ille
1408 2939 1570 3012 (nolo
1597 2960 1793 3000 nomen
1842 2947 2090 3019 edicere)

488 3030 637 3081 nunc
662 3025 915 3091 adesset,
949 3030 1145 3085 vellem
1172 3032 1463 3087 admodum
1494 3035 1639 3091 istud
1666 3037 1882 3095 audiret
1911 3054 2097 3094 exem-

489 3118 675 3189 plum:
701 3135 862 3190 quem
891 3121 943 3176 in
972 3125 1265 3179 multorum
1295 3140 1441 3195 saepe
1467 3131 1718 3198 personis
1748 3132 1971 3187 nimium
2003 3148 2098 3188 ex-

2181 1910 2350 1966 dedit.
2393 1910 2470 1966 Ibi
2508 1910 2650 1977 vidi,
2698 1909 2842 1980 quod
2873 1926 2969 1965 vos
2996 1907 3136 1965 Galli
3176 1907 3318 1962 forte
3349 1922 3455 1961 non
3500 1906 3777 1971 credetis,

2182 2005 2345 2060 ollam
2375 2021 2497 2061 cum
2540 2004 2781 2060 oleribus
2831 2018 2954 2072 quae
2986 2002 3143 2058 nobis
3178 2002 3230 2056 in
3263 2015 3476 2057 coenam
3510 2014 3782 2070 pra'para-

2184 2100 2401 2165 bantur,
2453 2098 2575 2155 sine
2620 2099 2744 2168 igne
2790 2096 3045 2154 fervere:
3096 2106 3241 2152 tanta
3284 2099 3364 2150 vis
3388 2095 3526 2149 solis
3585 2105 3700 2157 est,
3727 2102 3782 2148 ut

2184 2192 2521 2262 quibuslibet
2548 2191 2738 2261 coqnis
2760 2190 2926 2246 etiam
2957 2189 3024 2245 ad
3053 2188 3333 2246 Gallorum
3366 2187 3653 2256 pulmenta
3679 2182 3785 2240 suf-

2186 2285 2353 2341 ficiat.
2384 2284 2511 2340 Post
2537 2298 2749 2341 caenam
2777 2291 2957 2338 autem
2979 2283 3089 2352 jam
3118 2281 3417 2336 inclinante
3445 2294 3679 2349 vespera
3709 2278 3786 2332 in—

2187 2380 2322 2435 vitat
2344 2394 2443 2433 nos
2460 2378 2526 2434 ad
2550 2379 2805 2433 arborem
2832 2376 3064 2447 palmam
3088 2417 3103 2441 ,
3131 2374 3287 2445 cujus
3311 2374 3587 2429 interdum
3618 2373 3787 2443 pomis

2187 2473 2265 2527 uti
2288 2472 2529 2538 solebat,
2562 2487 2683 2541 qua:
2708 2471 2823 2526 fere
2866 2471 3082 2526 duobus
3122 2468 3369 2522 millibus
3396 2467 3629 2523 aberat:
3665 2481 3782 2521 nam

2192 2564 2277 2620 ha:
2309 2574 2520 2619 tantum
2550 2565 2601 2619 in
2634 2579 2819 2620 eremo
2841 2562 3099 2629 arbores,
3151 2561 3279 2617 licet
3310 2574 3434 2616 raro
3455 2601 3471 2627 ,
3520 2561 3783 2616 habentur

2194 2668 2397 2715 tamen.
2440 2658 2594 2727 Quod
2624 2670 2800 2714 utrum
2830 2656 3008 2712 solers
3028 2654 3326 2726 antiquitas
3370 2656 3750 2721 procuraverit
3771 2695 3786 2720 ,

2193 2767 2263 2807 an
2291 2752 2394 2806 soli
2413 2762 2599 2806 natura
2628 2752 2841 2822 gignat,
2871 2751 3061 2819 ignoro
3093 2765 3106 2802 :
3133 2748 3237 2815 nisi
3274 2749 3317 2802 si
3366 2748 3508 2803 Deus
3532 2748 3790 2817 praescius

2198 2846 2547 2900 habitandam
2576 2845 2904 2916 quandoque
2935 2862 2963 2896 a
2988 2846 3192 2899 sanctis
3220 2838 3469 2899 eremum
3488 2884 3503 2910 ,
3540 2843 3655 2897 haec
3682 2857 3791 2895 ser-

2198 2937 2278 2992 vis
2301 2938 2414 2993 suis
2438 2937 2741 3007 paraverit:
2773 2952 2838 2992 ex
2869 2935 3077 3005 majore
3106 2937 3252 2991 enim
3286 2944 3470 3004 parte,
3513 2937 3607 3001 qui
3655 2933 3793 2988 intra

2200 3031 2293 3086 illa
2338 3040 2545 3086 secreta
2574 3030 2911 3094 consistunt,
2952 3044 3075 3083 cum
3107 3028 3213 3081 alia
3247 3025 3322 3081 ibi
3363 3027 3610 3096 germina
3653 3024 3795 3079 nulla

2200 3125 2536 3194 succedant,
2582 3124 2807 3180 istarum
2851 3124 3105 3179 arborum
3145 3122 3322 3192 pomis
3354 3123 3609 3191 aluntur.
3660 3121 3797 3189 Ergo

495 3214 634 3283 perti
668 3228 857 3271 sumus
886 3216 1239 3274 vehementer
1257 3219 1451 3276 irasci:
1484 3223 1580 3279 sed
1607 3232 1821 3295 tamen,
1850 3229 1975 3297 quia
1998 3228 2100 3282 ini-
2127 3204 2172 3268 (ἶ
2205 3220 2296 3275 ubi
2324 3220 2391 3275 ad
2414 3221 2563 3275 illam
2588 3220 2652 3274 ad
2682 3235 2841 3289 quam
2866 3233 2966 3273 nos
2992 3217 3305 3272 humanitas
3351 3216 3523 3270 nostri
3570 3213 3796 3284 hospitis

495 3307 657 3364 micis
686 3311 830 3375 suis,
860 3321 1121 3380 quantum
1173 3314 1365 3381 audio,
1395 3333 1570 3386 nuper
1599 3319 1834 3390 ignovit,
1887 3323 1931 3377 si
1958 3323 2102 3379 istud

493 3401 743 3469 audiret,
797 3406 971 3475 magis
1021 3408 1303 3478 magisque
1353 3411 1629 3481 proposito
1682 3414 2103 3472 confirmaretur

494 3496 789 3566 exemplo,
831 3501 1154 3568 praeclaram
1202 3519 1327 3560 esse
1370 3505 1625 3562 virtutem
1658 3509 1936 3566 iracundia
1995 3530 2101 3567 non

497 3592 729 3646 moveri.
766 3590 873 3649 Nec
906 3596 1342 3654 veroinllciabor
1366 3599 1543 3671 justas
1566 3602 1642 3658 illi
1674 3619 1868 3661 causas
1899 3608 2103 3663 irarum

499 3682 670 3740 fuisse
698 3704 713 3740 :
744 3685 840 3742 sed
865 3688 952 3744 ubi
983 3689 1175 3747 durior
1193 3708 1393 3762 pugna,
1420 3695 1491 3749 ibi
1524 3695 1817 3767 gloriosior
1843 3709 1926 3753 est
1947 3716 2108 3755 coro-

503 3793 614 3834 na:
650 3780 792 3837 unde
813 3784 1105 3853 quemdam
1127 3828 1142 3851 ,
1188 3788 1233 3842 si
1278 3790 1530 3857 agnoscis
1554 3831 1568 3855 ,
1613 3804 1813 3845 censeo
1844 3791 1966 3861 jure
1995 3793 2110 3847 lau-

502 3871 746 3928 dandum
766 3917 781 3942 ,
811 3877 958 3946 quod
990 3893 1114 3932 cum
1143 3895 1266 3935 eum
1322 3881 1554 3936 libertus
1585 3883 1886 3938 deseruerit
1925 3884 2103 3954 ingra-

504 3972 594 4020 tus
614 4006 628 4031 ,
664 3968 922 4024 misertus
943 3978 1027 4024 est
1055 3972 1234 4040 potius
1260 3988 1422 4041 quam
1454 3975 1756 4029 insectatus
1787 3975 2108 4044 abeuntem;

502 4058 601 4113 sed
627 4074 804 4130 neque
830 4062 911 4116 illi
942 4063 1218 4129 irascitur,
1243 4079 1271 4117 a
1304 4080 1414 4135 quo
1435 4065 1647 4120 videtur
1674 4066 1959 4123 abductus.
1989 4070 2113 4139 'Ego

506 4159 693 4205 autem
721 4168 735 4205 :
766 4150 879 4207 Nisi
904 4153 1049 4208 istud
1092 4155 1375 4213 vincendae
1413 4158 1706 4214 iracundia:
1733 4160 2114 4219 Postumianus

506 4242 845 4313 prodidisset
864 4249 1178 4318 exemplum
1199 4291 1213 4314 ,
1229 4249 1471 4320 graviter
1490 4252 1754 4309 irascerer
1776 4255 2116 4314 discessione

498 4334 719 4408 fugitivi
746 4355 758 4392 :
788 4340 885 4393 sed
908 4343 1034 4411 quia
1063 4342 1224 4399 irasci
1249 4358 1357 4397 non
1391 4344 1519 4400 licet
1539 4388 1553 4412 ,
1578 4355 1684 4402 tota
1710 4348 1939 4404 istorum
1968 4366 2117 4406 com-

504 4434 833 4488 memoratio
863 4450 985 4503 quae
1032 4451 1132 4491 nos
1161 4439 1509 4508 compungit,
1567 4442 1836 4498 abolenda
1876 4455 1977 4499 est.
2012 4444 2113 4511 Tc,

510 4522 736 4594 inquam
765 4566 780 4591 ,
813 4526 1203 4596 Postumiane,
1236 4540 1291 4585 te
1322 4534 1503 4600 potius
1527 4533 1831 4590 audiamus.
1864 4535 2078 4593 Faciam
2098 4580 2112 4602 ,

2204 3312 2468 3375 ducebat,
2502 3311 2750 3366 arborem
2780 3312 3162 3381 pervenimus,
3212 3309 3425 3364 lectiem
3460 3307 3531 3360 ibi
3576 3305 3798 3360 offendi-

2204 3422 2360 3462 mus:
2390 3422 2500 3476 quo
2529 3405 2675 3469 viso,
2704 3421 2805 3475 ego
2827 3416 2881 3459 et
2914 3404 3008 3460 ille
3038 3404 3147 3459 dux
3182 3418 3333 3457 meus
3377 3400 3797 3463 intremuimns;

2206 3511 2429 3555 sanctus
2457 3515 2586 3554 vero
2632 3498 2730 3552 ille
2761 3498 3139 3553 incunctanter
3183 3493 3452 3550 accessit:
3500 3508 3605 3547 nos
3632 3535 3648 3559 ,
3684 3492 3804 3547 licet

2207 3593 2442 3663 trepidi,
2472 3591 2641 3648 seculi
2662 3606 2869 3646 sumus.
2907 3583 3044 3646 Fera
3094 3589 3374 3660 paululum
3428 3587 3527 3659 (ut
3555 3573 3803 3642 cernercs

2210 3685 2530 3754 imperatam
2554 3700 2585 3739 a
2608 3684 2721 3740 Deo
2746 3684 2763 3753 )
2790 3683 3034 3738 modesta
3060 3684 3289 3738 secessit
3314 3691 3367 3735 et
3394 3680 3662 3744 constitit,
3684 3678 3805 3733 dum

2211 3777 2303 3833 ille
2344 3778 2544 3849 attigua
2593 3776 2759 3831 ramis
2801 3775 3185 3831 humilioribus
3238 3790 3399 3846 poma
3446 3773 3805 3842 decerperet:

2214 3886 2446 3942 cumque
2470 3872 2682 3940 plenam
2708 3872 2955 3941 palmulis
2982 3886 3200 3943 manum
3230 3869 3550 3934 obtulisset,
3580 3866 3808 3921 acrurrit

2215 3966 2425 4032 bestia,
2457 3966 2774 4035 accepitque
2807 3974 2913 4018 tam
2948 3964 3118 4019 libere
3156 3980 3316 4034 quam
3363 3964 3576 4017 nullum
3616 3960 3806 4015 animal

2215 4056 2575 4113 domesticum
2605 4074 2617 4110 :
2650 4069 2703 4111 et
2732 4073 2855 4111 cum
2878 4056 3228 4119 comedisset,
3254 4055 3543 4110 abscessit.
3568 4052 3680 4109 Nos
3702 4053 3810 4106 haec

2216 4152 2492 4208 intuentes
2521 4159 2576 4206 t‘l.
2603 4151 2779 4206 adhuc
2813 4158 3144 4216 trementes,
3197 4146 3356 4203 facile
3403 4147 3690 4218 potuimus
3725 4162 3814 4201 ex-

2218 4247 2490 4318 pendere,
2520 4256 2717 4318 quanta
2744 4246 2796 4301 in
2837 4245 2929 4301 illo
2953 4244 3080 4299 fidei
3114 4244 3285 4298 virtus
3313 4253 3369 4299 et
3404 4251 3610 4313 quanta
3636 4242 3688 4297 iu
3723 4256 3814 4296 n0-

2218 4342 2305 4398 bis
2334 4352 2480 4398 esset
2503 4342 2813 4396 infirmitas.

2293 4434 2435 4491 XIV.
2485 4435 2664 4490 Alium
2715 4448 2870 4504 teque
2919 4431 3250 4505 singularem
3318 4430 3496 4487 virum
3538 4431 3812 4496 vidimus,

2224 4543 2392 4599 parvo
2417 4529 2666 4599 tugurio,
2698 4527 2753 4583 in
2782 4544 2889 4598 quo
2916 4545 3021 4582 non
3065 4528 3169 4582 nisi
3219 4543 3359 4581 unus
3398 4526 3565 4596 recipi
3619 4532 3817 4597 posset,

511 4614 727 4684 inquit,
759 4614 998 4685 Sulpici,
1028 4621 1172 4689 quod
1207 4597 1495 4693 praecipis,
1543 4636 1812 4696 quatenus
1843 4638 1951 4683 tam
2004 4597 2119 4685 stu-
2144 4597 2199 4656 D
2227 4597 2586 4677 habitantem.
2634 4621 2713 4678 De
2763 4597 2864 4677 hoc
2907 4621 3046 4677 illud
3073 4621 3370 4686 ferebatur,
3418 4619 3564 4690 quod
3614 4620 3738 4689 lupa
3774 4618 3822 4673 ei

512 4708 701 4765 diosos
719 4709 979 4766 audiendi
1001 4727 1125 4768 esse
1154 4729 1248 4770 vos
1262 4716 1455 4783 video;
1489 4719 1584 4775 sed
1610 4730 1960 4790 mementote,
1995 4722 2118 4793 quia

516 4817 628 4857 non
655 4801 777 4857 sine
806 4801 997 4859 fenore
1020 4804 1182 4860 istum
1227 4810 1370 4878 apud
1403 4825 1498 4865 vos
1524 4810 1743 4881 depono
1770 4828 2078 4871 sermonem
2109 4834 2120 4870 :

515 4891 701 4949 libens
755 4906 958 4964 praesto
986 4897 1127 4966 quod
1160 4900 1416 4967 poscitis,
1458 4901 1751 4959 dummodo
1805 4907 1967 4976 paulo
2006 4916 2127 4978 post

520 4987 669 5056 quod
699 5002 1004 5058 poposcero
1018 5005 1127 5045 non
1154 4994 1389 5063 negetis.
1416 4993 1522 5050 Nos
1545 5011 1704 5059 vero,
1722 4998 1962 5069 inquam,
1990 5000 2125 5055 nihil

518 5075 813 5147 habemus,
847 5080 902 5135 in
939 5097 1048 5152 quo
1092 5084 1187 5139 tibi
1226 5094 1474 5141 mutuum
1508 5088 1595 5144 vel
1625 5090 1744 5145 sine
1799 5092 1985 5147 fenore
2026 5109 2114 5147 re-

518 5174 755 5230 stituere
785 5177 1072 5245 possimus.
1131 5179 1240 5236 Sed
1285 5191 1468 5237 tamen
1501 5182 1764 5253 quidquid
1797 5187 2076 5254 putaveris
2105 5229 2121 5251 ,

521 5268 829 5338 imperato,
851 5270 1180 5339 dummodo,
1216 5285 1272 5330 ut
1298 5290 1582 5346 coeperas,
1616 5276 2127 5334 desideriisnostris

526 5360 863 5418 satisfacias;
884 5363 1038 5421 valde
1061 5367 1206 5422 enim
1236 5383 1338 5425 nos
1373 5380 1461 5424 tua
1488 5370 2121 5439 delet-tatoratio.Nihil,
2156 5364 2165 5369 ’

527 5454 703 5526 inquit
738 5456 1153 5529 Postumianus’,
1177 5474 1356 5520 vestra
1381 5466 1562 5521 studia
1594 5464 1898 5521 fraudabo:
1930 5467 2127 5537 etquia

525 5548 775 5604 eremitte
814 5551 976 5610 unius
999 5555 1315 5625 incipientis
1342 5556 1644 5628 agnovistis
1675 5558 1954 5626 virtutem,
1999 5560 2135 5615 refe-

528 5654 645 5697 ram
667 5644 843 5700 adhuc
875 5647 1028 5704 vobis
1053 5664 1217 5718 pauca
1248 5651 1316 5705 de
1349 5651 1618 5720 plurimis.

604 5734 750 5791 Xlll.
794 5738 940 5812 Ergo
973 5742 1063 5797 ubi
1093 5744 1267 5814 prima
1294 5746 1463 5799 eremi
1509 5745 1789 5815 ingressus
1820 5761 1965 5811 sum,
2000 5747 2136 5803 duo-

536 5822 712 5885 decim
759 5829 879 5890 fere
916 5850 947 5890 a
990 5834 1111 5892 Nilo
1141 5836 1382 5893 millibus
1407 5835 1426 5910 (
1451 5836 1718 5895 habebam
1762 5838 1943 5895 autem
1969 5857 2133 5897 unum

2226 4716 2518 4772 solitaerat
2544 4724 2729 4771 astare
2768 4716 3042 4783 cceuanti,
3077 4731 3180 4770 nec
3223 4714 3380 4769 facile
3426 4730 3686 4784 umquam
3730 4712 3823 4767 be-

2229 4811 2331 4865 stia
2378 4811 2679 4877 falleretur,
2730 4811 2862 4882 quin
2896 4811 2970 4865 illi
3003 4809 3069 4864 ad
3116 4810 3411 4880 legitimam
3455 4809 3649 4863 horam
3692 4810 3827 4863 rele-

2230 4905 2430 4961 ctionis
2454 4916 2768 4961 occurreret
2798 4948 2812 4973 ,
2859 4914 2914 4961 et
2949 4904 3151 4959 tamdiu
3188 4920 3284 4973 pro
3316 4903 3521 4959 foribus
3550 4912 3828 4974 eXSpecta-

2233 5009 2347 5075 ret,
2372 5001 2547 5057 donec
2577 5000 2666 5057 ille
2691 5017 2885 5070 panem
2917 5000 3007 5069 qui
3040 4998 3271 5053 ctenula:
3300 4998 3701 5070 superfuisset,
3750 4996 3826 5051 of-

2231 5093 2439 5150 ferret:
2474 5095 2617 5149 illam
2641 5109 2860 5149 manum
2909 5092 3031 5163 ejus
3074 5091 3317 5146 lambere
3360 5092 3577 5147 solitam
3612 5112 3625 5145 :
3674 5101 3830 5162 atque

2231 5188 2304 5242 ita
2337 5187 2488 5255 quasi
2519 5187 2744 5256 impleto
2765 5184 2949 5241 officio
2979 5184 3705 5265 etpueSIitaconsolatione
3725 5184 3830 5240 dis—

2233 5268 2455 5336 cedere.
2526 5280 2631 5337 Sed
2676 5279 2818 5334 forte
2865 5276 3105 5342 accidit,
3154 5286 3209 5332 ut
3254 5287 3476 5334 sanctus
3521 5277 3659 5345 ille,
3707 5277 3832 5332 dum

2236 5372 2458 5429 fratrem
2482 5374 2575 5445 qui
2599 5373 2663 5428 ad
2688 5388 2810 5427 eum
2838 5383 3062 5428 venerat
3101 5373 3323 5428 deducit
3353 5356 3651 5429 abeuntem
3670 5416 3686 5438 ,
3719 5373 3835 5429 diu-

2241 5466 2347 5522 tius
2372 5467 2587 5522 abesset
2613 5507 2628 5529 ,
2662 5476 2716 5521 et
2745 5481 2850 5519 non
2881 5464 2984 5519 nisi
3014 5466 3114 5520 sub
3155 5476 3315 5521 nocte
3355 5477 3651 5522 remearet.
3697 5466 3835 5520 lnte-

2240 5561 2344 5616 rim
2376 5561 2549 5615 bestia
2572 5558 2637 5613 ad
2670 5559 3210 5614 consuetudinarium
3248 5559 3381 5615 illud
3423 5575 3597 5615 CtBll‘J}
3630 5569 3836 5629 tempus

2239 5654 2494 5708 occurrit.
2523 5651 2758 5708 Vacuam
2799 5652 3078 5718 cellulam,
3125 5667 3250 5707 cum
3305 5653 3632 5708 familiarem
3659 5662 3836 5723 patro.

2242 5760 2374 5802 num
2394 5745 2587 5801 abesse
2615 5747 2877 5813 sentiret,
2911 5737 3153 5816 ingressa
3174 5788 3188 5811 ,
3217 5748 3486 5802 curiosius
3514 5747 3832 5829 explorans,

2245 5840 2464 5896 Ubinam
2519 5826 2664 5898 esset
2710 5840 3006 5899 habitator.
3058 5826 3200 5897 Casu
3232 5828 3488 5913 contigua
3536 5824 3662 5899 cum
3691 5824 3836 5913 pani-
