4056 6340
193 293 280 349 195

1656 283 2002 346 DIALOGUS
2042 286 2084 341 l.

3437 293 3544 352 ιρι

187 409 274 462 bus
310 405 587 477 quinque
640 408 902 477 palmicia
956 405 1211 478 sportella
1248 403 1525 476 pendebat
1559 414 1589 458 :'
1618 421 1685 460 ex
1737 406 1820 459 his
1850 405 1894 461 Α
1925 399 2041 468 ligi.
2079 399 2131 452 id
2161 413 2279 453 eam
2309 397 2474 461 velle,
2513 407 2568 451 nt
2621 414 2728 469 quo
2781 399 2869 454 illa
2913 400 3176 467 ducebat,
3214 400 3550 458 anachoreta

191 518 334 555 uuutu
362 503 682 569 praesumit
735 491 798 555 et
833 503 1094 566 devorat,
1124 499 1320 554 deinde
1347 507 1662 570 perpetrato
1703 513 1821 552 sce-

187 595 288 649 lere
330 593 622 647 discedit.
693 595 994 666 Regressus
1045 595 1273 649 eretnita
1329 594 1472 648 videt
1520 591 1820 663 sportulam

186 685 532 779 όίνὲυιηιὶὶιῐι,
573 702 699 762 non
727 695 1011 741 constante
1037 703 1228 756 panum
1256 701 1487 742 numero
1513 701 1527 751 ;
1561 686 1820 738 damnum

188 778 615 835 reifamiliaris
667 782 968 850 intelligit,
1005 797 1069 836 ac
1113 796 1280 851 prepe
1315 780 1477 835 limen
1526 780 1681 852 panis
1728 780 1825 834 ab-

188 872 366 938 sumpti
397 871 754 940 fragmenta
778 875 1086 943 cognoscit;
1117 873 1212 928 sed
1229 889 1337 928 non
1365 883 1480 928 erat
1504 873 1717 928 incerta
1733 888 1825 928 su-

187 967 378 1037 spicio,
410 983 560 1036 qum
612 968 830 1022 furtum
884 983 1112 1037 persona
1141 968 1379 1023 fecisset.
1416 969 1554 1038 Ergo
1585 983 1709 1022 cum
1739 982 1824 1021 se-

187 1060 478 1131 quentibus
496 1060 723 1115 diebus
736 1062 1032 1116 secundmn
1049 1060 1503 1115 consuetudinem
1530 1061 1700 1114 bestia
1717 1075 1824 1114 non

186 1154 419 1208 venisset
480 1152 806 1224 (nimirum
849 1154 1067 1209 audacis
1116 1153 1272 1218 facti,
1301 1156 1519 1210 conseia
1549 1196 1562 1219 ,
1604 1155 1671 1208 ad
1699 1169 1824 1211 eum

189 1247 363 1302 venire
388 1248 824 1311 dissimulans,
863 1250 947 1302 cui
975 1247 1194 1303 fecisset
1224 1247 1524 1320 injuriam),
1554 1262 1700 1318 mgre
1731 1263 1828 1316 pa-

188 1343 412 1398 tiebatur
437 1342 732 1408 eremiea,
756 1357 816 1397 se
836 1342 1068 1397 alumnae
1096 1343 1292 1397 solatio
1320 1342 1666 1397 destitutum.
1697 1342 1829 1396 Pes-

189 1445 350 1489 trento
379 1434 548 1489 illius
590 1439 856 1489 oratione
888 1445 1136 1489 revocata
1169 1447 1195 1496 ,'
1217 1435 1508 1503 septimum
1533 1442 1653 1502 post
1684 1433 1826 1488 diem

189 1529 364 1592 adfuit,
382 1540 451 1583 ut
467 1529 710 1584 solebat
736 1539 882 1593 ante,
901 1529 1156 1584 ctenanti.
1177 1527 1283 1583 Sed
1301 1527 1382 1600 (ut
1407 1528 1560 1582 facile
1574 1542 1830 1582 cerneres

190 1623 593 1677 verecundiam
622 1621 1093 1692 pcenttentis)n0u
1130 1637 1258 1673 ausa
1287 1621 1503 1689 prOpius
1529 1618 1826 1684 accedere‘,

191 1718 409 1784 dejcclis
445 1719 509 1770 in
546 1728 771 1772 terram
807 1716 1074 1784 profundo
1112 1715 1317 1785 pudore
1344 1714 1633 1770 luminibus
1663 1713 1828 1785 (quod

1926 505 2274 562 sequeretur.
2306 491 2444 558 Quid
2478 492 2701 546 multis?
2730 493 2796 547 ad
2835 498 3156 564 speluncam
3193 495 3381 549 bestiae
3425 510 3554 563 per-

1929 589 2169 652 venitur,
2208 587 2425 641 ulii‘illa
2474 587 2694 641 adultos
2717 588 2833 657 jam
2877 590 3118 659 quinque
3149 589 3365 646 catulos
3410 591 3556 646 male

1927 677 2033 732 fcta
2067 679 2488 750 nutriebatzqui
2537 687 2594 732 tit
2623 679 2827 734 clausis
2861 680 3167 735 luminibus
3195 697 3260 736 ex
3290 683 3418 737 alvo
3438 697 3556 736 nia-

1927 771 2029 824 tris
2055 772 2326 839 exierant,
2362 772 2616 826 caecitate
2669 784 2936 843 perpetua
2994 774 3371 840 tenebantur;
3417 790 3557 846 quos

1927 865 2178 934 singulos
2223 866 2291 921 de
2341 884 2475 935 rupe
2508 869 2756 938 prolatos
2805 881 2940 926 ante
2981 871 3338 927 anachoreta:
3386 872 3556 942 pedes

1927 970 2105 1014 mater
2133 962 2409 1030 exposuit.
2444 961 2581 1016 Tum
2613 963 2838 1019 demum
2888 969 3128 1022 Sanctus
3163 968 3559 1026 animadvertit

1928 1052 2056 1121 quid
2105 1053 2277 1108 bestia
2340 1056 2677 1125 postularet,
2723 1058 3094 1131 invocatoque
3143 1063 3238 1116 Dei
3299 1064 3555 1130 nomine,

1929 1149 2291 1202 cenlrectavit
2325 1165 2487 1205 manu
2513 1151 2720 1205 lumina
2739 1154 2927 1208 clausa
2956 1155 3269 1210 catulorum
3308 1173 3322 1209 :
3355 1170 3418 1210 ac
3440 1167 3554 1211 sta-

1932 1242 2024 1294 tim
2057 1243 2304 1297 eaecitate
2351 1244 2605 1313 depulsa,
2642 1249 2854 1316 apertis
2907 1252 3084 1305 oculis
3121 1251 3424 1307 bestiarum
3459 1253 3555 1308 diu

1929 1346 2126 1405 negata
2160 1337 2248 1390 lux
2283 1337 2480 1407 patuit.
2511 1338 2590 1393 Ita
2639 1339 2843 1396 fratres
2884 1343 2988 1409 illi,
3021 1345 3357 1402 anachoreta
3387 1364 3554 1418 quem

1932 1432 2324 1487 desiderabant
2352 1435 2597 1501 visitato,
2626 1451 2750 1490 cum
2775 1438 3067 1494 admodum
3101 1441 3377 1497 fructuosa
3405 1444 3559 1500 labu-

1931 1525 2008 1578 ris
2034 1525 2120 1579 sui
2153 1526 2408 1581 merce-de
2434 1527 2759 1583 redierunt:
2791 1531 2884 1600 qui
2911 1533 2963 1586 in
2990 1535 3366 1588 testimonium
3389 1548 3556 1594 tanta

1932 1617 2152 1671 virtutis
2170 1618 2430 1685 admissi,
2461 1620 2622 1674 fidem
2642 1621 2830 1676 Sancti
2854 1633 2909 1678 ct
2929 1625 3164 1694 gloriam
3184 1625 3413 1694 Christi,
3434 1643 3557 1699 quae

1935 1727 2031 1780 per
2065 1714 2213 1782 ipsos
2242 1725 2391 1768 esset
2418 1716 2784 1781 testificanda,
2821 1717 3112 1774 vidissent.
3140 1719 3271 1774 Mira
3303 1722 3555 1778 dicturus

194 1813 357 1882 palam
383 1810 616 1865 livelmt
653 1807 912 1880 intelligi)
941 1809 1226 1878 qnmmlam
1252 1810 1459 1862 veniant
1487 1808 1825 1877 precabatur.
1862 1793 1911 1854 B
1938 1819 2056 1857 sum
2085 1821 2096 1856 :
2130 1804 2358 1859 leaenam
2400 1818 2526 1876 post
2565 1808 2681 1862 dies
2707 1809 2958 1879 quinque
2988 1811 3054 1865 ad
3103 1823 3387 1870 auctorem
3421 1815 3559 1871 tanti
3603 1857 3618 1874 .

193 1905 351 1974 Quam
376 1907 539 1958 illius
560 1902 1190 1959 cmifusionemeremita
1217 1902 1521 1967 miseratus,
1544 1903 1696 1970 jubet
1712 1917 1830 1956 eam

195 2000 410 2068 propius
439 1997 774 2060 accedere,
809 2011 871 2050 ac
901 2011 1064 2049 manu
1113 1994 1310 2050 blanda
1339 2003 1498 2064 caput
1523 1998 1673 2048 ll'lSle
1708 2010 1834 2063 per-

194 2093 430 2148 mulcet:
469 2091 612 2146 dein
655 2105 803 2160 pane
835 2090 1112 2159 duplicato
1149 2103 1296 2144 ream
1344 2104 1498 2142 suam
1533 2088 1726 2143 reficit.
1756 2087 1832 2142 lta

194 2185 600 2256 indulgentiam
633 2192 937 2238 Consecuta
967 2225 981 2248 ,
1006 2180 1170 2235 officii
1192 2180 1643 2235 consuetudinem
1667 2179 1836 2248 depo-

196 2281 295 2337 sito
333 2297 598 2336 tnmrore
652 2279 955 2349 reparavit.
992 2277 1320 2343 Intuemini,
1378 2291 1564 2348 quarso
1588 2318 1601 2342 ,
1633 2275 1832 2330 Christi

197 2377 354 2430 etiam
411 2377 469 2428 in
536 2374 649 2427 hac
679 2385 837 2442 parte
867 2373 1118 2426 virtutem
1141 2415 1153 2436 ,
1197 2370 1283 2424 cui
1316 2371 1459 2438 sapit
1488 2384 1650 2424 omne
1689 2368 1835 2439 quod

201 2469 416 2524 brutum
448 2478 577 2532 est,
646 2466 741 2520 cui
795 2467 922 2520 mite
951 2476 1034 2522 est
1086 2481 1248 2520 omne
1289 2464 1431 2535 quod
1485 2465 1660 2517 saevit.
1687 2463 1834 2532 Lupa

201 2571 423 2632 praestat
466 2561 733 2616 officium
763 2602 778 2626 ,
829 2559 952 2625 lupa
987 2558 1111 2614 furti
1141 2559 1346 2614 crimen
1393 2559 1668 2628 agnoscit,
1710 2543 1834 2626 lupa

201 2659 421 2712 conscio
478 2655 711 2726 pudore
769 2651 1153 2708 confunditur:
1210 2660 1396 2706 vocata
1446 2651 1627 2717 adest,
1678 2660 1838 2720 caput

203 2753 448 2821 pra-bet,
496 2759 558 2805 et
584 2749 763 2802 habet
794 2763 1014 2801 sensum
1046 2745 1269 2800 indultre
1314 2747 1413 2799 sibi
1442 2746 1645 2809 venia),
1694 2746 1838 2799 sicut

204 2850 471 2921 pudorem
505 2849 692 2919 gessit
719 2844 912 2899 errati.
945 2844 1056 2897 Tua
1093 2844 1206 2898 lucc
1233 2843 1425 2907 virtus,
1450 2841 1697 2907 Christe;
1749 2850 1836 2896 tua

206 2955 332 2999 Sunt
356 2947 500 3004 lucc.
532 2942 793 3005 Christe,
828 2939 1090 2994 miracula
1119 2955 1130 2990 :
1159 2936 1364 2992 etenim
1389 2953 1507 3007 qua}
1537 2937 1589 2990 in
1622 2948 1714 2990 tuo
1738 2950 1836 2988 no-

212 3039 360 3092 mine
383 3046 702 3106 operantur
725 3033 873 3088 servi
905 3033 1012 3098 tui,
1042 3041 1128 3086 tua
1153 3039 1279 3085 sunt
1311 3049 1323 3084 :
1367 3043 1419 3085 et
1459 3031 1510 3084 in
1557 3031 1658 3083 hoc
1691 3030 1840 3099 inge-

209 3131 500 3185 miscitnus
520 3171 536 3193 ,
571 3126 728 3197 quod
757 3126 1098 3193 majestatetn
1123 3135 1266 3178 tuam
1297 3123 1427 3178 ferte
1456 3125 1718 3190 sentiunt,
1747 3124 1840 3177 lto-

207 3221 390 3278 mittes
414 3239 528 3275 nun
558 3229 854 3274 verentur.

279 3319 404 3374 XV.
438 3317 521 3372 Ne
555 3316 649 3372 cui
681 3326 868 3369 autem
901 3314 1003 3368 hoc
1045 3311 1368 3366 incredibile
1398 3310 1539 3366 forte
1569 3308 1839 3372 videatur,

215 3413 426 3484 majora
468 3409 826 3467 memorabo.
878 3406 1038 3462 Fides
1085 3405 1286 3460 Christi
1330 3405 1519 3470 adest,
1579 3421 1664 3458 me
1713 3404 1846 3458 nihil

215 3505 458 3577 ﬁngere,
494 3518 692 3572 neque
723 3502 953 3556 incertis
984 3499 1295 3554 auctoribus
1326 3501 1540 3569 vulgata
1574 3514 1798 3552 narrare
1831 3515 1845 3555 ε

216 3599 313 3653 sed
338 3616 464 3670 quae
492 3595 638 3650 mihi
672 3610 771 3664 per
804 3593 992 3647 fideles
1017 3595 1162 3647 viros
1193 3603 1471 3657 Comperta
1507 3601 1657 3657 sunt,
1682 3591 1850 3662 expli-

135 3693 144 3704 '
217 3691 381 3746 cabo.
415 3690 701 3745 Habitant
734 3687 978 3754 plerique
1011 3685 1064 3738 in
1092 3700 1280 3739 eremo
1297 3686 1414 3740 sine
1439 3685 1563 3739 ullis
1594 3685 1848 3739 taberna-

220 3783 379 3846 culis,
433 3797 586 3853 quos
633 3777 1017 3832 Auarhoretas
1051 3787 1243 3830 vocant
1279 3792 1291 3829 :
1326 3778 1514 3830 vivunt
1561 3776 1849 3830 herbarum

219 3877 505 3932 radicibus
540 3895 552 3929 :
589 3874 753 3928 nullo
784 3888 1038 3942 umquam
1068 3881 1219 3926 certo
1260 3871 1380 3926 loco
1411 3875 1751 3935 consistunt,
1786 3885 1853 3925 ne

222 3972 294 4026 ab
324 3971 656 4025 hominibus
687 3966 1144 4036 frequententur;
1173 3980 1307 4034 quas
1337 3981 1439 4020 nox
1473 3966 1734 4035 coegerit.
1769 3979 1856 4018 se-

222 4063 584 4120 deshabent.
625 4059 711 4115 Ad
745 4060 1031 4129 quemdam
1067 4059 1229 4128 igitur
1276 4060 1375 4114 hoc
1420 4059 1528 4112 ritu
1556 4068 1716 4128 atque
1757 4058 1856 4112 hac

224 4158 348 4228 lege
380 4160 682 4210 viventem
716 4153 823 4206 duo
865 4169 930 4206 ex
974 4151 1141 4206 Nitria
1177 4150 1464 4217 monachi,
1518 4149 1647 4204 licet
1701 4150 1856 4220 longe

228 4251 449 4308 diversa
485 4248 762 4318 regione,
798 4245 976 4300 tamen
1010 4244 1135 4314 quia
1165 4244 1297 4298 olim
1334 4243 1466 4312 ipsis
1489 4242 1542 4296 in
1586 4249 1859 4295 monaste-

230 4346 305 4401 rii
325 4342 770 4401 conversatione
792 4340 990 4393 chartis
1033 4346 1090 4393 et
1117 4337 1397 4392 familiaris
1426 4335 1634 4400 fuisset,
1662 4333 1858 4388 auditis

236 4439 355 4510 ejus
410 4436 727 4493 virtutibus
765 4432 1156 4489 tetenderunt:
1190 4446 1351 4502 quem
1395 4429 1487 4484 diu
1520 4429 1861 4498 multumque

237 4537 564 4607 qumsitum,
607 4528 828 4584 tandem
860 4542 1045 4583 mense
1061 4527 1296 4596 septimo
1329 4532 1647 4595 repererunt
1671 4524 1725 4576 in
1756 4537 1858 4577 ex-

1939 1898 2191 1952 beneficii
2219 1903 2541 1966 revertisse,
2562 1900 2862 1972 eidemque
2894 1905 3170 1960 inusitata:
3197 1906 3329 1962 ferte
3347 1909 3558 1980 pellem

1939 2006 2042 2062 pro
2066 2009 2295 2048 munere
2325 1993 2590 2049 detulisse
2621 2013 2634 2048 :
2666 2011 2772 2063 qua
2822 1996 3147 2068 plerumque
3185 2014 3411 2057 sanetus
3463 2001 3559 2059 ille

1936 2089 2090 2158 quasi
2143 2090 2395 2144 amiculo‘
2438 2091 2864 2158 circunttcctus,
2919 2108 3029 2148 non
3089 2095 3422 2168 dedignatus
3475 2108 3563 2156 est

1938 2197 2138 2236 munus
2166 2198 2262 2251 per
2291 2182 2537 2255 bestiam
2569 2198 2818 2252 sumere,
2867 2186 3026 2255 cujus
3052 2187 3218 2243 alium
3259 2192 3439 2261 potius
3469 2191 3561 2247 itt-

1948 2273 2355 2340 terpretabatur
2379 2283 2685 2330 auctorem.

2011 2364 2150 2420 XVI.
2186 2367 2314 2421 Erat
2342 2367 2506 2421 etiam
2551 2369 2787 2424 alterius
2817 2369 3170 2428 anachoreta:
3212 2375 3266 2429 in
3301 2374 3414 2430 illis
3457 2391 3552 2433 re-

1937 2461 2186 2531 gionibus
2213 2477 2412 2516 nomen
2439 2461 2678 2526 illustre,
2703 2463 2797 2533 qui
2825 2463 2878 2518 iu
2912 2479 2974 2518 ea
3007 2477 3162 2534 parte
3177 2467 3408 2538 deserti,
3433 2486 3556 2542 qua:

1939 2565 2020 2609 est
2055 2554 2285 2626 Syenes,
2334 2553 2637 2610 habitabat.
2671 2555 2774 2611 llic
2803 2571 2928 2612 cum
2969 2559 3208 2628 primum
3255 2576 3314 2616 se
3345 2562 3414 2617 ad
3437 2579 3562 2620 erc-

1940 2663 2086 2700 mum
2121 2647 2479 2712 contulisset,
2534 2646 2719 2702 herbis
2778 2649 3182 2724 herbarumque
3235 2654 3556 2727 radicibus,

1940 2759 2075 2814 quas
2097 2743 2406 2814 praedulces
2435 2742 2706 2798 interdum
2740 2754 2795 2800 et
2821 2748 3040 2816 saporis
3071 2750 3258 2805 eximii
3290 2749 3399 2807 fert
3428 2768 3559 2808 are-

1943 2856 2031 2904 na,
2054 2842 2216 2895 victui
2235 2856 2317 2906 us,
2336 2841 2557 2911 ignarus
2574 2843 2845 2912 germinis
2860 2846 3123 2915 eligendi,
3143 2847 3304 2905 noxia
3323 2852 3561 2920 plerum-

1942 2948 2046 3002 que
2073 2934 2354 3002 carpebat.
2398 2933 2506 2988 Nec
2535 2943 2655 2990 erat
2700 2934 2864 2992 facile
2917 2939 3028 2993 vim
3081 2940 3324 2998 radicum
3358 2961 3560 3015 sapore

1943 3026 2292 3091 discernere;
2323 3028 2448 3097 quia
2484 3029 2666 3082 omnia
2715 3045 2872 3098 aeque
2914 3030 3126 3097 dulcia;
3162 3035 3255 3090 sed
3299 3037 3558 3109 pleraque

1943 3121 2242 3175 occultiore
2259 3131 2450 3174 natura
2475 3123 2627 3176 virus
2657 3121 2862 3178 lethale
2883 3124 3238 3183 cohibebant.
3262 3129 3398 3184 Cum
3429 3147 3563 3203 ergo

1867 3188 1914 3252 C
1948 3213 2203 3266 edentem
2237 3212 2324 3266 vis
2352 3215 2565 3267 interna
2617 3223 2925 3282 torqueret,
2959 3227 3014 3272 et
3040 3218 3324 3276 immensis
3353 3188 3564 3280 dolori-

1948 3309 2048 3363 bus
2072 3308 2252 3361 vitalia
2289 3308 2538 3363 universa
2570 3321 2949 3380 quaterentur,
2980 3329 3044 3369 ac
3084 3315 3345 3386 frequens
3379 3323 3561 3378 vomi-

1951 3410 2038 3457 tus
2068 3403 2401 3458 cruciatibus
2449 3419 2553 3457 non
2605 3403 2848 3460 ferendis
2893 3408 3065 3477 ipsam
3120 3411 3320 3468 animae
3370 3415 3559 3474 sedem

1950 3495 2362 3565 stomacliojam
2397 3495 2683 3551 fatiscente
2712 3498 3074 3568 dissolveret;
3125 3505 3307 3560 omnia
3344 3509 3565 3577 penitus

1953 3607 2075 3662 qua:
2096 3601 2285 3646 essent
2335 3589 2544 3645 edenda
2575 3591 2897 3660 formidans,
2926 3597 3224 3665 septimum
3257 3600 3310 3655 in
3339 3601 3567 3673 jejuniis

1954 3685 2096 3740 diem
2133 3686 2326 3754 spiritu
2360 3684 2654 3739 deficiente
2685 3684 2941 3742 ducebat.
2967 3688 3102 3744 Tum
3131 3691 3199 3746 ad
3239 3707 3361 3748 eum
3413 3696 3561 3763 fera,

1955 3780 2041 3835 eui
2069 3780 2224 3834 lbicis
2247 3787 2331 3835 est
2362 3795 2590 3846 nomen,
2618 3782 2888 3849 accessit;
2924 3783 3052 3840 huic
3093 3789 3322 3857 propius
3361 3792 3566 3848 astanti

1958 3876 2276 3931 fasciculum
2309 3875 2605 3930 herbarqu
2634 3892 2798 3946 quem
2850 3879 3142 3936 collectum
3186 3884 3363 3953 pridie
3400 3887 3569 3944 attin-

1956 3986 2084 4041 gere
2111 3987 2218 4024 non
2251 3970 2511 4038 audebat,
2547 3971 2757 4041 objeeit
2788 3987 2802 4024 :
2836 3973 2932 4028 sed
2981 3973 3097 4030 fera
3141 3993 3264 4047 quae
3289 3980 3568 4040 virulenta

1959 4075 2235 4120 erantorc
2258 4063 2584 4131 discutiens,
2611 4081 2735 4134 qua:
2767 4067 2990 4122 innoxia
3030 4080 3260 4126 noverat
3304 4073 3566 4144 eligebat.

1960 4158 2035 4213 Ita
2058 4159 2143 4211 vir
2173 4167 2393 4211 sanctus
2421 4158 2543 4224 ejus
2591 4159 2846 4228 exemplo
2882 4159 3014 4229 quid
3069 4162 3257 4230 edere,
3308 4166 3439 4236 quid
3480 4185 3568 4226 re-

1962 4264 2162 4319 sjiuere
2184 4248 2410 4304 deberet
2439 4249 2700 4316 edoctus,
2734 4261 2792 4305 et
2822 4251 3125 4321 periculum
3173 4256 3333 4314 famis
3359 4261 3567 4330 evasit,

1962 4353 2016 4400 et
2048 4344 2340 4398 herbarum
2371 4358 2579 4398 venena
2608 4344 2818 4399 vitavit.
2849 4345 2955 4402 Sed
2989 4347 3207 4418 longum
3238 4361 3320 4407 est
3344 4353 3412 4409 de
3453 4371 3571 4410 ont-

1965 4438 2124 4494 uibus
2153 4439 2241 4509 qui
2263 4438 2810 4506 ercmum-incolunt,
2841 4451 3120 4513 comperta
3155 4445 3316 4502 nobis
3351 4448 3436 4504 vel
3465 4465 3567 4505 au-

1965 4532 2073 4586 dita
2120 4547 2442 4588 memorare.
2491 4536 2710 4588 Annum
2768 4537 3048 4605 integrtnn
3093 4548 3152 4593 et
3208 4548 3418 4611 septem
3459 4543 3574 4601 fere

241 4594 423 4686 t-remo
449 4629 554 4682 illo
586 4625 815 4680 deserto
843 4623 987 4695 quod
1020 4632 1104 4678 est
1149 4621 1374 4676 Blcmbis
1394 4621 1740 4692 contiguum,
1769 4594 1943 4676 de-D
1971 4643 2187 4683 menses
2234 4627 2376 4682 intra
2416 4628 2742 4684 solitudines
2783 4631 3118 4688 constitutus
3165 4594 3350 4705 exegi,
3401 4640 3576 4711 magis

246 4735 569 4779 morantem
595 4739 608 4773 :
631 4733 768 4790 quas
799 4718 892 4773 ille
920 4716 1373 4785 solitudinesjam
1410 4731 1506 4786 per
1537 4730 1710 4770 annos
1732 4714 1865 4769 duo-

245 4817 430 4873 decim
448 4813 751 4870 dicebatur
770 4811 1037 4866 habitare.
1053 4809 1155 4878 Qui
1171 4809 1297 4864 lieet
1319 4808 1563 4863 omnium
1589 4808 1865 4862 hominum

247 4910 455 4964 vitaret
480 4921 776 4969 occursus,
801 4913 981 4959 tamen
1026 4902 1239 4973 agnitos
1285 4919 1390 4957 non
1424 4901 1654 4974 refugit,
1703 4916 1871 4971 seque

250 5000 610 5059 charissimis
644 5013 742 5068 per
768 4996 1005 5052 triduum
1033 5013 1140 5051 non
1171 4996 1409 5065 negavit.
1434 4995 1637 5064 Quarto
1661 4996 1749 5050 die
1775 4996 1873 5050 ali-

257 5095 596 5168 quantulum
616 5106 960 5162 progressus,
983 5107 1105 5146 eum
1129 5100 1560 5161 prosequeretur
1582 5092 1870 5156 abeuntes,

259 5188 495 5244 leaenam
527 5186 691 5241 mira:
715 5184 1101 5254 magnitudinis
1123 5183 1187 5239 ad
1215 5200 1272 5237 se
1290 5185 1480 5239 venire
1510 5184 1868 5253 c0t15pieiunt.

260 5282 472 5350 Bestia,
504 5285 641 5338 licet
671 5282 843 5337 tribus
865 5283 1132 5350 repertis,
1158 5296 1266 5336 non
1295 5281 1503 5335 incerta
1536 5296 1695 5352 quem
1719 5288 1873 5351 pete-

269 5391 387 5447 ret,
421 5377 781 5434 anachoretze
814 5376 1043 5445 pedibus
1088 5374 1420 5438 advolvitur,
1477 5384 1533 5430 et
1575 5389 1696 5428 cum
1745 5375 1873 5428 fletu

267 5473 509 5544 qundam
538 5455 1005 5527 etlamentatinne
1055 5469 1418 5540 procumbens
1459 5469 1739 5524 indicabat
1779 5484 1874 5540 ge-

273 5569 475 5622 mentis
501 5565 714 5632 pariter
737 5573 788 5620 et
821 5565 1068 5634 rogantis
1093 5564 1366 5619 affectam.
1388 5563 1552 5619 Movit
1581 5578 1795 5630 omnes,
1826 5572 1881 5619 et

278 5665 559 5732 praecipue
593 5659 744 5712 illum
774 5662 862 5727 qui
895 5675 953 5715 se
997 5658 1348 5713 intellexerat
1376 5660 1701 5728 expetitum.
1732 5658 1880 5713 Prac-

282 5757 573 5810 cedentcm
616 5762 915 5822 sequuntur
944 5771 955 5808 :
990 5769 1110 5808 nam
1143 5753 1399 5823 praeiens,
1431 5760 1486 5808 et
1516 5751 1749 5809 subinde
1791 5767 1881 5806 re-

289 5851 482 5908 stitans
524 5847 871 5918 subinde-que
904 5860 1245 5920 reSpertans,
1280 5845 1436 5903 facile
1469 5857 1688 5915 poterat
1718 5845 1883 5902 intel-

1969 4721 2186 4776 virtutis
2210 4721 2514 4776 admirator
2550 4721 2771 4790 alienas,
2803 4738 2964 4793 quam
2998 4727 3142 4796 qttod
3191 4727 3307 4798 ipse
3339 4738 3444 4786 tam
3487 4749 3578 4788 ar-

1971 4815 2135 4870 duum
2165 4824 2327 4887 atque
2377 4814 2603 4872 difficile
2645 4817 2923 4886 potuerim
2956 4827 3170 4876 tentare
3200 4825 3575 4894 propositum;

1972 4909 2174 4977 sacpius
2205 4917 2388 4964 tamen
2427 4923 2552 4964 cum
2587 4923 2720 4965 sene
2769 4909 2864 4965 illo
2907 4911 2997 4981 qui
3023 4921 3248 4983 puteum
3289 4925 3345 4971 et
3381 4917 3576 4976 bovem

1977 5000 2236 5064 habebat,
2274 5000 2532 5056 habitavi.

2051 5092 2209 5148 XVII.
2241 5093 2361 5149 Duo
2382 5094 2526 5150 beati
2548 5096 2768 5151 Antonii
2794 5101 3126 5157 monasteria
3161 5103 3292 5172 adii,
3325 5122 3451 5176 qua:
3483 5107 3580 5164 ho-

1979 5187 2174 5258 dieque
2205 5187 2274 5243 ab
2313 5186 2434 5257 ejus
2463 5188 2749 5258 discipulis
2784 5189 3123 5250 incoluntur.
3163 5196 3244 5252 Ad
3270 5215 3393 5255 eum
3418 5203 3585 5259 etiam

1979 5283 2161 5339 locum
2194 5281 2247 5338 in
2279 5298 2386 5353 quo
2437 5282 2790 5340 beatissimus
2837 5286 3039 5343 Paulus
3093 5291 3301 5359 primus
3351 5297 3586 5352 eremita

1977 5387 2063 5433 est
2103 5378 2432 5444 diversatus,
2459 5378 2693 5433 accessi.
2730 5378 2974 5435 Rubrum
3026 5399 3177 5439 mare
3204 5384 3311 5439 vidi
3348 5387 3582 5457 :jngnm

1982 5471 2113 5529 Sina
2145 5471 2346 5526 montis
2374 5470 2594 5526 ascendi
2614 5513 2628 5534 ,
2658 5473 2818 5541 cujus
2845 5487 3118 5530 sumntum
3153 5493 3411 5533 cacumen
3438 5481 3585 5537 cutio

1981 5579 2122 5636 pene
2148 5563 2458 5634 contiguum
2484 5578 2823 5634 nequaquam
2851 5566 2989 5621 adiri
3025 5579 3220 5635 potest.
3244 5567 3391 5622 Inter
3421 5572 3584 5639 hujus

1981 5670 2232 5715 recessus
2277 5658 2606 5712 anachoreta
2658 5673 2781 5713 esse
2829 5659 3025 5728 aliquis
3066 5659 3361 5725 ferebatur,
3415 5679 3582 5732 quem

1978 5751 2070 5808 diu
2096 5751 2434 5822 multumque
2465 5752 2754 5821 quaasitum
2783 5751 2969 5808 videre
3006 5769 3110 5807 non
3139 5752 3310 5820 potui,
3339 5754 3436 5824 qui
3466 5756 3584 5816 fere

1981 5847 2093 5918 jam
2120 5855 2245 5903 ante
2274 5846 2670 5918 quinquaginta
2698 5860 2872 5902 annos
2917 5861 2948 5900 a
3003 5846 3427 5908 conversatione
3480 5851 3586 5912 hu-
