4056 6340
569 331 674 391 195

1927 315 2216 386 ευιριριι
2251 321 2506 386 SEVERI

3775 331 3868 388 198

567 465 723 507 tnana
751 459 1012 514 remotus,
1031 449 1180 504 nullo
1196 449 1363 505 vestis
1381 448 1646 517 usn,setis
1672 443 1920 518 corporis
1942 445 2022 500 sui
2055 451 2166 498 tee-
2198 446 2244 504 A
2275 443 2398 500 dem
2415 443 2480 498 ad
2496 443 2747 502 eumdem
2762 444 3015 500 abbatem
3037 445 3394 518 recipiendus
3406 446 3738 502 advenerat:
3756 461 3872 502 cum

561 552 676 609 tus,
705 543 1004 597 nuditatem
1044 559 1192 596 suam
1226 543 1414 596 divino
1462 556 1689 596 munere
1739 537 2036 594 nesciebat.
2073 538 2168 592 llic

555 637 774 708 quoties
810 652 934 691 eum
989 638 1234 706 religiosi
1294 637 1394 691 viri
1447 638 1600 691 adire
1634 635 1948 698 voluerunt,
2004 649 2166 687 cursu

558 733 677 786 avia
717 740 929 799 petens,
963 745 1293 799 Congressus
1329 731 1534 783 vitabat
1577 729 1866 783 humanos.
1916 725 2015 783 Uni
2052 739 2166 780 tan-

557 823 844 879 tuntmodo
869 823 1218 878 ferebaturse
1242 835 1369 878 ante
1389 823 1822 894 quinquennium
1843 821 2164 892 prathnisse,

552 917 828 986 quicredo
857 919 1069 987 potenti
1096 916 1202 972 fide
1224 918 1273 970 id
1292 917 1544 972 obtinere
1568 917 1903 986 promeruit:
1925 913 2167 969 cuiinter

552 1012 721 1064 multa
749 1010 892 1064 collo
915 1011 1022 1079 luia
1054 1009 1456 1080 percutietanti,
1481 1024 1581 1063 cur
1611 1007 1860 1062 homines
1882 1016 2165 1074 tant0pere

551 1103 775 1168 vitaret,
793 1103 1142 1173 respondisse
1162 1104 1500 1172 perhibetur,
1518 1117 1641 1156 cum
1664 1102 1752 1171 qui
1771 1100 1837 1155 ab
1852 1098 2164 1155 hominibus

550 1197 1018 1268 frequentaretur,
1054 1213 1164 1252 non
1200 1214 1363 1268 posse
1409 1197 1477 1252 ab
1519 1197 1729 1266 angelis
1781 1194 2116 1266 frequentari
2149 1212 2159 1246 :

551 1292 698 1346 unde
723 1307 828 1344 non
857 1291 1136 1346 immerito
1165 1300 1385 1360 recepta
1417 1291 1675 1360 Opinione
1700 1288 1990 1343 multorum
2024 1287 2161 1341 fama

548 1388 888 1457 vulgaverat,
909 1388 1170 1442 Sanctum
1189 1387 1338 1440 illum
1358 1387 1424 1441 ab
1449 1385 1660 1454 angelis
1686 1384 1917 1438 visitari.
1935 1381 2130 1451 Egoau
2146 1409 2161 1418 -

549 1485 658 1532 tem
685 1495 713 1532 a
749 1479 876 1534 Sina
906 1490 1091 1532 monte
1121 1480 1406 1548 digressus
1432 1480 1497 1530 ad
1524 1477 1701 1531 Nilum
1736 1476 2166 1544 ilumenregres-

547 1586 642 1628 sus
675 1587 819 1634 sum,
856 1573 1014 1639 cujus
1059 1573 1206 1640 ripas
1239 1571 1617 1640 frequentibus
1658 1569 2006 1624 monasteriis
2035 1582 2165 1622 eon-

547 1679 723 1724 sertas
749 1678 982 1737 utraque
1011 1685 1074 1722 ex
1105 1681 1259 1740 parte
1289 1667 1558 1734 lustravi;
1593 1667 1916 1736 plerumque
1943 1663 2075 1728 vidi,
2105 1671 2166 1717 ut

544 1759 752 1814 dudum
783 1761 1058 1826 dixeram,
1091 1777 1202 1814 uno
1231 1761 1286 1835 in
1311 1763 1435 1816 ineo
1469 1759 1718 1814 habitare
1741 1755 2005 1813 centenos
2028 1773 2042 1809 :
2069 1756 2162 1811 sed

2272 541 2442 607 prima
2464 539 2514 593 ei
2539 541 2624 594 lex
2646 538 2976 596 obedientim
2992 553 3316 611 poneretur,
3338 557 3398 600 ac
3414 551 3697 614 perpetem
3727 543 3876 614 polii-

2270 641 2488 688 ceretttr
2506 633 2571 687 ad
2593 627 2776 688 omnia
2801 634 2886 688 vel
2908 645 3160 690 extrema
3189 635 3535 705 patientiam;
3561 651 3695 691 casu
3717 636 3877 694 abbas

2269 727 2594 783 storacinam
2616 727 3164 800 virgamjampridem
3194 731 3401 785 aridam
3432 747 3594 786 manu
3627 731 3874 802 gerebat:

2269 818 2412 874 hanc
2435 821 2550 876 solo
2575 819 2710 892 figit,
2745 832 2911 894 atque
2959 823 3040 878 illi
3082 824 3304 880 advena:
3330 823 3381 881 id
3411 826 3872 899 operisimponit,

2270 923 2326 967 ut
2360 915 2560 970 tamdiu
2594 916 2820 987 virgulae
2851 932 3044 988 aquam
3089 917 3347 990 irrigttam
3384 920 3754 989 ministraret,
3786 917 3878 976 do-

2271 1019 2390 1069 nec,
2424 1006 2568 1076 quod
2597 1015 2789 1063 contra
2820 1022 3038 1064 omnem
3071 1020 3321 1065 naturam
3347 1021 3492 1075 erat.
3525 1009 3735 1082 lignum
3776 1016 3876 1067 ari-

2268 1095 2395 1152 dum
2421 1098 2474 1152 in
2506 1098 2620 1153 solo
2646 1110 2843 1157 arente
2871 1101 3194 1157 viresceret.
3227 1101 3524 1174 Subjectus
3548 1101 3760 1160 advena
3785 1105 3878 1159 titt-

2269 1208 2345 1247 rce
2374 1191 2512 1264 legis
2545 1195 2797 1266 imperio,
2855 1211 3050 1264 aquam
3095 1199 3336 1268 prOpriis
3365 1199 3610 1256 humeris
3634 1200 3875 1270 quotidie

2267 1287 2641 1355 convehebat,
2671 1305 2790 1360 quae
2819 1304 2849 1343 a
2877 1289 3000 1346 Nilo
3039 1289 3262 1348 flumine
3297 1308 3393 1363 per
3425 1293 3536 1350 duo
3565 1293 3682 1348 fere
3714 1292 3873 1348 millia

2269 1379 2586 1450 petebatur;
2613 1380 2838 1452 jamque
2891 1396 3114 1436 emenso
3156 1384 3282 1437 anni
3322 1384 3521 1453 spatio,
3563 1383 3722 1440 labor
3773 1399 3872 1439 non

2268 1476 2517 1530 cessabat
2545 1476 2922 1546 operantis,et
2952 1477 3019 1531 de
3046 1475 3228 1532 fructu
3260 1479 3442 1548 operis
3466 1492 3593 1549 spes
3623 1493 3748 1534 esse
3772 1494 3872 1534 non

2270 1577 2481 1638 poterat
2513 1587 2524 1622 :
2557 1579 2740 1624 tamen
2763 1569 3094 1624 obedientite
3126 1571 3298 1624 virtus
3326 1571 3376 1624 in
3401 1570 3594 1627 labore
3627 1571 3869 1628 durabat.

2265 1662 2512 1732 Sequens
2560 1675 2778 1734 quoque
2827 1677 3002 1717 annus
3054 1662 3297 1718 laborem
3324 1663 3434 1734 jam
3467 1663 3651 1719 affecti
3693 1665 3871 1720 fratris

2269 1757 2457 1812 eludit.
2505 1755 2691 1812 Tertio
2721 1758 2940 1812 dentum
2975 1758 3384 1816 succedentium
3441 1767 3754 1830 temporum
3797 1761 3871 1816 la-

545 1862 601 1908 et
653 1853 774 1907 bina
816 1865 869 1907 et
892 1855 1048 1908 terna
1077 1854 1247 1908 millia
1271 1831 1548 1908 iniisdem
1581 1852 1777 1906 viculis
1808 1852 2006 1922 degere
2034 1867 2164 1906 con-
2195 1831 2240 1900 Β
2268 1852 2431 1908 bente
2469 1852 2769 1919 curriculo,
2821 1869 2943 1908 cum
2998 1869 3176 1926 neque
3223 1863 3386 1909 noctu
3421 1871 3598 1924 neque
3641 1855 3870 1912 interdiu

547 1945 752 2002 stabat.
785 1945 896 1999 Nec
929 1963 1062 2001 sane
1110 1947 1183 2000 ibi
1231 1948 1500 2001 minorem
1540 1947 1738 2016 putetis
1771 1943 2164 2000 diversantium

545 2039 600 2095 in
633 2042 985 2096 multitudine
1011 2047 1413 2096 monachorum
1430 2056 1552 2096 esse
1578 2043 1862 2104 virtutem,
1890 2054 2048 2107 quam
2073 2053 2166 2092 eo-

551 2150 673 2190 rum
700 2151 820 2191 esse
843 2137 1179 2205 cognoscitis
1211 2139 1299 2207 qui
1334 2153 1391 2190 se
1439 2136 1506 2191 ab
1533 2134 1781 2190 humanis
1822 2135 2050 2190 cmtibus
2080 2149 2164 2189 re-

543 2242 852 2285 moverunt.
880 2229 1184 2300 Prtrcipna,
1221 2244 1280 2285 ut
1325 2232 1435 2300 jam
1485 2231 1757 2296 dixeram,
1798 2231 1872 2284 ibi
1904 2230 2079 2282 virtus
2109 2238 2164 2283 et

543 2323 1180 2392 primaestobedientia;
1210 2339 1387 2400 neque
1409 2323 1568 2377 aliter
1588 2322 1885 2377 adveniens
1914 2336 1944 2376 a
1976 2335 2160 2376 mona-

543 2417 693 2470 Stet‘ii
710 2415 909 2471 abbate
933 2417 1256 2485 suscipitur,
1277 2432 1433 2485 quam
1452 2417 1542 2484 qui
1564 2425 1808 2470 tentatus
1831 2415 1984 2485 prius
2003 2411 2164 2468 fuerit

545 2521 598 2567 et
630 2512 913 2580 probatus,
944 2511 1153 2564 nullunt
1188 2525 1446 2580 umquam
1473 2519 1842 2572 recusaturus,
1867 2505 2162 2577 quamlibet

545 2603 777 2657 arduum
829 2617 892 2657 ac
919 2602 1152 2656 difﬁcile
1196 2602 1592 2673 indignumque
1637 2600 1908 2667 toleratu,
1951 2597 2160 2654 abbatis

546 2696 861 2751 imperium.

617 2718 622 2750 |
667 2713 861 2750 ernim.

617 2713 805 2844 ξενίη.
843 2790 957 2843 Duo
1004 2789 1159 2843 vobis
1187 2788 1422 2843 referam
1465 2784 1800 2841 incredibilis
1827 2783 2156 2839 ohedientim

545 2883 842 2939 admodum
873 2899 1064 2954 magna
1097 2882 1387 2947 miracula,
1416 2881 1854 2950 licetsuppetant
1885 2879 2038 2948 plura
2070 2894 2153 2932 re-

545 2979 747 3033 Colenti
778 2995 791 3030 :
825 2977 918 3032 sed
949 2977 1014 3031 ad
1045 2975 1394 3031 excitandam
1428 2974 1694 3029 virtutum
1723 2972 2151 3037 :rmuhtionem,

543 3073 628 3125 cui
663 3083 832 3140 pauca
858 3087 966 3125 non
997 3069 1299 3134 sufficiunt,
1332 3070 1498 3122 multa
1526 3083 1628 3121 non
1660 3067 1976 3137 proderunt.
2014 3065 2153 3134 Ergo

549 3179 673 3219 cum
704 3164 922 3235 quidam
955 3164 1140 3218 szcculi
1177 3163 1385 3216 actibus
1426 3160 1713 3225 abdicatis,
1759 3160 2151 3214 monasterium

2268 1946 2523 2016 aquarius
2555 1947 2643 2002 ille
2658 1958 2906 2003 cessaret
2927 1956 3204 2019 operator,
3230 1949 3380 2019 virga
3403 1947 3742 2020 floruit.Ego
3765 1949 3869 2020 ipse

2268 2053 2332 2093 ex
2368 2038 2456 2091 illa
2492 2038 2699 2107 virgula
2747 2040 3088 2095 arbusculam
3131 2039 3272 2108 vidi,
3325 2057 3447 2114 qua:
3493 2041 3770 2116 hodieque
3821 2043 3867 2096 in

2265 2132 2407 2185 atrio
2436 2133 2754 2189 monaSIerii
2791 2134 2958 2190 ramis
2997 2134 3302 2190 virentilms
3349 2135 3499 2205 quasi
3535 2136 3585 2190 iit
3629 2135 3870 2190 testimo-

2266 2225 2411 2278 nium
2440 2240 2664 2280 manens
2685 2267 2698 2290 ,
2727 2236 2992 2296 quantum
3023 2225 3334 2284 obedientia
3368 2227 3592 2297 meruit,
3621 2239 3678 2283 ct
3709 2244 3869 2295 quan-

2262 2325 2376 2372 tum
2408 2317 2544 2375 fides
2574 2321 2762 2390 possit,
2792 2320 3053 2376 ostendit.
3085 2321 3193 2378 Sed
3221 2338 3306 2378 me
3337 2323 3453 2378 dies
3477 2334 3604 2378 ante
3631 2321 3864 2389 deficiet,

2262 2426 2422 2480 quam
2453 2411 2667 2467 diversa
2691 2413 2950 2467 miracula
2985 2429 3105 2484 quae
3131 2411 3260 2468 mihi
3291 2414 3360 2469 de
3395 2415 3693 2471 virtutibus
3739 2416 3864 2471 San-

2261 2512 2475 2558 etornm
2502 2513 2628 2558 sunt
2650 2513 2933 2576 comperta
2957 2548 2971 2571 ,
3004 2522 3402 2562 consummem.

2333 2593 2450 2651 XX.
2489 2597 2603 2651 Duo
2631 2598 2784 2653 vobis
2829 2599 3006 2655 adhuc
3032 2601 3294 2671 prtcclara
3341 2601 3661 2656 memorabo
3694 2620 3706 2656 :
3736 2617 3862 2674 quo-

2259 2705 2380 2746 rum
2398 2708 2561 2746 unum
2588 2694 2865 2764 egregium
2891 2694 3271 2750 eritadversus
3300 2694 3634 2750 inflationem
3658 2697 3863 2751 misera.-

2258 2785 2514 2839 vanitatis
2543 2787 2874 2856 exemplum,
2925 2786 3152 2842 alterum
3186 2787 3451 2844 adversus
3494 2789 3687 2844 falsam
3714 2789 3864 2860 justi-

2258 2881 2387 2933 tiam
2415 2896 2520 2934 nou
2565 2880 2845 2937 mediocre
2869 2884 3274 2938 documentum.
3307 2883 3537 2952 Quidam
3569 2901 3704 2956 ergo
3732 2886 3862 2942 San-

2257 2979 2408 3036 ctus,
2445 2970 2803 3041 fugandorum
2837 2973 2902 3027 de
2927 2973 3255 3046 corporibus
3283 2975 3526 3031 obsessis
3556 2977 3860 3032 daemonum

2257 3063 2561 3120 incredibili
2595 3067 2856 3136 praeditus
2888 3078 3182 3139 potestate,
3216 3069 3456 3124 inaudita
3491 3085 3588 3140 per
3620 3071 3860 3142 singulos

2256 3159 2375 3215 dies
2402 3160 2552 3231 signa
2583 3160 2839 3218 faciebat.
2868 3163 2982 3218 Non
3016 3162 3188 3220 soluat
3219 3165 3360 3220 cuitu
3391 3182 3657 3235 prmsens,
3695 3183 3860 3238 neque

535 3269 745 3327 magnae
772 3256 1152 3326 dispositiOnis
1199 3258 1481 3324 ingressus
1517 3254 1723 3322 suscipi
1779 3268 1839 3307 sc
1887 3260 2143 3321 rogaret;
2175 3237 2217 3299 (ἶ
2253 3255 2418 3309 verbo
2453 3265 2691 3322 tantum,
2726 3258 2820 3313 sed
2847 3259 3044 3314 absens
3074 3275 3291 3331 quoque
3335 3260 3613 3317 interdum
3638 3307 3652 3329 ,
3701 3257 3858 3322 cilicii

534 3349 702 3406 abbas
734 3351 784 3404 ei
805 3351 979 3416 cmpit
1009 3349 1172 3403 multa
1206 3363 1546 3418 proponere,
1583 3361 1779 3417 graves
1824 3360 1946 3400 esse
1997 3343 2152 3397 istius

535 3442 842 3511 disciplina:
869 3441 1108 3507 labores,
1143 3457 1238 3494 stta
1272 3457 1402 3494 vero
1433 3441 1566 3493 dura
1595 3438 1821 3508 imperia
1848 3479 1861 3500 ,
1892 3434 2153 3506 QUIBlllli-

536 3533 642 3588 lius
669 3535 826 3586 facile
851 3534 1061 3586 valeret
1085 3533 1315 3600 implere
1342 3530 1602 3601 patientia
1631 3548 1641 3580 :
1663 3528 1810 3582 aliud
1830 3528 2010 3597 potius
2035 3541 2150 3579 mo-

537 3627 865 3691 nasterium,
898 3627 988 3681 ubi
1022 3625 1364 3681 facilioribus
1399 3624 1609 3695 legibus
1639 3625 1943 3688 viveretur,
1971 3635 2146 3690 expe-

539 3732 706 3776 teret:
729 3739 834 3775 non
870 3730 1107 3776 tentaret
1135 3722 1358 3791 aggredi
1382 3719 1528 3791 quod
1552 3719 1779 3790 implere
1809 3733 1916 3771 non
1941 3725 2146 3788 posset.

537 3815 633 3871 Ille
674 3832 802 3871 vero
844 3816 976 3870 nihil
1027 3816 1110 3869 liis
1139 3815 1447 3870 terroribus
1485 3810 1824 3883 permoveri,
1855 3810 1948 3865 sed
1975 3809 2149 3880 magis

535 3911 606 3964 ita
637 3926 856 3964 omnem
880 3911 1252 3965 obedientiam
1282 3907 1554 3978 polliceri,
1579 3915 1658 3972 ut,
1693 3907 1736 3960 si
1761 3921 1887 3958 enm
1909 3903 2143 3958 abbasin

532 4004 710 4076 ignem
745 4005 824 4060 ire
857 4006 1203 4074 principeret,
1239 4020 1347 4058 neti
1387 4011 1661 4057 recusaret
1698 4000 1904 4054 intrare
1935 4015 1948 4050 :
1977 4012 2145 4068 quam

534 4098 1094 4168 illiusprofessionem
1125 4099 1216 4154 ubi
1239 4097 1498 4166 magister
1525 4095 1761 4164 accepit,
1791 4108 1900 4147 non
1923 4102 2142 4147 cuncta-

531 4201 617 4247 tus
647 4193 881 4263 probare
927 4193 1298 4262 profitentem.
1347 4191 1489 4269 Casu
1524 4189 1773 4244 clibanus
1805 4198 2028 4258 propter
2056 4203 2144 4242 ar-

530 4287 730 4354 debat,
773 4288 870 4358 qui
900 4288 1069 4342 multo
1104 4289 1228 4358 igne
1254 4301 1553 4341 succensus
1577 4282 1883 4355 coquendis
1914 4283 2143 4354 panibus

527 4383 838 4452 parabatur.
869 4381 1186 4436 Exundahat
1216 4381 1462 4449 abruptis
1485 4379 1699 4433 ﬂamma
1733 4379 2065 4442 fornacibus,
2087 4389 2142 4434 et

524 4474 662 4529 intra
695 4477 891 4530 camini
923 4476 1072 4530 illius
1095 4490 1332 4528 concava
1369 4475 1494 4528 totis
1521 4474 1755 4528 habenis
1777 4475 2040 4545 regnabat
2059 4475 2141 4526 in-

523 4569 798 4623 centliutn.
831 4569 983 4621 llttnc
1008 4567 1178 4633 igitur
1201 4567 1469 4620 advenam
1507 4566 1660 4618 illum
1691 4566 1848 4635 jubet
1878 4569 2140 4635 magister

529 4660 734 4716 intrare
767 4679 778 4714 :
818 4677 916 4716 nec
941 4661 1153 4716 distulit
1175 4671 1369 4729 parere
1395 4668 1673 4729 praecepto
1708 4678 1718 4712 :
1753 4660 1965 4714 medias
1986 4660 2136 4714 llam-

529 4768 648 4808 mas
677 4754 810 4807 nihil
839 4763 1127 4808 cunctatus
1150 4753 1485 4822 ingreditur;
1519 4767 1641 4824 qua:
1669 4769 1793 4807 mox
1817 4763 1923 4808 tam
1945 4752 2137 4808 audaci

528 4849 634 4902 fide
659 4850 840 4916 victa),
874 4848 1022 4903 velut
1053 4847 1158 4902 illis
1189 4847 1464 4918 quondam
1502 4848 1742 4902 llehrzcis
1764 4847 1970 4919 pueris,
2019 4862 2140 4903 ees-

526 4955 648 4998 scre
675 4943 936 4996 venienti.
964 4941 1239 5013 Superata
1255 4950 1444 4996 natura
1464 4951 1578 5006 est,
1615 4941 1746 5012 fttgit
1774 4942 2132 4998 incendium:

526 5045 579 5089 et
610 5035 699 5104 qni
726 5035 1016 5105 putabatur
1037 5050 1281 5104 arsurus,
1313 5036 1459 5090 velut
1481 5035 1677 5107 frigido
1699 5049 1828 5092 rore
1855 5036 2132 5109 perfusum

524 5145 583 5185 se
610 5129 724 5199 ipse
753 5131 981 5183 miratus
998 5138 1100 5184 est.
1121 5129 1224 5184 Sed
1240 5129 1367 5200 quid
1395 5132 1611 5196 mirum,
1635 5131 2128 5199 situunt,Christe,

524 5224 759 5279 tironem
787 5223 927 5294 ignis
956 5223 1044 5278 ille
1076 5240 1179 5277 non
1201 5225 1406 5293 attigit,
1437 5233 1492 5278 ut
1523 5239 1623 5278 nec
1649 5224 1897 5279 abbatem
1926 5223 2133 5295 pigeret

521 5319 652 5375 dura
710 5318 1000 5373 mandasse
1025 5361 1039 5384 ,
1083 5332 1188 5373 nec
1219 5317 1548 5388 discipulum
1583 5320 1873 5388 pmttiteret
1901 5318 2131 5389 imperio

518 5413 821 5483 paruis+e?
853 5413 943 5482 qui
965 5427 1028 5466 eo
1061 5427 1167 5482 quo
1200 5411 1493 5465 advenerat
1527 5411 1640 5475 die,
1671 5411 1796 5464 dum
1825 5421 2131 5467 tentaretur

515 5511 790 5576 infirmus,
823 5508 1097 5578 perfectus
1127 5508 1380 5560 inventus
1402 5514 1505 5570 est,
1528 5505 1728 5560 merito
1753 5503 1905 5570 felix,
1930 5506 2128 5559 merito

513 5608 785 5675 gloriosus
811 5623 823 5658 :
849 5605 1113 5674 probatus
1143 5599 1480 5666 obedientia,
1513 5599 1850 5670 glorificatus
1876 5609 1959 5656 est
2001 5611 2126 5671 pas-

522 5714 697 5755 alone.

590 5790 732 5847 XIX.
754 5791 814 5846 In
845 5789 1042 5846 eodem
1073 5793 1256 5842 autem
1293 5783 1630 5838 monasterio
1670 5783 1868 5840 factum
1901 5787 1953 5841 id
1983 5787 2128 5856 quod

519 5884 762 5942 dicturus
789 5897 928 5952 sum,
953 5880 1162 5940 recenti
1191 5878 1457 5935 memoria
1479 5875 2028 5946 ferebatur.Quidam
2044 5880 2133 5936 iti-

2253 3351 2333 3404 sui
2369 3350 2600 3404 fimbriis
2622 3363 2710 3404 aut
2743 3353 2991 3422 epistolis
3017 3353 3226 3420 missis,
3258 3367 3490 3426 corpora
3519 3357 3743 3412 ob~essa
3772 3373 3860 3412 cu-

2252 3443 2426 3498 rabat.
2463 3443 2558 3499 llic
2581 3460 2712 3516 ergo
2745 3447 2940 3501 mirum
2997 3449 3047 3502 in
3089 3447 3309 3502 modum
3340 3447 3793 3520 frequentabatur
3829 3467 3856 3508 a

2253 3536 2466 3604 pepttlis
2493 3551 2559 3591 ex
2607 3544 2721 3591 toto
2775 3537 2842 3593 ad
2874 3554 2998 3594 cum
3027 3539 3160 3595 orbe
3193 3539 3558 3599 venientibus.
3593 3543 3774 3600 Taceo
3794 3544 3856 3599 de

2251 3630 2553 3686 minoribus
2590 3649 2601 3686 :
2638 3633 2879 3702 praefecti
2910 3637 3253 3708 comitesque
3273 3678 3289 3706 ,
3317 3653 3378 3692 ae
3404 3638 3753 3698 diversarum
3773 3639 3856 3709 juo

2249 3725 2398 3782 dices
2427 3738 2757 3799 potestatum
2801 3747 2898 3803 pro
2927 3732 3134 3789 foribus
3164 3733 3308 3789 illius
3349 3749 3495 3807 sa~pe
3522 3736 3812 3808 jacuerunt
3841 3753 3852 3788 :

2253 3821 2509 3891 Episcopi
2533 3840 2748 3894 qttoqtte
2776 3825 3144 3894 sanctissimi,
3173 3828 3503 3882 sacerdotali
3527 3832 3855 3886 auctoritate

2249 3916 2518 3988 deposita,
2550 3919 2790 3992 contingi
2819 3936 2878 3976 sc
2909 3922 2975 3976 ab
3003 3937 3068 3977 eo
3097 3931 3258 3994 atque
3289 3923 3539 3980 benedici
3574 3923 3854 3980 humiliter

2248 4008 2584 4078 postulantes
2607 4051 2622 4076 ,
2675 4013 3048 4070 sanctilicatos
3090 4029 3149 4070 se
3172 4029 3234 4069 ac
3263 4014 3450 4069 divino
3476 4032 3708 4072 munere
3739 4017 3853 4074 illu-

2247 4113 2470 4170 stratos,
2501 4106 2716 4176 quoties
2734 4122 2952 4162 manum
2977 4107 3125 4163 illius
3150 4119 3464 4179 vestemque
3487 4111 3847 4185 contigerant,

2248 4212 2354 4250 non
2389 4198 2664 4253 immerito
2683 4198 3060 4256 crediderunt.
3088 4199 3185 4256 Hic
3234 4201 3518 4258 ferebatur
3548 4206 3698 4260 omni
3729 4214 3851 4276 potu

2245 4290 2648 4364 inperpetuum
2683 4294 2898 4365 penitus
2928 4295 3232 4365 abstinere,
3280 4311 3343 4352 ac
3389 4313 3487 4368 pro
3535 4299 3660 4354 cibo
3711 4297 3848 4372 (tibi,

2245 4383 2561 4456 Sulpici,in
2604 4404 2790 4444 aurem
2816 4390 3025 4462 loquar,
3067 4405 3134 4446 ne
3160 4390 3347 4447 Gallus
3371 4391 3475 4448 hoc
3514 4392 3730 4464 audiat)
3775 4409 3851 4448 se-

2246 4491 2389 4549 ptem
2426 4492 2634 4537 tantum
2657 4483 2856 4538 caricis
2885 4485 3203 4540 sustentari.
3237 4484 3446 4541 interea
3469 4497 3668 4542 sancto
3712 4487 3845 4552 viro,

2242 4582 2301 4626 ut
2327 4590 2391 4628 ex
2434 4577 2630 4631 virtute
2680 4575 2877 4643 honor,
2937 4578 3011 4633 ita
3067 4593 3134 4636 ex
3193 4577 3405 4635 honore
3432 4579 3647 4637 vanitas
3691 4577 3851 4650 cmpit

2242 4665 2526 4734 obrepere.
2555 4666 2716 4733 Quod
2749 4667 2949 4722 malum
2979 4669 3070 4724 ille
3104 4667 3190 4726 ubi
3217 4669 3448 4741 primum
3485 4672 3663 4741 potuit
3701 4673 3752 4727 in
3791 4685 3847 4726 se

2239 4758 2444 4814 sentire
2485 4761 2754 4832 grassari,
2791 4761 2880 4817 diu
2912 4762 3251 4834 multumque
3292 4763 3572 4821 discutere
3621 4779 3845 4821 conatus

2239 4862 2323 4907 est
2352 4872 2365 4908 :
2396 4851 2491 4910 sed
2537 4853 2723 4926 repelli
2764 4859 3003 4928 ptenitus
3030 4859 3113 4914 vel
3144 4858 3308 4914 tacita
3335 4861 3674 4918 conscientia
3701 4861 3845 4918 vani-

2239 4951 2386 5017 tatis,
2414 4963 2796 5022 perseverante
2813 4955 3030 5018 virtute,
3061 4970 3168 5009 non
3194 4955 3390 5026 potuit.
3413 4953 3625 5028 Ubique
3651 4971 3841 5013 nomen

2236 5045 2354 5114 ejus
2385 5045 2664 5102 da-mones
2703 5047 3045 5102 fatebantur:
3076 5047 3375 5103 excludere
3403 5063 3432 5103 a
3465 5064 3526 5104 se
3567 5047 3832 5106 conﬂuen-

2233 5139 2363 5193 tiqu
2398 5141 2628 5211 populos
2657 5157 2761 5197 non
2808 5141 3044 5198 valebat.
3078 5135 3237 5198 Virus
3270 5139 3488 5198 interim
3515 5137 3696 5200 latens
3731 5159 3842 5200 ser-

2233 5229 2395 5308 pebat
2427 5232 2478 5286 in
2495 5245 2736 5301 peetore;
2753 5243 2806 5288 et
2833 5233 2988 5303 cujus
3016 5244 3148 5288 nutu
3175 5250 3240 5290 ex
3264 5234 3496 5291 aliorum
3521 5238 3839 5308 corporibus

2234 5307 2514 5380 (Immunes
2545 5325 2896 5396 fugabantur,
2921 5342 2981 5382 se
3007 5326 3184 5397 ipsum
3225 5321 3456 5384 occultis
3489 5330 3836 5404 cogitationi—

2233 5418 2336 5475 bus
2368 5422 2620 5476 vanitatis
2653 5437 2884 5493 purgare
2932 5438 3038 5478 non
3072 5432 3304 5492 poterat.
3337 5423 3490 5480 Totis
3521 5425 3690 5498 igitur
3715 5442 3835 5502 pre-

2231 5515 2387 5570 cibus
2409 5531 2706 5571 conversus
2746 5516 2811 5571 ad
2853 5519 3138 5574 Dominum
3172 5518 3344 5575 fertur
3370 5536 3586 5588 orasse,
3622 5533 3680 5578 ut
3719 5538 3837 5594 per-

2233 5608 2398 5663 missa
2455 5609 2506 5662 in
2554 5623 2614 5664 se
2656 5610 2940 5666 mensibus
2975 5609 3216 5682 quinque
3262 5612 3481 5669 diabolo
3531 5625 3833 5686 potestate,

2232 5699 2429 5755 similis
2464 5699 2549 5755 his
2589 5701 2742 5758 fieret
2781 5719 2917 5774 quos
2964 5703 3080 5775 ipse
3123 5714 3430 5762 curaverat.
3466 5707 3607 5778 Quid
3657 5710 3834 5764 multis

2233 5792 2456 5849 morer?
2503 5794 2595 5849 ille
2642 5807 2978 5868 prtepotens,
3017 5797 3107 5853 ille
3148 5800 3317 5872 signis
3339 5811 3506 5870 atque
3547 5800 3832 5860 virtntibus

2238 5889 2351 5940 toto
2376 5883 2597 5943 Oriente
2617 5885 2887 5960 vulgatus,
2913 5889 3003 5946 ille
3025 5887 3091 5944 ad
3111 5891 3267 5963 cujus
3295 5889 3480 5950 limina
3502 5895 3691 5967 populi
3713 5903 3831 5951 ante
