4056 6340
196 348 275 407 ut
1554 304 1555 307 γ
1636 343 1812 405 DiALt

1918 342 1983 404 )8
2026 344 2068 404 l.

3412 353 3518 415 i98

188 466 588 529 confirmarunt,
624 464 696 520 ad
716 466 874 538 cuius
898 465 1042 521 fores
1073 478 1307 521 summat
1330 462 1488 520 istius
1528 466 1710 521 satcuii
1740 480 1801 522 se
1828 467 1882 527 Α
1907 464 2094 520 solum
2128 477 2187 521 se
2217 465 2415 521 saeculo
2447 465 2665 535 eripere
2686 473 3002 534 contentus,
3030 466 3261 525 salutem
3294 485 3522 526 suorum

190 567 598 631 prostraverant
643 570 971 631 potestates,
1013 568 1299 629 correptus
1328 575 1355 613 a
1396 559 1647 614 daamone
1676 567 1792 625 est,

188 664 341 711 tentus
364 651 419 706 in
456 653 731 707 vinculis.
759 654 951 708 Omnia
977 653 1063 707 illo
1092 668 1212 723 quae
1234 652 1588 722 energtnneni
1617 652 1798 706 solent

188 750 323 809 ferro.
358 749 914 821 perpessus,quinto
942 748 1158 804 demum
1200 764 1392 805 mense
1429 757 1687 817 purgatus
1713 756 1797 802 est

191 857 278 898 non
301 849 522 897 tantum
547 842 837 909 daemone,
859 842 977 911 sed,
1006 843 1148 914 quod
1176 842 1255 899 illi
1285 852 1404 899 erat
1424 842 1617 898 utilius
1634 852 1797 911 atque

186 935 426 1006 aptatius,
460 937 745 992 vanitate.
842 937 850 943 ’

245 1026 381 1084 XXI.
414 1028 536 1083 Sed
581 1028 721 1083 mihi
773 1030 874 1084 ista
917 1030 1200 1098 repiicanti
1244 1040 1427 1085 nostra
1474 1027 1795 1095 infelicitas,

186 1131 349 1178 nostra
379 1121 645 1176 occurrit
691 1122 1002 1177 infirmitas.
1041 1122 1173 1190 Quis
1216 1124 1360 1177 enim
1402 1130 1652 1175 nostrum
1679 1129 1793 1187 est,

187 1230 322 1285 quem
353 1214 401 1267 si
434 1229 590 1268 unus
633 1214 1003 1271 homunculus
1046 1215 1265 1271 humilis
1305 1215 1654 1279 salutaverit,
1706 1225 1797 1268 aut

185 1308 327 1364 fatuis
358 1316 537 1379 atque
569 1308 932 1365 adulantibus
960 1310 1142 1366 verbis
1172 1309 1372 1366 femina
1403 1325 1506 1367 una
1537 1307 1795 1364 laudave-

184 1403 267 1467 rit,
292 1418 409 1459 non
457 1404 741 1458 continuo
767 1404 941 1458 elatus
968 1405 1041 1459 sit
1062 1405 1343 1474 superbia,
1368 1417 1477 1459 non
1501 1404 1683 1458 statim
1715 1402 1794 1458 in-

183 1497 330 1554 ﬂatus
368 1499 443 1553 sit
472 1498 767 1554 vanitate?
793 1509 850 1554 ut
878 1499 1091 1555 etiamsi
1127 1514 1232 1554 non
1265 1499 1470 1555 habeat
1511 1499 1799 1553 conscien-

186 1592 301 1647 tiam
332 1593 680 1660 sanctitatis,
704 1602 907 1655 tamen,
928 1594 1053 1664 quia
1070 1595 1152 1648 vel
1170 1594 1458 1649 stultorum
1482 1594 1797 1649 adulatione

184 1694 262 1740 aut
296 1684 562 1741 fortassis
611 1701 807 1741 errore
851 1698 1074 1742 sanctus
1102 1703 1223 1743 esse
1255 1687 1487 1755 dicatur,
1522 1688 1799 1742 sanctissi-

187 1793 319 1833 mum
346 1793 408 1834 se
435 1778 683 1848 putabit.
714 1778 833 1835 Jam
865 1794 1003 1836 vero
1036 1782 1079 1834 si
1118 1781 1169 1837 ei
1204 1794 1427 1835 munera
1459 1782 1650 1835 crebra
1676 1781 1800 1834 mit—

1901 573 2009 612 non
2041 558 2164 613 sine
2197 559 2482 629 impietate
2516 560 2837 630 negligeret.
2870 559 3186 616 istiusmodi
3212 579 3341 629 ergo
3370 564 3524 620 falsa:

1897 648 2127 720 iustitiae
2155 652 2345 706 colore
2394 662 2711 721 superatus,
2769 663 2891 722 post
2939 656 3365 725 quadriennium
3408 660 3525 713 fere

1903 742 2156 797 cellulam
2187 760 2338 799 suam
2389 753 2555 816 atque
2605 748 2949 818 prepositum
2997 749 3222 803 eremita
3254 750 3521 805 deseruit.

1904 836 2012 892 Sed
2042 839 2137 892 ubi
2166 840 2231 893 ad
2266 840 2577 908 proximum
2612 843 3035 911 monasterium,
3080 845 3224 915 quod
3277 862 3305 899 a
3335 848 3523 902 multis

1904 930 2174 988 fratribus
2202 932 2576 1001 habitabatur,
2610 938 2843 993 accessit
2868 982 2881 1004 ,
2915 954 3134 993 causam
3167 939 3522 997 discessionis

1902 1036 2069 1095 atque
2090 1028 2386 1082 consilium
2402 1030 2779 1097 qumrentibus
2796 1032 3111 1086 confitetur.
3138 1032 3521 1088 flcrtiteutibus

1901 1121 2133 1184 cunctis,
2161 1130 2212 1175 et
2246 1122 2513 1193 prmcipue
2539 1124 2642 1178 loci
2672 1123 2818 1178 illius
2835 1124 3029 1180 abbate
3061 1127 3355 1190 renitente,
3380 1127 3521 1181 male

1902 1215 2084 1268 animo
2108 1214 2211 1269 fixa
2238 1216 2513 1271 sententia
2538 1230 2646 1271 non
2676 1221 2849 1287 patuit
2872 1220 3033 1274 avelli
3068 1237 3081 1273 :
3116 1221 3281 1289 igitur
3310 1221 3517 1275 infelici

1902 1320 1963 1361 se
1991 1306 2364 1364 obstinatione
2394 1310 2727 1377 proripiens,
2752 1326 2874 1365 cum
2922 1312 3115 1367 dolore
3147 1313 3390 1367 omnium
3436 1314 3518 1367 di—

1900 1415 2123 1471 gressus
2155 1409 2283 1457 ests
2308 1403 2590 1459 fratribus.
2620 1404 2720 1459 ‘Vix
2754 1420 2785 1460 e
2807 1420 3104 1476 conspecm
3139 1409 3482 1462 illiSCBSSt‘f‘ﬂi
3504 1450 3517 1473 ,

1904 1497 2168 1566 impletur
2217 1512 2246 1551 a
2291 1498 2566 1563 darmone,
2597 1511 2960 1568 cruentasque
3013 1516 3235 1570 spumas
3267 1518 3365 1556 ore
3396 1519 3520 1571 pro-

1904 1591 2152 1656 volvens,
2184 1593 2296 1647 suis
2326 1593 2591 1649 dentibus
2636 1611 2693 1647 se
2729 1595 2847 1664 ipse
2882 1595 3172 1652 lacerabat.
3211 1598 3417 1652 Deinde
3451 1600 3515 1651 axi

1904 1685 2048 1740 idem
2072 1687 2470 1741 tuottastrrium
2501 1689 2725 1742 fratrum
2756 1687 2998 1743 humeris
3022 1701 3364 1761 reportatus,
3397 1708 3517 1745 cum

1902 1779 2147 1833 cnercrri
2183 1779 2233 1832 in
2265 1794 2328 1831 eo
2358 1781 2675 1834 immundus
2716 1781 2939 1851 spiritus
2990 1797 3095 1837 non
3146 1784 3384 1846 valeret,
3426 1800 3515 1836 ne-

187 1880 379 1937 tantur,
412 1871 515 1927 Dei
574 1889 639 1927 se
692 1873 1062 1929 munificentia
1110 1883 1322 1929 asseret
1377 1874 1669 1940 honorari,
1715 1875 1800 1930 eui
1838 1868 1879 1928 Β
1912 1871 2173 1925 cessitate
2215 1880 2468 1941 cogente,
2526 1872 2719 1927 ferreis
2772 1874 2999 1927 ttesibus
3034 1875 3307 1945 alligatur,
3354 1879 3518 1946 pedes

185 1963 475 2021 dormienti
524 1975 703 2036 atque
759 1966 1005 2020 resoluto
1056 1969 1363 2023 necessaria
1398 1969 1801 2022 conferuntur:

187 2060 320 2130 quod
349 2061 395 2115 si
429 2061 519 2115 vel
548 2059 625 2115 de
660 2060 880 2116 modico
908 2062 957 2116 ei
988 2062 1169 2131 aliqua
1200 2062 1419 2115 virtutis
1442 2062 1593 2131 signa
1615 2075 1806 2117 succe-

188 2152 388 2219 derent,
446 2153 714 2221 angelum
770 2168 831 2209 se
880 2161 1117 2222 putaret.
1149 2156 1418 2209 Caeterum
1466 2168 1587 2209 cum
1630 2168 1807 2225 neque

189 2262 344 2317 Opere
387 2264 572 2318 neque
618 2249 828 2303 virtute
870 2249 1206 2320 conspicuus
1232 2250 1326 2315 sit,
1355 2252 1399 2306 si
1429 2250 1547 2320 quis
1572 2250 1809 2306 clericus

191 2340 343 2396 fuerit
369 2339 637 2408 effectus,
664 2341 860 2395 dilatat
880 2343 1146 2397 continuo
1175 2340 1418 2396 fimbrias
1441 2356 1591 2406 suas,
1611 2344 1808 2413 gaudet

194 2434 645 2499 salutationibus,
702 2434 925 2489 inﬂatur
977 2436 1413 2502 occursionibus,
1472 2436 1593 2506 ipse
1644 2438 1805 2491 etiam

195 2527 383 2598 ubique
433 2528 708 2585 discurrit
739 2546 752 2581 :
786 2537 843 2583 et
870 2530 962 2598 qui
996 2539 1122 2584 ante
1154 2530 1383 2593 pedibus
1415 2540 1504 2584 aut
1534 2531 1707 2586 asello
1730 2532 1808 2587 ire

196 2630 595 2688 consueverat,
658 2631 949 2690 spumante
1000 2636 1144 2689 equo
1186 2621 1456 2693 superbus
1488 2622 1805 2678 invehitur:

196 2730 346 2786 parva
375 2716 532 2784 prius
560 2730 624 2771 ao
654 2715 749 2769 vili
781 2716 973 2769 cellula
1005 2725 1294 2771 contentus
1338 2712 1585 2773 habitare
1606 2758 1620 2781 ,
1651 2718 1809 2785 erigit

197 2810 327 2865 celsa
359 2810 667 2879 laquearia,
721 2810 1000 2864 construit
1041 2811 1215 2864 multa
1268 2809 1572 2876 conclavia,
1608 2810 1809 2880 sculpit

199 2907 346 2970 ostia,
368 2904 548 2974 pingit
573 2904 836 2968 armaria,
859 2913 1066 2959 vestem
1099 2904 1306 2972 respuit
1330 2906 1688 2975 grossiorem,
1721 2904 1807 2958 in-

204 2997 513 3053 dumentum
548 2998 720 3052 molle
747 2996 1047 3061 desiderat,
1081 3007 1244 3068 atque
1269 2998 1385 3053 inec
1417 2997 1600 3052 charis
1628 2998 1807 3052 viduis

206 3104 264 3146 ac
289 3089 650 3146 fatniliaribus
685 3090 910 3144 mandat
965 3089 1168 3145 tributa
1225 3086 1562 3161 virginibus;
1609 3092 1699 3145 illa
1752 3102 1809 3146 ut

202 3181 453 3254 byrrbum
487 3184 784 3254 rigentem,
815 3182 933 3236 hinc
959 3182 1300 3238 militantem
1335 3193 1481 3237 texat
1508 3182 1803 3238 lucernam.

1908 1978 2033 2019 cum
2063 1964 2311 2019 manibus
2343 1965 2707 2019 vinciuntur:
2744 1982 2850 2020 non
2903 1968 3169 2021 immerita
3198 1982 3359 2037 paena
3383 1968 3520 2037 fug?-

1910 2058 2047 2125 tivo,
2072 2067 2129 2111 ut
2157 2072 2315 2128 quem
2345 2073 2454 2113 non
2482 2058 2802 2113 cttltibuerat
2851 2058 3007 2125 fides,
3054 2070 3261 2115 catena:
3301 2061 3521 2117 cohibe-

1908 2161 2052 2206 rent.
2088 2152 2214 2205 Pnst
2257 2152 2537 2206 biennium
2569 2154 2786 2207 demum
2820 2153 3065 2208 oratione
3094 2156 3418 2209 Sanctorum
3453 2155 3520 2209 ab

1910 2245 2191 2300 immundo
2224 2246 2416 2316 spiritu
2447 2247 2738 2311 liberatur;
2769 2247 2835 2300 ad
2868 2262 3112 2301 eretnum
3140 2248 3284 2302 unde
3314 2250 3519 2303 disces-

1911 2350 2076 2401 serat.
2113 2352 2236 2394 mox
2274 2358 2550 2411 regressus
2580 2350 2685 2409 est,
2720 2351 2773 2397 et
2806 2344 2922 2412 ipse
2950 2352 3256 2413 correptus,
3309 2354 3361 2397 et
3394 2344 3517 2397 aliis

1913 2443 2035 2503 post
2084 2434 2297 2489 futurus
2328 2437 2603 2504 etemplo,
2639 2446 2706 2490 ne
2737 2450 2897 2505 quem
2958 2442 3050 2489 aut
3106 2436 3261 2490 falstc
3287 2435 3517 2505 justitia:

1910 2527 2099 2582 umbra
2124 2527 2389 2597 decipiat,
2422 2537 2513 2581 aut
2545 2530 2751 2583 incerta
2785 2528 3060 2583 mobilitas
3093 2530 3268 2583 inutili
3300 2529 3517 2584 |8\il:tlc

1910 2620 2204 2689 compellat
2232 2621 2399 2675 semel
2434 2631 2609 2691 cu‘pta
2642 2621 2925 2676 deserere.
2964 2623 3089 2677 lia-c
3122 2638 3217 2677 vos
3249 2623 3317 2678 de
3352 2626 3523 2677 virtu-

1913 2712 2057 2767 tibus
2092 2713 2329 2777 Domini,
2361 2726 2494 2783 quas
2528 2716 2579 2768 in
2618 2716 2790 2769 servis
2835 2716 2947 2769 suis
2980 2717 3061 2771 vel
3095 2717 3353 2771 imitanda
3387 2734 3519 2785 ope-

1910 2815 2062 2862 ratus
2092 2814 2177 2862 rst
2207 2808 2290 2861 vel
2347 2808 2613 2875 timenda,
2648 2811 2788 2865 scire
2819 2810 3077 2865 sufﬁciat.
3131 2812 3239 2867 Sed
3274 2814 3398 2881 quia
3433 2829 3521 2864 sa-

1912 2900 2089 2956 tisfeci
2143 2902 2340 2957 vestris
2398 2904 2643 2968 auribus,
2707 2904 2873 2959 immo
2905 2905 3072 2959 etiam
3129 2908 3413 2963 verbosior
3444 2906 3517 2959 fui

1913 2994 2143 3051 fortasse
2172 3008 2333 3067 quam
2363 2995 2552 3061 debui,
2585 3006 2641 3052 ttt
2672 2997 2834 3052 modo
2867 2998 2955 3071 (ad
2990 3014 3076 3055 me
3110 3011 3293 3055 autem
3331 3004 3518 3071 loque-

1914 3088 2096 3159 batur)
2125 3090 2370 3145 debitum
2404 3093 2558 3146 fenus
2592 3092 2835 3156 eXsolve,
2871 3103 2927 3145 ut
2956 3100 3009 3147 te
3042 3094 3109 3148 de
3141 3093 3371 3147 Μελιῑίηο
3406 3105 3518 3161 tuo,

1914 3192 1966 3235 ut
2002 3198 2057 3237 es
2088 3184 2301 3251 solitus,
2332 3184 2485 3254 plura
2542 3183 2903 3249 referentem,
2946 3186 3055 3253 jam
3091 3186 3295 3255 pridem
3330 3187 3381 3242 in
3416 3188 3519 3243 hoc

207 3274 398 3332 Verum
430 3276 551 3330 htec
577 3274 945 3331 describenda
991 3274 1303 3329 mordacius
1330 3275 1489 3331 beato
1518 3275 1636 3330 viro
1680 3274 1800 3329 Hie-
1834 3258 1878 3320 C
1913 3275 2201 3331 desideriis
2233 3279 2371 3331 meis
2402 3277 2781 3341 aestuantibus,
2814 3278 3117 3332 audiamus.

207 3386 432 3441 rouymo
484 3371 869 3441 relinquamus
900 3388 913 3423 :
946 3370 1013 3424 ad
1067 3370 1401 3440 propositum
1445 3378 1803 3426 revertamur.

208 3467 280 3525 Tu
309 3485 464 3534 vero,
495 3469 676 3539 inquit
702 3467 892 3523 Gallus
920 3482 1097 3531 meus,
1126 3468 1311 3523 nescio
1333 3466 1459 3537 quid
1483 3466 1809 3536 Hieronymo

209 3564 493 3631 reliqueris
513 3562 911 3632 disputandum
940 3576 952 3615 :
985 3562 1057 3614 ita
1109 3560 1349 3615 breviter
1396 3560 1645 3615 universa
1678 3575 1809 3615 nos~

211 3665 409 3715 trorunt
462 3658 720 3712 instituta
777 3655 1103 3724 complexus
1144 3671 1228 3718 es,
1280 3664 1339 3708 ut
1368 3668 1536 3723 pauca
1574 3656 1687 3708 lucc
1718 3660 1811 3709 tua

212 3749 366 3804 verba
383 3788 396 3811 .
431 3750 476 3803 si
503 3746 892 3818 mquanimiter
908 3747 1291 3815 aceeperintet
1318 3749 1591 3815 patienter
1609 3762 1811 3817 expen-

212 3841 406 3908 derint,
442 3843 677 3897 multum
711 3842 794 3896 eis
840 3841 1076 3895 arbitrer
1107 3840 1413 3908 profutura,
1440 3848 1497 3893 ut
1523 3856 1633 3895 nou
1670 3841 1814 3894 indi-

213 3947 367 4006 geant
396 3937 554 3991 libris
583 3934 837 4005 posthinc
870 3932 1186 4004 iiieronyml
1214 3933 1483 3990 coerceri.
1517 3934 1622 3989 Sed
1642 3945 1703 3988 tu
1724 3934 1814 3991 illa

217 4033 385 4099 potius
415 4032 608 4087 evolve
632 4045 762 4101 qua:
792 4043 1066 4097 cmperas,
1114 4037 1169 4083 et
1218 4029 1353 4082 iilttd
1384 4030 1525 4098 quod
1555 4029 1817 4084 adversus

217 4122 396 4181 falsam
422 4126 696 4195 justitiam
727 4123 1003 4178 dicturum
1030 4130 1081 4177 te
1119 4136 1242 4177 esse
1271 4124 1620 4192 promiseras,
1649 4123 1817 4192 prode

220 4216 594 4273 documentum
626 4234 639 4269 :
678 4231 827 4279 nam,
860 4223 922 4269 ut
973 4229 1101 4270 vere
1144 4215 1241 4269 tibi
1275 4216 1467 4281 fatear,
1501 4216 1650 4270 nullo
1698 4228 1820 4285 per-

222 4309 467 4366 niciosius
520 4310 674 4366 malo
740 4308 881 4362 intra
940 4307 1146 4363 Gallias
1202 4307 1536 4363 laboramus.
1604 4307 1679 4362 Ita
1742 4306 1821 4361 fa-

222 4402 371 4469 ciam,
402 4403 795 4461 Postumianus
822 4400 1017 4472 inquit,
1047 4417 1147 4458 nec
1166 4410 1218 4457 te
1237 4400 1452 4457 diutius
1482 4403 1684 4459 tenebo
1702 4416 1822 4458 sus-

489 4589 836 4646 Adolescens
869 4588 1087 4657 quidam
1131 4603 1199 4643 ex
1234 4590 1359 4643 Asia
1397 4586 1668 4658 praedives
1694 4589 1817 4659 upi-

1984 3367 2176 3425 XXIII.
2208 3370 2392 3437 Quid?
2423 3369 2675 3441 inquam:
2715 3371 2809 3423 tibi
2845 3370 2911 3425 de
2946 3371 3181 3427 Μητιὶηο
3224 3387 3346 3427 meo
3381 3373 3520 3427 liber

1916 3460 2013 3516 ille
2036 3476 2142 3515 non
2172 3461 2394 3526 sufficit,
2425 3472 2585 3531 quem
2623 3464 2737 3532 ipse
2768 3471 2822 3517 lii
2852 3464 2996 3519 nosti
3020 3476 3106 3519 me
3137 3464 3204 3518 de
3237 3466 3383 3519 illius
3410 3467 3519 3520 vita

1916 3568 2078 3625 atque
2102 3554 2405 3609 virtutibus
2432 3556 2722 3611 edidisse?
2757 3558 3011 3627 Agnosco
3035 3558 3083 3612 id
3113 3559 3356 3629 quidem,
3396 3560 3521 3615 i’os-

1916 3649 2194 3704 tumiauus
2225 3650 2415 3717 inquit,
2450 3666 2629 3721 neque
2659 3667 2917 3722 umquam
2951 3668 2980 3707 a
3032 3653 3257 3709 dextera
3300 3666 3418 3709 mea
3458 3656 3522 3709 ii-

1918 3743 2016 3799 ber
2049 3745 2143 3799 ille
2172 3745 2445 3801 discedit:
2482 3760 2602 3799 nam
2635 3746 2678 3799 si
2704 3749 2958 3813 agnoscis
2988 3749 3187 3818 (aperit
3210 3749 3405 3802 librum
3434 3752 3524 3819 qui

1920 3847 2072 3894 veste
2096 3838 2324 3911 latebat)
2352 3882 2365 3905 ,
2392 3854 2458 3894 en
2488 3842 2689 3910 ipsum.
2729 3841 2825 3895 liie
2850 3841 3007 3905 mihi,
3039 3842 3246 3911 inquit,
3277 3852 3420 3896 terra
3453 3856 3518 3897 ac

1920 3935 2062 3989 mari
2092 3948 2281 3990 comes
2309 3976 2321 3999 ,
2375 3934 2466 3989 hic
2496 3937 2548 3990 in
2581 3936 3026 4006 peregrinatione
3075 3943 3184 3989 tota
3245 3934 3427 3989 socius
3469 3946 3523 3990 et

1924 4027 2244 4081 consolator
2286 4026 2407 4081 fuit.
2440 4028 2544 4083 Sed
2579 4028 2814 4082 referam
2867 4028 2961 4082 tibi
2993 4029 3153 4096 plane
3184 4071 3195 4091 ,
3228 4042 3334 4098 quo
3383 4028 3520 4082 liber

1922 4120 2024 4173 iste
2050 4122 2447 4189 penetraverit.
2483 4131 2532 4174 et
2561 4136 2721 4189 quam
2749 4122 2932 4176 nullus
2954 4120 3066 4176 fere
3098 4123 3149 4175 in
3181 4122 3314 4175 urbe
3345 4130 3519 4176 terra-

1924 4226 2045 4267 rum
2079 4214 2231 4267 locus
2259 4216 2353 4279 sit,
2385 4213 2476 4267 ubi
2508 4226 2614 4269 non
2643 4218 2871 4269 materia
2908 4226 3013 4268 tant
3061 4214 3237 4269 felicis
3270 4214 3523 4269 historim

1925 4306 2245 4375 pervulgata
2277 4314 2549 4360 teneatur.
2584 4306 2800 4361 Primus
2832 4322 2955 4362 eum
2992 4306 3251 4361 Romanae
3288 4307 3409 4362 urbi
3443 4309 3527 4361 vir

1927 4398 2364 4454 studiosissimus
2414 4402 2490 4454 tui
2547 4400 2807 4455 Paulinus
2859 4402 3094 4455 invexit:
3146 4400 3347 4455 deinde
3399 4416 3521 4456 cum

1928 4502 2039 4547 tota
2072 4494 2325 4549 certatim
2366 4494 2515 4552 Urbe
2548 4505 2831 4566 raperetur
2852 4539 2866 4562 ,
2894 4497 3232 4551 exsultantes
3274 4496 3527 4551 librarios

1928 4586 2062 4649 vidi,
2095 4586 2240 4657 quod
2274 4589 2409 4643 nihil
2441 4589 2508 4643 ab
2539 4590 2625 4644 his
2681 4586 3041 4657 qurestuosius
3085 4588 3411 4642 haberetur:
3445 4588 3523 4642 si-

225 4680 345 4747 bus,
374 4699 579 4755 genere
607 4684 817 4746 clarus,
851 4681 1057 4736 habens
1086 4696 1312 4736 uxorem
1340 4690 1395 4735 et
1422 4681 1590 4735 filium
1625 4696 1823 4751 parvu-
1853 4654 1902 4723 Ῐ)
1927 4680 2150 4751 quidem
2186 4680 2323 4737 nihil
2352 4682 2447 4737 illo
2472 4683 2802 4754 promptius,
2840 4683 2969 4737 nihil
3010 4682 3231 4738 charius
3263 4681 3535 4737 vendere-

227 4778 354 4842 lum,
375 4795 497 4835 cum
516 4781 570 4834 in
599 4778 843 4849 [Egypto
869 4776 1121 4831 tribunus
1149 4786 1324 4843 esset,
1356 4788 1406 4833 et
1441 4776 1825 4847 frequentibus

227 4873 508 4931 adversum
565 4871 824 4928 Blembos
868 4870 1311 4940 expeditionibus
1351 4870 1600 4939 quasdam
1652 4871 1823 4925 eremi

228 4969 571 5042 contigisset,
605 4967 935 5025 Sanctorum
966 4966 1132 5020 etiam
1165 4964 1512 5019 tabernacula
1542 4965 1828 5035 complura

228 5061 470 5128 vidisset,
499 5076 530 5116 a
552 5062 716 5115 beato
738 5058 855 5112 vim
883 5056 1097 5113 Joanne
1122 5058 1344 5112 verbum
1374 5059 1567 5112 salutis
1594 5058 1827 5127 accepit.

231 5154 333 5211 Nec
364 5170 612 5213 moratus
646 5154 897 5209 inutilem
933 5152 1181 5207 militiam
1210 5168 1334 5207 cum
1363 5167 1501 5207 vano
1530 5154 1624 5208 illo
1655 5154 1827 5208 hono-

232 5266 287 5305 re
306 5258 687 5314 contemnere,
719 5262 961 5301 eremum
990 5256 1310 5302 constanter
1338 5246 1644 5317 ingressus,
1677 5247 1830 5302 brevi

236 5352 473 5411 tempore
499 5341 553 5395 in
586 5339 738 5395 outni
761 5353 962 5407 genere
985 5337 1245 5391 virtutum
1272 5336 1549 5408 perfectus
1582 5337 1829 5393 emicuit.

238 5432 430 5489 Potens
444 5434 696 5505 jejuniis,
746 5431 1053 5486 humilitate
1075 5433 1425 5499 cortSpicuus,
1469 5432 1578 5487 fide
1608 5434 1796 5488 firmus
1818 5477 1833 5502 ,

237 5526 387 5584 facile
414 5544 476 5584 se
501 5525 741 5596 antiquis
767 5523 1045 5578 monachis
1074 5523 1257 5578 studio
1273 5524 1483 5580 virtutis
1499 5535 1845 5594 :eqttnverat;

236 5635 354 5677 cum
382 5622 608 5677 interim
662 5618 833 5672 subiit
866 5632 983 5672 eum
1015 5617 1278 5685 cogitatio
1304 5658 1318 5682 ,
1370 5617 1567 5687 injecta
1597 5633 1692 5687 per
1721 5616 1840 5671 dia-

237 5713 441 5780 bolum,
493 5712 643 5784 quod
677 5711 877 5767 rectius
926 5719 1069 5767 esset
1103 5719 1159 5767 ut
1204 5709 1409 5765 rediret
1450 5710 1521 5765 ad
1562 5712 1795 5779 patriam
1823 5755 1835 5777 ,

241 5808 519 5877 ﬁliumque
569 5807 788 5861 unicum
824 5819 885 5859 ac
920 5803 1141 5859 domum
1171 5812 1342 5858 totam
1372 5817 1497 5859 cum
1528 5820 1699 5861 uxore
1727 5804 1839 5860 sal-

246 5901 595 5974 varettqued
641 5900 825 5969 utique
876 5908 1024 5955 esset
1068 5898 1349 5967 acceptius
1403 5894 1538 5963 Deo,
1591 5912 1755 5970 quam
1792 5899 1841 5955 si

1927 4782 2035 4828 tur.
2070 4773 2166 4830 Hic
2198 4776 2566 4846 navigationis
2598 4792 2732 4832 meae
2769 4790 2991 4831 cursum
3044 4777 3211 4847 longe
3237 4784 3363 4829 ante
3394 4790 3533 4845 prte-

1926 4884 2177 4939 gressus,
2212 4884 2336 4923 cum
2371 4871 2437 4926 ad
2470 4869 2716 4925 Africam
2749 4869 3020 4924 venissem
3050 4912 3063 4935 ,
3096 4874 3198 4937 iam
3238 4884 3334 4939 per
3362 4874 3527 4923 totam

1927 4963 2319 5034 Carthaginem
2347 4965 2636 5037 legebatur
2669 4965 2862 5036 (solus
2914 4978 3039 5019 eum
3076 4963 3408 5035 Cyrenensis
3438 4964 3534 5019 ille

1931 5059 2224 5129 presbyter
2252 5074 2362 5115 non
2402 5059 2679 5127 habebat,
2714 5059 2809 5115 sed
2843 5076 2928 5114 me
2982 5060 3246 5129 largiente
3286 5059 3535 5127 descrip-

1932 5151 2064 5223 sit):
2094 5164 2221 5205 nam
2253 5152 2379 5221 quid
2412 5165 2515 5223 ego
2543 5153 2614 5207 de
2644 5152 2974 5207 Alexandria
3019 5154 3245 5223 loquar?
3275 5152 3361 5205 ubi
3397 5166 3535 5221 pene

1934 5243 2190 5299 omnibus
2214 5246 2383 5315 magis
2412 5260 2573 5315 quam
2606 5245 2701 5301 tibi
2739 5255 2900 5301 notus
2928 5254 3029 5300 est.
3064 5246 3163 5300 llic
3195 5244 3489 5315 [Egypinm
3518 5284 3531 5303 .

1936 5337 2190 5404 Nitriam,
2217 5337 2551 5392 Thebaidam
2572 5353 2635 5394 ac
2658 5349 2771 5394 tota
2793 5338 3144 5409 Memphitica
3169 5354 3329 5407 regna
3357 5346 3537 5388 trans-

1940 5432 2056 5487 ivit.
2117 5431 2272 5487 Hunc
2309 5445 2411 5502 ego
2441 5432 2493 5486 in
2522 5447 2711 5489 eremo
2743 5449 2771 5487 a
2819 5434 3056 5505 quodam
3093 5448 3225 5487 sene
3258 5432 3359 5500 legi
3390 5427 3495 5480 vidi
3522 5446 3532 5478 ι

1940 5526 2028 5581 cui
2058 5539 2180 5580 cum
2208 5540 2295 5579 me
2327 5524 2647 5581 familiarem
2690 5538 2840 5581 tuum
2866 5542 2987 5583 esse
3019 5529 3282 5582 dixissem
3320 5564 3333 5588 ,
3385 5532 3432 5575 ει
3468 5520 3536 5573 ab

1949 5620 2041 5675 illo
2072 5630 2124 5675 et
2153 5636 2179 5674 a
2215 5621 2399 5675 multis
2442 5622 2705 5677 fratribus
2751 5622 2867 5677 hare
2900 5622 3029 5676 mihi
3066 5623 3301 5689 injunrta
3343 5616 3540 5685 legatio

1947 5724 2050 5777 est,
2087 5722 2165 5780 ut,
2190 5714 2233 5767 si
2265 5726 2517 5785 umquam
2543 5724 2717 5770 terras
2747 5716 2877 5769 istas
2909 5724 2959 5768 te
2992 5712 3248 5767 incolumi
3273 5707 3536 5774 contigis-

1949 5821 2171 5873 sem,ea
2233 5815 2284 5861 te
2312 5807 2565 5878 supplere
2605 5807 2992 5875 contpeilerem
3030 5814 3155 5873 quas
3213 5802 3264 5855 in
3320 5800 3416 5853 illo
3447 5808 3541 5852 tuo

1950 5900 2088 5956 libro
2108 5899 2176 5956 de
2197 5897 2490 5954 virtutibus
2519 5896 2662 5954 beati
2692 5897 2790 5952 viri
2820 5894 3097 5965 professus
3116 5906 3178 5950 es
3201 5889 3536 5965 praeterisse.
