4056 6340
548 326 649 383 I99

1915 318 2206 380 SULPICII
2242 320 2492 379 SEVERI

3745 326 3847 384 200

552 448 666 516 Age
716 460 867 517 ergo,
900 444 1027 516 quia
1057 458 1168 501 non
1198 442 1292 500 illa
1340 452 1460 500 arte
1506 440 1697 497 audire
1728 440 1984 497 desidero
2032 458 2152 512 quae
2180 444 2233 505 Α
2260 442 2386 508 tior,
2420 444 2547 497 dum
2582 442 2832 499 Turonos
2859 442 3192 513 praeteriret,
3226 457 3254 497 a
3281 441 3512 499 Martiuo
3532 443 3732 513 saepius
3755 458 3849 513 po-

551 541 756 608 scripta
788 538 1087 604 sufficiunt,
1122 539 1210 593 illa
1275 553 1398 609 quae
1439 546 1551 591 tum
1585 536 1673 592 vel
1720 544 1945 606 propter
1975 537 2155 607 legen-

546 632 703 699 tium,
739 642 798 685 ιιι
823 632 990 687 credo
1014 674 1028 698 ,
1070 630 1349 686 fastidium
1382 630 1697 701 prmteristi,
1726 630 1914 684 multis
1954 628 2006 683 id
2046 644 2153 683 una

551 740 765 780 mecmn
800 740 829 779 a
865 735 915 779 te
939 725 1295 793 posventihus
1327 724 1694 792 explicentur.

624 818 820 874 XXIV.
867 818 1165 888 Equidem,
1199 818 1550 873 Postumiane
1582 860 1597 883 ,
1625 818 1846 887 inquam
1877 858 1893 885 ,
1924 832 2049 873 cum
2101 826 2155 871 te

544 914 871 984 jamdudum
918 915 986 969 de
1017 915 1341 969 Sanctorum
1370 911 1664 967 virtutibus
1713 912 1955 967 intentus
1996 910 2153 965 audi-

551 1028 691 1078 rem,
730 1009 909 1065 tacitis
941 1009 1008 1063 ad
1044 1010 1331 1062 Martinum
1366 1022 1545 1063 meum
1595 1006 2027 1077 cogitationibus
2069 1019 2157 1059 re-

548 1102 835 1159 cnrt-ebam
860 1144 875 1164 ,
903 1102 1101 1156 merito
1143 1102 1491 1170 perSpiciens
1520 1100 1701 1154 omnia
1756 1100 1843 1153 illa
1876 1114 1997 1166 qua:
2044 1100 2157 1153 sin-

547 1200 658 1272 gttli
692 1199 908 1254 diversa
945 1196 1237 1263 fecissent,
1267 1211 1365 1265 per
1396 1211 1562 1250 unum
1598 1194 1766 1249 istum
1814 1193 1969 1249 facile
2000 1208 2155 1248 com-

549 1293 721 1362 pleta.
754 1289 888 1345 Nam
923 1305 1046 1344 cum
1078 1289 1293 1345 excelsa
1320 1286 1578 1342 retuleris
1602 1287 1769 1357 (quod
1797 1286 1928 1339 mihi
1952 1286 2157 1341 dixisse

548 1386 704 1441 liceat
732 1400 864 1456 pace
910 1381 1267 1453 Sanctorum)
1305 1422 1320 1447 ,
1365 1380 1499 1435 nihil
1527 1396 1554 1433 a
1583 1388 1634 1434 te
1684 1380 1898 1449 penitus
1928 1378 2106 1432 audivi
2138 1418 2153 1442 ,

553 1480 606 1535 in
634 1496 741 1550 quo
764 1481 1027 1533 Martinus
1059 1488 1207 1533 esset
1239 1476 1487 1530 inferior.
1512 1473 1618 1528 Sed
1648 1475 1787 1527 sicut
1816 1474 2012 1527 nullius
2038 1488 2157 1525 um-

549 1589 714 1645 quam
745 1588 867 1627 cum
900 1572 1047 1626 illius
1078 1569 1182 1623 viri
1210 1568 1421 1622 meritis
1461 1568 1731 1634 profiteor
1761 1564 2154 1620 conferendam

550 1680 676 1719 esse
711 1665 993 1729 virtutem,
1027 1663 1098 1716 ita
1132 1668 1188 1715 et
1230 1659 1358 1714 illud
1392 1658 1761 1717 animadverti
1794 1658 1993 1723 decet,
2048 1657 2151 1711 ini-

555 1773 662 1829 qua
693 1758 847 1812 illum
881 1771 1003 1809 cum
1032 1754 1280 1809 erentitis
1326 1752 1414 1807 vel
1444 1753 1605 1806 etiam
1638 1750 1986 1804 anachoretis
2024 1766 2153 1803 con-

2255 542 2521 609 poscisse,
2552 549 2609 594 ut
2638 541 2686 596 ei
2720 540 3039 595 convivium
3088 540 3141 595 in
3175 555 3275 594 suo
3320 541 3652 594 monasterio
3697 538 3851 594 daret

2255 637 2331 707 (in
2363 652 2470 705 quo
2498 636 2716 706 quidem
2751 636 3064 707 exemplum
3107 636 3252 691 beati
3283 633 3552 691 Ambrosii
3605 634 3845 705 episcopi

2256 728 2604 798 pr:eferebat,
2637 729 2727 799 qui
2761 744 2829 783 eo
2871 741 3119 798 tempore
3169 730 3423 783 consules
3450 736 3506 782 et
3561 730 3847 797 praefectos

2254 820 2487 876 subinde
2525 834 2753 889 pascere
2787 821 3087 892 ferebatur)
3120 837 3133 887 ;
3173 821 3267 876 sed
3309 823 3481 875 virum
3525 820 3736 875 altioris
3775 822 3852 875 in-

2256 914 2425 983 genii,
2457 930 2525 967 ne
2547 930 2650 985 qua
2676 930 2741 968 ex
2776 914 2879 969 hoc
2908 916 3120 968 vanitas
3165 925 3325 985 atque
3377 916 3585 970 inflatio
3617 916 3848 984 obrepe-

2257 1017 2363 1070 ret,
2388 1008 2649 1061 noluisse.
2681 1008 2825 1077 Ergo
2854 1008 3077 1062 fatearis
3112 1021 3338 1062 necesse
3367 1018 3484 1073 est,
3538 1007 3591 1061 itt
3626 1008 3850 1063 Marttno

2256 1103 2499 1156 omnium
2531 1102 2749 1156 illorum
2799 1118 2939 1172 quos
2969 1102 3302 1157 enumerasd
3331 1143 3345 1166 ,
3393 1101 3559 1156 fuisse
3593 1101 3848 1168 virtutes;

2256 1196 2471 1249 Martini
2506 1204 2687 1251 autem
2718 1197 2771 1252 itt
2800 1197 2911 1251 illis
2941 1196 3198 1251 omnibus
3225 1211 3331 1251 non
3363 1196 3549 1252 fuisse.

2330 1287 2522 1343 XXVI.
2557 1289 2695 1356 Quid
2731 1299 2803 1353 lu,
2834 1290 3008 1354 inquit
3032 1288 3449 1352 Postumianus,
3480 1290 3550 1343 ita
3602 1291 3848 1346 mecum?

2255 1383 2405 1453 quasi
2443 1398 2547 1435 non
2571 1381 2761 1437 eadem
2797 1393 2977 1437 tecum
3020 1382 3252 1438 sentiam
3300 1398 3627 1453 semperque
3662 1398 3849 1439 sense-

2258 1477 2381 1529 rim.
2418 1475 2530 1544 Ego
2561 1490 2692 1529 vero
2717 1476 2896 1545 quoad
2941 1477 3123 1528 vivant
3158 1490 3375 1546 semper
3395 1485 3449 1530 et
3476 1476 3686 1544 Sapiam
3715 1516 3731 1539 ,
3760 1475 3850 1530 ιε-

2256 1568 2407 1637 gypti
2434 1566 2735 1622 monachos
2777 1568 3089 1637 pratdicaho
3115 1611 3130 1635 ,
3180 1569 3413 1624 laudabo
3441 1568 3805 1623 anacltoretas
3832 1612 3846 1638 ,

2258 1660 2497 1715 mirabor
2525 1663 2815 1726 eremitas;
2845 1662 3133 1716 Martinam
3166 1676 3385 1731 semper
3406 1662 3673 1734 excipiam
3699 1679 3711 1715 :
3745 1677 3845 1717 non

2260 1752 2337 1805 illi
2367 1766 2468 1821 ego
2489 1767 2817 1822 quemquam
2850 1752 3063 1808 audebo
3092 1754 3483 1808 monachorum
3504 1794 3519 1816 ,
3552 1762 3702 1807 certe
3747 1769 3845 1809 non

556 1852 765 1906 ditione
782 1848 1044 1905 conferri.
1075 1847 1156 1902 llli
1208 1846 1350 1901 enim
1384 1845 1452 1899 ab
1482 1843 1633 1898 ontni
1663 1843 2056 1912 impedimento
2087 1842 2152 1897 li-
2180 1838 2227 1897 B
2255 1844 2633 1914 episeopurum
2659 1846 2970 1914 quempiam
3025 1861 3367 1916 comparare.
3422 1845 3535 1900 Hoc
3584 1843 3847 1917 Egyptus

551 1945 692 2009 beri,
726 1944 871 1999 ctelo
904 1952 1114 1997 tantum
1148 1950 1312 2011 atque
1341 1938 1554 2010 angelis
1585 1938 1837 2005 testibus,
1869 1938 2027 2008 plane
2056 1937 2152 1992 ad-

551 2037 826 2093 mirabilia
858 2040 1130 2091 docentur
1159 2034 1414 2104 operari:
1451 2034 1552 2087 iste
1580 2032 1631 2087 itt
1667 2033 1847 2087 medio
1899 2042 2045 2087 cmtn
2098 2040 2155 2085 et

550 2133 974 2189 conversatione
1004 2129 1324 2201 populorum
1352 2168 1367 2193 ,
1424 2127 1566 2181 inter
1596 2125 1831 2180 clericos
1882 2124 2152 2179 dissiden-

551 2242 655 2297 tes,
691 2232 836 2286 iuter
853 2230 1145 2299 episcOpos
1167 2227 1483 2289 szevientes,
1514 2239 1638 2279 cum
1664 2222 1785 2278 fere
1813 2221 2149 2293 quotidianis

546 2327 819 2382 scandulis
846 2325 971 2379 hinc
997 2335 1161 2394 atque
1190 2321 1317 2376 inde
1370 2329 1716 2391 premeretur
1746 2359 1761 2383 ,
1813 2317 2151 2386 inexpugna-

548 2417 644 2474 bili
675 2427 855 2472 tamen
909 2416 1174 2471 adversus
1203 2411 1386 2469 omnia
1416 2412 1623 2465 virtute
1662 2407 1922 2463 fundatus
1954 2409 2106 2462 stetit
2133 2449 2147 2473 ,

549 2522 603 2568 et
636 2523 784 2567 tanta
816 2521 1074 2581 operatus
1105 2518 1211 2573 est,
1235 2515 1434 2578 quanta
1464 2522 1533 2560 ne
1584 2503 1665 2558 illi
1694 2504 1913 2574 quidem
1949 2516 2084 2571 quos
2122 2517 2150 2556 a

549 2612 603 2662 te
632 2603 941 2659 audivimus
969 2617 1091 2657 esse
1122 2600 1174 2655 itt
1210 2614 1396 2655 eremo
1424 2598 1508 2651 vel
1542 2596 1739 2661 fuisse,
1775 2596 2045 2650 fecerunt.
2074 2595 2151 2648 Ac

550 2698 593 2752 si
630 2697 705 2751 illi
739 2695 888 2765 paria
922 2692 1206 2757 fecissent,
1236 2688 1541 2761 quistudex
1576 2697 1684 2742 tam
1714 2698 1860 2741 esset
1889 2686 2149 2755 injustus,

554 2799 611 2845 ut
642 2803 753 2843 non
779 2789 943 2843 istum
969 2801 1093 2841 esse
1136 2784 1402 2855 potiorem
1433 2782 1632 2837 merito
1656 2780 1962 2850 judicaret?
2018 2780 2152 2833 l’uta

549 2884 693 2939 enim
720 2883 887 2936 istum
942 2878 1113 2935 fuisse
1145 2877 1375 2931 militem
1406 2878 1495 2945 qtti
1530 2874 1850 2944 pugnaverit
1880 2874 1931 2926 in
1965 2872 2152 2941 iniquo

550 2974 670 3029 loco
706 3014 720 3037 ,
747 2983 802 3028 et
857 2984 1040 3027 tamen
1087 2970 1263 3025 victor
1289 2969 1555 3032 evaserit;
1611 2966 1736 3021 illos
1781 2976 1964 3021 autem
1998 2978 2152 3034 teque

547 3080 819 3135 compone
842 3066 1134 3130 militibus,
1168 3061 1265 3117 sed
1296 3062 1385 3131 qui
1409 3077 1477 3116 ex
1500 3076 1658 3129 atquo
1696 3059 1815 3113 loco
1844 3069 1936 3113 aut
1985 3058 2150 3111 etiam

546 3160 614 3217 de
642 3161 930 3230 superiore
956 3157 1322 3213 certaverint:
1378 3154 1510 3226 quid
1548 3153 1720 3225 ergo?
1752 3154 1858 3208 etsi
1905 3152 2147 3207 omnium

2257 1937 2481 2005 fatetur,
2520 1942 2621 1995 hoc
2652 1940 2832 2011 Syria,
2866 1941 2968 1995 hoc
2997 1940 3256 2010 jEtltiOps
3290 1942 3602 2012 comperit,
3638 1941 3742 1997 hoc
3768 1942 3849 1996 ln-

2255 2034 2353 2088 dus
2400 2035 2637 2100 audivit,
2678 2035 2780 2089 line
2811 2036 3043 2091 Parthus
3083 2048 3136 2091 et
3174 2036 3341 2092 Persa
3395 2046 3665 2092 noverunt
3696 2078 3710 2101 ,
3752 2051 3846 2093 nec

2256 2128 2468 2197 ignorat
2503 2126 2789 2193 Armenia;
2824 2129 3139 2199 Bospltorus
3190 2131 3417 2185 exclusa
3459 2133 3717 2201 cognovit
3748 2173 3763 2199 ,
3798 2141 3848 2187 et

2255 2232 2533 2291 postremo
2565 2222 2609 2276 si
2641 2224 2761 2292 quis
2792 2233 2888 2279 aut
2912 2224 3219 2279 fortunatas
3248 2225 3453 2281 insulas
3489 2267 3503 2291 ,
3536 2236 3628 2280 aut
3654 2226 3848 2296 glacia-

2254 2316 2359 2371 lem
2412 2316 2724 2388 frequentat
2762 2333 3063 2372 oceanum:
3105 2335 3215 2390 quo
3259 2322 3514 2376 miserior
3560 2331 3650 2377 est
3700 2324 3844 2394 regio

2254 2413 2356 2467 iSIa
2384 2424 2591 2477 nostra,
2619 2429 2741 2483 qua!
2766 2421 2975 2467 tantum
3010 2414 3205 2481 virttm,
3234 2430 3354 2469 cum
3389 2415 3440 2469 in
3472 2416 3722 2484 proximo
3751 2415 3845 2470 ha-

2256 2504 2456 2570 buerit,
2487 2520 2648 2559 nosse
2683 2521 2789 2559 nou
2825 2508 3045 2561 meruit.
3080 2506 3190 2562 Nec
3233 2516 3413 2562 tamen
3463 2508 3590 2564 huic
3638 2508 3847 2565 crimini

2254 2597 2495 2652 miscebo
2527 2598 2860 2667 populares:
2889 2599 2991 2653 soli
3023 2598 3180 2653 illum
3221 2600 3431 2668 clerici,
3467 2601 3569 2656 soli
3606 2605 3848 2658 nesciunt

2254 2691 2589 2746 sacerdotes.
2620 2691 2733 2747 Nec
2760 2692 3039 2749 immerito
3071 2709 3236 2748 nosse
3267 2695 3422 2749 illum
3458 2695 3630 2752 invidi
3669 2697 3849 2752 nolue-

2253 2794 2415 2839 runt:
2442 2786 2567 2854 quia
2597 2786 2641 2838 si
2670 2786 2903 2840 virtutes
2957 2786 3101 2840 illius
3134 2799 3360 2842 nossent
3392 2828 3407 2855 ,
3461 2803 3558 2843 sua
3589 2789 3718 2844 vitia
3764 2805 3849 2845 co.

2253 2878 2595 2948 gnovisseut.
2634 2877 2847 2933 Horren
2876 2878 3060 2933 dicere
3095 2880 3239 2949 quod
3271 2896 3445 2945 nuper
3475 2882 3690 2947 audivi,
3720 2883 3848 2939 infe-

2255 2972 2413 3026 licem
2437 2970 2644 3027 dixisse
2670 2973 2859 3026 nescio
2885 2988 3070 3042 quem,
3104 2984 3155 3027 te
3184 2974 3235 3027 iit
3265 2973 3359 3027 illo
3404 2974 3544 3028 libro
3577 2986 3671 3029 tuo
3699 2976 3845 3046 plura

2256 3064 2566 3119 mentitmu.
2596 3063 2714 3119 Non
2745 3073 2829 3119 est
2882 3064 3117 3120 hominis
3147 3082 3247 3119 vox
3283 3068 3380 3120 ista
3412 3109 3426 3133 ,
3479 3068 3576 3123 sed
3610 3070 3843 3137 diaboli;

2257 3175 2361 3215 nec
2388 3160 2620 3215 Martiuo
2653 3161 2704 3214 in
2734 3163 2833 3215 hac
2864 3177 3016 3231 parte
3046 3162 3370 3228 detrahitur,
3395 3165 3490 3220 sed
3517 3164 3653 3220 ﬁdes
3679 3166 3846 3222 Evan-

546 3270 649 3310 Ulla
676 3252 902 3309 νίεῐοτίει
933 3262 1017 3308 εει
1041 3293 1055 3318 9
1090 3268 1197 3306 ηυῐι
1235 3249 1682 3321 Ροιθειοίηηίυω
1725 3262 1850 3303 esse
1894 3262 1994 3317 Par
2033 3247 2147 3316 8'0'
2178 3239 2223 3303 Ο
2253 3255 2410 3324 geliis
2440 3244 2767 3325 derogatur:
2820 3272 2944 3310 nam
2977 3272 3099 3311 cum
3138 3257 3400 3313 Dominus
3452 3262 3569 3328 ipse
3618 3270 3844 3317 testatus

544 3347 643 3405 ria.
676 3348 740 3403 Et
771 3359 952 3403 tamen
984 3362 1107 3399 eum
1144 3344 1405 3415 praeclara
1439 3343 1693 3398 retuleris
1715 3382 1729 3407 ,
1756 3356 1786 3395 a
1815 3342 2035 3396 nemine
2066 3355 2152 3395 re-

548 3446 723 3502 tulisti
755 3454 1032 3498 mortuum
1080 3448 1433 3496 suscitatam:
1467 3454 1575 3508 quo
1604 3452 1714 3492 uno
1746 3440 1931 3506 utique
1984 3447 2033 3489 te
2057 3450 2148 3490 ne-

545 3554 705 3596 cesse
726 3550 813 3594 est
834 3536 1087 3592 conﬁteri
1129 3534 1364 3589 Martiuo
1389 3533 1666 3587 neminem
1689 3529 2114 3586 conferendum.

622 3631 790 3689 XXV.
818 3630 948 3685 Nam
978 3629 1023 3684 si
1049 3627 1428 3683 admirandum
1454 3636 1560 3693 est,
1592 3624 1738 3696 quod
1771 3624 1925 3677 illum
1950 3621 2149 3693 [Egyp-

549 3730 683 3784 tium
717 3725 936 3780 flamma
972 3740 1077 3778 non
1112 3722 1329 3793 attigit;
1365 3721 1454 3777 hic
1480 3736 1697 3791 quoque
1746 3718 1946 3789 sa'pius
1974 3718 2149 3786 impe-

548 3821 688 3876 ravit
716 3819 1004 3875 incendiis.
1036 3816 1093 3872 Si
1126 3815 1375 3870 revolvas
1404 3814 1551 3885 quod
1581 3811 1931 3867 anachoretis
1962 3809 2150 3864 feritas

552 3914 850 3971 bestiarum
899 3912 1038 3966 victa
1093 3910 1413 3973 succubuit;
1459 3908 1545 3963 hic
1596 3906 1936 3960 familiariter
1966 3916 2019 3959 et
2066 3920 2152 3959 ra-

554 4010 695 4065 biem
724 4008 1020 4063 bestiarum
1061 4014 1115 4059 et
1143 4005 1479 4075 serpentium
1533 4016 1743 4055 venena
1793 4001 2148 4068 compescuit.

552 4102 707 4171 Quod
739 4102 784 4156 si
816 4101 967 4155 illum
998 4097 1252 4155 conferas
1281 4098 1373 4168 qtti
1404 4094 1701 4150 immundis
1730 4093 2011 4163 spiritibus
2055 4093 2153 4147 ob-

551 4210 733 4252 sessos
759 4195 910 4250 verbi
953 4193 1187 4263 imperio
1245 4207 1309 4246 ac
1356 4190 1520 4245 etiam
1571 4186 1905 4243 limbriarmu
1948 4187 2149 4241 virtute

551 4288 808 4353 curabat;
848 4303 915 4343 ne
950 4285 1003 4341 itt
1034 4287 1136 4341 hac
1163 4284 1380 4355 quidem
1417 4291 1570 4352 parte
1622 4280 1935 4335 inferiorem
1986 4278 2151 4335 fuisse

549 4384 836 4440 llIartinum
868 4384 1037 4438 multa
1071 4382 1398 4436 documenta
1430 4387 1576 4432 sunt.
1608 4378 1665 4431 Si
1712 4378 1876 4432 etiam
1902 4377 1970 4430 ad
1994 4376 2147 4432 illum

548 4495 805 4537 recurras
835 4480 925 4549 qui
956 4478 1091 4532 setis
1139 4475 1253 4530 suis
1286 4490 1383 4544 pro
1414 4483 1564 4528 veste
1594 4482 1882 4527 contectus
1928 4471 2153 4541 putaba-

554 4586 638 4630 tur
660 4575 729 4631 ab
755 4574 961 4643 angelis
991 4569 1239 4633 visitari;
1288 4582 1412 4621 cum
1445 4568 1547 4621 isto
1576 4566 1752 4635 angeli
1799 4565 2040 4635 quotidie
2072 4564 2151 4619 lo—

2252 3350 2343 3414 sit,
2381 3350 2685 3403 istiusmodi
2712 3365 2877 3420 opera
2900 3366 3022 3421 quae
3054 3351 3317 3405 Martinus
3342 3356 3608 3424 implevit,
3642 3357 3711 3410 ab
3736 3372 3844 3411 om-

2253 3441 2410 3495 nibus
2462 3441 2719 3496 fidelibus
2771 3456 2896 3498 esse
2927 3443 3209 3509 facienda;
3258 3446 3350 3515 qtti
3400 3447 3692 3503 Martinum
3744 3466 3845 3506 non

2250 3533 2431 3587 credit
2457 3533 2556 3586 ista
2590 3533 2812 3603 fecisse,
2848 3551 2954 3590 non
2986 3538 3458 3593 creditChristum
3494 3541 3597 3595 isna
3625 3542 3843 3599 dixisse.

2250 3624 2356 3681 Sed
2389 3625 2634 3681 infelices
2660 3668 2673 3689 ,
2717 3629 3044 3698 degeneres,
3077 3631 3408 3686 somnolenti
3440 3673 3455 3696 ,
3494 3649 3614 3701 quae
3646 3634 3752 3705 ipsi
3772 3635 3845 3690 fa-

2252 3732 2378 3773 cere
2404 3734 2509 3773 non
2541 3730 2791 3788 possunt,
2823 3720 2966 3775 facta
2993 3721 3063 3775 ah
3101 3722 3193 3776 illo
3232 3724 3603 3779 erubescunt:
3646 3736 3699 3782 et
3735 3743 3846 3782 ma-

2253 3810 2370 3865 luttt
2394 3811 2537 3867 illius
2593 3828 2796 3882 negare
2835 3815 3112 3879 virtutes,
3158 3831 3319 3885 quam
3377 3832 3529 3871 suam
3598 3819 3845 3875 inertiam

2251 3906 2523 3960 confiteri.
2560 3905 2761 3960 Verum
2790 3906 2948 3961 nobis
2980 3905 3046 3960 ad
3074 3906 3178 3961 alia
3222 3910 3645 3977 properantibus
3673 3913 3845 3968 omnis

2254 4000 2483 4055 istorum
2512 4002 2771 4056 memoria
2801 4002 3172 4069 relinquatur:
3202 4012 3257 4056 ιιι
3308 4004 3508 4073 potius,
3546 4016 3604 4059 ιιι
3628 4007 3843 4077 jamdu-

2252 4095 2378 4149 dum
2406 4094 2939 4161 desidero,residua
2977 4096 3190 4149 Martini
3242 4112 3413 4167 opera
3469 4111 3725 4156 contexe.
3782 4104 3846 4159 At

2252 4201 2376 4255 ego,
2406 4188 2649 4256 inquam,
2673 4187 2911 4242 arbitror
2935 4190 3140 4243 rectius
3165 4190 3306 4245 istud
3337 4208 3366 4244 a
3392 4190 3555 4247 Gallo
3576 4209 3703 4249 eSse
3726 4211 3845 4265 pns-

2253 4282 2490 4336 cendum
2523 4322 2538 4348 ,
2587 4284 2789 4353 quippe
2829 4283 2919 4353 qui
2978 4286 3126 4354 plura
3170 4286 3384 4340 now-rit
3444 4288 3649 4356 (neque
3701 4292 3843 4344 enim

2252 4378 2507 4448 ignorare
2540 4380 2714 4448 potuit
2743 4381 2991 4450 magistri
3013 4383 3147 4436 facta
3172 4380 3516 4452 discipulus),
3544 4383 3709 4452 etqui
3738 4400 3839 4438 non

2255 4472 2529 4527 immerito
2558 4473 2715 4526 istam
2740 4475 2910 4528 viceni
2943 4491 3048 4529 non
3079 4474 3253 4528 solum
3278 4476 3531 4538 Martiuo,
3556 4478 3652 4530 sed
3684 4481 3840 4532 etiam

2253 4564 2415 4617 nobis
2439 4562 2664 4628 debeat;
2701 4575 2779 4627 ut,
2810 4566 2938 4633 quia
2978 4580 3081 4636 ego
3117 4566 3224 4635 jam
3266 4567 3462 4620 librum
3490 4568 3673 4633 edidi,
3706 4585 3765 4621 ac
3794 4579 3841 4622 ιιι

547 4631 877 4738 quebatttttr.
904 4663 1024 4719 Jam
1060 4677 1191 4714 vero
1228 4659 1493 4713 adversus
1520 4658 1816 4713 vanitatem
1845 4667 2008 4728 atque
2030 4656 2150 4728 jac-
2176 4631 2230 4692 Ῑ)
2256 4655 2525 4710 hactenus
2555 4657 2915 4712 Orientalium
2966 4672 3119 4731 gesta
3154 4662 3469 4714 memorasti
3506 4703 3520 4726 ,
3558 4663 3721 4717 istaut
3756 4664 3845 4718 de-

548 4759 776 4815 tantiam
832 4757 904 4810 ita
941 4755 1201 4809 invictum
1250 4752 1502 4821 spiritum
1553 4752 1722 4821 gessit
1756 4761 1858 4818 ,ιιι
1892 4752 1977 4805 illa
2020 4753 2150 4807 vitia

546 4850 745 4907 fortius
773 4864 935 4905 nemo
964 4844 1388 4915 contempserit;
1424 4859 1546 4898 cum
1588 4844 1807 4914 quidem
1857 4847 2149 4902 immundis

548 4944 831 5016 spiritibus
859 4940 1074 4996 amatos
1105 4938 1305 4993 absens
1338 4937 1661 5007 plerumque
1698 4939 2013 5003 curaverit,
2050 4955 2150 4995 nec

549 5038 728 5094 solum
755 5035 1049 5093 comitibus
1083 5044 1178 5086 aut
1208 5031 1488 5101 praefectis
1519 5072 1533 5095 ,
1586 5030 1679 5084 sed
1724 5029 1855 5101 ipsis
1882 5031 2041 5086 etiam
2074 5049 2151 5087 re-

547 5132 706 5203 gibus
739 5132 1057 5198 imperaret.
1092 5127 1376 5182 Minimum
1410 5126 1462 5181 id
1502 5126 1723 5196 quidcm
1777 5129 1828 5180 in
1863 5127 2009 5182 illius
2039 5129 2150 5182 vir-

547 5224 790 5288 tutibus;
822 5221 916 5277 sed
946 5220 1143 5275 credas
1171 5221 1358 5285 velim,
1395 5234 1502 5273 non
1540 5218 1720 5273 solum
1771 5222 2015 5286 vanitati,
2050 5221 2144 5277 sed

548 5321 729 5378 causis
756 5321 918 5374 etiam
950 5328 1112 5389 atque
1144 5316 1529 5371 occasionibus
1570 5315 1830 5370 vanitatis
1870 5318 2143 5371 neminem

549 5413 748 5467 fortius
780 5425 1138 5481 repugnasse.
1172 5408 1349 5463 Parva
1380 5407 1622 5477 quidem,
1654 5409 1746 5461 sed
1781 5425 1886 5462 non
1922 5423 2145 5478 praeter-

545 5506 725 5562 eunda
770 5505 1014 5559 dicturus
1059 5518 1209 5557 sum:
1259 5501 1385 5570 quia
1418 5507 1475 5554 et
1515 5500 1612 5555 ille
1668 5501 1968 5555 laudandus
2006 5512 2092 5557 est
2126 5540 2142 5566 ,

542 5604 633 5675 qui
666 5617 875 5657 summa
908 5599 1173 5669 prmditus
1209 5605 1477 5664 potestate
1504 5604 1607 5649 tatu
1628 5597 1931 5666 religiosam
1955 5597 2020 5651 ad
2054 5612 2145 5651 re-

544 5697 844 5753 verentiam
880 5695 1022 5750 beati
1054 5694 1153 5746 viri
1184 5691 1493 5747 ostenderit
1527 5692 1887 5748 voluntatem.
1924 5692 2142 5747 Memini

547 5791 891 5849 Vincentium
920 5788 1255 5861 pra-fectum,
1292 5784 1466 5839 virum
1493 5788 1771 5855 egregium
1803 5798 1853 5839 et
1887 5800 1994 5853 quo
2018 5784 2139 5837 ttul-

541 5884 623 5946 lus
652 5886 725 5941 sit
750 5885 891 5941 intra
924 5882 1129 5939 Galltas
1151 5879 1303 5937 omni
1330 5879 1592 5934 virtutum
1634 5892 1839 5948 genere
1868 5887 2138 5947 praestan-

2264 4765 2410 4803 mum
2445 4751 2740 4805 necessarii
2771 4755 3043 4809 sermonis
3070 4753 3350 4808 historiam
3393 4754 3584 4809 Gallus
3606 4758 3844 4811 evolvat:

2253 4846 2401 4916 quia,
2435 4856 2490 4899 ιιι
2512 4845 2647 4908 dixi,
2675 4856 2730 4900 et
2754 4847 2910 4901 nobis
2938 4846 3099 4902 debet
3120 4849 3374 4916 loquendi
3406 4849 3602 4915 vicem,
3629 4861 3687 4905 et
3712 4851 3847 4906 Mar-

2254 4941 2368 4994 tiuo
2398 4955 2501 4993 suo
2530 4982 2544 5003 ,
2587 4939 2792 5005 credo,
2848 4941 3131 5010 praestabit
3186 4949 3245 4995 ut
3282 4957 3389 4996 non
3429 4958 3658 5012 gravate
3708 4945 3846 4999 illius

2255 5034 2391 5089 facta
2421 5045 2836 5090 commemoret.
2867 5035 2983 5103 Ego
3023 5038 3180 5106 plane
3204 5079 3217 5098 ,
3253 5037 3432 5106 inquit
3460 5040 3655 5094 Gallus
3680 5081 3694 5105 ,
3731 5041 3848 5096 licet

2255 5126 2429 5195 iutpar
2476 5126 2575 5179 sim
2628 5136 2779 5181 tanto
2834 5130 2985 5182 oneri
3024 5170 3036 5194 ,
3082 5138 3259 5183 tamen
3293 5131 3484 5185 relatis
3515 5133 3769 5202 superius
3818 5149 3843 5187 a

2254 5220 2952 5277 Postumianeobedientim
3000 5240 3166 5292 cogor
3203 5226 3469 5292 exemplis
3504 5269 3517 5285 ,
3550 5238 3609 5280 ιιι
3659 5242 3845 5282 inimus

2255 5315 2397 5368 istud
2437 5316 2578 5384 quod
2620 5318 2901 5383 imponitis
2928 5358 2942 5381 ,
2985 5332 3092 5369 non
3140 5332 3419 5372 recusem:
3458 5321 3551 5373 sed
3596 5322 3724 5375 dum
3761 5336 3846 5375 co-

2252 5412 2401 5478 gito,
2449 5425 2533 5463 tne
2568 5411 2841 5463 hominem
2887 5409 3097 5464 Gallum
3144 5409 3289 5464 inter
3338 5412 3645 5483 Aquitanos
3689 5400 3869 5469 verbal

2254 5503 2545 5566 facturum,
2576 5517 2767 5557 vereor
2808 5519 2878 5559 ne
2905 5504 3149 5559 offendat
3181 5516 3388 5561 vestras
3429 5508 3654 5562 nimium
3696 5512 3846 5563 urba-

2253 5612 2348 5649 nas
2379 5612 2537 5649 aures
2588 5611 2770 5649 sermo
2816 5600 3091 5653 rusucior.
3136 5599 3385 5655 Audietis
3438 5618 3523 5657 nte
3567 5614 3748 5659 tamen
3792 5612 3846 5658 ut

2250 5692 2621 5748 Gnrdonirum
2655 5692 2951 5759 hominem,
2987 5695 3117 5748 nilttl
3150 5712 3274 5749 cum
3309 5699 3429 5753 fuco
3460 5712 3549 5752 aut
3577 5701 3842 5755 οιιιιιιιιίιο

2250 5785 2597 5854 l0quontem:
2633 5800 2755 5837 nam
2803 5790 2846 5839 si
2882 5787 3013 5840 mihi
3046 5788 3289 5841 tribuitis
3339 5792 3555 5845 Martini
3607 5809 3693 5846 me
3722 5806 3840 5847 es.~e

2246 5878 2572 5949 discipulum
2604 5920 2618 5945 ,
2656 5878 2787 5934 illud
2834 5881 3001 5937 etiam
3030 5881 3323 5938 concedite
3352 5924 3366 5950 ,
3410 5896 3491 5957 ut,
3517 5887 3651 5942 tttilti
3685 5888 3840 5944 liceat
