4056 6340
151 347 237 403 201

1567 343 1912 404 DIALOGUS
1952 341 2015 402 Il.

3355 347 3467 405 202

150 461 381 533 exemplo
413 462 578 519 illius
598 462 794 519 inanes
823 476 1135 518 sermonum
1167 461 1420 532 phaleras
1446 473 1501 518 et
1555 465 1751 520 verho-
1775 466 1825 524 Α
1853 469 1908 516 et
1948 459 2094 530 quod
2144 468 2197 514 te
2243 469 2430 516 manet
2481 459 2725 530 explica:
2783 461 3018 517 nimium
3058 463 3206 519 enim
3258 463 3464 520 dudum

153 569 258 610 rum
285 564 631 610 ornamenta
654 565 1028 610 contemnere.
1061 553 1142 608 'l‘u
1173 567 1328 617 vero,
1359 553 1535 624 inquit
1563 554 1758 610 Postu-

153 647 366 713 mianus,
397 649 492 704 vel
524 647 781 714 Celtica;
811 655 926 714 aut,
955 648 999 703 si
1029 648 1201 702 mavis
1224 692 1238 714 ,
1270 647 1474 705 Gallice
1505 648 1752 720 loquere,

155 741 435 798 dummodo
459 741 583 812 jam
614 742 913 797 Martinum
943 741 1206 810 loquaris.
1232 742 1347 813 Ego
1372 751 1554 798 autem
1589 742 1759 812 proli-

158 847 274 904 teor,
303 837 463 908 quia,
489 838 725 893 etiamsi
772 846 948 892 mutus
991 851 1142 893 esses
1167 879 1181 900 ,
1209 853 1316 892 non
1367 837 1618 892 defutura
1661 836 1760 892 tibi

155 932 321 997 verba,
345 929 566 1001 quibus
595 930 894 986 Martinum
921 930 1168 1000 quamvis
1193 930 1425 988 facundo
1446 945 1541 986 ore
1564 931 1757 1002 loqua-

159 1026 258 1092 ris;
286 1025 433 1081 sicut
462 1023 770 1081 Zachariae
795 1025 848 1079 in
873 1023 1100 1080 Joannis
1136 1025 1360 1080 nomine
1399 1024 1578 1095 lingua
1611 1038 1765 1080 reso-

158 1121 251 1176 luta
264 1128 364 1175 est.
389 1119 690 1175 Caeterum
722 1134 844 1174 cum
867 1119 942 1173 sis
964 1118 1348 1185 scholasticus,
1369 1119 1667 1175 artiliciose
1685 1118 1762 1173 la-

159 1214 244 1279 cis,
263 1224 582 1270 utexcuses
605 1213 964 1283 imperitiam,
983 1212 1109 1282 quia
1132 1214 1399 1269 exuberas
1415 1213 1758 1284 eloquentia;

158 1308 240 1365 sed
261 1323 438 1379 neque
472 1306 825 1362 monachum
874 1316 978 1361 tam
1011 1317 1252 1362 astutum
1282 1349 1296 1372 ,
1337 1322 1516 1378 neque
1547 1307 1758 1363 Gallum

160 1402 296 1458 decet
321 1415 454 1457 esse
489 1409 609 1455 tam
637 1399 916 1456 callidum.
945 1398 1149 1455 Verum
1195 1399 1498 1471 aggredere
1529 1400 1709 1470 potius
1743 1442 1758 1466 ,

1854 554 1987 609 alias
2017 569 2107 609 res
2135 564 2362 624 agentes
2392 553 2770 609 consumimus
2803 563 3060 625 tempus;
3099 565 3154 611 et
3188 555 3299 626 jam
3331 557 3466 614 solis

1857 647 2076 702 occidui
2103 647 2296 702 umbra
2344 647 2609 718 prolixior
2657 657 2877 714 monet,
2913 663 3022 703 non
3071 649 3306 706 multum
3357 651 3468 706 diei

1856 742 2032 797 vicina
2065 751 2228 797 nocte
2274 755 2588 807 superesse.
2630 741 2840 797 Deinde
2864 757 2992 798 cum
3037 743 3316 813 paululum
3347 759 3468 799 om-

1857 851 1956 892 nes
1998 835 2498 900 conticuissemus,
2546 834 2736 892 Gallus
2782 836 2856 890 ita
2904 837 3100 907 coepit:
3146 835 3464 893 Cavendum

1858 929 1992 984 mihi
2026 928 2299 999 imprimis
2325 943 2452 984 esse
2479 929 2755 998 arbitror,
2786 945 2856 986 ne
2887 944 2956 986 ea
2980 929 3050 986 de
3102 930 3324 986 Martini
3355 931 3467 987 vir-

1864 1023 2069 1078 tutibus
2093 1032 2361 1091 repetam,
2386 1038 2508 1093 qua;
2531 1025 2584 1077 in
2617 1023 2762 1079 libro
2788 1039 2891 1079 suo
2915 1024 3194 1095 Sulpicius
3219 1025 3322 1081 iste
3344 1041 3466 1082 me-

1864 1118 2120 1173 moravit.
2153 1116 2307 1172 Unde
2331 1117 2507 1187 prima
2544 1118 2692 1172 illius
2730 1119 2878 1174 inter
2926 1118 3273 1174 militandum
3311 1130 3468 1189 gesta

1859 1221 2152 1283 praetereo,
2187 1226 2366 1281 neque
2391 1226 2453 1266 ea
2487 1212 2748 1282 attingam
2774 1227 2897 1280 qua:
2929 1212 3098 1268 laicus
3127 1214 3237 1283 egit
3262 1228 3324 1268 ac
3346 1227 3468 1267 mo-

1865 1307 2106 1362 nachus:
2139 1321 2237 1362 nec
2276 1321 2413 1361 vero
2442 1305 2634 1361 audita
2665 1307 2734 1362 ab
2763 1307 2887 1362 aliis
2922 1306 3106 1377 potius
3159 1322 3319 1377 quam
3349 1323 3473 1377 quae

1862 1400 1972 1456 vidi
2007 1401 2145 1470 ipse,
2169 1400 2421 1456 dicturus
2449 1416 2592 1456 sum.

1421 1690 2031 1779 DIALOGUS
2110 1691 2231 1776 II.

1245 1852 1366 1915 Sed
1396 1853 1611 1932 potius
1649 1851 1911 1933 Dialogt'
1944 1853 1970 1914 Ι
1999 1869 2152 1933 pars
2172 1851 2399 1915 altera.

226 2165 261 2222 I.
293 2165 415 2233 Quo
447 2163 644 2235 primo
677 2161 846 2232 igitur
865 2169 1118 2231 tempore
1147 2155 1361 2214 relictis
1383 2155 1588 2211 scholis
1609 2154 1772 2210 beato
1801 2157 1851 2218 B
1878 2152 2118 2224 quinque
2156 2163 2526 2226 comparatam
2569 2158 2846 2227 argenteis
2896 2160 3041 2230 rapit
3067 2201 3082 2227 ,
3138 2168 3305 2233 atque
3354 2171 3484 2220 ante

167 2276 243 2317 me
267 2261 382 2314 viro
409 2258 606 2329 junxi,
641 2269 850 2326 paucos
878 2263 1002 2326 post
1045 2252 1166 2310 dies
1210 2261 1432 2308 euntem
1481 2250 1551 2305 ad
1589 2249 1770 2305 eccle-

171 2353 288 2408 siam
333 2352 741 2423 sequebamur.
799 2346 1018 2404 ltiterim
1051 2347 1100 2403 ei
1148 2345 1470 2402 seminudus
1526 2342 1774 2399 hibernis

171 2449 445 2504 mensibus
476 2461 699 2517 pauper
725 2448 966 2501 occurrit
993 2485 1010 2512 ,
1040 2457 1206 2498 orans
1250 2443 1352 2498 sibi
1384 2441 1772 2498 vestimentum

175 2540 298 2596 dari.
328 2540 491 2596 Tunc
525 2540 646 2604 ille,
671 2540 942 2594 arcessito
969 2535 1382 2603 arcltidiacono,
1408 2535 1779 2605 jussitalgen-

177 2642 274 2688 tem
301 2635 419 2689 sine
441 2631 729 2688 dilatione
768 2631 960 2686 vestiri
985 2672 998 2693 .
1031 2629 1232 2686 deinde
1284 2628 1644 2685 secretarium
1698 2627 1781 2681 in-

179 2743 410 2798 gressus,
451 2741 582 2782 cum
615 2725 796 2790 solus,
822 2735 880 2779 ut
908 2732 1027 2779 erat
1056 2722 1134 2778 illi
1163 2723 1507 2778 consuetudo
1533 2763 1548 2788 ,
1574 2720 1782 2776 reside-

180 2830 254 2874 ret
288 2819 449 2890 (banc
491 2818 645 2874 enim
701 2816 806 2872 sibi
835 2815 1002 2872 etiam
1055 2817 1107 2870 in
1149 2815 1386 2871 ecclesia
1427 2813 1779 2870 solitudinem

183 2913 432 2982 permissa
463 2910 697 2965 clericis
728 2908 984 2964 libertate
1009 2908 1343 2980 prtestabat;
1385 2923 1506 2961 cum
1559 2905 1782 2976 quidem

186 3007 238 3060 in
267 3008 366 3060 alio
387 3004 698 3061 secretario
729 3002 1031 3075 presbyteri
1073 3002 1336 3058 sederent
1359 3001 1450 3056 vel
1499 3001 1786 3055 salutatio-

187 3097 338 3154 nihus
377 3105 682 3164 vacantes,
734 3097 821 3151 vel
866 3095 1154 3151 audiendis
1204 3094 1442 3166 negmiis
1494 3093 1782 3163 occupati:

186 3192 470 3248 Martinutn
503 3207 640 3248 vero
669 3206 844 3261 usque
884 3192 937 3245 in
968 3206 1088 3247 eam
1129 3191 1319 3245 horam
1365 3205 1469 3261 qua
1519 3187 1784 3244 solemnia

187 3287 381 3354 popqu
428 3285 514 3355 agi
561 3282 916 3338 consuetudo
967 3283 1338 3352 deposceret,
1401 3297 1498 3337 sua
1550 3279 1788 3337 solitudo

189 3379 497 3434 cohibebat.
532 3378 671 3433 Illud
702 3392 811 3433 non
855 3377 1178 3447 praeteribo,
1208 3377 1354 3447 quod
1387 3378 1439 3431 in
1489 3377 1788 3432 secretario

192 3473 386 3528 sedens
421 3481 728 3544 numquam
759 3470 1020 3526 cathedra
1057 3486 1186 3527 usus
1213 3483 1298 3528 est
1330 3487 1344 3524 :
1377 3486 1501 3526 nam
1529 3471 1583 3525 in
1614 3469 1791 3526 eccle-

1875 2246 2090 2302 Martini
2120 2247 2289 2318 pedes
2316 2250 2489 2305 iratus
2519 2252 2772 2321 exponit.
2831 2253 2934 2320 En,
2996 2255 3195 2325 inquit,
3224 2266 3433 2313 vestem
3467 2274 3481 2312 :

1874 2343 1970 2398 sed
2002 2358 2209 2414 pauper
2239 2344 2329 2399 hic
2354 2360 2461 2400 non
2493 2353 2597 2401 est.
2632 2345 2734 2402 llle
2764 2347 2897 2402 nihil
2929 2359 3108 2404 motus
3130 2393 3144 2417 ,
3173 2351 3328 2421 jubet
3357 2368 3484 2407 eum

1876 2439 2147 2509 paululum
2172 2447 2321 2496 stare
2355 2456 2452 2510 pro
2480 2441 2693 2498 foribus
2723 2483 2735 2506 ,
2766 2454 3042 2499 secretum
3075 2446 3264 2515 utique
3289 2463 3486 2516 procu-

1875 2548 2004 2588 rans
2032 2533 2159 2589 dum
2181 2535 2280 2590 sibi
2306 2547 2512 2591 veStem
2544 2536 2726 2591 nudus
2751 2537 3092 2608 imponeret;
3126 2542 3253 2596 totis
3281 2541 3488 2598 viribus

1878 2625 2192 2692 elaborans,
2223 2634 2284 2681 ut
2327 2637 2515 2697 posset
2563 2630 2842 2684 occultum
2892 2646 3019 2687 esse
3064 2632 3209 2702 quod
3263 2633 3488 2690 fecerat.

1882 2719 1990 2774 Sed
2022 2721 2241 2791 quando
2272 2720 2327 2775 in
2354 2722 2557 2777 sanctis
2589 2723 2728 2778 viris
2758 2724 2925 2780 latent
2953 2727 3096 2781 ista?
3122 2729 3496 2798 qua-rentibus

1880 2813 2047 2868 velint
2079 2813 2250 2868 nolint
2279 2824 2472 2870 cuncta
2503 2816 2838 2884 produntur.

1955 2904 2188 2974 ll._Cum
2218 2906 2319 2962 hac
2350 2907 2517 2978 igitur
2539 2907 2824 2965 oblaturus
2862 2913 3187 2968 sacriﬁcium
3214 2917 3326 2971 Deo
3344 2925 3498 2974 veste

1886 3000 2152 3069 procedit.
2187 3001 2306 3069 Quo
2336 3001 2554 3070 quidem
2590 3002 2679 3058 die
2703 3005 2864 3072 (mira
2903 3005 3152 3061 dicturus
3183 3011 3327 3082 sum)
3369 3027 3495 3067 cum

1883 3094 1993 3164 jam
2028 3095 2297 3158 altarium,
2326 3094 2467 3150 sicut
2498 3107 2580 3151 est
2608 3098 2883 3164 solemne,
2928 3101 3281 3159 hencdiceret
3312 3121 3326 3170 ;
3381 3106 3500 3175 glo-

1889 3186 2015 3241 bum
2047 3188 2187 3258 ignis
2210 3188 2274 3242 de
2301 3190 2478 3257 capite
2514 3190 2658 3244 illius
2688 3191 2925 3246 vidimus
2959 3195 3223 3260 emicare,
3261 3199 3331 3250 ita
3360 3207 3418 3250 ut
3447 3199 3503 3253 in

1890 3281 2124 3336 sublime
2173 3282 2553 3336 conscendens
2586 3324 2600 3348 ,
2662 3283 2882 3354 longum
2938 3287 3233 3341 admodum
3289 3290 3500 3344 crinem

1892 3373 2108 3429 ﬂamma
2157 3373 2501 3444 produceret.
2549 3373 2664 3430 Hoc
2717 3375 2843 3430 licet
2882 3378 3250 3433 celeberrimo
3298 3380 3500 3435 factum

1893 3467 1979 3523 die
2005 3469 2059 3524 in
2091 3484 2281 3540 magna
2318 3469 2501 3540 populi
2536 3469 2884 3526 multitudine
2913 3472 3240 3540 viderimus,
3265 3491 3366 3527 una
3388 3484 3506 3529 tan-

193 3565 264 3621 sia
301 3583 460 3624 nemo
491 3581 758 3637 umquam
807 3565 959 3619 illum
1018 3565 1213 3620 sedere
1252 3565 1580 3634 cett5pexit;
1647 3563 1789 3617 sicut
1817 3562 1862 3624 C
1897 3572 2007 3616 tum
2036 3562 2106 3617 de
2134 3562 2457 3632 virginibus,
2483 3573 2537 3618 et
2566 3580 2708 3619 unus
2734 3564 2802 3619 de
2843 3566 3206 3638 presbyteris,
3235 3577 3343 3622 [res
3385 3578 3506 3624 tan-

194 3661 474 3729 quemdam
517 3673 736 3729 nuper,
785 3665 959 3712 testor
1001 3657 1278 3712 dominum
1305 3700 1318 3721 ,
1350 3673 1458 3712 non
1507 3656 1627 3713 sine
1666 3672 1790 3711 meo

197 3749 394 3819 pudore
417 3750 532 3804 vidi
590 3749 818 3804 sublimi
863 3749 1004 3803 solio
1031 3758 1086 3804 et
1139 3750 1292 3818 quasi
1337 3751 1486 3820 rcgio
1536 3748 1794 3804 tribunali

195 3843 332 3896 celsa
356 3843 488 3898 sede
528 3841 892 3898 residentem.
936 3840 1175 3897 Sedebat
1212 3851 1392 3896 autem
1424 3841 1689 3897 Martinus
1740 3842 1792 3896 in

197 3935 383 3989 cellula
415 3935 698 3990 rusticana
728 3975 744 3999 ,
777 3944 836 3988 ut
866 3944 997 3989 sunt
1045 3937 1165 3989 ista:
1215 3935 1271 3989 in
1328 3934 1514 3990 usibus
1547 3937 1794 3990 servulo-

203 4041 315 4080 rum
338 4071 352 4093 ,
383 4043 523 4098 quas
556 4041 658 4082 nos
694 4027 886 4081 rustici
925 4024 1065 4082 Galli
1097 4027 1348 4095 tripetias
1377 4069 1392 4092 ,
1425 4043 1521 4083 vos
1552 4029 1797 4084 scholas—

203 4119 310 4187 tici,
335 4131 426 4175 aut
449 4132 605 4176 certe
630 4128 687 4174 tu
715 4118 806 4190 qui
833 4119 904 4174 de
925 4119 1136 4175 Cra-cia
1169 4121 1348 4184 venis,
1382 4122 1626 4190 tripodas
1656 4139 1798 4176 nun-

199 4213 466 4286 cupatis);
501 4215 608 4268 hoc
652 4227 788 4283 ergo
819 4225 1097 4268 secretum
1131 4215 1274 4268 beati
1323 4215 1425 4269 viri
1471 4231 1681 4285 pauper
1707 4217 1798 4271 ille

199 4319 492 4378 captatum,
529 4323 656 4363 cum
691 4307 742 4362 ei
776 4307 1206 4363 archidiaconus
1241 4308 1374 4364 dare
1416 4309 1647 4363 tunicam
1691 4308 1802 4363 dis-

204 4403 435 4469 tulisset,
470 4404 698 4470 irrupit,
727 4401 1124 4456 dissimulatum
1157 4417 1218 4458 se
1243 4417 1272 4456 a
1299 4402 1503 4457 clerico
1535 4416 1800 4472 querens,

202 4510 263 4550 ac
291 4499 475 4567 algere
519 4497 846 4564 deplorans.
899 4495 1014 4553 Nec
1062 4513 1249 4552 mora:
1295 4497 1528 4552 Sanctus
1564 4512 1803 4568 paupere

205 4605 308 4644 non
338 4591 578 4657 vidente,
605 4589 1156 4661 intra.amphibalum
1197 4593 1305 4650 sibi
1361 4593 1600 4648 tunicam
1633 4593 1805 4647 laten-

207 4693 284 4738 ter
312 4685 517 4751 educit,
553 4699 959 4754 pauperemque
980 4697 1292 4742 contectutn
1320 4688 1604 4744 discedere
1628 4687 1802 4758 jubet.

206 4777 339 4834 Dein
365 4785 523 4847 paulo
566 4788 690 4850 post
729 4779 1148 4834 archidiaconus
1192 4781 1472 4852 ingreSsus
1502 4782 1759 4836 admonet
1790 4823 1806 4849 ,

207 4886 304 4940 pro
331 4874 736 4930 consuetudine
766 4883 1088 4945 exspectare
1141 4876 1191 4932 in
1237 4877 1471 4933 ecclesia
1515 4879 1805 4949 populum:

1895 3665 2008 3710 tum
2039 3655 2226 3710 videre
2261 3657 2328 3711 de
2360 3656 2642 3711 monachis
2679 3676 2692 3714 :
2730 3659 2915 3713 carteri
2949 3675 3046 3713 cur
3084 3677 3188 3714 non
3240 3661 3502 3731 viderint,

1899 3770 2003 3809 non
2037 3763 2216 3822 p0test
2237 3753 2409 3807 nostri
2442 3769 2567 3808 esse
2590 3753 2805 3822 judicii.
2834 3754 2937 3809 Per
2960 3755 3102 3810 idem
3129 3756 3241 3811 fere
3265 3767 3502 3826 tempus,

1897 3862 2017 3902 cum
2053 3845 2354 3902 Evauthius
2381 3848 2690 3901 avuncolus
2719 3863 2895 3916 meus,
2932 3851 3012 3902 vir
3041 3851 3169 3903 licet
3197 3851 3378 3904 ςίιιριιιί
3412 3866 3509 3907 ne-

1897 3939 2063 4010 gotiis
2086 3950 2406 4011 occupatus,
2442 3939 2624 3994 tamen
2656 3941 2948 3994 admodum
2987 3942 3353 4012 Cluistiauus,
3383 3960 3510 4013 gra-

1899 4035 2120 4089 vissima
2155 4034 2482 4102 aegritudine
2505 4044 2750 4089 extremo
2779 4035 2970 4089 mortis
2993 4038 3231 4105 periculo
3253 4040 3517 4107 «'(episset

1901 4127 2105 4197 urgeri,
2134 4128 2419 4182 Martinum
2453 4127 2721 4182 evocavit.
2749 4127 2859 4181 Nec
2887 4141 3174 4183 Cunctatus
3204 4131 3293 4182 ille
3320 4147 3515 4198 prope-

1903 4221 2039 4274 ravit
2076 4237 2087 4272 :
2123 4223 2271 4288 prius
2304 4231 2484 4274 tamen
2518 4237 2677 4287 quam
2723 4220 2960 4274 medium
3005 4224 3102 4274 via:
3153 4223 3387 4290 Spaiitltll
3431 4223 3515 4278 vir

1906 4315 2099 4368 beatus
2123 4315 2429 4377 evolveret,
2461 4315 2716 4367 virtutem
2748 4314 3094 4368 advenientis
3124 4317 3298 4370 sensit
3340 4331 3516 4384 {eglo-

1908 4416 2032 4460 lus:
2068 4417 2399 4474 receptaque
2416 4415 2678 4460 COllilIIUO
2706 4408 2962 4465 Sanitate,
2989 4405 3335 4461 venientibus
3356 4411 3516 4464 nobis

1907 4499 2119 4554 obviam
2154 4500 2270 4565 ipse
2301 4497 2589 4567 processit.
2631 4500 2818 4554 Altera
2853 4498 2938 4551 die
2969 4497 3152 4554 rt-dire
3198 4505 3514 4568 cupientem

1910 4609 2102 4664 magna
2132 4608 2292 4660 prece
2316 4591 2550 4646 detinuit
2582 4608 2742 4656 ;eum
2770 4592 2989 4646 interim
3024 4609 3189 4647 unum
3224 4608 3255 4648 e
3309 4593 3517 4648 familia

1909 4703 2140 4759 puerum
2187 4687 2377 4742 lethili
2419 4687 2527 4741 ictu
2579 4702 2807 4754 Serpens
2869 4687 3144 4755 perculit:
3189 4703 3349 4756 quem
3401 4688 3515 4760 jam

1911 4783 2219 4838 exanimem
2247 4781 2296 4836 vi
2326 4780 2523 4837 veneni
2558 4782 2672 4851 ipse
2701 4780 3006 4837 Evantltius
3038 4783 3148 4837 suis
3182 4784 3421 4837 humeris
3457 4787 3522 4839 il-

1911 4874 2080 4929 latum
2114 4887 2241 4929 ante
2276 4876 2442 4944 pedes
2473 4875 2650 4929 Sabeli
2700 4876 2824 4940 viri,
2873 4878 3002 4929 nihil
3055 4876 3132 4930 illt
3183 4878 3526 4947 impossibile

209 4966 359 5023 illum
401 4971 467 5024 ad
501 4971 714 5038 agenda
755 4970 1022 5026 solemnia
1079 4970 1281 5028 debere
1337 4973 1662 5042 procedere.
1711 4974 1806 5028 Cui
1836 4967 1888 5028 D
1914 4968 2175 5028 conﬁsus.
2206 4973 2481 5037 exposuit.
2532 4969 2762 5038 Jamque
2804 4985 2863 5024 se
2914 4972 3113 5025 malum
3153 4988 3379 5040 serpens
3429 4988 3526 5041 per

209 5061 298 5117 ille
327 5064 666 5134 respondens
690 5062 788 5128 ait,
818 5079 1118 5134 pauperem
1172 5067 1320 5136 prius
1369 5067 1464 5134 (de
1521 5083 1581 5122 se
1632 5075 1811 5121 autem

209 5152 449 5229 dicebat)
476 5169 738 5229 Oportere
760 5159 950 5214 vestiri
973 5179 985 5214 :
1007 5176 1070 5215 se
1101 5163 1166 5215 ad
1199 5163 1488 5217 ecclesiam
1524 5179 1630 5216 non
1658 5177 1818 5230 posse

212 5253 535 5318 procedere,
569 5253 674 5308 nisi
708 5263 918 5308 vestem
952 5267 1163 5324 pauper
1199 5255 1496 5325 acciperet.
1546 5253 1818 5309 Dia-mnus

208 5355 342 5398 vero
372 5347 499 5401 nihil
525 5345 868 5416 intelligens,
900 5346 1026 5418 quia
1052 5348 1395 5402 extrinsecus
1422 5345 1670 5400 indutmn
1705 5361 1820 5400 am-

209 5436 456 5505 phibalo,
488 5448 647 5495 veste
673 5439 886 5494 nudum
907 5441 1266 5494 interiusnon
1283 5439 1522 5498 videbat.
1543 5450 1824 5508 postremo

211 5543 512 5600 pauperem
549 5547 658 5588 non
704 5547 1035 5604 comparere
1090 5546 1372 5588 causatur.
1406 5531 1566 5598 Mtlli,
1599 5533 1774 5602 inquit
1808 5571 1824 5600 ,

212 5629 383 5683 vestis
429 5645 554 5701 quae
601 5641 914 5700 praeparata
959 5637 1076 5696 cst,
1115 5628 1427 5684 deferatur:
1470 5641 1678 5698 pauper
1717 5640 1826 5681 non

215 5717 397 5777 deerit
422 5724 768 5780 vestiendus.
801 5723 965 5779 Arcta
988 5733 1100 5778 tum
1126 5723 1345 5778 demum
1381 5722 1616 5777 clericus
1639 5735 1828 5776 neces-

217 5810 385 5868 sitate
406 5816 744 5888 compulsus,
772 5817 995 5887 jamque
1026 5814 1152 5871 felle
1182 5820 1482 5879 commoto,
1510 5828 1541 5866 a
1568 5812 1830 5882 proximis

182 5940 196 5950 -
225 5904 471 5963 tabernis
490 5907 822 5980 bigerricam
848 5918 1078 5972 vestem,
1113 5907 1332 5962 brevem
1362 5911 1525 5976 atque
1555 5902 1831 5974 biSpidam

703 6005 984 6066 ΡΑτιιοι..
1032 6002 1184 6064 XX.

1916 5065 2098 5119 omnia
2141 5066 2382 5118 membra
2433 5063 2744 5118 dilluderat.
2787 5065 3032 5121 Cernere
3077 5067 3332 5121 omnibus
3373 5067 3527 5123 venis

1911 5158 2155 5213 inﬂatam
2179 5173 2383 5223 cutem,
2410 5164 2464 5211 et
2486 5157 2552 5209 ad
2588 5156 2724 5210 utris
2751 5155 2923 5210 instar
2949 5165 3107 5212 tensa
3138 5161 3346 5213 vitalia.
3386 5161 3526 5214 Mar-

1920 5253 2068 5307 tinus
2099 5262 2346 5320 porrccta
2389 5266 2572 5314 manu,
2632 5251 2883 5305 universa
2925 5253 3078 5318 pueri
3119 5256 3358 5307 membra
3405 5269 3530 5322 pcr-

1923 5353 2204 5407 tractans,
2253 5341 2482 5412 digitum
2535 5357 2706 5412 pr0pe
2753 5345 2929 5412 ipsum
2980 5346 3360 5400 vulnuscnlum
3422 5361 3531 5414 quo

1927 5437 2097 5492 bestia
2126 5435 2272 5489 virus
2300 5434 2597 5501 infuderat,
2627 5435 2761 5490 ﬁxit.
2795 5435 2931 5490 'l‘um
2953 5453 3088 5492 vero
3111 5440 3268 5508 (inira
3285 5437 3536 5492 dicturus

1929 5528 2074 5601 sum)
2103 5527 2342 5583 vidimus
2365 5543 2636 5584 venenum
2661 5545 2729 5583 ex
2758 5531 2903 5584 omni
2936 5540 3084 5600 parte
3118 5541 3425 5585 revocatum
3464 5529 3536 5585 ad

1931 5623 2144 5679 Martini
2177 5623 2404 5693 digitum
2434 5623 2748 5678 cucurrisse
2776 5641 2790 5679 :
2821 5623 3024 5679 deinde
3054 5639 3150 5693 per
3181 5621 3311 5676 illud
3339 5622 3538 5678 ulceris

1936 5716 2185 5772 foramen
2222 5717 2475 5784 exiguum
2509 5714 2579 5769 ita
2614 5716 2762 5770 virus
2804 5715 3035 5786 stipasse
3079 5731 3200 5768 cum
3248 5715 3538 5783 sanguine,

1938 5822 1998 5866 ut
2025 5811 2164 5867 solet
2192 5827 2256 5865 ex
2290 5810 2554 5865 uberibus
2584 5823 2874 5879 caprarum
2915 5818 3006 5860 aut
3035 5807 3216 5860 ovium
3260 5815 3540 5875 pastorum

1940 5919 2100 5960 manu
2133 5905 2340 5974 pressis
2367 5903 2526 5971 longa
2550 5898 2691 5954 linea
2713 5897 2919 5968 copiosi
2950 5897 3105 5952 lactis
3125 5893 3370 5952 efﬂuere.
3399 5897 3540 5956 Puer

2979 5991 3019 6050 7
