4056 6340
594 341 702 401 ἢθδ

589 454 828 512 surrexit
883 454 1196 511 incolumis.
1268 452 1377 508 Nos
1448 448 1816 519 obStnpefacti
1876 457 2041 504 tantae
2109 448 2267 510 reiA

599 548 881 613 miraculo,
908 548 960 604 id
992 548 1133 618 quod
1168 549 1285 617 ipsa
1316 546 1544 618 cogebat
1569 545 1799 608 veritas,
1841 542 2146 600 fatebamur
2168 582 2185 608 ,

597 656 701 696 non
718 656 841 696 θμεθ
867 640 967 696 sub
990 642 1128 697 CtBlo
1156 640 1246 711 qui
1270 639 1558 694 Martinam
1584 637 1759 707 possit
1783 635 2011 692 imitari.

665 732 754 789 Ill.
788 734 1156 807 Consequenti
1188 732 1373 789 itidem
1402 742 1646 803 tempore
1676 731 1783 786 iter
1817 746 1940 785 cum
1972 729 2189 796 eodem,

594 826 723 883 dum
765 827 1030 883 diteceses
1058 827 1261 891 visitat,
1304 826 1616 895 agebamus.
1660 823 1825 880 Nobis
1873 823 2057 878 nescio
2088 837 2191 892 qua

596 922 922 977 necessitate
951 920 1375 985 remorantibus,
1403 918 1798 989 aliquantulum
1848 916 1938 973 ille
1970 931 2193 988 proces-

594 1023 759 1070 serat.
791 1014 1014 1071 Interim
1038 1029 1135 1084 per
1164 1028 1416 1084 aggerem
1461 1012 1734 1083 publicum
1763 1012 1922 1082 plena
1952 1012 2189 1066 militau-

596 1106 740 1163 tibus
783 1108 915 1163 viris
957 1105 1157 1163 fiscalis
1186 1105 1355 1162 rbeda
1398 1104 1691 1161 veniebat:
1723 1105 1819 1161 sed
1867 1103 1956 1158 ubi
2003 1103 2191 1157 Marti-

598 1216 722 1255 num
755 1200 810 1255 in
836 1212 985 1257 veste
1007 1199 1240 1270 hispida,
1268 1199 1423 1270 nigro
1447 1208 1501 1253 et
1525 1198 1759 1268 pendulo
1780 1196 1940 1266 pallio
1964 1195 2193 1251 circum-

596 1306 818 1364 tectum,
852 1298 1104 1367 contigua
1134 1296 1203 1352 de
1239 1297 1411 1353 latere
1436 1295 1681 1367 jumenta
1704 1294 1979 1360 viderunt,
2005 1292 2195 1362 paulu-

595 1393 705 1446 lum
741 1392 791 1444 in
827 1399 1034 1461 partem
1075 1391 1301 1447 alteram
1330 1390 1611 1460 pavefacta
1637 1396 1922 1445 cesserunt
1950 1405 1962 1441 :
1993 1386 2194 1442 deinde

595 1484 815 1541 funibus
842 1485 1158 1555 implicatis,
1199 1492 1478 1555 pretcntos
1521 1483 1645 1537 illos
1690 1482 1915 1553 quibus,
1948 1489 2006 1534 ut
2046 1493 2193 1549 szepe

595 1580 827 1646 vidistis,
859 1580 1052 1635 misera
1101 1580 1191 1634 illa
1233 1580 1485 1633 animalia
1521 1578 1937 1648 conglobantur,
1971 1575 2193 1629 ordines

594 1674 962 1739 miscuerunt;
996 1672 1234 1740 dmnque
1265 1686 1410 1740 mgre
1460 1670 1840 1734 expediuntur,
1873 1681 2080 1722 moram
2110 1665 2190 1720 fe-

593 1782 720 1822 cere
751 1765 1193 1837 properantibus.
1218 1764 1331 1832 Qua
1364 1764 1594 1833 permoti
1626 1763 1819 1831 injuria
1869 1761 2189 1822 militantes,

1954 332 2245 394 SULPICH
2282 333 2531 393 SEVERI

3791 331 3890 388 204

2366 448 2453 502 lV.
2485 446 2620 502 Illud
2652 456 2836 502 autem
2866 446 3229 503 animadverti
3269 460 3436 518 saepe,
3463 444 3893 515 Suipiei,Marti-

2300 556 2427 595 num
2454 541 2549 595 tibi
2576 541 2764 597 dicere
2788 542 3029 609 solitum,
3076 557 3417 612 nequaquam
3459 541 3562 596 sibi
3603 541 3656 596 in
3690 540 3894 609 episco-

2298 644 2424 706 patu
2472 652 2591 691 eam
2635 639 2898 692 virtutum
2927 638 3160 707 gratiam
3191 637 3518 708 suppetisse,
3554 651 3719 706 quam
3753 636 3895 703 prius

2298 746 2359 788 se
2390 731 2640 788 habuisse
2688 732 3035 788 meminisset
3064 751 3077 786 :
3110 732 3257 803 quod
3295 733 3341 786 si
3374 746 3562 787 verum
3593 740 3697 796 est,
3736 731 3895 785 immo

2296 824 2424 895 quia
2452 840 2639 879 verum
2681 834 2799 892 est,
2832 826 3109 894 conjicere
3137 840 3430 895 possumus
3464 835 3666 895 quanta
3698 825 3896 879 fuerint

2299 916 2391 971 illa
2433 932 2557 988 qua:
2599 918 2900 973 monachus
2923 932 3184 989 operatus
3216 928 3320 982 est,
3356 929 3410 975 et
3438 935 3560 987 quau
3587 930 3726 973 toste
3754 917 3894 973 nullo

2296 1010 2447 1065 solus
2475 1013 2745 1077 exercuit,
2772 1026 2896 1069 cum
2941 1022 3087 1068 tanta
3121 1013 3275 1068 illum
3308 1012 3359 1067 in
3387 1014 3711 1083 episcopatu
3752 1012 3893 1082 signa

2298 1102 2495 1159 fecisse
2520 1106 2622 1159 sub
2649 1106 2821 1159 oculis
2850 1110 3091 1163 omnium
3126 1107 3447 1161 viderimus.
3478 1106 3648 1161 Multa
3682 1104 3891 1175 quidem

2296 1194 2446 1251 illius
2478 1198 2627 1264 prius
2664 1209 2817 1269 gesta
2851 1200 3141 1255 innotuere
3192 1200 3431 1264 mundo,
3463 1215 3641 1269 neque
3674 1207 3894 1269 potuere

2296 1290 2463 1343 celari
2495 1308 2508 1342 :
2540 1292 2635 1345 sed
2670 1293 3092 1347 innumerabilia
3124 1308 3248 1349 esse
3300 1292 3555 1349 dicuntur
3598 1309 3743 1363 qua),
3772 1292 3890 1347 dum

2293 1382 2614 1452 jactantiam
2644 1386 2792 1449 vitat,
2825 1388 3141 1453 occultavit,
3171 1404 3346 1457 neque
3378 1389 3429 1442 in
3456 1388 3737 1442 hominum
3764 1388 3894 1441 noti-

2300 1477 2428 1530 tiam
2474 1492 2665 1548 passus
2718 1489 2801 1534 est
2852 1482 3177 1550 pervenire;
3219 1484 3417 1551 quippe
3464 1482 3553 1551 qui
3604 1480 3890 1535 humanam

2298 1571 2658 1625 substantiam
2700 1588 3110 1643 supergressus,
3144 1576 3364 1629 virtutis
3411 1591 3525 1629 sua:
3565 1577 3892 1631 censcirntia

2298 1662 2485 1716 mundi
2527 1662 2758 1731 gloriam
2788 1666 3031 1732 calcans,
3058 1667 3197 1723 cmlo
3245 1676 3381 1723 teste
3413 1667 3711 1724 frueretur.
3745 1668 3891 1736 Quod

2297 1768 2485 1811 verum
2509 1770 2631 1813 esse
2657 1760 2743 1815 vel
2777 1776 2848 1816 ex
2883 1761 2969 1815 his
2995 1778 3115 1831 quae
3143 1774 3422 1832 comperta
3457 1764 3615 1819 nobis
3644 1773 3775 1819 sunt
3800 1780 3891 1819 nec

595 1860 947 1930 prmcipitatts
967 1859 1017 1912 in
1044 1868 1242 1913 terram
1258 1857 1504 1920 saltibus,
1526 1870 1583 1910 se
1601 1854 2042 1911 dederuntzdein
2063 1853 2193 1907 Mar.
2224 1856 2271 1916 Β
2299 1850 2471 1905 latere
2522 1864 2851 1923 potuerunt,
2915 1872 3204 1926 possumus
3257 1859 3528 1914 mstimare
3553 1878 3567 1923 ;
3629 1860 3889 1930 siquidem

597 1956 769 2009 tinum
796 1953 979 2024 ﬂagris
1017 1968 1081 2007 ac
1118 1952 1353 2006 fustibus
1382 1965 1575 2020 urgere
1602 1958 1885 2019 cmperuut
1904 1964 1917 2012 ;
1937 1962 2059 2001 eum
2078 1948 2194 2015 qui-

593 2049 717 2106 dem
748 2048 844 2103 ille
864 2056 1043 2103 mutus
1070 2057 1124 2102 et
1156 2044 1458 2101 incredibili
1486 2044 1735 2113 patientia
1765 2041 2010 2111 prwbeus
2045 2050 2192 2109 terga

596 2143 953 2208 caedentibus,
985 2141 1248 2210 majorem
1295 2138 1559 2194 insaniam
1611 2134 1916 2192 infelicibus
1945 2147 2190 2188 commo-

593 2246 765 2305 veret,
810 2236 982 2309 magis
1023 2251 1087 2291 ex
1136 2234 1239 2290 hoc
1286 2233 1552 2297 furentes,
1588 2228 1733 2301 quod
1777 2229 1870 2284 ille
1897 2226 2053 2298 quasi
2084 2242 2190 2282 non

589 2335 834 2390 sentiens
862 2329 1088 2385 verbera
1124 2329 1270 2383 illata
1304 2333 1708 2381 contemneret.
1741 2321 1845 2377 Nos
1889 2321 2032 2377 illico
2067 2336 2192 2375 con-

588 2427 785 2492 secuti,
817 2423 959 2481 foede
988 2433 1272 2480 cruentum
1302 2430 1464 2490 atque
1491 2420 1742 2475 universa
1770 2417 2016 2484 corporis
2043 2423 2191 2483 parte

591 2522 874 2587 laniatum,
921 2534 1046 2576 cum
1104 2516 1370 2573 exanimis
1427 2514 1477 2569 in
1533 2523 1736 2568 terram
1786 2510 2187 2581 procubuisset,

589 2613 902 2669 invenimus
935 2631 946 2664 :
976 2611 1269 2678 statimque
1298 2623 1419 2664 eum
1468 2606 1642 2661 asello
1672 2620 1773 2659 suo
1811 2604 2186 2673 imposuimus,

591 2723 656 2763 ac
686 2709 863 2763 locum
893 2706 1055 2762 caedis
1088 2704 1235 2759 illius
1260 2711 1610 2759 exsecrantes
1652 2700 1847 2768 raptim
1880 2699 2029 2753 abire
2061 2712 2189 2767 pro-

590 2803 923 2873 peravimus.
982 2799 1191 2854 Interea
1247 2796 1327 2852 illi
1368 2795 1599 2866 regressi
1652 2794 1718 2848 ad
1764 2794 1987 2848 rbcdam
2036 2806 2189 2846 suam

588 2894 774 2951 furore
802 2894 1023 2960 satiato,
1057 2892 1141 2962 agi
1172 2906 1275 2961 quo
1306 2890 1382 2945 ire
1406 2887 1973 2958 cmperant,jumcnta
2006 2885 2190 2952 praecio

588 2991 766 3062 piunt.
799 2992 930 3056 Qua:
959 3003 1081 3042 cum
1127 2986 1306 3040 omnia
1355 2985 1475 3037 solo
1506 2981 1629 3048 fixa,
1664 2997 1726 3035 ac
1756 2980 1799 3035 si
1830 2996 1982 3035 arttea
2004 2974 2189 3048 signa,

585 3084 917 3155 riguissent;
944 3079 1261 3135 tollentibus
1283 3078 1442 3131 altius
1468 3091 1655 3131 vocem
1685 3074 1981 3144 magistris,
2011 3068 2192 3142 ﬂagris

586 3172 715 3233 hinc
742 3187 901 3246 atque
924 3174 1047 3231 inde
1074 3170 1465 3228 resonantibus
1494 3169 1623 3223 nihil
1654 3167 1869 3238 penitus
1898 3166 2191 3221 moveban-

2297 1955 2423 2001 ante
2482 1950 2855 2018 episcopatum
2900 1950 3038 2007 duos
3089 1962 3338 2007 mortuos
3391 1953 3517 2007 vita:
3574 1955 3889 2020 restituerit,

2296 2039 2439 2109 quod
2476 2038 2619 2097 liber
2660 2052 2783 2097 tuus
2814 2045 3032 2113 plenius
3081 2056 3164 2101 est
3218 2047 3467 2112 locutus;
3496 2048 3547 2101 in
3580 2046 3889 2118 episcopatu

2294 2149 2453 2201 vero,
2478 2136 2621 2206 quod
2663 2140 3083 2206 prtetermisisse
3132 2152 3182 2194 te
3215 2142 3407 2207 miror,
3442 2157 3610 2195 untun
3668 2152 3893 2196 tantum-

2296 2229 2458 2283 modo
2495 2231 2865 2286 suscitaverit.
2910 2233 3073 2302 Cujus
3104 2234 3180 2287 rei
3230 2249 3332 2305 ego
3368 2237 3522 2289 testis
3566 2252 3709 2297 sum,
3744 2238 3789 2291 si
3822 2248 3890 2291 ta-

2296 2339 2419 2377 men
2448 2323 2581 2378 nihil
2614 2326 2683 2381 de
2718 2328 2897 2382 minus
2936 2329 3133 2384 idoneo
3162 2339 3300 2385 teste
3342 2330 3628 2385 dubitatis.
3660 2331 3892 2399 ldipsum

2292 2425 2474 2470 autem
2508 2417 2663 2473 vobis
2708 2420 2943 2490 qualiter
2983 2430 3198 2491 gestant
3234 2422 3325 2487 sit,
3357 2422 3667 2490 exitlicabo.
3701 2423 3894 2479 Fuerat

2294 2524 2455 2564 eausa
2488 2512 2673 2566 nescio
2703 2528 2823 2583 qute
2843 2555 2856 2579 ,
2887 2530 2992 2585 qua
3023 2516 3319 2570 Carnutum
3366 2516 3628 2586 oppidum
3676 2517 3893 2586 peteba-

2295 2621 2437 2659 mus.
2500 2606 2737 2674 Interea,
2795 2609 2924 2664 dum
2981 2613 3159 2666 vicum
3209 2614 3499 2682 quemdam
3542 2614 3893 2669 habitantium

2295 2702 2647 2757 multitudine
2712 2703 3215 2775 frequentissimum
3269 2708 3654 2777 praeterimus,
3690 2710 3891 2763 obviam

2295 2794 2455 2851 nobis
2488 2796 2741 2852 immanis
2770 2799 2925 2853 turba
2971 2801 3258 2866 processit,
3294 2817 3415 2871 qua:
3442 2810 3559 2855 erat
3588 2810 3701 2855 tota
3731 2802 3894 2871 genti.

2294 2888 2425 2941 lium
2460 2906 2472 2940 :
2505 2906 2625 2942 nam
2660 2905 2820 2944 nemo
2851 2892 2903 2946 in
2947 2891 3041 2947 illo
3070 2895 3193 2948 vico
3229 2904 3455 2949 noverat
3499 2894 3887 2958 Christianum,

2295 3000 2485 3039 verum
2514 2986 2579 3039 ad
2615 2984 2813 3041 famam
2857 2988 2989 3042 tanti
3033 2986 3135 3041 viri
3179 3003 3406 3058 campos
3434 3004 3630 3044 omnes
3671 2990 3780 3045 inte
3810 3004 3892 3058 pa-

2295 3086 2474 3133 tentes
2492 3079 2885 3134 conﬂuentium
2912 3081 3203 3136 ntultitudo
3225 3090 3568 3136 eontexcrat.
3597 3083 3784 3138 Sensit
3814 3083 3889 3137 hic

2297 3171 2556 3227 Martinus:
2588 3174 2925 3242 operandam
2947 3217 2961 3241 ,
2993 3186 3045 3229 et
3079 3176 3437 3229 annuntianle
3467 3175 3568 3228 sibi
3597 3176 3793 3244 spiritu
3820 3186 3889 3228 to-

582 3282 691 3329 tur.
723 3269 1067 3339 Consurgunt
1100 3266 1300 3322 deinde
1339 3279 1531 3319 omnes
1574 3262 1781 3331 pariter
1825 3260 1875 3313 in
1935 3259 2182 3313 verbera.
2218 3246 2261 3308 C
2298 3276 2384 3319 ius
2412 3267 2714 3332 intremuit;
2748 3284 2849 3324 nec
2875 3268 3107 3324 mortale
3138 3283 3365 3334 sonans,
3384 3270 3613 3323 verbum
3646 3270 3741 3324 De;
3768 3284 3890 3340 μη-

583 3364 868 3420 Consumit
898 3362 1136 3417 Gallicas
1185 3357 1451 3412 mularum
1504 3370 1662 3424 poena
1710 3352 2007 3423 mastigias.
2052 3350 2185 3405 Tota

583 3458 794 3527 rapitur
820 3457 953 3511 silva
981 3453 1049 3510 de
1094 3454 1379 3523 proximo:
1413 3450 1659 3506 trabibus
1680 3449 1923 3518 jumenta
1955 3446 2188 3500 tundun-

585 3562 706 3615 tur;
738 3546 832 3603 sed
874 3546 1009 3602 nihil
1043 3544 1256 3616 penitus
1303 3558 1492 3597 scmvze
1544 3557 1735 3596 manus
1775 3540 2046 3609 agebant:
2077 3552 2185 3591 uno

581 3656 747 3716 atque
784 3643 975 3699 eodem
1008 3643 1058 3696 in
1112 3640 1233 3695 loco
1278 3637 1492 3692 stabant
1542 3638 1642 3690 tixa
1698 3635 2012 3689 simulacra.
2045 3630 2183 3698 Quid

580 3746 806 3811 agerent
832 3735 1077 3790 infelices
1108 3733 1375 3797 homines,
1405 3730 1757 3792 nesciebant;
1790 3727 2017 3795 necjam
2045 3726 2182 3779 ultra

582 3828 928 3885 dissimulare
958 3835 1228 3896 poterant,
1260 3826 1386 3895 quin
1412 3822 1713 3893 quamlibet
1740 3820 1916 3874 brutis
1943 3818 2183 3889 pectori-

577 3922 683 3979 bus
710 3926 1100 3993 agnoscerent,
1129 3918 1315 3972 divino
1347 3916 1568 3970 numine
1598 3928 1658 3969 se
1712 3912 1905 3967 teneri.
1938 3911 2179 3966 Tandem

579 4032 711 4088 ergo
734 4017 785 4071 in
814 4030 873 4070 se
903 4014 1155 4084 regressi,
1185 4018 1465 4081 cmperunt
1489 4006 1733 4077 qttmiare
1760 4005 1880 4075 quis
1913 4004 2006 4060 ille
2036 4014 2183 4060 esset

579 4126 740 4184 quem
787 4110 839 4163 iu
888 4108 1079 4164 eodem
1125 4106 1244 4161 loco
1299 4112 1426 4157 ante
1476 4098 1752 4171 paululum
1803 4098 2175 4161 cecidissent;

576 4219 701 4262 cum
751 4211 1168 4276 percunctantes
1211 4203 1547 4267 cognoscunt
1580 4208 1648 4247 ex
1682 4191 1953 4245 viantibus
1997 4186 2179 4244 Marti—

576 4316 707 4358 num
749 4314 780 4356 a
816 4314 874 4355 se
898 4310 1004 4353 tam
1029 4293 1325 4351 crudeliter
1353 4290 1723 4346 verberatum.
1752 4284 1905 4341 Tunc
1934 4299 2063 4339 vero
2085 4300 2179 4353 ap-

576 4410 773 4467 parere
803 4394 1055 4449 onmibus
1094 4403 1258 4443 causa
1294 4385 1607 4446 manifesta;
1651 4396 1751 4436 nec
1784 4381 2034 4450 ignorare
2065 4380 2176 4450 jam

576 4497 862 4561 poterant,
895 4486 1022 4554 quin
1071 4483 1142 4537 ob
1188 4481 1333 4534 illius
1386 4474 1486 4531 viri
1529 4475 1780 4543 injuriam
1832 4481 2173 4527 tenerentur.

574 4583 743 4652 Igitur
783 4594 973 4634 omnes
1018 4574 1222 4645 rapidis
1278 4586 1375 4625 nos
1428 4570 1676 4638 passibus
1719 4574 2173 4633 consequuntur:

572 4646 779 4732 conscii
807 4670 1025 4726 audacis
1050 4666 1261 4722 faetiac
1288 4664 1481 4718 merito
1506 4646 2439 4730 pudorecmtfusi,ﬂentesDmore
2493 4670 2709 4726 Sublato
2759 4672 3037 4729 Christum
3086 4674 3259 4730 Deum
3322 4674 3478 4732 fateri

574 4778 629 4825 et
666 4767 889 4836 pulvere
920 4778 1026 4832 quo
1072 4775 1131 4814 se
1161 4760 1260 4828 ipsi
1291 4756 1649 4821 foedarerant,
1682 4763 1843 4820 caput
1872 4761 2035 4821 atque
2083 4766 2175 4804 ora

574 4858 880 4928 conspersi,
912 4865 1036 4910 ante
1063 4851 1274 4907 Martini
1303 4866 1359 4904 se
1384 4864 1557 4918 genua
1588 4845 1936 4916 provolvunt,
1962 4845 2173 4901 veniam

571 4960 882 5027 precantes,
918 4961 990 5015 et,
1026 4957 1081 5003 ut
1112 4962 1207 5001 eos
1244 4946 1394 4999 abire
1424 4946 1649 5004 sineret,
1682 4941 2054 5013 postulantes:
2083 4956 2171 4995 sa-

574 5047 642 5103 tis
666 5062 725 5100 se
755 5048 839 5098 vel
861 5046 973 5098 sola
1006 5038 1339 5095 conscientia
1366 5036 1584 5091 dedisse
1607 5049 1908 5103 pinnarum,
1934 5034 2175 5104 satisque

572 5136 905 5194 intellexisse
959 5148 1121 5205 quam
1182 5132 1401 5188 eosdem
1454 5129 1602 5198 ipsos
1665 5126 1817 5183 vivos
1873 5127 2171 5185 absorbere

572 5240 720 5288 terra
761 5228 1045 5299 potuisset,
1079 5225 1162 5279 vel
1198 5224 1297 5296 ipsi
1349 5222 1529 5293 potius
1576 5222 1791 5278 amissis
1832 5223 2083 5277 sensibus
2116 5223 2169 5278 in

571 5321 904 5377 immobilem
937 5333 1190 5375 saxorum
1234 5327 1479 5373 naturam
1524 5318 1795 5387 rigescere
1825 5316 2166 5385 debuissent,

570 5416 713 5473 sicut
732 5416 889 5469 affixa
916 5416 1047 5470 locis
1074 5416 1269 5485 quibus
1292 5420 1577 5477 steterant,
1597 5411 1846 5481 jumenta
1869 5412 2132 5469 vidissent
2153 5432 2165 5468 :

565 5527 725 5568 orare
754 5527 812 5568 se
840 5521 1004 5583 atque
1036 5510 1325 5564 obsecrare
1348 5550 1361 5574 ,
1393 5519 1448 5561 ιιι
1481 5507 1789 5578 indulgeret
1820 5510 2044 5567 sceleris
2070 5525 2165 5564 ve-

566 5606 736 5673 niam,
768 5615 821 5661 et
848 5604 1059 5675 cepiam
1085 5611 1368 5673 praestaret
1398 5602 1655 5658 abeundi.
1687 5602 1944 5657 Senserat
1972 5604 2161 5667 etiam,

561 5702 1260 5773 priusquamaccurrerent,
1282 5697 1362 5752 vir
1386 5698 1574 5752 beatus
1608 5696 1728 5751 illos
1758 5696 1952 5762 teneri,
1980 5696 2165 5752 nobis-

561 5794 731 5865 qneid
747 5792 1453 5865 antejamdixeratzveniam
1477 5802 1653 5847 tamen
1673 5788 2163 5845 clementerindul-

560 5889 667 5959 sit,
701 5889 1031 5959 eosdemque
1052 5886 1201 5944 abire
1229 5882 1818 5957 permisitanimalibus
1840 5882 2132 5939 restitutis.

2293 3361 2482 3415 tilibus
2534 3363 2886 3432 prmdicabat,
2926 3365 3127 3433 szrpius
3178 3364 3549 3432 ingemiscens
3600 3379 3701 3420 cur
3752 3376 3885 3419 tanta

2292 3452 2581 3507 Dominum
2616 3454 2955 3511 Salvatoretn
2992 3456 3150 3510 turba
3192 3458 3456 3512 nesciret.
3488 3456 3704 3513 Interea
3736 3460 3887 3527 (sicut

2289 3560 2391 3599 nos
2446 3546 2784 3602 incredibilis
2832 3550 3274 3605 circumdederat
3328 3550 3644 3623 multitudo)
3702 3552 3887 3607 mulier

2287 3640 2558 3707 qumdant,
2593 3642 2747 3710 cujus
2796 3642 2939 3697 filius
2982 3645 3143 3712 paulo
3184 3654 3312 3699 ante
3350 3645 3654 3711 defecerat,
3699 3663 3882 3716 corpus

2287 3732 2724 3796 exanime,beato
2752 3735 2871 3789 viro
2898 3739 3172 3805 protensis
3200 3738 3452 3793 manibus
3479 3741 3647 3809 erepit
3672 3740 3877 3802 eii‘erre.

2284 3823 2476 3880 dicens
2504 3843 2516 3877 :
2549 3826 2763 3881 Scimus
2807 3830 2931 3898 quia
2979 3829 3189 3885 amicus
3221 3831 3312 3885 Dei
3347 3846 3446 3885 es:
3480 3834 3710 3887 restitue
3758 3833 3875 3886 mihi

2285 3915 2454 3971 filium
2487 3934 2693 3987 meum,
2716 3922 2843 3989 quia
2873 3922 3066 3977 unicus
3092 3933 3172 3977 est
3203 3923 3355 3978 mihi.
3380 3924 3570 3980 Junxit
3595 3941 3659 3982 se
3689 3939 3875 3981 caztera

2284 4010 2601 4077 multitudo,
2647 4022 2703 4068 et
2759 4016 2952 4070 matris
3013 4017 3268 4085 precibus
3325 4018 3687 4075 acclamabat.
3751 4020 3872 4075 Tum

2284 4106 2546 4163 Martinus
2575 4109 2767 4165 videns
2790 4126 2887 4180 pro
2918 4114 3351 4180 exapectantium
3384 4114 3585 4180 salute,
3614 4125 3672 4169 ut
3701 4126 3872 4184 pauca

2283 4199 2443 4256 nobis
2473 4202 2589 4271 ipse
2612 4202 2829 4260 dicebat
2848 4246 2863 4271 ,
2898 4206 3164 4274 consequi
3192 4221 3250 4261 se
3292 4220 3456 4276 posse
3481 4208 3764 4274 virtutem,
3792 4207 3873 4262 de-

2281 4291 2455 4348 functi
2486 4310 2686 4366 corpus
2734 4298 2970 4368 propriis
3013 4300 3263 4354 manibus
3292 4300 3535 4369 accepit;
3570 4312 3625 4355 et
3652 4319 3773 4355 cum
3806 4302 3874 4355 in-

2280 4388 2657 4456 spectantibus
2700 4392 2913 4447 cunctis
2952 4408 3125 4461 genua
3174 4392 3440 4458 ﬂexisset,
3492 4395 3583 4448 ubi
3623 4411 3873 4452 consum-

2282 4488 2427 4535 mata
2454 4483 2706 4541 oratione
2733 4488 2992 4553 surrexit,
3032 4487 3361 4543 viviﬁcatum
3406 4492 3694 4556 parvulum
3725 4492 3876 4546 matri

2281 4575 2542 4629 restituit.
2586 4578 2719 4631 Tum
2754 4594 2887 4634 vero
2931 4580 3222 4635 multitudo
3250 4583 3431 4637 omnis
3455 4584 3506 4637 in
3547 4587 3745 4640 cadum
3774 4587 3877 4640 cla-

3538 4695 3550 4731 :
3606 4690 3875 4747 postremo

2279 4759 2465 4814 cuncti
2487 4765 2804 4820 catervatim
2838 4766 2904 4820 ad
2943 4782 3117 4837 genua
3148 4766 3294 4823 beati
3346 4769 3449 4822 viri
3494 4786 3657 4825 ruere
3704 4786 3876 4841 crepe-

2280 4865 2432 4921 ruut,
2451 4856 2683 4912 ﬁdeliter
2708 4860 3049 4928 postulantes
3079 4872 3137 4916 ut
3162 4877 3257 4917 eos
3283 4861 3487 4918 faceret
3514 4867 3871 4931 Christianas;

2280 4963 2381 5003 nec
2427 4961 2747 5021 cunctatus,
2780 4956 2831 5009 in
2865 4957 3046 5011 medio
3097 4972 3150 5010 ut
3193 4967 3348 5011 erant
3397 4973 3623 5029 campo,
3659 4972 3872 5018 cunctos

2278 5042 2530 5110 imposita
2580 5045 2851 5103 universis
2881 5064 3043 5103 manu
3086 5050 3513 5107 catechumenos
3567 5053 3717 5119 fecit,
3756 5070 3869 5110 cum

2277 5136 2494 5205 quidem
2526 5138 2595 5194 ad
2638 5156 2737 5195 nos
2782 5156 3079 5197 conversus
3122 5141 3348 5209 diceret,
3378 5160 3486 5200 non
3535 5148 3871 5204 irrationabio

2278 5230 2400 5285 liter
2426 5232 2479 5287 in
2505 5248 2696 5303 eampo
2724 5239 3143 5294 catechumenos
3175 5239 3311 5305 fieri,
3348 5240 3438 5295 ubi
3465 5240 3711 5299 solerent
3737 5260 3868 5299 mero

2277 5335 2430 5397 tyres
2456 5331 2786 5385 consecrari.

2347 5420 2411 5478 V.
2444 5421 2653 5490 Vicisti,
2690 5424 2863 5493 inquit
2886 5425 3292 5492 Postuntianus,
3312 5428 3491 5496 Galle,
3521 5432 3738 5497 vicisti;
3766 5449 3865 5487 nou

2273 5516 2459 5583 tttique
2489 5533 2596 5580 me,
2626 5518 2714 5587 qui
2741 5518 2952 5575 Martini
2980 5535 3099 5575 sum
3141 5523 3320 5590 potius
3340 5535 3607 5587 assertor,
3637 5527 3725 5594 qui
3760 5527 3865 5580 hac

2269 5610 2450 5664 omnia
2492 5610 2558 5665 de
2609 5611 2701 5665 illo
2746 5612 2861 5666 viro
2903 5621 2959 5668 et
2986 5613 3122 5667 scivi
3171 5629 3386 5685 semper
3416 5626 3471 5671 et
3507 5619 3749 5684 credidi;
3775 5616 3861 5673 sed

2268 5702 2523 5759 eremitas
2552 5720 2749 5762 omnes
2776 5708 3244 5776 anachoretasque
3285 5711 3467 5766 vicisti
3492 5730 3506 5766 :
3538 5728 3704 5770 nemo
3725 5716 3858 5769 enim

2266 5790 2506 5859 illorum,
2556 5800 2700 5852 sicut
2745 5799 3005 5853 Martinus
3051 5799 3138 5854 hic
3189 5814 3396 5865 vester.
3446 5804 3618 5860 immo
3659 5816 3857 5869 noster,

2266 5887 2533 5944 mortibus
2562 5889 2849 5960 imperavit
2879 5909 2892 5945 :
2927 5890 3236 5962 meritoque
3265 5893 3412 5952 hunc
3450 5896 3556 5954 iste
3596 5896 3873 5969 Sulpicius.
