4056 6340
388 538 415 555 κ

573 353 678 411 207
1932 325 2227 395 SULPlCli
2264 330 2516 392 SEVERI
3788 335 3887 393 203

572 472 651 541 git
675 467 853 524 oratio
882 482 895 518 :
933 464 1029 521 sed
1059 462 1321 535 profiteor
1353 460 1472 523 tibi,
1500 458 1624 529 quia
1668 456 1785 511 ιιωο
1816 454 1999 509 surdis
2035 454 2183 508 auri-
2208 455 2263 515 Α
2290 452 2555 523 placidior
2582 450 2900 507 immiscuit.
2928 448 3040 507 Hoc
3067 449 3203 507 illud
3231 452 3332 507 fuit
3365 458 3580 521 tempus
3610 469 3724 522 quo
3752 453 3890 509 inter

573 564 678 619 bus
734 560 1023 615 audientur
1064 575 1076 609 :
1126 572 1249 611 nam
1280 556 1322 608 si
1372 552 1586 608 Martini
1628 563 1989 619 sequeremur
2039 547 2176 613 vias,

576 657 897 724 (numquam
928 666 1120 706 causas
1147 650 1215 703 de
1243 647 1433 703 osculo
1459 646 1788 709 diceremus,
1807 640 1884 711 et)
1911 641 2182 696 universis

576 766 773 807 setevze
800 747 1073 818 Opinionis
1102 742 1411 815 opprobriis
1436 753 1771 796 Careremus.
1808 738 2009 792 Verum
2040 738 2185 791 sicut

578 854 639 899 tu
667 843 813 899 soles
838 842 1045 902 dicere,
1065 853 1186 893 cum
1212 834 1498 891 edacitatis
1520 831 1787 903 argueris,
1806 831 1947 887 Galli
1975 844 2181 894 sumus;

582 937 657 991 ita
690 951 788 991 nos
821 934 873 988 in
921 932 1023 986 hac
1052 942 1205 999 parte
1236 942 1529 995 numquam
1562 927 1642 980 vel
1676 923 1891 979 Martini
1931 921 2186 990 exemplo

582 1030 670 1085 vel
702 1028 811 1082 tuis
839 1022 1301 1095 disputationibus
1330 1018 1643 1087 corrigendi
1678 1017 1927 1071 fatemur.
1960 1015 2188 1069 Verum-

582 1134 765 1179 tamen
802 1122 917 1175 baac
949 1117 1109 1172 nobis
1132 1114 1454 1185 jamdudum
1479 1113 1788 1184 agentibus,
1817 1110 1942 1181 quid
1971 1119 2024 1163 tu
2055 1120 2184 1175 tam,

587 1216 863 1271 obstinate
901 1210 1128 1279 Sulpici,
1179 1207 1369 1263 taces?
1403 1206 1541 1276 Ego,
1576 1204 1819 1273 inquam,
1851 1219 1959 1257 non
2010 1202 2188 1257 solum

584 1310 746 1365 modo
772 1319 948 1372 taceo,
979 1304 1073 1360 sed
1108 1303 1239 1358 olim
1271 1303 1337 1356 de
1379 1301 1498 1356 istis
1527 1310 1708 1354 tacere
1738 1296 1988 1365 disposui
2019 1314 2032 1351 :
2066 1309 2190 1349 nam

585 1402 710 1475 quia
742 1399 1031 1472 quamdam
1060 1397 1277 1451 viduam
1309 1409 1521 1463 vagam,
1556 1391 1866 1455 nitidulam,
1911 1398 2191 1456 sumptuo-

582 1512 698 1553 sam
730 1491 1163 1564 objurgaverim,
1196 1488 1451 1544 lascivius
1496 1487 1866 1549 victitantem;
1897 1483 2192 1551 itidemque

583 1592 854 1662 virginem
883 1584 1222 1642 adolescenti
1252 1582 1465 1637 cuidam
1502 1580 1633 1635 mihi
1666 1580 1835 1633 cbaro
1858 1578 2193 1633 indecentius

585 1687 985 1750 adlizerentem,
1020 1697 1145 1737 cum
1175 1680 1394 1750 quidem
1425 1678 1597 1746 ipsam
1651 1677 1968 1743 frequenter
2012 1670 2194 1725 audis-

586 1796 726 1843 sem,
758 1781 893 1832 alios
936 1785 1100 1831 etiam
1147 1774 1237 1843 qui
1294 1772 1415 1826 talia
1474 1782 1722 1841 agerent,
1771 1770 2191 1835 increpantem;

2286 547 2492 602 medias
2520 545 2765 600 ﬂammas
2796 546 3002 616 positus
3035 562 3142 599 non
3175 547 3344 601 sensit
3373 547 3684 601 incendium
3710 563 3724 600 :
3752 547 3890 614 quod

2285 642 2415 696 mihi
2464 656 2572 695 non
2614 640 2855 695 arbitror
2895 654 3020 696 esse
3049 641 3401 696 referendum
3430 659 3445 705 ;
3479 642 3608 712 quia
3643 642 3753 697 hoc
3784 644 3891 711 ple-

2287 737 2411 791 nius
2451 737 2552 790 iste
2595 736 2867 804 Sulpicius
2890 777 2904 801 ,
2947 737 3073 791 licet
3118 737 3172 790 in
3204 737 3345 793 libro
3377 753 3475 792 suo
3510 739 3851 807 przeteritum
3875 780 3891 807 ,

2288 832 2342 886 in
2375 831 2602 899 epistola
2629 839 2810 886 tamen
2861 839 3071 900 po.~tea,
3104 847 3266 903 quam
3314 833 3380 887 ad
3417 834 3717 887 Eusebium
3770 843 3893 890 tunc

2290 924 2691 995 presbyterum,
2710 923 2872 978 modo
2887 924 3233 992 episcopum,
3255 924 3404 991 fecit,
3421 926 3707 995 exposuit:
3735 941 3892 997 quam

2290 1026 2368 1078 tu,
2400 1016 2774 1081 Postumiane,
2810 1026 2923 1079 aut,
2954 1016 3143 1080 credo,
3176 1017 3381 1087 legisti,
3412 1028 3503 1071 aut
3536 1018 3582 1071 si
3620 1018 3895 1087 incognita

2292 1110 2391 1164 tibi
2437 1121 2554 1174 est,
2603 1126 2725 1165 cum
2766 1110 3019 1177 libuerit,
3054 1114 3105 1164 in
3152 1120 3403 1181 promptu
3435 1127 3500 1166 ex
3534 1111 3631 1166 illo
3663 1113 3897 1167 armario

2294 1203 2498 1258 habes:
2532 1217 2631 1257 nos
2661 1203 2728 1258 ab
2755 1203 2846 1257 illo
2870 1204 3069 1258 omissa
3099 1203 3410 1259 referimus.
3436 1204 3693 1271 Quodam
3720 1215 3897 1260 autem

2294 1306 2557 1365 tempore.
2582 1296 2709 1351 dum
2740 1296 3009 1353 diaeceses
3036 1299 3297 1353 circuiret
3317 1339 3332 1363 ,
3359 1299 3677 1353 venantium
3706 1314 3895 1369 agmen

2293 1392 2642 1446 incurrimus.
2692 1388 2868 1447 Canes
2915 1391 3155 1461 leporem
3212 1393 3632 1463 sequebantur:
3677 1393 3899 1463 jamque

2295 1486 2465 1539 multo
2506 1485 2683 1554 spatio
2724 1487 2865 1540 victa
2908 1486 3137 1541 bestiola
3164 1528 3179 1551 ,
3227 1502 3348 1540 cum
3397 1489 3646 1557 undique
3696 1488 3899 1557 campis

2293 1577 2401 1632 late
2436 1578 2746 1645 patentibus
2775 1578 2980 1633 nullum
3022 1592 3168 1635 esset
3198 1579 3494 1649 eﬂ‘ugium,
3530 1591 3770 1636 mortem
3808 1582 3901 1636 int-

2297 1671 2591 1726 minentem
2620 1672 2732 1741 jam
2758 1672 2979 1742 jamque
3010 1674 3272 1744 capienda
3305 1675 3513 1730 crebris
3542 1674 3779 1730 ﬂexibus
3805 1676 3901 1730 dif-

2300 1764 2529 1820 ferebat.
2560 1765 2722 1835 Cujns
2756 1766 3054 1833 periculum
3085 1766 3166 1820 vir
3194 1767 3384 1821 beatus
3412 1768 3499 1835 pia
3525 1777 3717 1823 mente
3747 1767 3902 1823 mise-

588 1882 739 1927 tanta
770 1870 899 1925 mihi
930 1869 1177 1923 onmium
1228 1866 1551 1920 feminarum
1597 1872 2032 1929 cunctorumque
2073 1874 2187 1913 mo-
2221 1848 2273 1910 Β
2302 1867 2454 1913 ratus
2488 1860 2714 1927 imperat
2740 1859 2968 1913 canibus
2990 1902 3002 1923 ,
3029 1869 3087 1912 ut
3111 1859 3440 1914 desisterent
3469 1860 3648 1930 sequi,
3679 1871 3733 1915 et
3756 1861 3900 1915 sinc-

589 1966 889 2022 nachorum
932 1962 1053 2017 odia
1094 1959 1388 2023 concitavi,
1417 1967 1472 2011 ut
1510 1956 1797 2011 adversum
1829 1972 1915 2009 tne
1952 1966 2194 2023 utraeque

583 2059 833 2129 legiones
860 2057 1041 2125 jurata
1066 2054 1210 2110 bella
1235 2051 1601 2120 susceperint.
1629 2050 1781 2104 Unde
1808 2064 1994 2118 qnzeso
2019 2058 2197 2102 tacea-

586 2152 680 2217 tis,
708 2167 777 2205 ne
802 2152 962 2203 etiam
999 2150 1102 2202 hoc
1123 2147 1266 2217 quod
1297 2162 1393 2199 vos
1425 2143 1729 2212 loquimini,
1760 2142 1825 2196 ad
1848 2158 2025 2197 meam
2056 2141 2197 2197 refe-

585 2255 739 2299 ratur
772 2242 1051 2297 invidiam.
1080 2240 1216 2295 Tota
1244 2239 1396 2294 vobis
1430 2238 1661 2292 istorum
1693 2236 1895 2291 mentio
1922 2236 2195 2306 relinqua-

582 2348 674 2392 tur
706 2337 810 2391 :ad
841 2336 1129 2391 Martinum
1182 2335 1748 2402 potius'revertamur.
1793 2330 1896 2391 Tu,
1930 2329 2104 2387 Galle.
2138 2337 2197 2383 ut

585 2443 878 2501 aggressus
908 2443 989 2493 es,
1032 2438 1272 2495 coaptum
1305 2440 1442 2494 opus
1478 2423 1714 2493 explica.
1752 2421 1889 2475 Tum
1921 2422 2047 2475 ille:
2076 2420 2194 2475 Jatn

582 2522 809 2594 quidem
864 2521 1043 2586 vobis,
1080 2521 1275 2587 inquit,
1314 2526 1465 2572 tanta
1498 2516 1735 2579 narravi,
1770 2524 1828 2568 ut
1879 2516 2197 2570 satisfacere

581 2618 784 2672 studiis
814 2618 1015 2671 vestris
1048 2628 1202 2669 meus
1233 2627 1417 2668 sermo
1454 2612 1707 2666 debuerit
1737 2627 1749 2661 :
1782 2608 1876 2663 sed
1929 2608 2052 2677 quia
2104 2623 2198 2663 vo-

586 2710 786 2765 luntati
834 2716 1033 2762 vestra:
1083 2720 1189 2760 non
1246 2703 1624 2758 obsecundare
1698 2701 1828 2754 mihi
1883 2716 1987 2755 non
2047 2700 2196 2765 licet,

587 2813 854 2875 quantum
904 2802 1083 2855 adhuc
1131 2800 1237 2853 diei
1286 2809 1565 2867 supercSt,
1597 2798 1788 2867 loquar
1822 2814 1835 2848 :
1868 2812 1989 2850 nam
2048 2806 2199 2851 certe

589 2898 717 2953 dum
750 2906 992 2951 stramen
1047 2893 1175 2947 illud
1217 2892 1360 2962 quod
1408 2893 1457 2944 iu
1491 2892 1664 2945 lectos
1696 2901 1912 2944 nostros
1952 2901 2195 2959 paratur,

590 2993 820 3062 aspicio,
855 2988 1110 3043 subvenit
1156 2988 1209 3040 in
1251 2985 1572 3040 memoriam
1606 2982 1768 3038 etiam
1817 2984 1884 3037 de
1936 2986 2199 3037 stramine

592 3088 649 3142 in
676 3100 783 3157 quo
814 3082 1079 3138 Martinus
1113 3080 1382 3150 jacuerat,
1414 3078 1607 3131 factam
1630 3092 1751 3131 esse
1784 3077 2062 3130 virtutem.
2094 3076 2201 3128 lies

590 3180 665 3236 ita
695 3187 848 3251 gesta
872 3186 988 3231 est:
1014 3174 1440 3241 Claudiomagus
1467 3176 1620 3225 vicus
1649 3180 1731 3223 est
1764 3168 2075 3241 in.c0nfinio
2108 3167 2198 3221 Bi-

2299 1962 2422 2008 rent
2461 1953 2611 2007 abire
2644 1953 2938 2021 fugientem
2972 1970 2985 2005 :
3016 1952 3106 2022 qui
3134 1954 3398 2008 continuo
3426 1955 3492 2008 ad
3526 1955 3764 2024 primum
3792 1971 3902 2011 ser-

2299 2049 2475 2104 monis
2503 2049 2621 2119 ejus
2651 2048 2938 2116 imperium
2963 2049 3347 2104 constiterunt.
3374 2047 3644 2105 Crederes
3667 2052 3898 2118 vinctos,

2299 2145 2466 2199 immo
2500 2143 2677 2212 potius
2714 2143 2907 2197 aflixos
2932 2184 2946 2209 ,
2981 2142 3031 2196 in
3064 2141 3179 2196 suis
3213 2143 3423 2197 inurere
3455 2144 3728 2214 vestigiis.

2371 2237 2439 2292 Χ.
2484 2237 2560 2291 lta
2593 2238 2940 2304 lepusculus,
2974 2237 3419 2306 persecutoribus
3446 2236 3717 2307 alligatis,
3762 2238 3903 2293 inco-

2299 2330 2461 2385 lumis
2488 2330 2682 2384 evasit.
2713 2328 2907 2397 Opera:
2936 2332 3167 2397 pretium
3195 2341 3376 2383 autem
3405 2339 3524 2393 est,
3557 2330 3727 2383 etiam
3759 2330 3905 2386 fami-

2302 2426 2457 2479 liaria
2505 2424 2651 2479 illius
2681 2426 2846 2477 verba
2883 2422 3115 2490 Spiritali
3159 2424 3275 2479 sale
3311 2422 3529 2478 condita
3576 2439 3901 2482 memorare.

2300 2518 2469 2573 Ovem
2491 2532 2679 2571 recens
2700 2528 2905 2569 tom-am
2927 2515 3066 2570 forte
3086 2524 3470 2582 conSpexerat.
3492 2516 3901 2587 Evangelicnm,

2302 2612 2509 2680 inquit,
2543 2610 2857 2664 mandatum
2898 2609 2996 2663 ista
3047 2610 3382 2679 complevit:
3424 2611 3562 2664 duas
3607 2611 3797 2666 habuit
3827 2621 3906 2665 tu-

2303 2710 2491 2768 nicas;
2523 2722 2685 2759 ttnam
2710 2721 2897 2759 earum
2923 2705 3117 2775 largita
3142 2713 3225 2759 est
3253 2720 3359 2759 non
3389 2706 3613 2761 habenti
3642 2724 3656 2760 :
3682 2708 3750 2759 ita
3780 2721 3906 2775 ergo

2301 2811 2357 2857 et
2390 2816 2484 2855 vos
2516 2800 2691 2853 facere
2732 2798 2967 2853 debetis.
2998 2798 3131 2853 Item
3160 2814 3281 2853 cum
3313 2798 3599 2853 subuleum
3633 2800 3905 2865 algentem

2303 2911 2366 2949 ac
2392 2912 2528 2961 pene
2552 2893 2755 2947 nudum
2791 2894 2840 2946 in
2870 2892 3095 2962 pellicea
3126 2901 3277 2947 veste
3305 2892 3551 2954 vidisset.
3580 2892 3684 2955 En,
3716 2894 3903 2962 inquit,

2304 2986 2473 3040 Adam
2502 2986 2709 3054 ejectus
2738 2984 2805 3038 de
2832 2983 3085 3054 paradiso
3118 2984 3170 3037 in
3200 2993 3351 3037 veste
3378 2984 3611 3054 pellicea
3640 3000 3768 3040 sues
3790 3001 3907 3056 pas-

2304 3082 2413 3135 cit:
2453 3080 2548 3135 sed
2583 3094 2681 3133 nos
2712 3080 2805 3134 illo
2831 3090 3014 3134 vetere
3050 3080 3306 3149 deposito
3328 3122 3341 3144 ,
3373 3081 3462 3147 qui
3499 3080 3680 3135 adhuc
3712 3082 3762 3134 in
3809 3081 3907 3135 isto

2305 3185 2532 3237 manet,
2567 3189 2765 3227 novum
2812 3173 2985 3227 Adam
3033 3173 3212 3242 potius
3261 3173 3571 3229 induamus.
3622 3174 3802 3229 Boves
3844 3189 3908 3229 ex

590 3286 830 3343 turtgnm
876 3280 1039 3339 atque
1066 3267 1433 3321 Turouorum.
1465 3264 1703 3319 Ecclesia
1739 3264 1808 3317 ibi
1850 3272 1934 3315 est
1964 3262 2201 3315 celebris
2226 3251 2273 3314 C
2310 3278 2459 3335 parte
2487 3277 2638 3335 prata
2669 3266 2999 3335 depaverant
3030 3309 3043 3332 ,
3077 3269 3225 3335 porci
3256 3268 3418 3321 etiam
3453 3269 3716 3324 nonnulla
3746 3268 3907 3325 suffo-

590 3366 856 3436 religione
897 3370 1233 3423 sanctornm,
1279 3374 1378 3413 nec
1424 3358 1601 3412 minus
1643 3358 1877 3426 gloriosa
1923 3370 2201 3409 sacrarum

592 3459 868 3528 virginum
908 3452 1280 3509 multitudine.
1309 3451 1638 3505 Przrteriens
1669 3465 1799 3518 ergo
1829 3448 2115 3511 Martinus,
2150 3448 2201 3499 in

596 3554 899 3610 secretario
937 3548 1183 3603 ecclesia:
1228 3545 1408 3599 habuit
1445 3545 1806 3599 mansionem.
1842 3541 1972 3594 Post
1999 3540 2206 3593 disces-

595 3662 719 3703 sum
756 3645 901 3698 illius
943 3652 1153 3696 cunctae
1203 3641 1256 3694 in
1305 3639 1662 3694 secretarium
1698 3636 1831 3689 illud
1860 3635 2095 3704 virgines
2125 3634 2202 3687 ir-

597 3745 836 3795 ruerunt
865 3753 876 3789 :
904 3735 1203 3789 allambttnt
1233 3733 1443 3801 singula
1472 3732 1610 3795 loca,
1638 3729 1727 3783 ubi
1752 3740 1844 3782 aut
1875 3728 2096 3783 sederat
2122 3729 2205 3783 vir

545 3859 561 3875 ι
596 3836 793 3890 beatus
818 3839 908 3885 aut
936 3837 1159 3884 steterat
1184 3846 1196 3881 :
1222 3835 1579 3882 stramentum
1608 3826 1776 3877 etiam
1817 3823 1869 3876 in
1902 3838 2009 3893 quo
2047 3824 2201 3890 quie-

598 3937 775 3994 verat,
805 3926 1131 3996 partiuntur.
1163 3922 1280 3978 Una
1310 3936 1497 3975 carum
1543 3927 1665 3987 post
1693 3918 1810 3972 dies
1843 3932 2045 3986 paucos
2077 3934 2201 3989 par-

601 4036 711 4079 tem
742 4019 1041 4081 straminis,
1074 4033 1238 4089 quam
1270 4017 1371 4070 sibi
1406 4030 1503 4084 pro
1548 4012 1927 4067 benedictione
1971 4014 2205 4084 college-

597 4127 705 4181 rat,
752 4128 1159 4184 energumctto,
1191 4124 1351 4179 quem
1419 4106 1645 4174 spiritus
1684 4107 1890 4159 erroris
1942 4106 2202 4175 agitabat,

603 4214 672 4267 de
696 4211 912 4266 cervice
952 4206 1270 4277 suspendit;
1314 4217 1412 4257 nec
1441 4216 1616 4265 mora,
1650 4200 1797 4256 dicto
1818 4201 1999 4268 citius,
2029 4202 2206 4273 ejecto

606 4306 878 4366 dicmouc,
911 4312 1147 4371 persona
1174 4303 1399 4364 purgata
1432 4302 1537 4347 est.

682 4398 771 4452 ΙΧ.
817 4397 922 4451 Per
972 4393 1114 4447 idem
1165 4389 1277 4443 fere
1329 4396 1543 4456 tempus
1592 4384 1825 4440 Martino
1873 4402 1901 4440 a
1949 4386 2208 4443 Treveris

608 4486 908 4548 revertenti
939 4486 997 4539 fit
1024 4481 1237 4538 obviam
1267 4494 1427 4533 vacca
1453 4521 1468 4543 ,
1499 4494 1662 4548 quam
1690 4478 1903 4532 daemon
1935 4479 2204 4545 agitabat:

609 4600 729 4656 qua:
779 4581 976 4635 relicto
1021 4588 1185 4645 grege
1226 4587 1363 4632 suo,
1412 4574 1466 4623 in
1514 4570 1763 4623 homines
1809 4569 2119 4637 ferebatur;
2151 4581 2207 4625 et

2306 3360 2531 3423 derant;
2570 3376 2697 3427 pars
2726 3369 2923 3415 catera
2960 3377 3081 3430 qua:
3127 3362 3381 3417 manebat
3422 3364 3627 3429 illatsa,
3677 3364 3908 3419 diversis

2306 3454 2533 3509 ﬂoribus
2557 3456 2712 3523 quasi
2745 3456 2885 3525 picta
2912 3457 3201 3511 vernaliat.
3225 3457 3475 3527 Speciem
3498 3500 3510 3523 ,
3537 3458 3713 3529 inquit
3734 3502 3747 3525 ,
3776 3459 3911 3530 gerit

2307 3564 2431 3618 pars
2459 3550 2548 3601 illa
2582 3550 2816 3618 conjugii
2840 3591 2855 3617 ,
2887 3568 3005 3620 qua:
3049 3567 3247 3621 prcore
3277 3554 3500 3621 depasui
3532 3554 3635 3607 etsi
3670 3570 3777 3607 non
3821 3570 3911 3624 pe-

2309 3641 2451 3696 nitus
2477 3643 2707 3710 gratiam
2731 3642 2913 3696 amisit
2939 3645 3253 3709 herbarum,
3284 3646 3487 3699 nullam
3516 3659 3695 3702 tamen
3723 3648 3909 3701 florum

2307 3735 2511 3789 retinet
2537 3736 2850 3803 dignitatem
2884 3755 2895 3789 :
2928 3736 3016 3792 illa
3047 3754 3177 3793 vero
3201 3755 3362 3808 quam
3394 3740 3547 3811 porci
3584 3757 3783 3811 pecora
3817 3742 3910 3795 im-

2308 3827 2508 3880 munda
2568 3828 2858 3894 foderunt,
2919 3832 3302 3887 fornicationis
3363 3834 3656 3904 imaginem
3712 3834 3907 3890 foedam

2310 3920 2598 3987 praetendit
2635 3939 2648 3975 :
2679 3935 2938 3977 caeterum
2990 3924 3076 3976 illa
3126 3926 3307 3991 portio
3336 3941 3459 3995 qua:
3507 3928 3712 3981 nullam
3746 3928 3912 3982 sensit

2308 4011 2596 4080 injuriam,
2637 4014 2866 4081 gloriam
2913 4016 3240 4085 virginitatis
3280 4019 3559 4081 ostendit,
3604 4020 3792 4075 herbis
3840 4019 3912 4075 fe-

2309 4106 2483 4159 cunda
2516 4107 2784 4173 luxuriat,
2816 4108 2922 4162 feni
2958 4108 3010 4161 in
3041 4126 3101 4163 ea
3135 4110 3341 4163 fructus
3368 4112 3658 4177 exuberat,
3694 4124 3747 4168 et
3776 4115 3909 4167 ultra

2310 4214 2527 4256 omnem
2555 4204 2793 4271 Speciem
2822 4204 3077 4257 distincta
3109 4204 3331 4257 floribus
3358 4208 3510 4272 quasi
3553 4209 3791 4275 gemmis
3818 4208 3913 4261 mi-

2309 4295 2557 4349 cantibus
2582 4310 2771 4349 omata
2806 4295 2997 4350 radiat.
3028 4296 3191 4349 Beata
3232 4298 3452 4364 species
3482 4308 3539 4353 et
3569 4298 3685 4354 Deo
3711 4300 3868 4369 digna
3893 4299 3907 4351 !

2311 4386 2445 4441 nihil
2489 4390 2635 4442 enim
2676 4387 2966 4459 virginitati
2999 4397 3084 4443 est
3113 4390 3541 4461 comparandum
3591 4408 3605 4444 :
3644 4395 3714 4444 ita
3747 4403 3799 4445 et
3834 4391 3912 4447 illi

2311 4481 2401 4550 qui
2452 4482 2703 4551 conjugia
2750 4481 3098 4536 fornicationi
3141 4495 3499 4551 comparant,
3556 4483 3913 4539 vehementer

2313 4580 2525 4638 errant;
2559 4584 2615 4627 et
2648 4574 2726 4627 illi
2758 4574 2848 4642 qui
2876 4575 3124 4645 conjtigia
3149 4575 3444 4643 virginitati
3476 4576 3741 4641 tentanda
3771 4576 3916 4631 testi-

607 4640 717 4748 jam
768 4671 969 4727 multos
1022 4668 1183 4722 noxie
1228 4664 1445 4733 petulca
1490 4662 1833 4717 confuderat.
1877 4663 2073 4717 Verum
2116 4640 2285 4719 ubiD
2314 4672 2493 4730 mant,
2543 4666 2727 4720 miseri
2774 4666 2990 4735 penitus
3029 4678 3085 4721 et
3130 4668 3283 4721 stulti
3321 4679 3468 4722 sunt.
3502 4668 3708 4724 Verum
3743 4670 3856 4723 btec
3883 4684 3913 4722 a

606 4768 767 4825 nobis
802 4762 968 4830 cmpit
998 4773 1121 4815 esse
1160 4756 1447 4824 contigua,
1492 4754 1546 4807 lii
1589 4756 1679 4823 qui
1713 4769 1830 4807 eam
1864 4754 2079 4810 eminus
2118 4772 2207 4813 se~

607 4860 957 4931 quebantur,
1010 4850 1309 4921 przedicere
1355 4862 1546 4917 magna
1596 4862 1735 4902 voce
1781 4858 2101 4916 cteperunt,
2150 4858 2207 4904 ut

608 4960 957 5007 caveremus.
1002 4944 1107 4999 Sed
1157 4951 1438 5011 postquam
1483 4940 1549 4995 ad
1595 4956 1692 4995 nos
1725 4940 1893 4995 torvis
1920 4940 2204 4999 furibunda

606 5040 904 5099 luminibus
932 5035 1152 5107 propius
1174 5035 1431 5098 accessit,
1467 5035 1733 5088 Martinus
1760 5034 1971 5089 elevata
1993 5036 2204 5092 obviam

610 5150 776 5192 manu
806 5131 1066 5203 pecudem
1100 5129 1410 5185 consistere
1449 5129 1602 5197 jubet
1632 5147 1643 5181 :
1678 5143 1802 5198 quae
1834 5145 1955 5185 mox
1988 5132 2054 5184 ad
2088 5148 2205 5188 ver-

613 5230 738 5285 bum
769 5226 915 5281 illius
943 5233 1089 5277 stare
1115 5221 1282 5292 erepit
1308 5222 1623 5277 immobilis.
1654 5220 1791 5277 Cum
1828 5224 2031 5278 interea
2060 5227 2206 5283 videt

607 5322 867 5378 Martinus
925 5317 1089 5372 dorso
1153 5316 1297 5370 illius
1349 5314 1651 5370 daemonem
1708 5316 2197 5386 supersedentem,

606 5428 765 5484 quem
783 5411 1094 5473 increpans,
1114 5406 1367 5471 Discede,
1399 5406 1589 5476 inquit,
1617 5408 1853 5475 funeste,
1878 5409 1947 5465 de
1972 5412 2199 5480 pecude,

607 5517 664 5563 et
704 5503 982 5561 innoxium
1013 5500 1210 5555 animal
1245 5499 1456 5569 agitare
1488 5502 1713 5557 desiste.
1748 5502 1935 5557 Paruit
1968 5519 2200 5572 nequam

602 5600 833 5670 spiritus
858 5638 873 5663 ,
917 5605 971 5650 et
1018 5593 1267 5650 recessit.
1301 5592 1411 5649 Nec
1438 5594 1609 5649 defuit
1643 5610 1837 5651 sensus
1878 5597 1928 5649 in
1970 5598 2195 5663 bucula,

598 5694 728 5763 quin
775 5708 837 5747 se
890 5688 1218 5758 intelligeret
1270 5687 1598 5743 liberatam:
1642 5698 1771 5744 ante
1821 5689 1985 5755 pedes
2027 5690 2201 5744 sancti

601 5795 821 5855 recepta
849 5784 1031 5853 quiete
1063 5782 1455 5851 prosternitur,
1487 5782 1685 5839 deinde
1708 5780 1940 5849 jubenle
1970 5782 2200 5837 Martino

598 5897 813 5955 gregem
861 5896 1017 5939 suum
1065 5878 1253 5951 petiit,
1286 5894 1453 5952 seque
1482 5881 1685 5952 agmini
1720 5886 2050 5935 cmterarum
2097 5894 2201 5935 ove

2312 4760 2653 4829 sapientibus
2702 4762 2935 4817 tenenda
2988 4761 3269 4818 distinctio
3316 4772 3435 4829 est,
3490 4774 3550 4820 ut
3598 4770 3914 4836 coniugium

2314 4856 2573 4923 pertineat
2606 4856 2670 4931 ad
2705 4858 2914 4911 veniam
2939 4899 2953 4922 ,
2986 4858 3265 4927 virginitas
3293 4867 3509 4928 spectet
3536 4860 3604 4913 ad
3646 4860 3873 4930 gloriam
3896 4900 3911 4925 ,

2311 4947 2597 5004 fornicatio
2640 4949 2932 5021 deputetur
2970 4950 3037 5005 ad
3089 4966 3304 5022 poenam
3331 4994 3345 5018 ,
3392 4952 3499 5007 nisi
3539 4954 3916 5010 satisfactione

2312 5055 2591 5115 pUrgelur.

2382 5139 2472 5193 XI.
2518 5140 2674 5195 Miles
2721 5141 2941 5211 quidam
2987 5139 3266 5210 cingulum
3317 5142 3370 5195 in
3405 5142 3678 5208 ecclesia,
3728 5157 3918 5199 monac

2308 5232 2473 5288 chum
2521 5234 2837 5301 professus,
2888 5233 3201 5302 abiecerat:
3250 5234 3506 5289 cellulam
3552 5235 3659 5289 sibi
3704 5237 3918 5291 eminus

2315 5326 2365 5380 in
2398 5336 2611 5380 remoto
2642 5327 2797 5396 quasi
2840 5326 3073 5381 eremita
3104 5326 3349 5382 victurus
3390 5340 3669 5384 erexerat.
3710 5329 3919 5384 Interea

2313 5429 2527 5473 astutus
2557 5420 2807 5473 inimicus
2831 5419 2995 5472 variis
3022 5420 3449 5489 cogitationibus
3476 5423 3704 5477 brutum
3730 5431 3920 5492 pectus

2311 5510 2574 5578 agitabat,
2609 5518 2665 5563 ut
2690 5510 2977 5579 conjugem
3007 5526 3195 5577 suam,
3227 5529 3387 5582 quam
3423 5514 3691 5571 Martinus
3723 5518 3774 5569 in
3803 5530 3920 5569 mo.

2312 5600 2553 5655 nasterio
2586 5602 2882 5670 puellarum
2921 5617 3045 5657 esse
3077 5614 3443 5672 praeceperat,
3475 5609 3766 5663 voluntate
3797 5623 3918 5662 mu-

2314 5702 2420 5746 tata
2440 5708 2621 5748 secum
2642 5697 2820 5764 potius
2838 5696 3281 5752 vellethabitare.
3302 5700 3449 5754 Adiit
3469 5717 3605 5771 ergo
3625 5703 3917 5757 Martinam

2310 5786 2469 5841 fortis
2497 5791 2725 5843 eremita
2754 5809 2766 5845 :
2811 5792 2953 5861 quod
2998 5792 3230 5847 haberet
3266 5795 3435 5849 animi
3469 5798 3784 5853 confitetur.
3814 5798 3916 5852 llle

2308 5895 2441 5937 vero
2468 5882 2821 5941 vehementer
2839 5885 3080 5941 abnuere
3104 5903 3116 5939 :
3147 5885 3400 5943 feminam
3427 5892 3545 5947 viro
3567 5906 3777 5958 rursus,
3796 5890 3911 5961 jam
