4056 6340
125 311 218 368 209

1541 312 1893 371 DIALOGUS
1927 313 1992 370 Il.

3343 303 3455 366 210

126 427 381 485 monacho
431 445 552 485 non
604 433 838 498 marito,
880 431 1180 503 incongrua
1224 432 1443 487 ratione
1488 430 1734 486 misceri.
1770 430 2041 499 Adicens
2083 430 2528 486 benedictionem
2563 430 2708 486 illius
2735 445 2764 485 a
2795 429 3083 486 sacerdote
3111 427 3337 484 minimc
3364 441 3458 483 re-

126 523 406 580 Pouremo
435 541 576 579 cum
621 527 784 581 miles
815 528 1078 594 instaret,
1125 525 1407 580 afﬁrmans
1454 524 1588 579 nihil
1638 526 1744 580 hoc

129 617 394 687 pronosizo
427 633 564 672 esse
597 621 913 674 nociturum
941 637 954 673 :
983 635 1042 673 se
1072 618 1192 672 solo
1217 619 1471 689 conjugis
1499 619 1576 672 uti
1601 618 1744 674 velle

131 712 306 766 solatio
334 730 349 766 :
380 727 567 782 porro
597 728 670 768 ne
701 729 888 769 rursus
919 728 979 769 se
1010 715 1061 768 in
1092 729 1186 767 sua
1218 714 1342 767 vitia
1373 711 1742 777 revolverent,

132 821 223 859 non
248 819 370 860 esse
401 806 779 861 metuendum
806 823 818 860 :
850 821 912 861 se
931 820 1052 860 esse
1076 806 1303 862 militem
1327 803 1529 859 Christi
1547 845 1565 872 ,
1591 803 1744 858 illam

135 914 325 970 quoque
369 898 427 952 in
463 899 673 954 eadem
719 899 963 969 ejusdem
1011 900 1220 954 militia:
1260 912 1606 955 sacramenta
1641 898 1746 968 ju-

135 1003 270 1044 rasse
297 1006 310 1042 :
346 1001 653 1058 pateretur
679 991 1000 1062 episcopus,
1027 1001 1248 1047 sanctos
1279 1001 1333 1046 et
1366 1007 1562 1047 sexum
1588 1006 1745 1045 suum

135 1079 244 1135 fidei
272 1083 483 1136 merito
516 1085 839 1140 nescientes
869 1086 1071 1154 pariter
1098 1085 1354 1141 militare.
1385 1085 1522 1140 'I‘um
1556 1085 1746 1139 Marti-

135 1188 224 1227 nus
264 1174 474 1242 (verba
525 1176 695 1231 vobis
730 1178 843 1246 ipsa
889 1177 1132 1233 dicturus
1180 1181 1384 1247 sum):
1436 1178 1530 1231 Dic
1579 1177 1747 1243 mihi,

136 1263 312 1336 inquit,
357 1264 408 1320 si
441 1283 716 1338 umquam
755 1268 808 1322 in
840 1268 987 1323 bello
1019 1269 1201 1334 fuisti,
1228 1270 1273 1324 si
1304 1271 1356 1324 in
1391 1269 1510 1323 acie
1542 1271 1751 1324 consti-

139 1358 270 1412 tisti?
292 1360 365 1416 At
395 1360 498 1415 ille
527 1360 906 1432 respondens,
941 1361 1520 1434 Frequenter,inquit,
1555 1363 1609 1417 in
1631 1363 1751 1418 acie

137 1451 277 1518 steti,
300 1465 358 1508 et
389 1455 542 1510 bello
572 1455 898 1527 frequenter
929 1458 1173 1512 interfui.
1201 1461 1282 1514 Ad
1315 1458 1430 1513 Iia'c
1454 1457 1747 1513 Martinus:

141 1545 220 1601 Dic
245 1545 380 1600 mihi
407 1563 584 1619 ergo,
629 1551 898 1620 numquid
931 1552 983 1605 in
1017 1552 1109 1606 illa
1152 1553 1421 1623 acie’qutc
1454 1561 1662 1606 armata
1695 1551 1749 1606 in

138 1641 310 1710 praelia
348 1644 696 1712 parabatur,
731 1656 824 1699 aut
849 1647 962 1715 jam
993 1645 1253 1700 adversus
1294 1647 1545 1701 ItoSIilem
1587 1662 1751 1701 exer-

139 1736 286 1788 citum
315 1738 532 1791 collato
562 1740 824 1794 cominus
849 1740 1007 1809 pede,
1033 1739 1281 1794 districto
1303 1755 1434 1795 ense
1450 1741 1750 1811 pugnabat,

1847 524 2147 593 spuendam
2176 565 2192 587 ,
2243 539 2368 593 qua:
2413 533 2565 579 esset
2615 524 2798 578 multis
2843 523 3221 578 sacerdotibus
3264 519 3462 593 praefe-

1849 618 2038 673 renda.
2075 617 2345 684 Audiam,
2396 632 2586 688 quaeso
2607 660 2622 684 ,
2657 617 2897 688 virgines
2930 616 3074 671 istud
3107 615 3419 686 exemplum
3443 656 3460 682 ,

1851 720 1909 766 ut
1951 711 2099 766 fores
2126 726 2285 775 suas,
2316 712 2362 765 si
2394 727 2491 767 eas
2538 711 2697 766 malis
2729 711 3001 766 obsistere
3029 712 3224 766 volunt
3247 751 3264 774 ,
3296 709 3465 764 etiam

1854 803 2014 858 bonis
2043 803 2335 869 claudant;
2368 813 2454 869 et,
2483 818 2556 858 ne
2585 803 2653 858 ad
2685 819 2744 858 se
2788 799 3056 875 improbis
3090 804 3162 858 sit
3189 802 3334 858 liber
3376 817 3473 858 ac-

1852 912 2042 952 cessus
2066 940 2081 964 ,
2124 911 2231 951 non
2265 907 2556 952 vereantur
2583 896 2885 953 excludere
2923 898 3086 952 etiam
3127 896 3466 951 sacerdotes.

1853 992 2023 1047 Totus
2051 993 2153 1048 hoc
2178 993 2411 1048 mundus
2441 992 2624 1047 audiat
2655 1011 2666 1046 :
2701 991 2880 1049 videri
2907 1007 2965 1048 se
2993 1008 3022 1046 a
3053 976 3287 1047 Martino
3314 992 3470 1061 virgo

1854 1102 1962 1141 non
2012 1101 2171 1154 passa
2221 1095 2327 1141 cst.
2380 1085 2497 1140 Non
2542 1085 2728 1156 utique
2775 1086 2871 1140 illa
2919 1099 3319 1156 quemcumque
3350 1100 3378 1137 a
3409 1099 3471 1140 se

1854 1179 2060 1248 repulit
2106 1178 2490 1243 sacerdotem;
2539 1177 2637 1234 sed
2689 1179 2740 1232 in
2794 1179 2914 1248 ejus
2961 1179 3063 1232 viri
3113 1190 3468 1248 conspectum

1857 1272 2039 1342 puella
2071 1287 2177 1326 non
2206 1272 2354 1326 venit
2378 1313 2393 1337 ,
2426 1287 2592 1341 quem
2620 1271 2810 1327 videre
2839 1272 2990 1326 salus
3018 1271 3317 1328 videntium
3348 1270 3470 1326 fuit.

1856 1367 1991 1434 Quis
2041 1375 2221 1422 autem
2274 1367 2378 1421 hoc
2427 1367 2568 1420 alius
2611 1377 2812 1436 praeter
2872 1366 3163 1422 Martinum
3216 1365 3475 1422 sacer-dos

1857 1477 1965 1518 non
2013 1462 2081 1517 ad
2128 1477 2282 1516 suam
2331 1461 2590 1532 injuriam
2634 1461 2958 1516 retulisset?
2999 1475 3136 1530 quos
3180 1459 3469 1516 adversum

1857 1566 2103 1611 sanctam
2129 1556 2397 1623 virginem
2426 1564 2607 1609 motus
2635 1565 2980 1625 quantasque
3007 1556 3112 1609 iras
3142 1563 3325 1610 mente
3347 1570 3475 1610 con-

1859 1652 2134 1721 cepisset!
2187 1650 2502 1705 Inercticam
2544 1651 2884 1718 judicasset,
2927 1661 2981 1706 et
3010 1649 3473 1704 anathematizan-

1861 1745 1984 1799 dam
2013 1759 2139 1798 esse
2179 1744 2540 1799 decrevisset.
2573 1745 2746 1811 Quam
2783 1759 2916 1798 vero
2959 1742 3038 1797 illi
3072 1743 3246 1797 bcatm
3279 1744 3477 1797 animae

141 1827 286 1881 ullam
319 1827 594 1884 feminam
627 1842 779 1885 Stare
811 1840 904 1884 aut
944 1847 1183 1903 pugnare
1213 1833 1440 1886 vidiSti?
1471 1833 1627 1888 Tunc
1652 1833 1750 1888 de-
1782 1843 1827 1901 Β
1857 1839 1977 1894 illas
2024 1840 2268 1908 virgines
2312 1838 2690 1908 praetulisset,
2717 1852 2841 1908 quae
2898 1836 3107 1892 crebris
3151 1837 3476 1892 occursibus

141 1937 269 1975 nium
301 1921 470 1978 miles
510 1922 784 1979 confusus
813 1925 1034 1980 erubuit
1061 1967 1075 1990 ,
1102 1926 1302 1995 gratias
1338 1940 1540 1996 agens,
1575 1927 1748 1981 errori

139 2030 225 2069 suo
248 2029 307 2071 se
335 2030 449 2070 non
483 2017 662 2072 fuisse
704 2018 1068 2088 permissum,
1113 2033 1216 2074 nec
1256 2033 1450 2088 aspera
1495 2019 1749 2088 increpa-

139 2110 274 2166 tione
310 2111 656 2176 verborum,
705 2112 803 2166 sed
844 2127 972 2167 vera
1008 2122 1062 2168 et
1089 2113 1407 2168 rationabili
1447 2115 1749 2168 secundum

141 2219 420 2274 personam
453 2205 662 2260 militis
691 2207 1102 2276 comparatione
1128 2218 1458 2262 correctum.
1486 2207 1752 2262 Martinus

138 2307 306 2351 autem
331 2313 652 2353 conversus
681 2298 746 2352 ad
775 2315 872 2352 nos
895 2297 1067 2370 (sicut
1089 2314 1212 2354 eum
1240 2298 1498 2369 fre-quens
1521 2299 1751 2354 fratrum

141 2391 286 2446 turba
322 2391 720 2462 vallaverat):
764 2392 976 2460 lllulier,
1026 2393 1232 2463 inquit,
1283 2395 1524 2447 virorum
1569 2403 1750 2448 castra

143 2500 241 2540 non
265 2487 468 2551 adeat;
499 2486 657 2540 acies
687 2487 923 2540 militum
949 2496 1199 2555 separata
1228 2492 1526 2552 consistat;
1563 2487 1750 2555 procul

141 2578 330 2634 femina
368 2581 422 2634 in
460 2597 568 2635 suo
601 2579 811 2650 degens
837 2581 1188 2636 tabernaculo
1223 2582 1296 2636 sit
1330 2591 1575 2637 remota:
1619 2598 1753 2637 con-

144 2673 498 2743 temptibilem
549 2674 702 2729 enim
741 2673 922 2728 reddit
951 2676 1288 2742 exercitum,
1315 2676 1359 2728 si
1385 2677 1628 2746 virorum
1654 2691 1750 2730 co-

147 2768 390 2824 hortibus
443 2768 606 2824 turba
653 2768 890 2823 feminea
934 2773 1248 2825 misceatur.
1290 2769 1442 2824 Miles
1488 2769 1543 2824 in
1589 2772 1750 2838 acie,

145 2866 294 2920 miles
329 2874 540 2933 pugnet
579 2865 633 2918 in
678 2879 873 2933 campo
905 2882 917 2916 :
963 2866 1160 2920 mulier
1196 2880 1256 2920 se
1302 2865 1441 2918 intra
1471 2881 1750 2919 murorum

145 2964 475 3014 munlmenta
521 2959 828 3014 Contineat.
863 2957 1035 3013 Ilabet
1065 2970 1117 3012 et
1159 2958 1247 3012 illa
1288 2959 1516 3029 gloriam
1561 2974 1750 3025 suam,

145 3056 187 3109 si
234 3056 552 3125 pudicitiam
609 3053 730 3108 viro
770 3053 997 3108 absente
1039 3054 1339 3108 servaverit
1383 3053 1584 3120 :cujus
1637 3052 1754 3108 hmc

145 3150 311 3218 prima
350 3149 529 3204 virtus
562 3157 623 3204 et
667 3156 1044 3202 consummata
1084 3146 1312 3201 victoria
1357 3155 1480 3212 est,
1523 3163 1631 3202 non
1675 3149 1757 3201 vi-

147 3244 277 3300 deri.

212 3337 324 3394 XII.
369 3337 510 3393 Illud
542 3351 699 3399 vero,
739 3335 980 3406 Sulpici,
1011 3336 1327 3391 meminisse
1354 3344 1406 3390 te
1433 3335 1620 3400 credo,
1645 3351 1756 3406 quo

150 3430 337 3486 affectu
365 3432 531 3486 nobis
553 3471 569 3496 ,
609 3444 734 3484 cum
766 3438 824 3484 et
852 3439 908 3482 tu
938 3445 1123 3483 coram
1161 3430 1381 3483 adesses
1407 3469 1422 3493 ,
1469 3428 1615 3482 illam
1651 3428 1760 3481 vir-

150 3521 322 3591 ginem
365 3522 739 3592 przedicaret,
786 3535 908 3589 quae
953 3521 1022 3574 ita
1065 3535 1124 3573 se
1163 3520 1380 3589 penitus
1411 3519 1480 3573 ab
1511 3519 1756 3573 omnium

151 3615 384 3669 virorum
424 3614 603 3669 oculis
632 3613 991 3676 removisset,
1027 3621 1083 3666 ut
1126 3628 1192 3667 ne
1223 3614 1396 3678 ipsum
1438 3612 1658 3682 quidem
1691 3611 1758 3665 ad

153 3718 207 3759 se
251 3704 582 3771 Martinutn,
635 3719 760 3759 cum
815 3717 932 3757 eam
994 3704 1084 3758 ille
1124 3704 1292 3758 officii
1331 3720 1493 3759 causa
1536 3704 1760 3758 visitare

153 3796 340 3862 vellet,
373 3797 714 3852 admiserit:
763 3810 886 3849 nam
931 3809 1052 3849 cum
1100 3809 1302 3866 printer
1342 3797 1576 3867 agellum
1615 3796 1762 3850 illius

154 3891 496 3959 prmleriret,
547 3891 603 3943 in
645 3903 755 3957 quo
799 3901 860 3941 se
899 3887 1012 3956 jam
1063 3896 1190 3942 ante
1233 3890 1544 3958 complures
1591 3901 1763 3941 annos

147 3986 342 4054 pudica
388 3983 732 4049 cohibebat;
778 3981 960 4035 audita
1012 3979 1116 4035 fide
1163 3982 1309 4036 illius
1353 3991 1514 4053 atque
1567 3981 1764 4034 virtute

155 4077 407 4146 divertit,
458 4089 520 4132 ut
568 4088 679 4131 tam
719 4075 944 4130 illustris
990 4075 1170 4130 meriti
1223 4077 1456 4146 puellam
1504 4075 1763 4145 religioso

157 4173 332 4229 officio
360 4174 658 4243 cpiscopus
693 4169 1007 4224 honoraret.
1051 4166 1164 4223 Nos
1192 4178 1596 4239 cnnsequeutes
1617 4166 1765 4236 gavi-

157 4280 334 4322 suram
365 4268 518 4323 illam
552 4264 825 4334 virginem
868 4261 1229 4332 putabamus;
1271 4263 1546 4332 siquidem
1578 4261 1682 4314 hoc
1711 4260 1764 4314 in

160 4360 532 4413 testiinonium
576 4355 798 4410 virtutis
843 4370 954 4408 suae
999 4364 1144 4409 esset
1186 4353 1470 4420 habitura,
1497 4353 1562 4407 ad
1604 4367 1764 4422 quam

163 4455 288 4508 tanti
320 4452 560 4508 nominis
593 4449 853 4505 sacerdos
885 4449 1133 4516 deposito
1161 4452 1426 4519 propositi
1458 4448 1637 4518 rigore
1668 4463 1766 4502 ve-

162 4547 361 4612 nisset;
411 4562 606 4602 verum
657 4544 748 4598 illa
805 4543 1082 4598 fortissimi
1133 4543 1348 4600 vincula
1397 4544 1666 4615 pronositi
1701 4559 1770 4599 ne

1859 1933 2060 2002 ubique
2087 1948 2148 1988 se
2182 1933 2427 2004 praebent
2471 1932 2660 1988 obvias
2691 1930 2997 1996 sacerdoti,
3058 1946 3183 2002 quae
3225 1930 3478 1986 convivia

1857 2036 2178 2093 sumptuosa
2213 2026 2546 2094 disponunt,
2579 2042 2701 2095 quae
2736 2040 2841 2079 una
2878 2025 3086 2095 pariter
3108 2025 3474 2080 aecutnbunt!

1857 2117 1966 2174 Sed
1985 2134 2091 2186 quo
2111 2133 2197 2172 me
2217 2116 2366 2172 ducit
2385 2117 2586 2171 oratio?
2611 2117 2889 2186 paululum
2915 2118 3014 2171 iste
3039 2117 3265 2172 liberior
3288 2130 3475 2170 sermo

1855 2209 2242 2278 reprimendus
2271 2222 2385 2274 est,
2415 2225 2484 2265 ne
2513 2209 2566 2263 iu
2611 2210 2921 2279 aliquorum
2958 2209 3183 2264 forsitan
3234 2208 3483 2263 incurrat

1857 2301 2123 2358 offensam
2171 2321 2184 2356 :
2233 2305 2436 2358 etenim
2491 2303 2802 2358 infidelibus
2856 2302 3259 2372 objurgatiouis
3309 2301 3476 2357 verba

1859 2411 1969 2449 non
2019 2396 2357 2465 proderunt,
2411 2397 2662 2451 fidelibus
2712 2408 2892 2450 autem
2943 2395 3246 2450 satisfaciet
3290 2409 3475 2448 exem-

1860 2489 2039 2557 plum.
2074 2487 2274 2542 Verum
2303 2505 2408 2558 ego
2435 2489 2506 2543 ita
2539 2491 2802 2542 virtutem
2832 2487 2993 2559 ltujtts
3022 2487 3247 2558 virginis
3279 2485 3480 2556 prmdi-

1856 2583 2026 2644 calio,
2068 2590 2127 2634 ut
2173 2593 2351 2636 tamen
2385 2582 2519 2637 nihil
2567 2583 2676 2638 illis
2707 2597 2828 2652 qum
2858 2583 2924 2636 ad
2958 2580 3250 2636 Martinum
3281 2580 3477 2635 viden-

1858 2674 1992 2728 dum
2024 2690 2093 2728 ex
2128 2675 2434 2744 longinquis
2482 2675 2793 2744 regionibus
2832 2689 2979 2743 saepe
3009 2683 3305 2737 venerunt,
3332 2672 3482 2727 arbi-

1863 2778 1979 2824 trer
2025 2769 2438 2838 derogandum;
2470 2770 2736 2841 siquidem
2771 2769 2874 2824 hoc
2905 2769 3118 2823 beatum
3151 2769 3328 2823 virum
3368 2767 3476 2822 fre-

1861 2873 2099 2935 quenter
2132 2865 2328 2919 affectu
2360 2867 2525 2919 etiam
2559 2864 2738 2934 angeli
2771 2863 3183 2934 frequentariut.

1939 2957 2076 3013 XIII.
2110 2960 2378 3014 Caeterum
2410 2959 2460 3014 id
2485 2959 2626 3030 quod
2659 2959 2902 3012 dicturus
2923 2974 3039 3012 sum
3059 3001 3073 3022 ,
3101 2955 3476 3022 Postumiane,

1867 3052 1969 3106 hoc
1997 3051 2089 3106 tibi
2117 3051 2236 3124 (me
2264 3065 2448 3106 autem
2483 3053 2815 3120 intuebatur)
2847 3061 2982 3106 teste
3013 3061 3163 3106 recte
3191 3048 3475 3119 perhibeo.

1864 3147 2112 3210 Quodam
2145 3147 2233 3200 die
2265 3162 2367 3217 ego
2410 3158 2467 3201 et
2497 3147 2597 3200 iste
2640 3146 2914 3214 Sulpicius
2945 3159 3044 3214 pro
3087 3144 3291 3197 foribus
3333 3141 3478 3196 illius

1782 3243 1829 3307 C
1864 3241 2232 3303 excubantes,
2252 3241 2362 3309 jam
2391 3255 2486 3307 per
2510 3239 2715 3310 aliquot
2739 3239 2901 3293 horas
2929 3254 3051 3292 cum
3079 3236 3299 3292 silentio
3321 3233 3480 3290 sede-

1866 3334 2090 3396 bamus,
2121 3332 2330 3402 ingenti
2362 3331 2592 3386 horrore
2619 3341 2672 3386 et
2700 3341 2940 3386 tremore
2968 3344 3030 3384 ac
3059 3329 3103 3382 si
3134 3337 3259 3382 ante
3300 3325 3480 3396 angeli

1867 3425 2275 3480 tabernaculum
2323 3423 2608 3477 mandatas
2654 3423 2914 3478 excubias
2947 3422 3271 3477 duceremus
3297 3461 3312 3487 ,
3354 3433 3481 3473 cum

1865 3519 2085 3590 quidem
2107 3520 2296 3572 clauso
2323 3517 2533 3573 cellulm
2555 3533 2670 3572 Sua:
2689 3522 2830 3573 ostio
2854 3533 2952 3572 nos
2975 3519 3048 3571 ibi
3075 3532 3198 3572 esse
3223 3515 3478 3572 nesciret.

1865 3612 2088 3667 Interim
2137 3612 2563 3682 colloquentium
2612 3628 2860 3667 murmur
2909 3612 3194 3678 audimus,
3243 3620 3298 3666 et
3345 3623 3480 3663 mox

1867 3705 2096 3758 horrore
2145 3705 2380 3773 quodam
2423 3705 2912 3760 circumfundimur
2965 3719 3028 3760 ac
3077 3715 3331 3773 Stupore;
3381 3714 3486 3756 nec

1867 3796 2119 3867 ignorare
2152 3797 2429 3868 potuimus
2462 3799 2650 3853 nescio
2677 3799 2805 3870 quid
2848 3798 3016 3854 fuisse
3055 3799 3322 3853 divinum.
3353 3782 3487 3852 Post

1867 3890 2004 3945 duas
2036 3892 2148 3945 fere
2189 3891 2351 3946 horas
2381 3891 2448 3944 ad
2482 3907 2581 3944 nos
2625 3892 2891 3948 Martinus
2918 3891 3198 3962 egreditur
3228 3907 3241 3943 :
3275 3904 3338 3943 ac
3369 3897 3485 3942 tum

1869 3999 1992 4038 eum
2026 3985 2130 4038 iste
2155 3981 2432 4052 Sulpicius
2458 3986 2634 4054 (sicut
2658 3985 2802 4054 apud
2827 4001 2950 4038 eum
2977 3999 3135 4038 nemo
3163 3981 3486 4036 familiarius

1868 4075 2226 4145 loquebatur)
2258 4080 2428 4146 cmpit
2467 4093 2664 4143 orare,
2714 4089 2771 4132 ut
2815 4079 2904 4147 pie
2933 4076 3304 4147 quaerentibus
3347 4073 3487 4128 indi-

1869 4177 2056 4233 caret,
2087 4169 2214 4239 quid
2249 4169 2376 4223 illud
2407 4169 2576 4224 divini
2610 4171 2801 4226 fuisset
2832 4171 3082 4224 horroris
3107 4168 3252 4236 quod
3285 4168 3488 4222 fateba-

1870 4277 1995 4316 mur
2041 4277 2142 4315 nos
2185 4261 2347 4315 ambo
2378 4264 2623 4316 sensisse
2646 4303 2661 4328 ,
2712 4262 2801 4316 vel
2829 4277 2950 4315 cum
2981 4261 3180 4330 quibus
3204 4259 3400 4314 fuisset
3430 4261 3488 4314 in

1871 4353 2066 4409 cellula
2098 4353 2406 4409 collocutus
2435 4373 2449 4406 :
2483 4364 2703 4409 tenuem
2733 4355 2879 4409 enim
2914 4368 3013 4408 nos
3044 4353 3172 4408 licet
3203 4364 3256 4408 et
3285 4353 3374 4406 vix
3401 4351 3486 4406 in-

1873 4449 2183 4515 tellectum,
2233 4449 2723 4503 sermocinantium
2775 4461 2969 4500 sonum
3013 4459 3111 4513 pro
3151 4444 3359 4500 foribus
3393 4459 3490 4499 au-

1873 4542 2040 4599 disse.
2077 4541 2212 4597 Tum
2244 4541 2339 4598 ille
2369 4541 2460 4595 diu
2493 4542 2832 4610 multumque
2870 4547 3156 4594 cunctatus
3184 4537 3314 4609 (sed
3357 4537 3493 4594 nihil

165 4638 371 4696 Martini
396 4640 621 4712 quidem
648 4637 1357 4706 contemplationelaxavit:
1379 4640 1446 4693 ita
1471 4637 1553 4691 vir
1577 4639 1767 4693 beatus
1796 4641 1851 4701 D
1877 4649 1996 4693 erat
2026 4638 2170 4708 quod
2199 4636 2249 4692 ei
2280 4636 2559 4706 Sulpicius
2611 4650 2716 4689 non
2766 4643 3120 4703 extorqueret
3165 4633 3358 4687 invito.
3402 4631 3494 4688 In-

163 4745 379 4807 accepta
429 4751 530 4806 per
571 4733 734 4788 aliam
772 4731 1029 4786 feminam
1063 4733 1418 4787 excusatione
1463 4731 1769 4798 laudabili,

166 4826 230 4882 ab
268 4829 413 4884 illius
456 4827 672 4884 foribus
703 4841 824 4896 qua:
869 4823 1161 4880 Videndum
1207 4842 1268 4881 se
1310 4826 1772 4897 salutandamque

169 4935 270 4975 non
299 4921 523 4975 dederat
547 4961 562 4984 ,
593 4918 755 4972 la-tus
778 4915 1063 4970 abscessit.
1089 4914 1134 4970 Ο
1155 4917 1414 4987 virginem
1447 4917 1768 4986 gloriosam,

168 5029 282 5083 quae
327 5031 395 5070 ne
424 5030 453 5066 a
487 5012 726 5070 Martin
766 5009 984 5081 quidem
1039 5024 1194 5079 passa
1244 5020 1322 5065 est
1369 5026 1429 5067 se
1476 5010 1691 5067 videri!
1739 5025 1772 5065 0

170 5105 453 5162 Martinum
486 5107 741 5171 beatum,
784 5104 874 5174 qui
921 5103 1065 5157 illam
1097 5103 1369 5173 repuISam
1403 5120 1513 5158 non
1544 5103 1614 5159 ad
1645 5117 1776 5158 con-

171 5204 446 5258 tumeliam
494 5216 651 5257 suam
703 5199 893 5265 duxit;
941 5199 1032 5254 sed
1069 5199 1423 5269 magnificans
1455 5198 1602 5254 illius
1647 5213 1772 5253 cum

174 5299 537 5353 exsultatione
565 5296 857 5359 virtutem,
891 5293 1150 5348 inusitato
1177 5293 1229 5346 in
1259 5291 1342 5346 his
1370 5291 1657 5346 dumtaxat
1687 5306 1777 5347 re-

175 5393 420 5463 gionibus
450 5389 720 5463 gaudebat
767 5387 1056 5458 exemplo!
1102 5386 1249 5457 Ergo
1279 5403 1400 5441 cum
1436 5386 1579 5440 haud
1610 5386 1777 5456 longe

176 5485 246 5538 ab
280 5485 370 5541 illa
410 5485 596 5540 villula
635 5498 735 5536 nos
763 5495 982 5534 manere
1012 5495 1116 5534 nox
1147 5479 1435 5534 imminens
1464 5480 1770 5549 coegisset,

179 5582 390 5636 xenium
426 5584 590 5636 beato
622 5577 742 5632 viro
771 5573 959 5630 eadem
995 5575 1086 5628 illa
1120 5574 1272 5646 virgo
1313 5575 1617 5628 transmisit
1647 5592 1661 5628 τ
1698 5574 1776 5629 fe-

181 5675 358 5744 citque
383 5673 643 5728 Martinus
669 5670 813 5740 quod
839 5679 993 5722 antea
1023 5682 1129 5721 non
1160 5666 1360 5722 fecerat
1381 5666 1604 5738 (nullius
1627 5666 1774 5721 enim

189 5763 283 5836 ille
308 5780 560 5836 umquam
599 5765 839 5824 xenium,
873 5761 1074 5816 nullius
1106 5777 1304 5816 munus
1335 5760 1611 5833 accepit);
1644 5759 1781 5816 nihil

197 5839 264 5910 ἒι
298 5852 377 5911 hls
416 5871 536 5926 qum
585 5855 737 5925 virgo
784 5851 1120 5910 venerabilis
1167 5853 1431 5923 miserat,
1482 5851 1779 5916 territavit;

1876 4734 2227 4789 credibiliora
2273 4732 2418 4788 forte
2463 4733 2708 4787 dieturus
2753 4746 2906 4794 sum,
2956 4730 3052 4785 sed
3093 4727 3310 4785 Christo
3357 4737 3496 4786 teste

1880 4843 1986 4882 non
2032 4827 2307 4881 mentior:
2341 4825 2449 4880 nisi
2483 4826 2771 4894 quisquam
2812 4835 2894 4878 est
2934 4833 3040 4877 tam
3075 4823 3409 4894 sacrilegus.
3439 4833 3501 4878 ut

1877 4919 2168 4975 Martinum
2197 4921 2434 4974 aestimet.
2488 4919 2656 4972 fuisse
2684 4913 3035 4987 mentitum):
3062 4915 3272 4978 Dicam,
3302 4915 3497 4985 inquit,

1877 5014 2074 5078 vobis;
2120 5012 2215 5068 sed
2245 5027 2345 5068 vos
2375 5027 2564 5081 qumso
2615 5011 2747 5064 nulli
2791 5009 3006 5064 dicatis.
3043 5010 3254 5076 Agnes,
3296 5008 3501 5065 Thecla

1885 5120 1941 5166 et
1968 5108 2136 5166 Maria
2165 5123 2378 5164 mecum
2407 5108 2642 5163 fuerunt.
2672 5104 2960 5161 Referebat
2986 5117 3168 5160 autem
3195 5105 3353 5161 nobis
3379 5105 3502 5160 vul-

1886 5213 1999 5258 tum
2025 5214 2188 5272 atque
2210 5201 2456 5255 habitum
2487 5199 2846 5270 singularum.
2873 5197 2986 5254 Nec
3010 5214 3140 5252 vero
3163 5199 3256 5253 illo
3288 5208 3498 5254 tantum

1885 5297 1980 5353 die
2001 5340 2016 5362 ,
2049 5295 2144 5351 sed
2177 5296 2495 5365 frequenter
2524 5310 2583 5348 se
2609 5295 2680 5349 ab
2707 5295 2787 5350 eis
2815 5295 3096 5349 confessus
3133 5305 3216 5349 εει
3248 5292 3452 5349 visitari
3481 5310 3498 5346 :

1886 5391 2106 5446 Petrum
2128 5391 2292 5442 etiam
2321 5397 2371 5442 et
2400 5387 2626 5442 Paulum
2651 5388 2928 5458 apostolos
2951 5387 3124 5442 videri
3152 5402 3180 5440 a
3210 5401 3270 5442 se
3295 5385 3498 5453 saepius

1886 5500 1996 5540 non
2047 5483 2283 5555 negavit.
2334 5481 2453 5537 Jam
2503 5498 2636 5539 vero
2683 5483 2996 5546 dmmones,
3050 5489 3214 5551 prout
3255 5480 3322 5535 ad
3371 5492 3499 5533 eum

1885 5577 2112 5648 quisque
2158 5576 2436 5640 venisset,
2480 5577 2592 5630 suis
2627 5577 2940 5631 nominibus
2988 5573 3323 5641 increpabat.
3357 5569 3498 5624 Mer-

1884 5671 2095 5725 curium
2129 5669 2365 5722 maxime
2397 5670 2705 5738 patiebatur
2727 5670 2980 5722 infestum
3010 5683 3024 5718 :
3054 5665 3246 5720 Jovem
3281 5663 3494 5717 brutum

1885 5771 2047 5832 atque
2073 5762 2325 5817 hebetem
2349 5776 2470 5817 esse
2497 5762 2731 5816 dicebat.
2763 5761 2888 5815 llzec
2921 5759 3198 5827 plerisque
3221 5757 3272 5810 in
3301 5755 3503 5815 eodem

1891 5853 2056 5912 etiam
2079 5853 2419 5912 monasterio
2440 5843 2754 5909 consulatis
2783 5844 3124 5907 lueredlblllo
3150 5843 3502 5914 videbamur:
