4056 6340
179 293 282 357 Ἢδ

1615 296 1967 359 ῡιλιοουε
2007 298 2097 361 lli.

3405 307 3514 367 ω

181 413 522 485 Refrigerius
574 414 635 473 in
690 431 881 475 aurem
920 416 1181 486 suggerit,
1229 416 1537 486 explicare.
1592 416 1698 473 Res
1748 419 1801 474 in
1832 419 1886 482 Α
1911 420 2156 487 nomine,
2191 420 2386 491 inquit,
2413 419 2627 476 Martini
2653 421 2824 491 juhee
2853 433 2908 479 te
2941 425 3340 484 obmutescere.
3377 427 3519 486 Cani

180 508 488 567 Carnoth
528 519 698 578 gesta
743 520 827 566 est
869 510 1115 571 civitate.
1159 508 1560 565 Paterfamilias
1596 509 1806 565 duode-

182 616 407 659 cenncm
436 600 513 657 ab
550 610 723 657 utero
756 612 961 659 mutam
996 601 1235 672 puellam
1266 601 1502 657 Martino
1528 603 1694 671 coepit
1725 601 1806 655 of-

182 693 338 758 ferre,
384 707 638 761 poscens
666 702 730 749 ttt
762 695 1002 765 linguam
1042 694 1260 765 ligatam
1290 694 1508 751 meritis
1536 695 1651 755 suis
1678 709 1805 753 san-

184 797 299 842 ctus
321 787 674 842 absolveret.
708 788 805 843 Ille
832 790 1029 843 cedens
1064 787 1365 858 episcOpis,
1396 789 1489 855 qui.
1520 797 1635 843 tum
1666 785 1805 842 forte

184 881 315 941 latus
343 880 495 943 illius
523 882 872 947 ambiebant,
902 881 1191 938 Valentino
1211 893 1381 952 atque
1404 880 1675 946 Victricio,
1703 880 1803 935 im-

186 989 362 1044 parem
393 988 461 1029 se
499 990 639 1031 esse
675 986 839 1030 tantae
874 975 1034 1040 moli;
1085 975 1180 1030 sed
1224 974 1330 1028 illis
1369 975 1524 1043 quasi
1564 971 1803 1029 sanctio-

185 1066 327 1121 ribus
360 1066 498 1121 nihil
546 1067 895 1137 impossibile
933 1066 1220 1123 fatebatur.
1253 1065 1321 1127 At
1352 1066 1428 1123 illi
1460 1067 1574 1135 pias
1608 1080 1803 1137 preces

188 1176 284 1215 una
306 1176 430 1217 cum
462 1170 633 1230 patre
658 1162 894 1231 Supplici
920 1176 1054 1215 voce
1076 1161 1391 1232 jttttgentes,
1423 1176 1586 1221 orare
1616 1159 1804 1215 Marti-

188 1268 345 1318 num,
395 1262 459 1307 ut
510 1263 743 1321 sperata
800 1262 1102 1323 pt-mstaret.
1153 1253 1267 1308 Nec
1318 1246 1607 1311 cunctatus
1657 1250 1802 1307 ultra

188 1346 498 1419 (utrumque
538 1347 901 1416 praeclarum,
940 1356 995 1402 ct
1032 1346 1373 1405 ostendendo
1412 1344 1801 1413 ltutttilitatem,

188 1455 281 1495 nec
308 1440 628 1495 dilfcrendo
661 1438 972 1512 pietatem),
995 1440 1151 1510 jubet
1178 1441 1586 1503 circumstantis
1616 1440 1803 1510 populi

189 1533 595 1589 multitudinem
625 1534 941 1588 submovcri
967 1552 979 1587 :
1008 1534 1277 1603 episcoltis
1299 1541 1507 1589 tantum
1531 1544 1584 1589 et
1605 1535 1803 1603 puella:

190 1637 331 1697 patre
361 1628 769 1693 assistentibus
808 1630 863 1682 itt
904 1628 1206 1691 orationem
1235 1641 1337 1687 suo
1369 1627 1465 1682 illo
1494 1643 1649 1683 more
1681 1642 1804 1696 pro-

188 1722 438 1778 sternitur
467 1740 483 1776 :
512 1721 651 1779 dein
689 1723 943 1792 pusillum
973 1722 1084 1777 olei
1112 1738 1234 1781 eum
1272 1721 1561 1778 exorcisnti
1609 1721 1806 1792 praefa-

1910 510 2068 568 btesit
2098 514 2326 570 latratus
2354 516 2407 569 in
2433 524 2651 584 gutture
2679 533 2691 569 :
2722 517 2906 587 lingua
2943 517 3240 589 (abscisam
3270 521 3515 595 putares)

1909 604 2196 661 obmutuit.
2228 607 2304 662 Ita
2329 623 2519 676 parum
2542 616 2626 662 est
2652 609 2835 679 ipsum
2860 611 3159 668 Martinum
3186 613 3383 669 fecisse
3410 616 3520 671 viri

1908 705 2053 752 totes
2079 717 2095 753 ς
2120 700 2330 755 credite
2360 702 2514 766 mihi,
2550 702 2675 771 quia
2710 703 2878 758 etiam
2908 704 2999 759 alii
3030 704 3088 762 in
3133 708 3355 765 nomine
3398 708 3519 780 ejus

1908 789 2076 851 multa
2101 791 2367 848 fecerunt.

1977 880 2069 937 ιν.
2112 884 2349 938 Avitiani
2374 885 2645 955 quondam
2675 888 2894 945 comitis
2918 892 3201 957 noveratis
3222 893 3516 952 barbaram

1907 974 2095 1043 nimis,
2126 986 2181 1032 et
2208 980 2346 1033 ultra
2383 982 2567 1035 omnia
2609 994 2900 1045 cruentam
2946 984 3245 1043 feritatem.
3296 988 3399 1045 Hic
3437 1006 3524 1047 ra-

1907 1070 2036 1125 bido
2064 1073 2261 1141 spiritu
2288 1073 2567 1143 ingressus
2593 1077 2872 1133 Turonum
2906 1080 3208 1148 civitatem,
3234 1086 3519 1154 sequenti-

1907 1164 2007 1219 bus
2029 1181 2153 1220 eum
2179 1168 2479 1223 miserabili
2503 1170 2643 1227 facie
2668 1173 2959 1229 ordinibus
2985 1180 3275 1245 catenatis,
3302 1180 3520 1238 diversa

1908 1256 2203 1327 perdettdis
2231 1261 2410 1328 parari
2454 1262 2601 1331 jubet
2641 1280 2839 1333 genera
2879 1282 3186 1336 pinnarum,
3215 1270 3520 1341 disponens

1911 1362 2131 1422 postera
2159 1352 2249 1408 die
2277 1356 2510 1410 attonita
2535 1357 2762 1415 civitate
2804 1359 2873 1415 ad
2897 1376 3037 1431 opus
3064 1373 3173 1418 tam
3207 1365 3363 1421 triste
3392 1381 3517 1436 pro-

1908 1446 2130 1501 cedere.
2185 1447 2343 1513 Quod
2393 1449 2484 1505 ubi
2531 1449 2767 1507 Martitto
2812 1466 3152 1524 compertum
3202 1468 3323 1524 est,
3369 1460 3520 1517 solus

1911 1539 2071 1609 paulo
2119 1549 2247 1597 ante
2289 1540 2523 1601 mediam
2577 1552 2793 1601 noctem
2840 1547 2908 1600 ad
2960 1550 3276 1617 praetorium
3326 1550 3520 1608 bestias

1911 1630 2061 1686 illius
2119 1631 2291 1687 tendit
2337 1651 2350 1687 :
2398 1632 2495 1690 red
2546 1650 2694 1702 cum,
2725 1637 3012 1707 profundat
3040 1644 3220 1698 noctis
3266 1643 3513 1711 silentio,

1910 1723 2319 1793 quiescentibus
2341 1728 2577 1792 cunctis,
2614 1730 2801 1785 nullus
2829 1730 3041 1789 foribus
3066 1734 3342 1791 obseratis
3368 1746 3520 1806 pate-

190 1818 329 1872 tione
356 1814 677 1877 bonedicit,
713 1827 877 1885 atque
903 1815 973 1870 ita
1002 1815 1058 1871 in
1082 1829 1144 1870 os
1171 1815 1368 1884 puellae
1398 1814 1800 1873 sanctiﬁcatum
1832 1820 1881 1881 B
1908 1828 1989 1873 ret
2022 1819 2324 1889 ingressus,
2358 1833 2489 1878 ante
2524 1821 2717 1887 limina
2751 1835 2981 1882 eruenta
3012 1829 3398 1898 prosternitur.
3428 1829 3516 1887 ln-

189 1909 623 1979 liquorem,cum
652 1919 710 1964 et
739 1909 975 1979 linguam
1000 1910 1141 1963 illius
1170 1908 1356 1978 digitis
1390 1918 1621 1976 teneret,
1656 1908 1801 1964 infu-

190 2005 281 2060 dit.
312 2004 417 2061 Nec
448 2003 941 2061 fefellitSanctttm
966 2004 1186 2059 virtutis
1215 2013 1466 2059 eventus.
1498 2003 1673 2058 Patris
1702 2019 1800 2058 noa

191 2112 305 2159 men
336 2096 664 2167 interrogat
692 2114 704 2149 :
736 2113 859 2152 mox
893 2096 982 2152 illa
1013 2097 1314 2166 respondit.
1359 2095 1667 2151 Proclamat
1704 2110 1800 2165 pa,

193 2199 285 2251 ter,
316 2205 441 2251 cum
476 2189 693 2260 gaudio
744 2190 945 2259 pariter
975 2197 1027 2251 et
1074 2188 1331 2259 lacrytttis
1378 2186 1590 2245 Martini
1620 2202 1799 2256 genua

192 2283 526 2353 complexus,
560 2291 622 2339 et
668 2282 810 2339 lianc
845 2281 1073 2351 primaut
1106 2296 1166 2338 se
1198 2280 1323 2345 lilia:
1357 2279 1577 2345 audisse
1607 2295 1798 2341 vocem

192 2379 392 2432 cunctis
420 2376 781 2449 stupentibus
813 2376 1102 2441 fatebatur.
1128 2374 1206 2433 Ac
1252 2390 1320 2431 ne
1348 2376 1601 2444 cuiquam
1630 2373 1684 2441 id
1714 2374 1798 2434 ius

192 2472 455 2537 credibile
497 2474 650 2531 forte
695 2472 979 2537 videatur,
1031 2470 1315 2541 perbibeat
1361 2468 1515 2526 vobis
1561 2482 1801 2539 prresens

192 2566 452 2637 Evagt-ius
501 2564 883 2629 testimonium
916 2565 1185 2631 veritatis,
1228 2579 1350 2619 nam
1384 2578 1473 2623 res
1514 2564 1632 2633 ipso
1664 2578 1800 2634 prac-

191 2672 343 2717 sente
375 2670 489 2721 tum
518 2670 681 2732 gesta
714 2668 820 2715 cst.

256 2757 346 2821 ιιι.
390 2757 627 2815 Parvum
657 2755 794 2813 illud
817 2764 900 2809 cst
920 2753 1062 2825 quod
1089 2767 1260 2821 nuper
1282 2752 1555 2822 Harpagiu
1581 2749 1802 2823 presby-

195 2861 301 2907 tero
356 2851 631 2907 referente
680 2848 950 2919 CUguovi:
984 2847 1079 2903 sed
1115 2862 1224 2901 non
1274 2844 1800 2917 praetermittendum

192 2944 403 2998 videtur
433 2962 446 2997 :
481 2941 731 3001 Avitiani
786 2940 1006 2999 comitis
1051 2954 1273 3003 uxorem
1317 2939 1534 2997 misisse
1574 2937 1801 2993 Martino

194 3042 393 3107 oleum,
421 3040 564 3111 quod
594 3039 666 3095 ad
698 3039 945 3094 diversas
974 3036 1293 3097 morbortutt
1325 3050 1521 3091 causas
1549 3048 1801 3097 necessa-

1908 1922 2057 1966 terea
2116 1912 2399 1969 Avitianus
2444 1917 2597 1985 gravi
2654 1932 2850 1974 somno
2899 1921 3148 1992 sepultus
3197 1926 3396 1995 angelo
3435 1927 3519 1981 ia—

1904 2015 2138 2077 gruente
2182 2009 2496 2078 percellitur
2532 2029 2546 2065 t
2588 2011 2828 2080 Servus,
2886 2016 3095 2088 inquit,
3152 2019 3248 2074 Dei
3301 2020 3371 2075 ad
3427 2032 3518 2078 tua

1905 2099 2099 2155 limina
2120 2099 2288 2168 jacet,
2325 2112 2379 2157 et
2411 2112 2465 2163 tu
2497 2104 2772 2173 quiescis?
2802 2122 2907 2176 qua
2941 2108 3036 2164 ille
3060 2123 3192 2165 voce
3232 2124 3514 2183 percepta,

1907 2194 2050 2249 lecte
2086 2209 2186 2250 suo
2224 2197 2474 2254 turbatus
2516 2201 2827 2267 excutitur;
2863 2207 3289 2275 convocatisque
3334 2209 3518 2264 servis
3612 2228 3619 2237 ·

1906 2287 2157 2357 trepidus
2207 2288 2506 2356 exclamat,
2567 2292 2864 2348 Martinam
2911 2310 3034 2351 esse
3088 2310 3186 2367 pro
3242 2297 3454 2355 foribus
3498 2319 3512 2356 :

1904 2382 2045 2437 irent
2092 2382 2371 2452 protinus,
2410 2384 2654 2440 claustra
2687 2398 3024 2455 reserarent,
3070 2405 3141 2445 ne
3177 2390 3275 2448 Dei
3321 2408 3518 2450 servus

1906 2486 2183 2545 pateretur
2215 2477 2623 2548 injuriam;sed
2661 2481 2761 2545 illi,
2806 2491 2866 2536 ut
2900 2492 2985 2538 est
3030 2487 3274 2541 omnium
3318 2496 3514 2543 natura

1905 2583 2209 2635 servorum,
2252 2573 2339 2626 vix
2379 2574 2551 2643 prima
2592 2574 2778 2630 limina
2821 2578 3053 2647 egressi,
3088 2578 3380 2636 irridentes
3410 2581 3513 2637 do-

1908 2664 2114 2720 minum
2156 2679 2341 2731 suum,
2392 2666 2537 2737 quod
2580 2682 2775 2724 somno
2813 2669 3009 2726 fuisset
3050 2671 3266 2741 illusus,
3310 2685 3516 2746 negant

1905 2772 2233 2827 quemquam
2259 2774 2383 2814 esse
2413 2774 2511 2830 pro
2541 2760 2773 2831 foribus,
2803 2778 2870 2818 ex
2894 2773 3111 2820 suomet
3140 2767 3361 2837 ingenio
3383 2782 3516 2824 con-

1900 2849 2174 2919 jectantcs
2204 2854 2476 2909 neminem
2510 2865 2668 2911 nocte
2700 2870 2864 2926 posse
2908 2858 3152 2929 vigilare,
3198 2860 3399 2916 nedum
3434 2864 3514 2920 illi

1904 2943 2214 3012 crederent,
2252 2947 2304 3000 in
2338 2946 2430 3001 illo
2460 2948 2635 3003 noctis
2681 2949 2909 3005 horrore
2946 2952 3131 3021 jacere
3166 2962 3298 3009 ante
3332 2958 3512 3012 aliena

1906 3038 2089 3094 limina
2114 3041 2457 3097 sacerdotem
2482 3061 2496 3096 :
2525 3043 2683 3114 idque
2704 3044 2961 3102 Avitiano
2982 3045 3144 3103 facile
3163 3063 3509 3120 persuasum.

193 3138 328 3191 rium
352 3134 517 3206 (sicut
537 3142 628 3189 est
648 3131 1012 3199 consuetudo)
1039 3129 1419 3189 benediceret:
1449 3126 1797 3197 ampullulam
1906 3134 2140 3189 Rursum
2189 3137 2423 3190 solvitur
2462 3138 2516 3191 in
2564 3154 2849 3208 soporem;
2892 3141 2991 3195 sed
3034 3155 3159 3197 mox
3206 3143 3260 3197 vi
3301 3144 3511 3212 majore

196 3231 419 3285 vitream
469 3226 783 3284 istiusmodi
838 3224 1026 3289 fuisse,
1069 3232 1127 3278 ut
1172 3220 1403 3285 rotunda
1453 3221 1505 3279 ἱιι
1553 3227 1796 3285 νυιλῑνεω
1827 3215 1870 3279 C
1904 3244 2204 3284 concussus
2253 3231 2547 3297 exclamat,
2577 3232 2864 3287 Martinum
2909 3244 3057 3289 stare
3097 3249 3197 3304 pro
3248 3235 3455 3290 furibus
3492 3254 3506 3290 :

194 3333 488 3389 cresceret,
520 3338 617 3384 ore
666 3320 964 3390 producto;
1004 3318 1099 3373 sed
1140 3317 1252 3372 oris
1299 3314 1573 3373 exstantia
1604 3327 1799 3375 conca-

196 3434 315 3472 vum
348 3431 457 3477 non
490 3415 805 3484 repletum;
846 3411 971 3482 quia
1009 3411 1081 3471 ita
1126 3410 1297 3464 tttoris
1334 3409 1406 3465 sit
1449 3405 1665 3467 vascula
1704 3403 1796 3469 illa

196 3510 502 3581 complere,
547 3518 606 3571 ut
649 3522 776 3578 pars
818 3521 1030 3565 summa
1076 3502 1403 3561 umbonibus
1449 3498 1800 3561 obstrttcndis

199 3605 361 3668 libera
399 3604 774 3672 relinquatur.
810 3597 1133 3652 Testabatur
1172 3595 1478 3665 presbyter,
1512 3591 1714 3657 vidisse
1739 3604 1799 3646 se

197 3699 373 3759 oleum
424 3697 529 3759 sub
584 3694 803 3755 Martini
859 3690 1241 3753 benedictione
1291 3688 1562 3752 crevisse,
1621 3685 1797 3758 quoad

198 3793 505 3855 exundante
534 3788 694 3858 copia
720 3801 956 3856 superne
982 3782 1259 3843 difﬂueret
1283 3799 1296 3834 :
1321 3782 1637 3857 cadentque,
1668 3781 1797 3834 dum

198 3887 264 3945 ad
319 3881 796 3945 matremfamilias.
846 3879 1122 3941 vasculum
1181 3876 1514 3949 referretur,
1571 3873 1798 3939 fervisse

200 3982 440 4043 virtute:
472 3994 601 4033 nam
640 3978 785 4037 inter
817 3988 1005 4039 manus
1050 3974 1198 4043 pueri
1240 3974 1507 4044 portantis
1540 3972 1611 4025 ita
1658 3985 1800 4027 sem.-

201 4090 292 4144 pcr
325 4075 645 4133 exundasse
686 4072 905 4135 oleum,
951 4078 1007 4123 ut
1039 4083 1200 4127 omne
1242 4068 1385 4122 illius
1416 4068 1796 4133 vestimentum

201 4170 345 4239 sepia
395 4167 674 4239 superfusi
730 4166 957 4235 liquoris
1009 4163 1249 4233 operiret
1297 4180 1310 4217 :
1368 4171 1669 4225 matronam
1725 4162 1797 4214 ita

204 4280 361 4334 usque
386 4263 456 4323 ad
500 4277 778 4321 sumntum
826 4258 1033 4321 labrum
1068 4258 1285 4327 plenum
1330 4255 1608 4317 vasculum
1650 4267 1801 4311 rece—

206 4360 361 4427 pisse,
398 4368 456 4417 ut
488 4356 777 4427 presbyter
822 4354 1089 4424 hodieque
1128 4352 1380 4417 fateatur,
1413 4346 1649 4405 obdendi
1681 4361 1800 4416 [tes-

205 4453 322 4517 s'tli,
350 4469 458 4521 quo
499 4450 682 4505 claudi
731 4447 1043 4517 diligentius
1076 4444 1343 4509 servanda
1374 4448 1799 4505 consueverunt,

205 4549 252 4601 itt
282 4547 418 4603 vitro
446 4546 542 4605 illo
568 4543 806 4613 spatium
836 4559 939 4597 non
964 4540 1154 4601 fuisse.
1180 4539 1371 4599 Mirum
1399 4548 1453 4595 et
1476 4535 1631 4602 illud,
1655 4533 1797 4605 quod

207 4641 321 4697 lutic
354 4641 466 4713 (me
495 4646 679 4697 autem
714 4634 1047 4704 intuebatur)
1079 4631 1303 4695 memini
1340 4631 1652 4700 contigisse.
1696 4626 1803 4684 Vas
1830 4616 1884 4677 D

207 4738 430 4795 vitreum
476 4747 603 4793 cunt
648 4729 776 4783 oleo
822 4727 966 4797 quod
1015 4725 1274 4784 Martinus
1323 4722 1702 4784 benediserat,
1752 4720 1806 4777 in

206 4828 436 4885 fenestra
469 4823 751 4894 paululum
785 4821 1015 4876 editiore
1043 4818 1335 4889 deposuit:
1367 4833 1497 4887 puer
1522 4816 1809 4873 familiaris

208 4923 471 4981 incautior
513 4922 744 4979 linteum
787 4916 1218 4988 superpositum,
1250 4914 1547 4984 ampullam
1580 4913 1652 4968 ibi
1685 4927 1810 4979 esse

209 5018 451 5087 ignarus,
504 5014 752 5069 attraxit.
799 5012 903 5067 Vas
950 5026 1115 5080 super
1154 5016 1491 5069 Constratunt
1540 5020 1810 5067 marmore

210 5111 573 5179 pavimentum
606 5105 814 5161 decidit
840 5123 851 5160 :
877 5103 1091 5160 cunctis
1124 5112 1268 5157 metu
1297 5100 1599 5166 exterritis,
1629 5115 1695 5167 ne
1718 5100 1811 5153 be-

208 5202 438 5267 nedictio
471 5198 806 5270 deperisset,
839 5196 1074 5266 ampulla
1119 5195 1346 5262 perinde
1392 5192 1684 5248 incolumis
1725 5198 1809 5247 est

208 5306 413 5365 reperta
455 5307 521 5351 ac
551 5296 596 5347 st
630 5306 793 5359 super
834 5290 1043 5359 plumas
1085 5286 1434 5347 mollissimae
1472 5284 1803 5349 decidisset;

209 5405 323 5459 qua:
362 5402 450 5443 res
492 5403 602 5442 non
637 5385 813 5455 potius
846 5383 909 5436 ad
949 5396 1132 5437 casum
1164 5395 1326 5451 quam
1356 5380 1419 5437 ad
1466 5379 1678 5443 Martini
1722 5387 1807 5435 est

212 5483 490 5540 referenda
524 5482 807 5545 virtutem,
842 5480 997 5549 cujus
1021 5478 1328 5537 benedictio
1357 5478 1535 5548 perire
1568 5492 1673 5533 non
1708 5491 1804 5548 po.-

213 5582 323 5632 tu'at.
368 5578 510 5645 Quid
564 5575 732 5631 illud?
772 5573 915 5644 quod
965 5574 1163 5631 factum
1191 5584 1273 5628 cst
1304 5589 1330 5627 a
1360 5572 1617 5643 quodam,
1648 5572 1804 5641 cujus

215 5688 433 5738 nomen,
466 5668 596 5740 quia
625 5682 866 5737 praesens
896 5675 980 5722 est
1009 5676 1065 5721 et
1100 5664 1255 5736 prodi
1288 5681 1347 5720 sc
1376 5666 1566 5726 vetuit,
1600 5662 1817 5734 suppri-

218 5776 431 5821 tnctur:
464 5763 553 5819 cui
594 5762 818 5831 quidem
871 5764 1099 5831 tempori
1149 5761 1235 5814 ltie
1275 5762 1440 5815 etiam
1491 5759 1819 5815 Saturninus

219 5860 482 5931 interfuit.
538 5860 704 5924 Canis
749 5857 906 5915 nobis
950 5855 1315 5933 importunior
1365 5855 1668 5913 oblatrabat
1704 5871 1717 5908 :
1760 5852 1817 5913 In

1903 3322 2003 3377 sibi
2031 3322 2153 3377 ideo
2177 3322 2379 3377 nullam
2402 3325 2644 3393 quietem
2667 3327 2835 3380 animi
2864 3327 3220 3398 corporisque
3244 3329 3505 3398 permitti.

1903 3414 2270 3472 Tardantibus
2296 3418 2492 3485 servis,
2524 3418 2642 3487 ipse
2672 3434 2843 3490 usque
2888 3420 2953 3475 ad
3000 3420 3186 3479 limina
3234 3422 3509 3483 exteriora

1905 3508 2295 3579 progreditur:
2324 3511 2398 3566 ibi
2438 3512 2745 3579 Martinum,
2788 3524 2846 3568 ttt
2888 3524 3163 3581 senserat,
3200 3514 3511 3586 deprellen-

1904 3601 2002 3657 dit.
2039 3602 2326 3658 Perculsus
2374 3605 2541 3660 miser
2571 3614 2737 3661 tantm
2785 3606 3227 3663 manifestationc
3265 3608 3505 3675 virtutis,

1905 3694 2056 3762 quid,
2081 3695 2272 3765 inquit,
2296 3696 2426 3750 mihi
2455 3696 2579 3765 hoc,
2604 3696 2847 3765 domine,
2875 3697 3092 3761 facieti?
3115 3700 3249 3755 nihil
3278 3701 3428 3772 loqui
3454 3709 3512 3757 te

1905 3803 2130 3845 necesse
2160 3800 2281 3845 est:
2317 3794 2430 3846 scio
2457 3793 2587 3861 quid
2618 3793 2923 3861 desideres,
2952 3793 3115 3850 video
3157 3795 3285 3866 quid
3316 3795 3506 3867 requi-

1907 3897 2032 3937 ras:
2066 3882 2294 3937 discede
2341 3886 2693 3954 quantocius,
2726 3903 2794 3941 ne
2838 3904 2927 3943 me
2965 3887 3036 3942 ob
3067 3887 3325 3957 lnjur-iam
3360 3896 3511 3943 tuam

1902 3976 2144 4033 otelestis
2176 3978 2255 4032 ira
2280 3990 2567 4034 consumat
2596 3999 2609 4035 :
2639 3980 2772 4035 satis
2796 3980 3055 4036 solverim
3086 3983 3369 4051 hucusque
3394 3995 3513 4050 pm-

1906 4084 2117 4129 ttarutn.
2146 4068 2341 4136 Crede,
2376 4074 2498 4140 quia
2530 4090 2637 4128 non
2667 4074 2861 4129 leviter
2891 4075 3034 4144 apud
3067 4090 3156 4129 me
3189 4085 3371 4130 aetum
3402 4085 3506 4143 est,

1906 4170 1962 4219 ut
1994 4164 2108 4233 ipse
2141 4164 2522 4233 procederem.
2558 4166 2691 4221 Post
2737 4168 3047 4222 discessum
3093 4176 3278 4223 autem
3327 4168 3514 4223 Sancti

1905 4262 2136 4315 advocat
2166 4257 2432 4319 officiales
2472 4274 2601 4313 suos
2629 4277 2643 4313 :
2673 4260 2831 4329 jubet
2877 4274 3072 4315 omnes
3100 4260 3385 4315 custodias
3428 4274 3515 4316 ro-

1905 4351 2113 4413 laxari;
2162 4361 2216 4406 et
2262 4367 2387 4405 mox
2439 4352 2554 4422 ipse
2605 4351 2991 4421 proﬁciscitur.
3025 4350 3101 4405 Ita
3149 4352 3339 4421 fugato
3387 4352 3514 4405 Avi-

1906 4447 2075 4510 tiano,
2110 4444 2291 4498 laetata
2322 4452 2411 4500 est
2439 4459 2500 4500 se
2531 4443 2721 4498 civitas
2750 4442 3058 4497 liberatam.

1978 4538 2044 4594 ν.
2088 4536 2214 4593 Haec
2241 4551 2365 4595 cum
2400 4537 2593 4593 multis
2628 4535 2885 4593 Avitiano
2923 4537 3207 4592 referente
3235 4544 3523 4605 comperta

1910 4643 2057 4696 sunt,
2088 4640 2201 4688 tum
2230 4646 2407 4703 nuper
2433 4629 2770 4701 Refrigerius
2801 4629 3110 4702 presbyter,
3140 4644 3304 4702 quem
3331 4644 3519 4687 coram

1911 4725 2135 4792 videtis,
2170 4725 2237 4780 ab
2272 4725 2507 4796 Evagrio
2546 4724 2688 4779 fideli
2724 4724 2866 4789 viro,
2899 4739 2970 4782 ex
3010 4723 3267 4791 tribunis,
3301 4724 3403 4789 sub
3435 4727 3517 4780 in-

1910 4818 2196 4874 vocatione
2226 4818 2429 4875 divinae
2464 4816 2769 4885 maiestatis
2798 4816 3028 4886 audivit,
3060 4815 3154 4885 qui
3183 4816 3285 4883 sibi
3318 4817 3421 4873 bne
3448 4817 3520 4872 ab

1911 4916 2028 4984 ipso
2075 4913 2334 4969 Avitiano
2381 4914 2618 4969 relatum
2648 4926 2773 4967 esse
2798 4910 3041 4983 jurabat.
3074 4910 3347 4967 Caeterum
3391 4912 3521 4979 nolo

1912 5007 2188 5066 miremini
2229 5024 2317 5065 me
2355 5006 2521 5063 budie
2569 5004 2752 5061 facere
2792 5005 2939 5075 quod
2972 5005 3234 5061 hesterno
3260 5020 3367 5060 non
3398 5006 3525 5072 feel,

1915 5113 1974 5161 ut
2001 5102 2066 5158 ad
2094 5103 2337 5172 singulas
2365 5116 2611 5172 quasque
2636 5096 2868 5156 virtutes
2897 5100 3119 5155 nomina
3151 5100 3373 5156 testium
3402 5114 3528 5168 pss-

1915 5210 2186 5264 sonasque
2230 5193 2576 5259 subuectant,
2608 5192 2675 5247 ad
2707 5206 2861 5261 quas,
2896 5190 2942 5247 si
2985 5192 3108 5262 quis
3139 5190 3311 5253 fuerit
3340 5193 3523 5253 inere-

1915 5287 2096 5353 dulus,
2128 5286 2255 5356 quia
2283 5284 2463 5340 adhuc
2493 5283 2547 5341 in
2584 5298 2820 5353 corpore
2856 5292 3006 5351 sunt,
3038 5294 3305 5340 recurrat.
3344 5284 3526 5353 Exigit

1913 5380 1966 5436 id
2021 5378 2312 5441 infidelitas
2364 5377 2762 5447 plurimorum,
2819 5378 2914 5447 qui
2966 5379 3017 5433 itt
3068 5378 3345 5449 aliquibus
3396 5392 3517 5446 qua:

1910 5476 2175 5535 hesterno
2202 5482 2502 5531 memorata
2531 5480 2681 5539 sunt,
2706 5480 2901 5529 nutare
2923 5471 3200 5529 dicuntur.
3234 5468 3529 5538 Accipiunt

1915 5587 2044 5643 ergo
2080 5576 2246 5626 testes
2278 5568 2455 5625 adhuc
2484 5567 2792 5623 incolumes
2820 5576 2984 5637 atque
3006 5566 3276 5629 viventes,
3301 5562 3521 5632 quibus,

1915 5666 2039 5735 quia
2081 5663 2149 5718 de
2179 5662 2285 5721 ftde
2318 5671 2501 5721 nostra
2534 5661 2810 5726 dubitant,
2843 5660 3016 5730 magis
3054 5656 3302 5713 credant.
3336 5655 3443 5712 Sed
3475 5658 3523 5713 si

1914 5760 2054 5817 adeo
2078 5757 2331 5817 infideles
2356 5763 2503 5820 sunt,
2534 5754 2813 5824 profiteor,
2839 5753 2965 5822 quia
2994 5766 3093 5806 nec
3118 5750 3225 5804 illis
3252 5758 3378 5809 sunt
3405 5765 3528 5806 cre-

1919 5854 2109 5912 dituri.
2148 5852 2317 5909 Miror
2350 5857 2531 5909 autem
2560 5861 2887 5921 quemquam
2918 5844 3015 5918 qui
3039 5842 3126 5900 vel
3154 5852 3375 5899 tenuem
3408 5858 3527 5903 seu-
