4056 6340
554 288 660 346 215

1916 292 2209 351 SULPICII
2247 294 2501 355 SEVERI

3754 309 3855 368 216

548 423 672 464 sum
696 410 978 481 religionis
1009 411 1227 477 habeat,
1253 419 1462 467 tantum
1499 412 1697 482 piaculi
1729 412 1871 468 velle
1906 415 2157 470 commit-
2181 416 2235 477 A
2261 417 2360 472 viri
2407 417 2579 474 ﬁdelis
2624 432 2933 486 excessum,
2980 428 3040 475 ut
3077 419 3232 490 cujus
3278 421 3383 475 vita
3410 424 3534 492 jure
3564 423 3854 493 gaudebat,

552 510 692 567 tere,
722 513 782 558 ut
812 513 964 574 putet
986 519 1318 574 quemquam
1345 504 1413 558 de
1449 505 1679 559 Martino
1714 520 1876 573 posse
1911 506 2152 561 mentiri.

554 596 811 652 Facessat
833 612 863 650 a
890 612 1159 668 quoquam
1188 598 1279 668 qui
1307 597 1409 653 sub
1436 597 1549 652 Deo
1571 598 1724 665 vivit,
1751 597 1853 654 ista
1881 600 2153 670 suspicio:

549 706 731 761 neque
754 692 899 747 enim
926 690 1191 746 Martinus
1216 692 1316 746 hoc
1347 689 1576 759 indiget,
1601 700 1661 745 ut
1683 690 1984 747 mendaciis
2004 706 2157 748 asse-

548 792 724 840 ratur.
779 783 889 841 Sed
940 793 1119 839 tamen
1162 784 1328 838 totius
1373 783 1642 839 sermonis
1688 784 1847 839 fidem
1890 785 2033 855 apud
2079 794 2151 852 te,

550 877 793 943 Christe,
825 878 1221 949 depromimus,
1253 892 1354 933 nos
1382 892 1484 933 nec
1527 876 1629 931 alia
1661 877 1869 933 dixisse
1909 892 2008 933 nec
2051 878 2156 933 alia

550 971 821 1039 dicturos,
854 988 1014 1043 quam
1054 988 1177 1043 quae
1207 983 1299 1027 aut
1332 973 1433 1043 ipsi
1464 972 1721 1035 vidimus,
1759 982 1853 1028 aut
1888 989 2012 1044 qua:
2043 988 2157 1028 ma-

552 1066 768 1123 nifestis
795 1068 1119 1124 auctoribus
1151 1069 1234 1123 vel
1268 1069 1591 1138 plerumque
1620 1069 1738 1139 ipso
1768 1069 2041 1124 referente
2064 1084 2159 1125 co-

551 1162 863 1230 gnovimus.
917 1159 1188 1217 Cmterum
1248 1162 1349 1217 etsi
1392 1161 1594 1232 dialogi
1628 1163 1897 1230 speciem,
1941 1178 2049 1233 quo
2089 1162 2156 1218 ad

551 1252 905 1308 relevandum
954 1253 1232 1309 fastidium
1280 1255 1443 1309 lectio
1483 1256 1809 1322 variaretur,
1854 1256 2154 1325 assumpsi-

551 1364 694 1415 mus,
729 1364 830 1404 nos
878 1350 964 1419 pie
1008 1360 1271 1420 prtestare
1318 1350 1635 1419 profitemur
1666 1349 1909 1405 historia:
1952 1351 2155 1406 verita-

550 1453 682 1498 tem.
709 1442 835 1499 Haec
861 1459 948 1499 me
974 1444 1320 1499 extrinsecus
1353 1444 1599 1500 inserere
1641 1444 2024 1500 nonnullorum
2068 1447 2149 1500 iu-

551 1534 871 1600 credulitas,
906 1550 1014 1590 non
1065 1536 1186 1590 sine
1230 1551 1353 1591 meo
1398 1536 1610 1603 dolore,
1654 1537 2001 1607 compulerit.
2050 1538 2155 1594 Sed

551 1628 739 1683 redeat
779 1628 846 1683 ad
888 1638 1136 1683 nostrum
1186 1644 1373 1685 sermo
1420 1645 1774 1686 consessum:
1813 1632 1866 1685 in
1896 1648 2003 1701 quo
2032 1647 2155 1687 cum

552 1737 639 1775 me
673 1732 778 1777 tam
811 1723 1057 1779 studiose
1087 1723 1262 1779 audiri
1297 1724 1531 1789 videam,
1563 1724 1738 1781 fatear
1777 1741 2004 1783 necesse
2049 1736 2155 1794 est,

2259 509 2422 562 etiam
2454 509 2696 580 ejusdem
2731 520 2960 564 mortem
2994 510 3225 581 lugeret.
3270 510 3539 569 Cmterum
3572 518 3616 570 si
3649 516 3716 571 ad
3746 516 3857 574 haec

2261 603 2534 672 probanda
2559 619 2681 674 quae
2710 604 2946 658 diximus
2970 614 3137 661 testes
3165 605 3326 660 etiam
3354 606 3621 664 infirmior
3644 609 3857 665 auditor

2259 699 2517 767 exegerit,
2553 712 2658 753 non
2703 714 2869 753 unum
2899 713 3001 769 ego
3034 698 3336 767 hominem,
3365 702 3461 755 sed
3490 703 3661 758 multa
3694 705 3854 759 millia

2261 788 2582 858 producam,
2615 800 2669 844 et
2693 798 2859 845 totam
2884 790 2939 845 in
2974 790 3343 847 testimonium
3377 794 3595 850 virtutis
3622 806 3856 867 expertae

2260 883 2538 939 Senonum
2565 885 2844 941 advocabo
2866 886 3168 955 regionem.
3198 887 3265 942 Et
3287 896 3467 944 tamen
3489 899 3571 958 ttt,
3589 890 3855 963 Refrigeri

2259 980 2565 1049 presbyter,
2597 980 2785 1045 credo,
2817 981 3136 1050 meministi,
3172 999 3344 1051 nuper
3371 986 3527 1040 nobis
3558 1001 3729 1055 super
3760 987 3858 1044 hoc

2259 1086 2381 1127 cum
2429 1073 2661 1128 Romulo
2705 1072 2948 1144 Auspicii
2990 1075 3136 1130 illius
3183 1076 3317 1143 tilio,
3348 1076 3619 1134 honorato
3651 1088 3709 1135 et
3738 1081 3861 1136 reli-

2258 1164 2412 1235 gioso
2427 1166 2565 1233 viro,
2592 1167 2759 1223 fuisse
2775 1182 3117 1235 sermonem;
3144 1171 3235 1240 qui
3262 1170 3379 1227 btee
3402 1173 3563 1228 nobis
3586 1184 3855 1244 tamquam

2262 1259 2602 1332 incomperta
2652 1262 2947 1329 referebat,
2981 1272 3037 1317 et
3077 1278 3202 1319 cum
3250 1264 3449 1321 futuris
3499 1269 3852 1337 proventibus

2264 1369 2361 1424 per
2387 1354 2601 1409 assidua
2631 1356 2825 1411 damna
2854 1358 3171 1428 trepidaret,
3198 1368 3252 1414 ttt
3283 1360 3398 1430 ipse
3423 1361 3635 1429 vidisti,
3665 1378 3857 1435 magno

2261 1460 2444 1501 secum
2475 1462 2710 1504 maerore
2739 1448 2981 1518 lugebat,
3014 1450 3301 1507 Martinum
3339 1468 3447 1508 non
3484 1454 3537 1510 in
3575 1455 3693 1511 haec
3723 1466 3856 1512 temo

2262 1556 2392 1611 pora
2424 1552 2786 1599 reservatum.

2334 1634 2469 1690 Vlll.
2510 1637 2617 1693 Sed
2667 1647 2727 1692 ut
2772 1638 2840 1694 ad
2888 1639 3199 1696 Avitianum
3243 1657 3523 1699 recurram
3569 1645 3686 1718 (qui
3738 1662 3854 1704 cum

2264 1728 2315 1783 in
2367 1728 2623 1784 omnibus
2670 1730 2805 1786 locis
2858 1734 3174 1804 cunctisque
3222 1735 3449 1792 urbibus
3499 1736 3693 1793 ederet
3740 1755 3855 1795 eru-

550 1814 760 1884 Aprum
795 1814 991 1871 fecisse
1022 1827 1356 1885 constanter,
1388 1818 1479 1887 qui
1524 1820 1723 1891 repulit
1756 1820 2028 1889 infideles,
2058 1836 2155 1878 eos
2184 1820 2233 1879 B
2258 1821 2494 1877 delitatis
2532 1837 2649 1877 sua:
2690 1823 2905 1880 infanda
2955 1836 3327 1894 monumenta,
3368 1830 3602 1886 Turonis
3651 1842 3852 1889 tantum

552 1914 760 1960 tantum
785 1906 1037 1974 judicans
1067 1908 1256 1964 audire
1286 1908 1511 1976 debere,
1540 1913 1629 1981 qui
1663 1911 1975 1967 crederent.

632 1998 716 2054 VI.
764 1999 974 2057 Efferor
1004 2001 1271 2072 siquidem
1299 2002 1556 2074 (credite)
1585 2004 1800 2072 spiritu,
1832 2013 1886 2061 et
1915 2021 2025 2075 pra:
2052 2006 2153 2061 do-

550 2097 671 2152 lore
707 2104 851 2151 totus
885 2096 1097 2150 insanio
1127 2114 1139 2150 :
1169 2111 1278 2151 non
1324 2097 1558 2153 credunt
1603 2099 1822 2154 Martini
1863 2100 2152 2155 virtutibus

551 2187 871 2253 Christiani,
899 2203 1034 2257 quas
1057 2189 1336 2243 daemones
1368 2188 1711 2244 fatebantur!
1760 2192 2147 2247 Monasterium

550 2282 696 2337 beati
721 2281 819 2336 viri
845 2282 1055 2337 duobus
1076 2296 1104 2336 a
1128 2282 1350 2338 civitate
1378 2292 1501 2338 erat
1526 2283 1764 2339 millibus
1784 2284 2149 2355 disparatum:

548 2375 649 2431 sed
690 2376 734 2430 si
772 2376 986 2446 quoties
1028 2386 1291 2431 venturus
1327 2378 1393 2430 ad
1431 2377 1718 2433 ecclesiam
1760 2380 1953 2450 pedem
1995 2389 2151 2437 extra

548 2470 763 2525 cellulae
786 2485 898 2524 sua:
923 2469 1087 2524 limen
1113 2472 1405 2535 extulerat,
1429 2472 1648 2528 videres
1668 2488 1766 2543 per
1789 2483 1954 2530 totam
1977 2476 2155 2531 eccle-

549 2566 686 2618 siam
725 2578 1126 2633 energumenos
1164 2564 1467 2635 rugientes,
1520 2576 1573 2621 et
1622 2567 1777 2637 quasi
1827 2567 2154 2626 adveniente

546 2656 731 2726 judice
780 2658 996 2726 agmina
1038 2657 1343 2712 damnanda
1394 2659 1697 2730 trepidare,
1751 2671 1811 2715 ut
1856 2662 2151 2719 adventum

551 2746 792 2815 episc0pi
833 2746 1074 2815 clericis,
1105 2748 1197 2818 qui
1228 2757 1517 2804 venturum
1556 2765 1677 2806 esse
1715 2754 2010 2819 nescirent,
2043 2754 2153 2811 dre-

549 2839 857 2893 moniorum
888 2840 1120 2909 gemitus
1148 2841 1431 2897 indicaret.
1468 2843 1587 2897 Vidi
1609 2846 1921 2915 quemdam,
1948 2862 2151 2918 appro-

548 2932 737 3003 piante
763 2932 1015 2999 Martino,
1045 2934 1097 2988 in
1131 2950 1258 2989 aera
1290 2944 1505 3006 raptum
1546 2939 1798 2994 manibus
1823 2942 2067 2997 extensis
2099 2943 2150 2997 in

551 3026 789 3082 sublime
820 3026 1103 3096 suspendi,
1138 3036 1195 3081 ut
1226 3044 1566 3100 nequaquam
1600 3032 1778 3087 solum
1811 3034 2047 3104 pedibus
2072 3046 2153 3089 at-

546 3119 804 3191 tingeret.
840 3119 895 3173 Si
929 3121 1145 3189 quando
1186 3130 1363 3177 autem
1408 3126 1901 3181 exoreizandorum
1952 3128 2152 3183 datmo-

2256 1920 2518 1973 innocens
2547 1927 2707 1974 erat:
2743 1929 2796 1974 et
2826 1921 2915 1976 illa
2944 1922 3115 1979 bestia
3154 1941 3275 1995 qua:
3320 1925 3557 1982 ltumano
3596 1932 3855 2001 sanguine

2254 2019 2306 2066 et
2360 2010 2655 2068 infelicium
2705 2015 2972 2070 mortibus
3021 2016 3299 2084 alebatur,
3352 2019 3536 2075 mitem
3587 2037 3649 2078 se
3699 2033 3855 2092 atque

2256 2104 2609 2174 tranquillum
2665 2106 2831 2161 beato
2883 2108 3001 2163 viro
3060 2121 3332 2180 prasente
3362 2114 3711 2185 prresmbat),
3744 2133 3854 2173 me-

2256 2198 2390 2253 mini
2434 2199 2674 2271 quodam
2706 2201 2794 2257 die
2824 2202 2891 2258 ad
2936 2219 3060 2260 eum
3103 2207 3320 2263 venisse
3367 2208 3709 2267 Martinum:
3766 2214 3851 2285 qui

2258 2294 2348 2350 ubi
2380 2296 2735 2351 secretarium
2761 2298 2879 2366 ejus
2901 2298 3181 2367 ingressus
3206 2310 3311 2365 est,
3339 2302 3478 2357 vidit
3502 2316 3622 2373 post
3644 2315 3848 2376 tergum

2257 2388 2429 2459 ipsius
2485 2389 2791 2446 daemonem
2840 2392 2993 2447 mirae
3043 2394 3438 2464 magnitudinis
3494 2398 3847 2453 assidentem.

2255 2480 2428 2549 Quem
2447 2483 2665 2538 eminus
2685 2483 2769 2554 (ut
2796 2485 2988 2553 verbo,
3015 2488 3140 2557 quia
3172 2488 3243 2542 ita
3273 2504 3501 2545 necesse
3533 2501 3641 2557 est,
3668 2508 3848 2563 parum

2256 2576 2449 2632 Latino
2482 2577 2793 2649 loquamur)
2822 2582 3154 2649 exsufflans;
3181 2582 3467 2641 Avitianus
3489 2601 3549 2641 se
3576 2587 3849 2643 exsufflari

2256 2671 2600 2737 existimans,
2652 2672 2793 2742 Quid
2826 2690 2933 2742 me,
2981 2678 3179 2748 inquit,
3212 2678 3432 2743 Sancte,
3494 2680 3576 2735 sic
3606 2683 3851 2751 accipis?

2256 2764 2393 2819 Tum
2426 2765 2716 2833 Martinus,
2744 2766 2857 2822 Non
2887 2778 2959 2832 te,
2991 2754 3190 2840 inquit,
3225 2772 3320 2827 sed
3344 2789 3467 2828 eum
3515 2776 3605 2844 qui
3656 2778 3852 2831 cervici

2257 2869 2363 2915 tua:
2412 2870 2551 2915 teter
2597 2862 2883 2917 incumbit.
2916 2862 3100 2919 Cessit
3137 2865 3411 2933 diabolus,
3454 2876 3506 2923 et
3529 2869 3751 2940 reliquit
3782 2869 3853 2924 fa-

2256 2954 2470 3009 miliare
2516 2955 2842 3011 subsellium
2897 2974 2910 3009 :
2955 2959 3198 3030 satisque
3240 2968 3487 3027 constat,
3532 2962 3604 3016 ab
3638 2963 3731 3018 illo
3771 2963 3852 3019 die

2254 3046 2563 3101 Avitianum
2607 3049 2880 3105 mitiorem
2938 3049 3129 3116 fuisse,
3182 3067 3276 3107 seu
3330 3052 3477 3122 quod
3522 3055 3852 3111 intellexerit

2257 3140 2435 3211 egisse
2465 3156 2525 3197 se
2554 3157 2771 3213 semper
2793 3143 3088 3199 assidentis
3119 3144 3223 3199 sibi
3256 3146 3459 3201 diaboli
3493 3147 3850 3215 voluntatem,

548 3228 678 3267 num
709 3213 967 3268 Marlillus
988 3228 1212 3281 Operam
1242 3218 1565 3286 Υθοευίεδθιν
1601 3218 1876 3275 neminem
1904 3222 2154 3277 manibus
2183 3212 2228 3275 (ἶ
2260 3252 2356 3291 seu
2388 3236 2532 3307 quod
2565 3236 2880 3293 immundus
2906 3240 3130 3309 spiritus
3161 3241 3228 3295 ab
3275 3240 3421 3295 illius
3465 3256 3732 3298 consessu
3763 3258 3852 3314 per

547 3304 895 3371 attrectabat,
928 3306 1203 3362 neminem
1247 3309 1594 3364 sermonibus
1634 3310 1972 3380 increpabat,
2013 3312 2152 3368 sicut

547 3399 880 3470 plerumque
907 3416 1004 3470 per
1031 3402 1261 3457 clericos
1286 3410 1497 3459 rotatur
1528 3405 1684 3461 turbo
1711 3407 2033 3471 verborum;
2055 3406 2151 3462 sed

548 3494 786 3548 admotis
817 3497 1200 3565 energumettis
1226 3509 1460 3553 caeteros
1487 3499 1718 3568 jubebat
1742 3501 2058 3565 abscedere,
2088 3517 2152 3556 ac

549 3588 756 3643 foribus
787 3588 1059 3645 obseratis
1088 3590 1141 3645 in
1173 3592 1354 3647 medio
1401 3594 1651 3647 ecclesim
1691 3594 1872 3649 cilicio
1919 3596 2151 3651 circum.

549 3690 751 3749 tectus,
783 3682 971 3739 cinere
1002 3699 1308 3755 respersus,
1342 3685 1462 3740 solo
1507 3693 1711 3740 stratus
1743 3690 1967 3745 orabat.
2015 3692 2148 3750 Tum

549 3789 684 3829 vero
709 3789 963 3831 cerneres
989 3778 1221 3834 miseros
1250 3779 1468 3835 diverso
1503 3780 1648 3834 exitu
1691 3787 1973 3851 perurgeri
2000 3804 2014 3841 :
2052 3789 2151 3847 hos

548 3867 782 3924 sublatis
808 3870 860 3923 in
889 3870 1121 3927 sublime
1154 3871 1381 3940 pedibus
1412 3873 1565 3943 quasi
1602 3874 1670 3928 de
1704 3875 1847 3929 nube
1884 3879 2147 3951 pendere,

547 3978 649 4018 nec
673 3972 853 4019 tamen
882 3975 1063 4022 vestes
1087 3966 1329 4023 defluere
1352 3968 1402 4022 in
1430 3966 1642 4033 faciem,
1674 3985 1741 4025 ne
1764 3969 1968 4027 faceret
1993 3991 2150 4034 vere-

549 4056 800 4111 cundiam
827 4059 1025 4114 nudata
1054 4075 1182 4130 pars
1209 4076 1498 4129 corporum
1527 4078 1539 4115 :
1574 4071 1629 4114 at
1666 4063 1717 4116 in
1748 4075 1902 4133 parte
1929 4067 2035 4124 alia
2067 4071 2145 4125 vi-

548 4148 709 4205 deres
762 4151 881 4208 sine
930 4154 1361 4225 interrogatione
1414 4166 1642 4211 vexatos
1685 4168 1739 4214 et
1780 4175 1876 4217 sua
1918 4163 2149 4221 crimina

547 4245 894 4302 confitentes.
928 4246 1157 4302 Nomina
1183 4250 1343 4303 etiam
1372 4248 1519 4303 nullo
1550 4250 1921 4325 interrogante
1951 4259 2153 4328 prode-

545 4337 681 4392 bant
724 4357 738 4393 :
792 4339 887 4395 ille
934 4355 994 4395 se
1047 4339 1268 4406 Jovem,
1325 4340 1427 4396 iste
1478 4341 1803 4402 Mercurium
1856 4348 2148 4409 fatebatur.

543 4428 833 4488 Postremo
863 4442 1090 4488 cunctos
1120 4433 1321 4487 diaboli
1354 4435 1635 4493 ministros
1662 4455 1786 4495 eum
1812 4443 1929 4513 ipso
1952 4461 2149 4504 cerne-

542 4537 638 4579 res
673 4535 894 4581 auctore
924 4524 1187 4589 cruciari;
1223 4533 1281 4579 ut
1300 4525 1412 4595 jam
1448 4528 1499 4582 in
1542 4516 1771 4588 Martino
1803 4535 1935 4592 illud
1983 4539 2149 4595 fatea-

543 4630 669 4670 mur
700 4617 983 4687 impletum
1016 4616 1163 4687 quod
1201 4618 1461 4690 scriptum
1506 4630 1589 4677 est
1614 4640 1629 4677 :
1652 4623 1922 4691 Quoniam
1971 4634 2147 4688 saneti
2176 4605 2225 4664 D

544 4711 614 4768 de
642 4716 849 4785 angelis
875 4714 1217 4785 iudicabunt.

614 4806 729 4863 VII.
773 4808 976 4879 Pagum
1019 4809 1312 4879 quemdam
1342 4814 1394 4865 in
1428 4811 1705 4869 Senonico
1730 4815 1888 4872 annis
1914 4818 2144 4890 singulis

541 4901 751 4971 grando
781 4900 1055 4956 vastabat.
1088 4902 1364 4973 Compulsi
1411 4907 1674 4961 extremis
1704 4909 1862 4965 malis
1894 4911 2086 4969 incola:
2113 4930 2141 4968 a

539 4992 776 5047 Martino
802 4991 1062 5047 auxilium
1101 5007 1485 5065 poposcerunt,
1518 4999 1677 5053 missa
1705 5016 1801 5071 per
1824 5003 2142 5075 Auspicium

539 5084 947 5157 praefectorium
975 5086 1147 5142 virum
1177 5088 1313 5143 satis
1342 5090 1447 5145 fida
1480 5092 1770 5162 legatione,
1801 5098 1955 5168 cujus
1983 5116 2142 5173 agros

537 5179 852 5247 specialiter
880 5180 1098 5248 gravior
1134 5197 1295 5251 quam
1320 5195 1645 5243 caelerorum
1673 5205 1988 5249 assueverat
2017 5211 2141 5266 pro-

539 5268 677 5324 cella
717 5269 985 5338 popularl.
1032 5271 1137 5328 Sed
1170 5274 1313 5331 facta
1348 5278 1422 5333 ibi
1470 5283 1717 5339 oratione
1760 5283 2022 5342 Martinus
2069 5289 2139 5345 ita

537 5362 846 5419 universam
872 5365 1086 5434 penitus
1114 5369 1363 5428 liberavit
1384 5376 1452 5432 ab
1480 5376 1752 5449 ingruenti
1789 5391 1940 5452 peste
1968 5385 2141 5456 regio-

537 5470 685 5521 nem,
718 5465 774 5511 ut
804 5473 900 5527 per
940 5461 1133 5531 viginti
1180 5480 1375 5534 annos,
1405 5471 1602 5539 quibus
1630 5482 1819 5545 postea
1852 5479 2053 5534 mansit
2083 5479 2138 5535 in

534 5560 789 5616 corpore,
821 5552 1145 5621 grandinem
1187 5556 1242 5612 in
1289 5560 1396 5616 illis
1442 5562 1575 5618 locis
1622 5582 1782 5622 nemo
1832 5570 2136 5638 pertulerit.

534 5638 691 5707 Quod
716 5657 784 5699 ne
806 5642 1083 5705 fortuitum
1108 5666 1229 5708 esse
1251 5663 1306 5709 et
1333 5670 1437 5710 non
1460 5659 1643 5728 potius
1668 5660 1897 5716 Martino
1925 5664 2138 5733 praesti-

533 5744 646 5792 tum
681 5750 1080 5811 putaretur,co
1107 5762 1249 5809 anno
1278 5764 1386 5819 quo
1408 5752 1501 5807 ille
1526 5751 1812 5808 defunctus
1834 5764 1920 5809 est
1947 5771 2135 5813 rursus

532 5826 776 5890 incubuit
807 5834 1042 5893 rediviva
1069 5849 1404 5910 tempestas:
1438 5842 1578 5899 adeo
1613 5846 1783 5900 sensit
1816 5855 1871 5900 et
1902 5847 2133 5904 mundus

2253 3329 2543 3384 Martinum
2576 3328 2817 3400 fugattts,
2846 3331 3092 3401 privatus
3122 3342 3206 3387 est
3241 3344 3516 3404 potestate
3546 3336 3848 3405 grassandi.

2253 3438 2375 3478 cum
2402 3424 2758 3479 erubesceret
2800 3426 3048 3482 minister
3069 3436 3375 3494 auctorem,
3407 3444 3508 3485 uec
3540 3431 3849 3487 ministrum

2253 3525 2445 3570 auctor
2476 3528 2716 3586 urgeret.
2756 3517 2815 3573 In
2857 3520 2980 3575 vico
3003 3532 3186 3576 autem
3238 3523 3605 3592 Ambatiensi,
3662 3525 3716 3581 id
3746 3535 3849 3593 est,

2253 3608 2481 3663 castello
2523 3608 2618 3663 illo
2650 3612 2824 3667 veteri
2857 3613 2999 3682 quod
3046 3630 3186 3670 nunc
3229 3615 3487 3688 frequens
3522 3619 3797 3676 habitatur
3820 3635 3848 3675 a

2253 3703 2537 3773 fratribus,
2574 3705 2803 3762 idolium
2832 3711 3111 3766 noveratis
3138 3712 3328 3782 grandi
3368 3728 3539 3784 opere
3568 3726 3849 3772 construc-

2254 3806 2388 3852 tum.
2410 3797 2757 3855 Politissitnis
2785 3804 2933 3858 saxis
2957 3804 3129 3860 moles
3150 3807 3342 3860 turrita
3366 3821 3709 3875 surrexerat,
3732 3825 3847 3877 qum

2254 3891 2307 3947 in
2358 3907 2559 3948 conum
2608 3894 2843 3951 sublime
2892 3899 3199 3967 procedens
3244 3904 3697 3972 superstitionem
3751 3906 3846 3959 loci

2254 3985 2436 4055 operis
2460 3986 2730 4056 dignitate
2758 3990 3031 4046 servabat.
3062 3993 3231 4063 llujus
3252 3996 3689 4053 destructionem
3718 3998 3848 4053 Mar-

2253 4079 2429 4146 cello,
2490 4080 2692 4137 ibidem
2739 4085 3063 4141 eonsistenti
3118 4088 3482 4160 presbytero,
3536 4091 3622 4145 vir
3658 4092 3847 4147 beatus

2254 4186 2403 4241 saepe
2426 4173 2798 4230 mandaverat.
2826 4176 2950 4232 Post
2973 4178 3306 4249 aliquantum
3333 4189 3547 4251 tempus
3573 4198 3846 4254 regressus

2253 4264 2504 4337 increpat
2538 4270 2916 4342 presbyterum
2946 4313 2961 4338 ,
3011 4288 3106 4327 cur
3154 4273 3329 4327 adhuc
3378 4274 3529 4330 idolii
3577 4286 3845 4333 structura

2254 4362 2605 4419 consisteret.
2656 4365 2752 4420 llle
2792 4376 3081 4433 causatus,
3112 4367 3201 4422 vix
3255 4369 3481 4424 militari
3529 4387 3693 4428 manu
3720 4382 3774 4428 et
3799 4373 3842 4427 vi

2254 4454 2486 4523 publicae
2517 4457 2881 4514 multitudinis
2914 4466 3120 4514 tantam
3154 4460 3353 4515 molem
3389 4476 3551 4531 posse
3581 4464 3842 4529 subverti,

2256 4548 2453 4602 nedum
2504 4550 2555 4604 id
2594 4550 2756 4606 facile
2786 4562 3005 4621 putaret
3038 4568 3133 4623 per
3164 4552 3468 4610 imbecilles
3498 4555 3733 4612 clericos
3761 4566 3845 4612 aut

2253 4644 2498 4699 infirmos
2548 4646 2850 4703 monachos
2878 4648 3129 4718 quivisse
3155 4649 3357 4703 curari.
3405 4648 3543 4704 Tum
3588 4651 3845 4706 Martinus

2252 4748 2544 4789 recurrens
2574 4735 2640 4791 ad
2682 4745 2809 4793 nota
2855 4738 3126 4805 subsidia,
3157 4748 3375 4796 noctem
3414 4750 3581 4797 totam
3628 4745 3680 4799 in
3727 4760 3845 4799 ora-

2249 4827 2401 4884 tione
2448 4832 2777 4904 pervigilat:
2813 4849 2971 4888 mane
3012 4843 3129 4889 orta
3179 4844 3480 4901 tempeSIas
3510 4837 3686 4894 aedem
3724 4838 3845 4894 idoli

2247 4939 2423 4995 usque
2452 4924 2519 4980 ad
2554 4926 2964 4983 fundamentum
3001 4929 3296 4999 provolvit.
3321 4931 3523 4988 Verum
3557 4933 3678 4991 haec
3709 4935 3845 4990 Mar-

2245 5017 2390 5073 cello
2419 5028 2558 5074 teste
2580 5019 2725 5073 dicta
2749 5020 2878 5073 sint.

2318 5109 2408 5165 IX.
2452 5110 2626 5167 Aliam
2676 5114 2794 5181 ejus
2834 5129 2945 5167 non
2992 5113 3313 5173 dissimilem
3364 5120 3417 5174 in
3468 5113 3637 5178 simili
3685 5138 3846 5195 opere

2245 5206 2501 5258 virtutem
2554 5204 2861 5275 Refrigerio
2916 5207 3245 5277 astipulante
3294 5211 3578 5282 perltibeo.
3627 5214 3843 5272 Colum-

2244 5313 2370 5353 nam
2425 5299 2705 5354 immensae
2748 5299 2929 5365 molis,
2963 5300 3048 5354 cui
3098 5302 3302 5359 idolum
3345 5310 3716 5377 superstabat,
3750 5326 3843 5381 pa-

2245 5390 2402 5446 rabat
2429 5400 2675 5448 evertere
2702 5411 2715 5446 :
2746 5392 2841 5447 sed
2872 5392 3020 5447 nulla
3051 5405 3171 5451 erat
3203 5400 3432 5457 facultas
3461 5420 3565 5472 qua
3596 5405 3649 5460 id
3689 5406 3845 5463 dare-

2244 5491 2336 5537 tur
2362 5483 2618 5549 effectui;
2668 5492 2780 5537 tum
2824 5484 2889 5538 ad
2921 5487 3230 5543 orationem
3262 5506 3362 5547 suo
3392 5508 3547 5551 more
3574 5498 3845 5553 converti-

2243 5583 2351 5631 tur.
2378 5574 2561 5629 Visam
2584 5586 2790 5630 certum
2823 5588 2909 5632 est
2936 5580 3162 5648 parilem
3200 5587 3607 5655 quodammodo
3636 5594 3841 5648 colum.

2241 5683 2365 5722 natn
2399 5683 2559 5722 ruere
2581 5668 2649 5724 de
2674 5670 2838 5738 caalo,
2870 5688 2990 5739 qua:
3020 5675 3252 5743 impacta
3318 5680 3466 5735 idolo
3499 5692 3665 5739 lotam
3700 5687 3839 5742 illam

2238 5760 2714 5829 inexpugnabilem
2759 5765 2957 5820 molem
3010 5768 3172 5829 solvit
3203 5773 3256 5826 in
3305 5773 3588 5844 pulverem
3618 5794 3631 5831 :
3658 5794 3837 5850 parum

2240 5855 2470 5925 scilicet,
2502 5856 2546 5913 si
2578 5856 2922 5917 invisibiliter
2952 5862 3074 5921 εωιί
3107 5864 3399 5925 virtutibus
3430 5868 3701 5941 uteretur,
3738 5874 3835 5930 nisi
