4056 6340
181 259 308 344 an

1661 277 2006 338 DIALOGUS
2043 281 2135 340 Ili.

3437 291 3546 347 218

203 403 332 474 ipsa:
373 399 624 457 virtutes
677 400 965 456 visibiliter
1012 398 1224 456 servire
1278 396 1512 453 Martiae
1568 395 1824 452 humanis
1850 391 2052 463 Arat,
2100 397 2352 456 tribunos
2391 412 2610 455 summa
2643 408 2917 470 potestate
2959 411 3201 458 armatos
3237 403 3305 458 ad
3349 402 3551 475 Hispa-

200 497 361 553 etiam
409 495 597 549 oculis
647 502 1028 551 cernerentur.
1080 492 1229 548 Idem
1273 502 1456 546 autem
1489 489 1825 560 Refrigerius

202 591 330 646 mihi
361 590 522 644 testis
573 599 670 644 est
692 630 708 656 ,
738 589 1021 645 mulierem
1054 585 1320 658 profluvio
1364 585 1646 655 sanguinis
1677 583 1827 639 labo-

202 692 438 748 rantem,
472 697 606 738 cum
640 681 861 738 Martini
888 691 1092 738 vestem
1123 678 1383 749 exemplo
1411 676 1656 731 mulieris
1678 675 1827 730 illius

203 776 552 846 Evangeliczc
570 777 924 848 contigisset,
949 776 1049 833 sub
1066 783 1346 830 momento
1370 771 1634 842 temporis
1661 769 1828 825 fuisse

201 881 466 929 sanatam.
503 871 762 941 Serpens
811 871 1010 925 ﬂumen
1049 868 1289 932 secabat,
1335 873 1396 921 et
1439 866 1571 935 ripa:
1620 864 1675 919 in
1721 879 1826 934 qua

201 967 676 1028 constiteramus,
712 962 1042 1017 adnatabat:
1077 961 1134 1015 in
1185 959 1406 1015 nomine
1429 1000 1443 1024 ,
1473 957 1683 1024 inquit,
1715 955 1825 1010 Do-

203 1055 329 1112 mini
349 1056 528 1124 jubeo
565 1065 623 1110 te
656 1054 864 1111 redire.
893 1054 1009 1109 Mox
1036 1069 1094 1109 se
1125 1053 1268 1108 mala
1297 1050 1474 1108 bestia
1505 1049 1573 1105 ad
1600 1049 1824 1104 \erhum

202 1150 384 1210 Sancti
403 1151 670 1218 retorsit,
697 1159 754 1206 et
775 1151 827 1206 in
857 1149 1173 1206 ulteriorem
1205 1147 1380 1218 ripam
1411 1144 1570 1202 nobis
1599 1159 1826 1212 eXSpec—

200 1248 436 1303 tantibus
464 1247 866 1302 transmeavit.
888 1244 1042 1312 Quod
1069 1259 1191 1299 cum
1222 1257 1414 1298 omnes
1436 1256 1542 1296 non
1566 1240 1688 1296 sine
1717 1240 1824 1293 mi-

198 1342 380 1398 raculo
407 1356 790 1397 cerueremus
810 1384 824 1406 ,
855 1341 1017 1396 altius
1049 1337 1417 1408 ingemiscens
1446 1337 1552 1403 ait,
1587 1335 1825 1406 Serpen-

199 1445 280 1494 tes
309 1453 400 1493 me
433 1437 708 1505 audiunt,
735 1447 788 1492 et
816 1437 1068 1492 homines
1095 1451 1203 1490 non
1227 1433 1478 1489 audiunt.

267 1530 332 1586 Χ.
377 1530 605 1587 Piscem
633 1531 864 1587 Pascha:
889 1529 1086 1586 diebus
1114 1528 1280 1584 edere
1304 1537 1624 1593 consuetus,
1658 1525 1824 1597 paulo

196 1632 318 1680 ante
346 1623 551 1680 horam
585 1623 915 1680 refectionis
947 1623 1290 1692 interrogat,
1340 1637 1408 1676 an
1443 1620 1738 1677 haberetur
1769 1620 1821 1674 in

197 1727 475 1788 promptu.
507 1717 658 1772 Tum
704 1717 839 1772 Cato
868 1715 1130 1771 diaconus
1154 1756 1168 1778 ,
1201 1712 1266 1768 ad
1308 1728 1469 1784 quem
1505 1711 1821 1768 monasterii

1931 491 2054 546 nias
2082 492 2324 559 mittere,
2348 494 2442 564 qui
2467 493 2759 551 haereticos
2781 495 3120 567 inquirerent
3149 516 3164 552 :
3187 497 3550 568 deprehensis

1933 583 2096 638 vitam
2129 593 2186 640 et
2215 585 2360 640 bona
2407 587 2742 644 adimerent.
2793 589 2904 644 Nec
2950 590 3174 646 dubium
3221 599 3381 658 erat,
3415 592 3546 662 quin

1930 689 2248 733 sanctorum
2294 680 2461 734 etiam
2508 683 2799 737 maximam
2849 683 3061 739 turbam
3109 692 3406 754 tempestas
3444 684 3548 740 ista

1930 772 2264 844 depopulata
2315 786 2490 844 esset,
2523 793 2698 847 parvo
2729 777 3050 835 discrimine
3081 781 3228 835 inter
3257 779 3545 836 hominum

1930 882 2166 938 genera;
2199 870 2408 924 etenim
2441 879 2554 925 tum
2602 871 2738 927 solis
2765 874 2942 928 oculis
2982 873 3332 944 indicabatur
3353 914 3370 940 ,
3418 889 3545 930 cum

1929 961 2051 1030 quis
2079 960 2294 1030 pallore
2323 963 2508 1033 potius
2533 973 2631 1019 aut
2678 977 2831 1021 veste
2853 1007 2869 1033 ,
2911 981 3076 1038 quam
3111 966 3216 1022 fide
3249 966 3545 1023 luereticus

1929 1053 2322 1109 aestimaretur.
2381 1054 2512 1110 [late
2569 1072 2912 1128 nequaquam
2975 1058 3240 1128 placitura
3309 1057 3544 1113 Martino

1927 1144 2176 1216 episcopi
2207 1146 2560 1203 sentiebant:
2594 1150 2691 1205 sed
2720 1151 2863 1206 male
2893 1151 3128 1208 consciis
3161 1152 3250 1207 illa
3284 1153 3368 1208 vel
3415 1169 3540 1209 mo-

1929 1239 2221 1294 lestissima
2248 1252 2368 1297 erat
2408 1258 2566 1309 cura,
2609 1260 2678 1299 ne
2724 1260 2783 1300 se
2808 1245 2898 1307 .ab
2927 1261 3119 1303 eorum
3149 1249 3541 1305 communione

1928 1333 2232 1399 adveniens
2261 1335 2607 1406 abstineret,
2657 1355 2766 1394 non
2807 1339 3077 1398 defuturis
3120 1344 3208 1413 qui
3259 1344 3392 1398 tanti
3437 1344 3538 1400 viri
3606 1353 3616 1362 ‘

1927 1427 2299 1483 censtantiam
2385 1430 2671 1498 prtemissa
2749 1434 3078 1489 auctoritate
3146 1443 3537 1504 sequerentur.

1928 1521 2126 1575 ineunt
2152 1537 2277 1577 cum
2311 1523 2642 1593 imperatore
2670 1506 2984 1591 consilium,
3017 1534 3076 1581 ut
3100 1526 3285 1583 missis
3317 1527 3533 1583 obviam

1926 1613 2171 1684 Magistri
2205 1614 2549 1672 ofﬁcialibus
2579 1616 2774 1673 urbem
2818 1617 2966 1673 illam
3000 1620 3227 1690 propius
3254 1630 3538 1676 vetaretur

1925 1706 2214 1773 accedere,
2246 1708 2350 1764 nisi
2381 1724 2442 1765 se
2479 1725 2606 1764 cum
2654 1726 2790 1780 pace
2817 1712 3206 1783 episcoporum
3248 1713 3324 1768 ibi
3352 1715 3537 1770 consi-

196 1810 616 1866 administratio
661 1809 994 1881 pertinebat,
1027 1810 1220 1864 doctus
1253 1808 1371 1877 ipse
1399 1807 1617 1877 piscari,
1658 1817 1817 1876 negat
1849 1795 1898 1856 B
1925 1802 2185 1857 stentium
2216 1801 2409 1860 adfore
2454 1804 2739 1860 fateretur.
2771 1807 2924 1876 Quos
2954 1807 3044 1863 ille
3069 1809 3272 1864 callide
3305 1808 3539 1866 frustra-

196 1921 291 1976 per
318 1914 503 1960 totum
531 1905 692 1961 diem
739 1904 842 1958 sibi
876 1904 1039 1959 ullam
1082 1901 1315 1958 cessisse
1356 1910 1676 1970 capturam;
1723 1900 1819 1956 sed

197 2015 369 2070 neque
400 2000 551 2055 aiios
608 1998 940 2068 piscatores,
973 1999 1066 2068 qui
1101 1996 1339 2052 vendere
1371 1997 1642 2062 solebant,
1665 1993 1820 2066 quid-

198 2107 352 2163 quam
399 2106 574 2162 agere
625 2091 894 2162 quivisse.
948 2089 1135 2154 Vade,
1184 2089 1398 2158 inquit,
1452 2088 1609 2142 mitte
1648 2087 1818 2140 linum

198 2193 343 2239 tuum
371 2201 386 2238 :
417 2192 663 2254 captura
697 2183 1005 2254 proveniet.
1037 2180 1303 2252 Contigua
1338 2180 1570 2246 flumini,
1612 2189 1671 2234 ut
1697 2179 1822 2235 Sul—

197 2276 362 2349 picins
406 2278 516 2333 iste
549 2277 893 2347 descripsit,
943 2275 1280 2331 habebamus
1313 2274 1658 2328 habitacula:
1693 2287 1823 2343 pro-

197 2374 466 2429 cessimus
495 2374 718 2435 cuucti.
768 2381 956 2442 utpote
991 2370 1199 2425 feriatis
1233 2369 1427 2425 diebus
1449 2410 1462 2431 ,
1492 2367 1682 2424 videre
1709 2367 1822 2438 pis-

199 2474 450 2536 cantem,
507 2465 772 2521 omnium
822 2464 1028 2534 spebus
1075 2464 1334 2527 intentis,
1385 2478 1490 2517 non
1544 2463 1817 2516 incassum

200 2561 375 2616 futura
420 2561 746 2617 tentamina
775 2601 790 2626 ,
839 2559 1040 2630 quibus
1089 2560 1256 2629 piscis
1312 2558 1544 2612 Martino
1595 2566 1820 2612 auctore

199 2654 410 2710 Martini
465 2654 673 2710 usibus
727 2665 1088 2726 quaereretur.
1120 2653 1202 2708 Ad
1252 2654 1480 2721 primum
1525 2652 1730 2721 jactuni
1765 2652 1817 2706 in

200 2762 310 2808 rete
334 2752 666 2822 permodico
702 2752 996 2804 immanem
1019 2763 1236 2804 esocem
1263 2747 1533 2801 diaconus
1561 2746 1816 2811 extraxit,

202 2854 255 2902 et
300 2845 367 2900 ad
411 2844 826 2900 monasterium
877 2844 1035 2897 laetus
1086 2855 1410 2904 accurrens,
1458 2840 1710 2894 nimirum
1763 2847 1821 2894 ut

203 2943 332 3000 dixit
362 2955 523 3014 poeta
549 2942 756 2998 nescio
777 2941 898 3011 quis
921 2940 940 3000 ί
949 2940 1152 2994 utimur
1179 2938 1323 2993 enim
1354 2951 1513 2992 versu
1536 2934 1821 2991 scholasti-

203 3050 284 3104 co,
315 3039 440 3108 quia
466 3037 620 3092 inter
650 3033 1015 3089 scholasticos
1039 3031 1366 3101 fabulantur)
1399 3047 1412 3084 :

350 3173 724 3236 Captivumque
745 3183 886 3220 suem
907 3169 1192 3220 mirantibus
1215 3168 1378 3217 iutniit
1397 3169 1565 3228 Argis.

277 3298 438 3364 Vere,
459 3298 572 3353 iste
595 3296 804 3351 Christi
830 3295 1154 3366 discipulus,
1180 3304 1454 3365 gestarum
1482 3311 1508 3346 a
1535 3293 1818 3350 Salvatore

203 3394 505 3458 virtutum,
552 3405 698 3462 quas
747 3389 804 3442 in
851 3388 1166 3458 exemplum
1201 3387 1406 3443 sanetis
1453 3386 1569 3442 suis
1600 3385 1818 3453 edidit,

203 3487 494 3541 aemulator
520 3526 535 3551 ,
569 3483 854 3538 Christum
891 3483 944 3536 in
995 3497 1053 3536 se
1087 3482 1428 3536 monstrabat
1455 3490 1776 3550 operantem
1804 3520 1818 3545 ,

204 3579 292 3649 qui
338 3588 600 3634 sanctum
637 3591 796 3631 suum
841 3590 1225 3646 usquequaque
1257 3574 1568 3644 glorificans
1593 3617 1608 3642 ,
1643 3573 1822 3628 diver-

204 3686 389 3727 sarum
420 3685 658 3727 munera
688 3670 991 3740 gratiarum
1023 3670 1076 3722 in
1123 3684 1289 3722 unum
1335 3667 1610 3722 hominem
1639 3667 1821 3722 confe-

202 3767 376 3822 rebat.
433 3766 702 3821 Testatur
748 3764 1017 3818 Arhorius
1062 3778 1130 3819 ex
1165 3762 1460 3832 praelecto,
1517 3762 1716 3817 vidisse
1760 3776 1820 3817 se

202 3858 425 3916 Martini
455 3874 683 3915 manum
714 3858 1043 3912 sacrificium
1074 3857 1381 3921 offerentis,
1402 3859 1655 3911 vestitam
1684 3870 1818 3924 quo-

203 3952 504 4009 dammodo
537 3950 899 4006 nobilissimis
930 3951 1188 4020 gemmis,
1235 3949 1357 4004 luce
1388 3952 1590 4003 micare
1618 3963 1821 4018 purpu-

202 4061 316 4114 rea,
344 4055 409 4103 et
435 4047 502 4102 ad
535 4055 750 4101 motum
775 4045 982 4100 dextra:
1005 4045 1326 4100 collisarum
1363 4044 1506 4100 inter
1544 4059 1606 4099 se
1637 4045 1817 4114 frago-

203 4159 324 4200 rem
355 4142 578 4199 audisse
609 4156 979 4212 gemmarum.

267 4238 374 4294 XI.
416 4237 655 4293 Veniam
701 4235 769 4290 ad
813 4235 943 4289 illud
984 4234 1130 4306 quod
1182 4242 1406 4305 propter
1453 4243 1632 4288 notam
1686 4241 1821 4287 tem-

204 4349 404 4407 porum
453 4347 680 4403 semper
753 4330 1086 4395 occultavit;
1159 4331 1254 4384 sed
1312 4346 1412 4384 nos
1479 4330 1658 4385 celare
1712 4342 1818 4382 non

205 4429 425 4500 potuit:
459 4429 514 4483 in
551 4442 663 4498 quo
700 4425 831 4480 illud
877 4436 960 4480 cst
994 4425 1265 4494 miraculi,
1298 4426 1440 4496 quod
1472 4425 1605 4481 facie
1643 4424 1710 4480 ad
1742 4425 1820 4478 fa-

205 4526 348 4579 ciem
380 4539 506 4578 cum
539 4536 610 4577 eo
648 4528 733 4575 est
775 4519 1000 4590 angelus
1047 4519 1377 4576 collocutus.
1420 4519 1687 4574 Maximus
1718 4519 1820 4573 im-

1926 1907 2014 1952 tus
2044 1898 2334 1967 profitetur
2360 1939 2375 1964 ,
2417 1913 2478 1952 se
2517 1912 2643 1953 cum
2675 1915 2807 1969 pace
2833 1899 3039 1956 Christi
3067 1916 3190 1958 esse
3220 1911 3532 1958 venturum.

1925 1991 2212 2047 Postremo
2241 1992 2529 2062 ingressus
2564 2002 2846 2050 nocturno
2877 2004 3122 2066 tempore
3145 2037 3162 2062 ,
3197 1995 3336 2051 adiit
3360 1995 3538 2053 eccle-

1923 2087 2058 2141 siam
2081 2095 2291 2139 tantum
2325 2085 2595 2140 orationis
2619 2087 2794 2156 gratia
2823 2106 2837 2142 :
2865 2087 3130 2158 postridie
3153 2088 3415 2160 palatium
3442 2105 3536 2160 pe-

1926 2178 2009 2233 tit.
2042 2179 2247 2234 Praater
2273 2180 2480 2234 multas
2506 2222 2522 2247 ,
2563 2196 2702 2249 quas
2732 2182 2991 2237 evolvere
3037 2183 3252 2253 longum
3284 2194 3402 2250 est,
3436 2186 3534 2241 has

1923 2270 2255 2342 principales
2285 2271 2584 2341 petitiones
2611 2272 2850 2329 habebat
2881 2293 2893 2327 :
2925 2290 3022 2344 pro
3053 2275 3284 2331 Narsete
3305 2279 3526 2343 comite,

1923 2371 1975 2418 et
2021 2363 2299 2419 Leucadio
2332 2365 2570 2434 praeside
2593 2407 2606 2431 ,
2640 2382 2873 2436 quarunt
2919 2368 3083 2426 ambo
3115 2368 3360 2424 Gratiani
3405 2385 3532 2438 par-

1925 2456 2057 2510 tium
2100 2456 2351 2523 fuerant,
2385 2459 2841 2529 pertinacioribus
2887 2462 3083 2516 studiis
3108 2504 3122 2527 ,
3161 2478 3281 2534 qua:
3312 2480 3418 2519 non
3446 2474 3531 2520 est

1923 2547 2084 2618 hujus
2115 2551 2376 2619 temporis
2409 2551 2710 2621 explicare,
2747 2555 2883 2608 iram
2918 2555 3139 2610 victoris
3163 2556 3398 2612 emeriti.
3432 2554 3530 2612 Illa

1922 2644 2195 2714 praecipua
2227 2660 2382 2710 cura,
2432 2662 2500 2702 ne
2533 2648 2732 2704 tribuni
2765 2666 2890 2704 cum
2928 2651 3049 2721 jure
3098 2651 3401 2721 gladiorum
3460 2653 3529 2709 ad

1922 2737 2212 2808 Hispanias
2258 2740 2615 2797 mitterentur
2659 2761 2672 2796 :
2723 2744 2808 2813 pia
2858 2746 3006 2799 enim
3056 2754 3173 2800 erat
3213 2746 3530 2800 sollicitudo

1923 2833 2174 2900 Martino,
2200 2843 2258 2889 ut
2288 2852 2398 2890 non
2422 2837 2598 2891 solum
2631 2837 2976 2894 Christianos
3006 2841 3095 2909 qni
3126 2839 3226 2894 sub
3259 2839 3347 2893 illa
3372 2849 3529 2894 erant

1924 2930 2215 2985 occasione
2257 2930 2527 2997 vexandi,
2560 2933 2652 2985 sed
2688 2931 2836 3000 ipsos
2863 2932 3028 2985 etiam
3064 2933 3352 2987 lucreticos
3395 2932 3530 2985 libe-

1924 3033 2089 3079 raret.
2125 3023 2326 3079 Verum
2360 3023 2534 3092 primo
2567 3025 2654 3080 die
2685 3036 2849 3096 atque
2891 3025 3069 3080 altero
3106 3026 3392 3094 suspendit
3424 3025 3526 3080 ho-

1925 3119 2127 3174 minem
2156 3117 2388 3173 cailidus
2417 3118 2738 3188 imperator,
2772 3121 2886 3174 sive
2913 3130 2970 3173 ut
3000 3120 3076 3174 rei
3109 3119 3320 3186 pondus
3349 3121 3526 3188 impo-

1848 3193 1895 3256 C
1927 3223 2113 3280 neret,
2164 3215 2282 3268 sive
2311 3214 2441 3283 quia
2486 3212 2647 3294 nimis
2690 3213 2791 3268 sibi
2842 3212 3202 3280 implacabilis
3243 3221 3396 3276 erat,
3431 3227 3529 3266 seu

1925 3309 2071 3379 quia,
2105 3316 2164 3361 ut
2212 3306 2456 3375 plerique
2489 3315 2598 3360 tum
2631 3305 3062 3370 arbitrabantur,
3105 3304 3335 3358 avaritia
3367 3319 3531 3374 repu-

1924 3403 2124 3474 gnabat
2149 3419 2162 3456 :
2193 3401 2464 3471 siquidem
2494 3401 2546 3455 in
2581 3401 2719 3455 bona
2747 3416 2938 3454 eorum
2971 3400 3300 3454 inhiaverat.
3327 3397 3530 3452 Fertur

1924 3499 2068 3551 enim
2101 3495 2191 3550 ille
2227 3495 2309 3548 vir
2334 3494 2522 3548 multis
2553 3491 2820 3562 bonisque
2853 3491 3068 3546 actibus
3099 3490 3392 3558 praeditus,
3427 3488 3529 3543 ad-

1923 3604 2114 3644 versus
2161 3587 2443 3642 av:iritiam
2491 3601 2683 3656 parum
2715 3585 3066 3640 consuluisse
3095 3600 3112 3634 ι
3143 3582 3246 3637 nisi
3296 3581 3529 3637 fortasse

1924 3681 2078 3752 regni
2139 3680 2503 3745 necessitate,
2564 3677 2765 3748 quippe
2819 3676 3089 3731 exhausto
3151 3673 3528 3744 superioribus

1924 3773 2258 3845 principibus
2285 3772 2601 3841 reipublicae
2634 3769 2853 3836 aerario,
2896 3783 3036 3839 pene
3097 3781 3318 3837 semper
3351 3766 3404 3819 in
3433 3781 3529 3819 ex-

1924 3869 2206 3940 peditione
2236 3877 2400 3938 atque
2437 3867 2718 3935 procinctu
2751 3864 3021 3919 bellorum
3051 3861 3288 3916 civilium
3321 3859 3527 3914 consti-

1923 3949 2301 4028 tutusfacile
2341 3959 2724 4024 excusabitur,
2772 3955 3105 4027 quibuslibet
3150 3952 3529 4010 occasionibus

1923 4056 2163 4112 subsidia
2197 4055 2429 4124 imperio
2460 4055 2764 4125 paravisse.

1995 4147 2110 4202 XII.
2139 4147 2350 4202 interea
2383 4145 2627 4216 episcopi
2653 4160 2887 4215 quorum
2918 4141 3365 4199 communionem
3389 4137 3531 4193 Mar-

1927 4242 2072 4296 tinus
2105 4255 2210 4294 non
2233 4239 2427 4306 inibat,
2453 4238 2655 4307 trepidi
2685 4237 2753 4291 ad
2786 4251 2972 4306 regem
3007 4241 3365 4300 concurrunt,
3390 4245 3533 4299 prte~

1925 4333 2213 4389 damnatos
2240 4349 2299 4387 se
2340 4336 2777 4402 conquerentes:
2810 4341 2990 4382 actum
3017 4341 3142 4381 esse
3187 4324 3254 4379 de
3285 4340 3383 4378 suo
3415 4337 3530 4400 om-

1927 4429 2076 4483 nium
2107 4434 2274 4490 statu,
2302 4425 2346 4479 si
2378 4423 2695 4494 Theognisti
2723 4420 3103 4491 pertinaciam,
3136 4415 3229 4487 qui
3262 4429 3356 4470 eos
3379 4413 3531 4468 solus

1928 4525 2106 4595 palam
2142 4525 2249 4578 lata
2287 4520 2559 4576 sententia
2591 4517 3077 4578 condemnaverat,
3110 4507 3330 4568 Martini
3353 4522 3532 4563 arma-

206 4628 452 4689 ρετιιιοτ.
488 4614 630 4670 alias
662 4628 794 4668 sane
826 4615 1024 4673 bimus.
1071 4613 1402 4685 deprﬂvallls
1445 4613 1694 4669 consiliis
1736 4627 1822 4667 Sﬂ-
1849 4596 1906 4658 Ῑ)
1932 4628 2014 4674 ret
2043 4615 2378 4672 auctoritas:
2415 4628 2522 4668 non
2555 4612 2868 4682 Oportuisse
2899 4607 3176 4662 hominem
3195 4603 3364 4674 recipi
3395 4615 3533 4658 moe-

207 4710 517 4774 cerdotum,
551 4715 680 4780 post
710 4705 1038 4762 Priscilliani
1089 4723 1282 4764 necem
1312 4707 1578 4763 itltacium
1613 4707 1826 4778 episco-

208 4819 334 4875 pum
367 4801 706 4858 Prisoiliiani
755 4809 1134 4855 accusatorem
1182 4809 1522 4871 caeterosque
1552 4800 1696 4856 illius
1736 4814 1828 4854 so-

210 4898 324 4954 cios
347 4941 360 4964 ,
394 4911 537 4967 quos
565 4893 838 4950 nominari
884 4908 990 4948 non
1038 4902 1124 4949 est
1151 4908 1398 4962 necesse,
1435 4893 1491 4948 vi
1532 4895 1676 4964 regia
1711 4904 1830 4950 tue-

211 4990 392 5059 batur,
429 5007 501 5045 ne
549 4988 678 5059 quis
709 4986 759 5042 ei
804 4987 1017 5042 crimini
1047 4988 1222 5054 daret,
1248 5002 1414 5056 cpera
1450 4989 1596 5043 illius
1639 4989 1826 5055 cujus-

212 5083 603 5157 cumquemodi
667 5082 945 5136 hominem
999 5080 1167 5138 fuisse
1218 5081 1556 5136 damnatum.
1611 5081 1824 5136 Interea

213 5179 480 5236 Martinus
512 5174 704 5232 multis
733 5174 1099 5244 gravibusque
1142 5174 1509 5230 laborantium
1537 5176 1718 5230 causis
1758 5172 1828 5227 ad

210 5277 537 5333 comitatum
589 5271 677 5326 ire
707 5269 1042 5338 compulsus,
1091 5268 1387 5338 procellam
1439 5269 1610 5338 ipsam
1661 5268 1830 5323 totius

213 5368 565 5441 tempestatis
634 5363 880 5418 incurrit.
945 5362 1270 5433 Congrcgati
1339 5362 1483 5432 apud
1553 5362 1829 5418 Treveros

210 5463 457 5532 episc0pi
509 5456 884 5523 tenebantur,
931 5457 1024 5527 qui
1066 5456 1309 5528 quotidie
1356 5457 1832 5514 communicantes

211 5557 412 5614 Ithacio
462 5565 818 5610 communem
867 5550 968 5604 sibi
1003 5565 1224 5606 causam
1275 5552 1546 5607 fecerant.
1595 5551 1692 5608 His
1742 5552 1830 5608 ubi

211 5655 527 5709 nuntiatum
561 5656 650 5702 est
682 5644 1090 5713 inepinantihus
1119 5645 1314 5700 adesse
1351 5646 1668 5714 Martinum,
1706 5647 1834 5702 totis

210 5749 406 5810 animis
437 5741 705 5822 labefacti
730 5739 1021 5806 mussitare
1043 5740 1399 5810 attrepidare
1427 5752 1737 5811 emperunt.
1765 5741 1833 5796 Et

207 5835 316 5912 iam
357 5839 540 5912 pridie
573 5833 874 5904 imperator
915 5847 981 5892 ex
1031 5849 1220 5892 eorum
1253 5835 1526 5894 sententia
1572 5835 1834 5893 decreveo

1933 4712 2094 4768 nibus
2113 4752 2126 4776 ,
2153 4709 2305 4764 illum
2328 4708 2442 4779 jam
2472 4723 2577 4761 non
2605 4705 2952 4760 defensorem
2975 4701 3359 4756 haereticorum
3381 4711 3532 4755 esse.

1933 4807 2028 4862 sed
2050 4806 2318 4862 vindicem
2347 4823 2359 4858 :
2383 4803 2516 4859 nihil
2545 4811 2724 4856 actum
2751 4808 2926 4855 morte
2946 4795 3298 4860 Prisciliiani,
3325 4793 3370 4847 si
3393 4791 3536 4846 Mar-

1934 4902 2086 4957 tinus
2116 4900 2372 4957 exerceat
2424 4898 2573 4953 illius
2604 4897 2888 4951 ultionem.
2941 4893 3225 4947 Postremo
3273 4887 3533 4959 prostrati

1934 5009 2056 5050 cum
2087 4994 2218 5050 ﬂetu
2247 5003 2302 5049 et
2331 4992 2723 5048 lamentatione
2753 4994 3078 5059 potestatem
3110 4983 3315 5054 regiam
3341 4980 3538 5050 implo-

1936 5097 2080 5154 rant,
2115 5099 2172 5142 ut
2202 5096 2386 5142 utatur
2412 5085 2676 5141 adversus
2706 5097 2874 5137 unum
2899 5080 3178 5135 hominem
3211 5076 3260 5130 vi
3284 5089 3401 5131 sua.
3426 5072 3536 5128 Nec

1936 5184 2168 5240 multum
2197 5184 2406 5246 aberat,
2439 5181 2565 5251 quin
2598 5187 2891 5248 cogeretur
2921 5174 3219 5244 imperator
3245 5169 3534 5225 Martinum

1935 5291 2058 5333 cum
2114 5271 2495 5329 haereticorum
2541 5277 2694 5324 sorte
2743 5267 2998 5322 miscere.
3059 5262 3166 5318 Sed
3216 5260 3346 5326 ille,
3407 5258 3538 5313 licet

1933 5369 2211 5441 episcopis
2266 5366 2435 5422 nimio
2478 5364 2664 5421 favore
2712 5371 2860 5418 esset
2897 5358 3217 5424 obnoxius,
3269 5370 3376 5410 non
3422 5361 3539 5410 erat

1935 5467 2180 5530 nescius,
2211 5462 2502 5520 Martinum
2527 5460 2654 5523 fide,
2694 5457 2987 5514 sanctitate
3015 5463 3073 5510 et
3099 5455 3302 5507 virtute
3328 5447 3540 5504 cunctis

1937 5569 2202 5631 praestare
2233 5556 2555 5610 mortalibus
2581 5571 2592 5606 :
2622 5553 2727 5608 alia
2757 5553 2914 5622 longe
2937 5549 3022 5604 via
3044 5553 3292 5603 sanctum
3318 5541 3537 5595 vincere

1938 5659 2093 5723 parat
2118 5669 2130 5704 :
2151 5665 2214 5704 ac
2242 5649 2418 5719 primo
2445 5656 2660 5703 secreto
2687 5645 3011 5700 accersitum
3039 5637 3239 5696 blande
3268 5635 3534 5706 appellat:

1938 5741 2226 5798 haereticos
2266 5741 2389 5810 jure
2418 5739 2710 5794 damnatos
2741 5749 2895 5792 more
2930 5730 3256 5803 jndiciornm
3289 5726 3537 5797 publico,-

1938 5838 2059 5894 rt'tm
2090 5835 2265 5909 potius
2301 5847 2464 5906 quam
2517 5827 2975 5888 insectationibus
3012 5818 3396 5889 sacerdotum;
3430 5825 3540 5880 non
