4056 6340
1814 319 1816 321 -
1843 270 2140 336 SULPICII
2177 271 2433 336 εενειιι

3696 272 3806 334 210

491 413 618 452 esse
654 409 876 451 causam
899 436 914 461 ,
941 411 1046 466 qua
1076 394 1265 450 Ithaeii
1309 403 1745 463 ceterorumque
1772 391 1944 462 partis
1975 389 2094 460 eius
2121 391 2172 451 Α
2201 403 2325 445 nam
2369 391 2562 461 spiritu
2591 389 2860 446 sentiebat
2900 390 3121 446 domum
3168 389 3314 446 illam
3360 389 3548 446 divine
3579 390 3803 448 numine

497 490 941 546 communionem
974 498 1190 560 putaret
1231 502 1352 543 esse
1375 485 1781 550 damnandam;
1821 483 2097 554 Theogni-

496 594 640 639 stum
687 584 818 638 odio
862 585 1043 654 potius
1089 598 1250 653 quam
1301 596 1465 636 causa
1521 580 1718 636 fecisse
1767 578 2093 644 discidium;

497 678 868 747 eutndemque
893 686 1074 732 tamen
1101 677 1279 730 solum
1310 689 1432 730 esse
1453 674 1543 744 qtti
1569 689 1628 728 se
1657 689 1686 726 a
1717 672 2100 727 communione

500 771 722 825 interim
768 770 1030 838 separat-it
1060 810 1073 832 ,
1126 784 1154 822 ε
1197 768 1422 838 reliquis
1466 766 1601 822 nihil
1650 774 1936 830 novatum;
1969 764 2100 832 quin

501 861 668 920 etiam
719 870 849 918 ante
897 875 1102 932 paucos
1134 859 1253 916 dies
1301 859 1485 915 habita
1545 857 1789 930 synodus
1840 857 2100 912 Ithaeium

507 957 952 1026 pronuntiaverat
995 955 1152 1024 culpa
1185 971 1292 1010 non
1332 954 1523 1009 teneri.
1555 953 1764 1018 Quibus
1795 967 1920 1006 cum
1960 951 2102 1006 Mar-

505 1048 656 1104 tinus
686 1063 876 1117 parum
923 1058 1271 1112 moveretur,
1308 1062 1402 1103 rex
1445 1049 1522 1102 ira
1555 1045 1910 1109 accenditur,
1943 1059 2007 1100 ac
2045 1059 2107 1100 se

509 1143 580 1197 de
608 1152 899 1212 conspectu
931 1142 1052 1212 ejus
1081 1141 1357 1212 abripuit:
1402 1149 1457 1195 et
1485 1156 1607 1194 ntox
1651 1153 1998 1209 percuSsores
2023 1137 2106 1196 his

514 1254 611 1309 pro
637 1239 833 1307 quibus
861 1237 1120 1291 Martinus
1151 1246 1458 1306 rogaverat,
1487 1234 1812 1305 diriguntur.

589 1329 718 1386 XIII.
764 1330 917 1396 Quod
970 1329 1060 1384 ubi
1111 1328 1339 1384 Martino
1379 1337 1716 1399 compertum
1770 1327 1878 1399 jam
1931 1327 2108 1382 noctis

517 1433 760 1491 tempore
781 1431 886 1487 est,
927 1423 1189 1490 palatium
1219 1422 1449 1490 irrupit;
1477 1420 1748 1488 spondet,
1787 1420 1831 1474 si
1862 1434 2110 1489 parcere-

515 1526 630 1582 tur,
679 1531 738 1572 se
767 1517 1319 1578 etmtmunicaturum,
1355 1513 1652 1569 dummodo
1698 1523 1754 1568 ut
1802 1523 1857 1567 et
1908 1513 2109 1568 tribttni

507 1611 619 1680 jam
650 1611 701 1666 in
733 1611 1006 1666 excidium
1038 1610 1398 1666 ecclesiarum
1425 1608 1489 1662 ad
1525 1609 1809 1678 Hispanias
1842 1608 1990 1662 missi
2020 1622 2105 1662 re-

517 1705 886 1760 traherentur.
928 1705 1037 1758 Nec
1077 1719 1225 1758 mora
1258 1723 1268 1755 :
1306 1702 1570 1757 Maximus
1619 1701 1860 1770 indulget
1904 1702 2106 1755 omnia.

2203 486 2478 542 verberari
2522 503 2536 542 ι
2585 495 2763 542 tamen
2797 499 2904 540 non
2949 487 3098 556 prius
3151 485 3358 541 destitit
3397 493 3608 556 septem
3659 492 3802 541 totos

2203 581 2322 637 dies
2368 581 2703 652 totidemque
2748 591 2933 636 noctes
2964 581 3176 637 orando
3207 590 3258 636 et
3299 580 3600 652 jejunando
3628 581 3806 635 conti-

2206 692 2404 741 nuans,
2431 691 2591 744 quam
2633 675 2684 730 id
2716 675 2861 745 quod
2900 675 3236 730 exorandum
3274 683 3601 744 receperat,
3636 674 3807 744 impe-

2207 777 2396 823 traret.
2429 767 2548 824 Mox
2573 766 2640 822 ad
2671 782 2793 822 eum
2825 767 3122 837 Lycontins
3147 766 3327 820 divina
3357 776 3619 836 expertus
3649 768 3811 820 bene-

2209 861 2325 918 ficia
2378 861 2712 932 pervolavit,
2760 862 3016 916 nuntians
3055 861 3216 915 simul
3263 871 3319 915 et
3349 875 3518 932 agens
3563 861 3809 930 gratias,

2208 957 2428 1011 domum
2495 971 2648 1010 suam
2702 957 2850 1010 omni
2917 956 3162 1024 periculo
3213 953 3518 1010 liberatam.
3579 952 3822 1040 Centnm‘

2210 1050 2373 1105 etiam
2406 1051 2610 1118 argenti
2653 1049 2818 1104 libras
2871 1049 3106 1115 obtulit,
3157 1063 3293 1118 quas
3338 1047 3422 1102 vir
3471 1048 3668 1102 beatus
3717 1061 3814 1104 nec

2214 1143 2420 1212 respuit
2466 1157 2566 1197 nec
2614 1144 2854 1212 recepit,
2895 1141 2990 1196 sed
3040 1143 3351 1212 priusquam
3403 1140 3622 1210 pondus
3683 1139 3813 1196 illud

2216 1240 2531 1294 monasterii
2565 1239 2729 1292 limen
2757 1239 3088 1308 attingeret,
3139 1235 3476 1292 redimendis
3509 1235 3560 1290 id
3589 1235 3816 1305 captivis

2215 1340 2474 1389 continuo
2501 1332 2814 1401 deputavit;
2846 1342 2901 1387 et
2925 1346 3048 1386 eum
3080 1332 3128 1386 ei
3158 1338 3546 1402 suggereretur
3575 1344 3605 1384 a
3640 1329 3818 1385 fratri-

2218 1427 2335 1491 bus,
2374 1438 2432 1480 ut
2456 1425 2658 1495 aliquid
2689 1441 2755 1479 ex
2781 1439 2848 1479 co
2880 1425 2932 1478 in
2963 1434 3236 1493 sumptum
3272 1423 3594 1478 monasterii
3641 1437 3817 1478 reser-

2220 1530 2410 1577 varet:
2443 1519 2698 1575 omnibus
2729 1520 2874 1573 enim
2911 1528 3198 1588 angustum
3229 1532 3354 1572 esse
3380 1519 3605 1582 vietum,
3637 1515 3818 1572 multis

2219 1615 2412 1670 deesse
2439 1613 2695 1668 vestitum
2726 1630 2737 1664 :
2769 1611 2900 1678 Nos,
2937 1611 3131 1681 inquit,
3165 1609 3434 1676 Ecclesia,
3469 1620 3527 1666 et
3555 1619 3742 1680 pascat
3767 1618 3820 1666 et

2220 1709 2437 1774 vestiat,
2467 1706 2764 1763 dummodo
2804 1706 2938 1760 nihil
2985 1704 3189 1768 nostris
3221 1703 3407 1759 usibus
3451 1704 3721 1772 quaesisse
3747 1703 3821 1756 vi-

519 1799 797 1855 Postridie.
817 1798 1012 1853 Felicis
1044 1797 1284 1868 episcopi
1323 1797 1595 1851 ordinatio
1635 1795 1956 1864 parabatur,
1990 1809 2111 1849 Sttil-
2148 1805 2194 1869 Β
2220 1803 2466 1858 deamnr,
2509 1803 2848 1856 Succurrum
2887 1798 2992 1854 hoc
3019 1799 3140 1853 loco
3170 1797 3315 1852 illius
3353 1797 3457 1853 viri
3491 1811 3685 1867 magna
3726 1794 3824 1850 mi-

517 1893 744 1948 etiseimi
775 1909 908 1948 sane
944 1894 1076 1958 viri,
1121 1901 1174 1947 et
1212 1893 1370 1961 plane
1400 1891 1543 1962 digni
1592 1891 1682 1960 qui
1713 1890 1935 1959 meliore
1979 1899 2112 1944 tem-

518 2001 651 2055 pore
678 1985 936 2042 sacerdos
968 1988 1137 2040 fieret.
1167 1984 1335 2054 llujus
1366 1983 1472 2038 diei
1499 1983 1942 2036 communionem
1969 1981 2111 2036 Mar-

520 2080 668 2132 tinus
703 2078 844 2145 iniit,
874 2080 1044 2133 satius
1076 2079 1354 2132 {BSIIlllﬂllB
1386 2077 1450 2131 ad
1484 2077 1673 2131 lteram
1700 2075 1920 2140 cedere,
1948 2090 2113 2144 quam

520 2174 602 2229 his
634 2190 739 2232 non
770 2175 1061 2232 censuiere
1089 2189 1322 2244 quorum
1361 2173 1665 2228 cervicibus
1694 2170 1910 2238 gladius
1938 2169 2115 2224 immi-

519 2265 712 2329 nebat;
755 2274 1134 2320 verumtamen
1168 2280 1378 2319 summa
1408 2266 1458 2318 vi
1489 2261 1762 2332 episcopis
1791 2261 2114 2325 nitentibus,

519 2371 574 2415 ut
604 2359 1044 2415 communionem
1084 2360 1229 2418 illam
1274 2358 1679 2428 subscriptione
1726 2357 1990 2420 ﬁrmaret,
2024 2371 2118 2411 ex—

517 2456 758 2524 torqueri
792 2470 900 2508 non
936 2453 1134 2524 potuit.
1166 2452 1397 2508 Postero
1435 2450 1524 2506 die
1552 2465 1610 2505 se
1642 2450 1768 2505 inde
1811 2449 2119 2520 proripiens

516 2564 638 2602 cum
674 2559 960 2602 revertens
1000 2545 1053 2600 in
1094 2547 1179 2601 via
1213 2553 1441 2601 maestus
1481 2545 1894 2614 ingetnisceret,
1947 2557 2006 2597 se
2034 2540 2119 2597 vel

516 2642 584 2697 ad
643 2643 830 2696 horam
884 2640 1060 2695 noxias
1103 2640 1472 2694 communioni
1522 2637 1693 2694 fuisse
1741 2639 2116 2709 permixtum;

521 2735 661 2790 haud
696 2736 860 2805 longe
888 2751 918 2790 a
946 2737 1068 2790 vico
1095 2737 1180 2790 cui
1213 2749 1410 2790 nomen
1441 2742 1523 2789 est
1565 2733 1926 2788 Andethanna
1951 2775 1963 2797 ,
2013 2747 2118 2802 qu

521 2837 700 2883 vastas
742 2828 1066 2883 solitudines
1095 2827 1359 2882 silvarum
1387 2837 1598 2882 secreta
1629 2829 1906 2896 patiuntur
1927 2867 1940 2889 ,
1985 2839 2122 2894 prat-

520 2922 725 2992 gressis
767 2921 1047 2990 paululum
1096 2920 1386 2975 comitibus
1441 2919 1529 2974 ille
1569 2917 1856 2982 subsedit,
1899 2932 2120 2971 causam

517 3015 722 3070 doloris
749 3024 804 3070 et
843 3014 966 3070 facti
993 3023 1286 3070 accusante
1310 3029 1372 3068 ac
1391 3012 1722 3068 defendente
1751 3013 1986 3067 invicem
2030 3026 2122 3067 eo-

521 3109 786 3178 gitatione
836 3109 1178 3177 pervolvcns.
1227 3107 1412 3166 Astitit
1465 3107 1515 3162 ei
1574 3116 1801 3176 repente
1847 3105 2118 3175 angelus:

2219 1896 2424 1964 racnla,
2453 1910 2575 1966 qua)
2596 1894 2807 1949 facilius
2823 1891 3077 1947 admirari
3103 1905 3393 1962 possumus
3415 1905 3577 1960 quam
3594 1888 3822 1945 referre.

2219 1992 2528 2064 Agnoscitis
2575 1989 2819 2062 profecto
2860 1989 3004 2060 quod
3053 1989 3224 2045 dico:
3273 1989 3440 2044 multa
3499 1997 3630 2043 sunt
3679 1988 3823 2043 illius

2217 2104 2339 2159 qua:
2391 2101 2497 2140 non
2544 2095 2746 2156 queunt
2793 2084 3094 2156 explicari:
3133 2083 3304 2138 veluti
3335 2082 3479 2137 istud
3533 2089 3658 2146 est,
3685 2079 3824 2151 quod

2220 2179 2406 2234 nescio
2433 2195 2500 2233 an
2532 2178 2630 2242 ita,
2668 2188 2722 2231 ut
2753 2185 2965 2247 gestum
2997 2183 3083 2231 est
3107 2219 3122 2243 ,
3153 2191 3182 2230 a
3215 2175 3373 2231 nobis
3403 2177 3580 2247 possit
3605 2176 3823 2246 exponi.

2219 2272 2449 2340 Quidam
2491 2286 2522 2326 e
2562 2271 2824 2325 fratribus
2853 2270 3075 2340 (nomen
3109 2285 3218 2324 non
3264 2268 3561 2340 ignoratis;
3598 2268 3694 2323 sed
3745 2283 3829 2324 ce-

2220 2365 2379 2420 landa
2410 2379 2640 2434 persona
2665 2373 2769 2428 est,
2806 2378 2875 2418 ne
2903 2370 3092 2417 sancto
3119 2363 3236 2416 viro
3263 2361 3652 2416 verecundiam
3695 2363 3830 2416 recc-

2221 2458 2435 2528 rimus),
2459 2458 2679 2526 quidam
2705 2472 2836 2525 ergo
2860 2470 2980 2509 cum
3011 2453 3076 2509 ad
3103 2453 3440 2509 fornaculam
3463 2453 3611 2508 illius
3641 2454 3829 2509 carbo-

2222 2571 2349 2610 num
2396 2555 2608 2625 cepiatn
2656 2552 2989 2620 repet-isset,
3036 2560 3089 2604 et
3116 2549 3333 2603 admota
3380 2549 3485 2604 sibi
3514 2547 3711 2603 sellula
3741 2547 3825 2603 di-

2224 2647 2484 2702 varicatis
2515 2646 2742 2716 pedibus
2781 2659 2947 2712 super
2977 2643 3155 2713 ignem
3187 2641 3340 2696 illum
3375 2640 3581 2695 nudato
3611 2639 3830 2710 inguine

2224 2744 2519 2806 resideret;
2555 2740 2818 2795 continuo
2866 2739 3131 2794 Martinus
3174 2737 3372 2792 factam
3414 2750 3577 2792 sacro
3611 2736 3829 2808 tegmini

2224 2838 2396 2892 sensit
2427 2837 2702 2905 injuriam,
2735 2848 2928 2904 magna
2959 2849 3098 2887 voce
3141 2833 3522 2900 proclamans:
3548 2831 3685 2900 Quis
3715 2831 3830 2904 [in-

2224 2929 2378 3003 quit]
2409 2931 2612 2985 nudato
2641 2929 2863 3001 inguine
2895 2939 3136 2982 nostrum
3168 2928 3400 2982 incestat
3432 2925 3834 2982 habitaculum?

2229 3025 2340 3080 lioc
2371 3024 2458 3078 ubi
2493 3023 2581 3078 ille
2612 3021 2780 3077 frater
2808 3020 3037 3082 audivit.
3087 3030 3140 3075 et
3184 3035 3250 3075 ex
3301 3020 3644 3075 conscientia
3689 3019 3832 3090 quod

2226 3117 2609 3186 increpabatur
2657 3115 2926 3185 agnovit;
2989 3112 3248 3176 continuo
3309 3113 3374 3168 ad
3431 3127 3532 3170 nos
3594 3111 3834 3170 cucurrit

522 3200 755 3266 Merito,
808 3201 1014 3271 inquit,
1055 3201 1316 3266 Martine,
1363 3201 1781 3272 compungeris;
1829 3198 1924 3254 sed
1962 3199 2121 3254 aliter

2227 3211 2491 3267 exanimis
2514 3253 2530 3277 ,
2579 3209 2838 3279 pudorem
2871 3225 3026 3264 suum
3061 3224 3168 3263 non
3214 3210 3332 3263 sine
3379 3208 3602 3263 Martini
3637 3207 3832 3263 virtute

518 3294 676 3349 exire
719 3296 988 3365 nequisti;
1025 3311 1216 3365 repara
1258 3298 1514 3351 virtutem
1543 3339 1558 3364 ,
1601 3310 1821 3351 resume
1864 3305 2123 3350 censtan-

521 3391 679 3453 tiam,
713 3405 779 3445 ne
804 3391 915 3460 jam
948 3407 1054 3445 non
1100 3391 1400 3460 perieulum
1427 3391 1636 3460 gloriae,
1671 3390 1766 3444 sed
1813 3388 2009 3444 salutis
2042 3388 2122 3444 in-

519 3484 780 3539 curreris.
811 3484 1000 3555 Itaque
1025 3485 1091 3538 ab
1133 3485 1226 3539 illo
1254 3495 1500 3554 tempore
1531 3484 1665 3539 satis
1692 3484 1835 3537 cavit
1874 3497 1997 3536 eum
2027 3481 2124 3536 illa

523 3580 815 3634 Ithztciattze
844 3582 1012 3650 partis
1029 3581 1413 3634 communione
1440 3577 1678 3632 misceri.
1701 3576 1971 3630 Czctorutn
1997 3589 2123 3628 cum

523 3673 788 3742 quosdam
832 3690 896 3728 ex
930 3675 1314 3742 energumcnis
1363 3673 1568 3726 tardius
1600 3685 1764 3740 quam
1799 3669 2010 3723 solebat
2068 3676 2126 3724 et

523 3767 696 3833 gratia
728 3769 938 3822 minore
966 3778 1214 3832 curaret;
1258 3766 1492 3821 subinde
1525 3764 1683 3819 nobis
1711 3779 1832 3817 cum
1864 3762 2126 3832 iacrymis

527 3857 815 3924 fatebatur,
841 3876 900 3916 se
925 3872 1147 3932 propter
1173 3857 1581 3916 comtttunionis
1611 3856 1760 3911 illius
1787 3853 2012 3920 malum,
2035 3852 2125 3908 cui

524 3969 583 4009 se
639 3957 721 4010 vel
770 3967 973 4026 puncto
1021 3954 1316 4025 temporis,
1369 3953 1721 4012 necessitate,
1756 3965 1860 4001 non
1905 3948 2125 4015 spiritu,

527 4049 830 4106 miscuisset
858 4093 872 4115 ,
924 4051 1313 4106 detrimentum
1347 4045 1556 4099 sentire
1589 4041 1826 4096 virtutis.
1872 4040 2126 4095 Sedeclm

529 4155 712 4211 postea
745 4146 880 4199 vixit
910 4158 1086 4199 annos
1114 4160 1126 4196 :
1160 4142 1362 4197 nullam
1394 4138 1662 4210 synodum
1692 4137 1825 4191 adiit
1853 4178 1868 4201 ,
1911 4135 1980 4190 ab
2009 4150 2128 4189 om-

532 4238 690 4292 nibus
720 4241 1102 4307 episc0porum
1130 4233 1492 4290 conventibus
1519 4245 1580 4287 se
1608 4230 1865 4286 removit.

600 4332 739 4388 XIV.
772 4333 878 4389 Sed
911 4333 1092 4401 plane,
1123 4337 1182 4382 ut
1211 4327 1418 4396 experti
1449 4340 1659 4392 sumus,
1692 4324 2032 4380 imminutam
2061 4321 2128 4379 ad

524 4437 740 4499 tempus
779 4429 1012 4498 grati-nn
1065 4423 1353 4493 multiplici
1382 4421 1639 4478 mercede
1664 4421 1961 4490 reparavit.
2009 4419 2128 4474 Vidi

529 4530 712 4592 postea
743 4521 811 4576 ad
859 4518 1238 4586 pseudoforum
1287 4514 1606 4570 monasterii
1636 4514 1805 4582 ipsius
1833 4512 2129 4570 adductum

2227 3306 2534 3362 confessus.

2298 3399 2413 3456 XV.
2456 3398 2701 3467 Quodam
2728 3397 2915 3453 itidem
2945 3397 3053 3462 die,
3082 3395 3210 3451 dum
3240 3394 3294 3449 in
3327 3409 3478 3461 area,
3513 3409 3640 3466 qua:
3672 3405 3836 3464 parva

2225 3493 2515 3549 admodum
2548 3492 2954 3549 tabernaculum
3003 3491 3148 3547 illius
3176 3490 3477 3555 ambiebat,
3520 3491 3574 3544 in
3607 3491 3706 3545 illo
3743 3503 3839 3545 suo

2225 3587 2366 3658 quod
2418 3587 2589 3642 nostis
2619 3600 2830 3653 omnes,
2877 3585 3030 3642 sedili
3089 3587 3270 3656 ligneo
3319 3584 3650 3649 resedisset,
3707 3583 3841 3640 vidit

2227 3681 2362 3735 duos
2387 3679 2664 3735 daemones
2709 3679 2761 3735 in
2795 3679 3012 3735 excelsa
3064 3678 3156 3733 illa
3190 3693 3312 3749 quae
3356 3678 3702 3731 monasterio
3747 3691 3839 3731 su-

2229 3773 2531 3842 pereminet
2580 3787 2716 3840 rupe
2761 3772 3084 3836 consistere,
3143 3768 3268 3824 inde
3316 3769 3528 3824 alacres
3580 3784 3647 3825 ac
3686 3769 3841 3824 lectos

2228 3883 2416 3921 vocem
2452 3865 2763 3922 istiusmodi
2798 3863 3198 3919 adhortationis
3230 3863 3485 3916 emittere
3521 3880 3534 3915 ε
3587 3861 3721 3918 lleia
3769 3871 3842 3929 te,

2231 3960 2468 4026 Brictio;
2504 3961 2627 4014 heia
2674 3967 2744 4024 te,
2783 3959 3006 4013 Brlctio.
3039 3955 3218 4011 Credo
3250 3955 3555 4010 cernebant
3584 3955 3843 4009 miserum

2229 4055 2440 4111 eminus
2475 4054 2933 4126 propinquantem
2955 4095 2969 4119 ,
3002 4051 3205 4108 conscii
3233 4059 3492 4120 quantam
3525 4050 3600 4105 illi
3639 4051 3844 4106 rabiem

2231 4149 2453 4216 spiritus
2483 4149 2864 4204 suscitassent.
2898 4147 3009 4202 Nec
3041 4160 3214 4213 mora,
3265 4145 3467 4199 Brictio
3513 4143 3846 4200 furibundus

2233 4241 2448 4311 irrupit,
2503 4241 2575 4296 ibi
2632 4240 2822 4313 plenus
2883 4240 3105 4294 insania:
3161 4239 3401 4294 evomuit
3451 4239 3506 4292 in
3555 4237 3846 4294 Martinam

2233 4334 2382 4390 mille
2410 4335 2676 4390 convicia.
2713 4333 3039 4405 Objurgatus
3071 4333 3215 4388 enim
3242 4332 3417 4402 pridie
3446 4331 3514 4387 ab
3545 4347 3614 4388 eo
3645 4331 3844 4399 fuerat,

2232 4441 2332 4482 cur
2358 4429 2445 4498 qui
2474 4428 2605 4482 nihil
2631 4442 2884 4496 umquam
2907 4436 3032 4481 ante
3059 4424 3376 4481 clericatum
3412 4425 3641 4497 (quippe
3673 4427 3764 4497 qui
3795 4426 3845 4481 in

2236 4521 2566 4576 monasterio
2614 4521 2684 4574 ab
2733 4522 2850 4590 ipso
2916 4518 3151 4574 Martino
3207 4518 3468 4590 nutritus)
3522 4518 3843 4583 habuisset,

528 4629 993 4686 energumenum,
1049 4618 1104 4664 et
1160 4611 1309 4676 prius
1369 4624 1529 4678 quam
1588 4608 1749 4662 limen
1803 4606 2130 4677 attingeret,
2162 4597 2213 4660 D
2239 4629 2406 4684 equos
2447 4614 2658 4679 aleret,
2713 4613 2980 4683 mancipia
3015 4620 3402 4680 compararet:
3435 4623 3560 4664 nam
3597 4612 3711 4680 jam
3761 4611 3850 4666 illo

530 4709 697 4764 fuisse
728 4696 1008 4763 curatum.
1035 4703 1350 4758 Testantem
1383 4701 1673 4773 quemdam
1711 4717 1884 4774 nuper
1911 4702 2091 4757 audivi
2121 4743 2134 4768 ,

530 4817 652 4860 cum
685 4803 740 4857 in
789 4797 1076 4870 Tyrrheno
1109 4797 1242 4850 tnari
1287 4812 1450 4850 cursu
1485 4797 1578 4850 illo
1609 4811 1714 4864 quo
1759 4797 1984 4851 Romam
2020 4807 2136 4851 ten-

529 4897 701 4959 ditur,
729 4893 1030 4962 navigaret,
1052 4890 1234 4945 subito
1252 4891 1564 4945 turbinibus
1582 4893 1807 4956 exortis,
1828 4900 1913 4946 ext
1928 4905 2134 4944 remum

534 4989 664 5040 vitae
699 4987 943 5039 omnium
979 4984 1146 5038 fuisse
1173 4983 1466 5038 discrimen
1496 5001 1507 5037 :
1552 4985 1604 5038 in
1635 4999 1743 5054 quo
1763 4999 1885 5040 cum
1914 4983 2134 5055 quidam

536 5077 823 5146 {Egyptins
871 5076 1198 5144 negotiator,
1248 5076 1474 5132 necdum
1504 5077 1883 5142 Christianus,
1941 5093 2134 5150 magna

536 5185 672 5225 voce
700 5169 1044 5234 clamaverit,
1082 5169 1222 5223 Deus
1253 5169 1489 5237 Martini,
1517 5173 1668 5242 eripe
1691 5187 1822 5238 nos;
1852 5186 1974 5227 mox
2001 5179 2138 5226 tem-

541 5273 806 5335 pestatem
862 5261 1032 5318 fuisse
1084 5264 1357 5329 sedatam,
1403 5279 1575 5333 seque
1629 5275 1870 5336 optatum
1919 5280 2137 5320 cursum

535 5373 659 5413 cum
689 5372 900 5412 summa
927 5356 1120 5426 placidi
1163 5360 1394 5428 aequoris
1421 5360 1605 5430 quiete
1643 5361 1904 5416 tenuisse.
1931 5359 2144 5430 Lycon-

537 5452 647 5506 tius
672 5467 737 5507 ex
766 5451 979 5506 vicariis
1007 5453 1090 5506 vir
1117 5452 1289 5509 fidelis
1311 5498 1325 5522 ,
1373 5469 1495 5508 cum
1541 5453 1806 5508 familiam
1841 5453 1989 5509 illius
2021 5455 2140 5508 lues

534 5556 781 5604 extrema
825 5555 1084 5613 vexaret,
1121 5557 1176 5602 et
1222 5549 1481 5603 inaudita:
1520 5548 1846 5604 calamitatis
1889 5545 2141 5617 exemplo

537 5656 636 5713 per
663 5648 832 5697 totam
862 5641 1083 5695 domum
1106 5656 1334 5713 corpora
1367 5656 1511 5711 aegra
1535 5642 1982 5712 procumberent,
2005 5639 2145 5692 Mar-

541 5741 640 5794 tlni
673 5753 770 5809 per
815 5740 1025 5794 litteras
1063 5737 1377 5808 imploravit
1419 5738 1700 5791 auxilium.
1739 5736 1860 5805 Quo
1903 5743 2150 5803 tempore

541 5834 626 5890 vir
653 5835 846 5891 beatus
890 5847 1006 5888 rem
1038 5845 1160 5887 esse
1207 5830 1455 5907 promisit
1500 5828 1781 5884 difficilem
1829 5826 2149 5899 impetrari:

2241 4717 2487 4777 tempore
2536 4705 2864 4776 arguebatur
2911 4719 2941 4757 a
2988 4703 3172 4758 multis
3201 4744 3214 4766 ,
3247 4717 3354 4756 non
3409 4703 3589 4758 solmn
3653 4713 3849 4774 pueros

2242 4800 2524 4864 barbaros,
2548 4798 2642 4854 sed
2673 4799 2836 4854 etiam
2863 4797 3070 4868 puellas
3099 4797 3254 4851 scitis
3283 4795 3526 4850 vultibus
3554 4798 3848 4851 coemisse.

2240 4893 2447 4961 Quibus
2476 4893 2640 4947 rebus
2687 4890 3094 4946 infelicissimus
3125 4889 3318 4941 insano
3353 4887 3478 4942 felle
3510 4900 3846 4953 commotus,

2241 4997 2315 5050 et,
2348 4995 2403 5039 ut
2443 4985 2630 5049 credo,
2688 4984 2962 5053 praecipue
2993 4979 3302 5034 dtnmonum
3356 4979 3574 5033 illorum
3618 4982 3852 5051 agitatus

2241 5081 2526 5147 instinctu,
2574 5079 2860 5132 Martinum
2896 5078 2963 5129 Ita
2993 5087 3284 5144 aggressus
3320 5083 3426 5139 est,
3460 5081 3519 5127 ut
3550 5075 3640 5128 vix
3682 5076 3852 5129 mani-

2242 5175 2340 5229 ltus
2373 5178 2692 5239 temperaret
2721 5186 2735 5234 ;
2762 5183 2882 5223 cum
2909 5166 3126 5236 quidem
3154 5164 3386 5220 Sanctus
3416 5167 3571 5221 vultu
3611 5167 3848 5236 placido,

2244 5276 2426 5322 mente
2461 5263 2747 5335 tranquilla
2790 5261 3026 5316 infelicis
3056 5261 3350 5315 amentiam
3376 5275 3472 5330 per
3502 5262 3656 5316 milia
3689 5263 3853 5318 verba

2242 5359 2544 5416 cohiberet.
2580 5355 2687 5412 Sed
2740 5357 2809 5409 ita
2853 5354 2904 5407 in
2946 5369 3011 5409 eo
3040 5369 3274 5423 nequam
3304 5355 3533 5424 Spiritus
3579 5357 3854 5413 redunda-

2241 5454 2355 5516 bat,
2382 5462 2438 5505 ttt
2471 5466 2538 5505 ne
2575 5462 2672 5504 sua
2697 5446 2915 5517 quidem
2947 5446 3042 5510 illi,
3076 5446 3326 5516 quamvis
3359 5461 3494 5500 vana
3528 5449 3850 5518 admodum,

2244 5559 2398 5598 mens
2427 5543 2676 5597 subesset
2704 5557 2716 5594 :
2751 5538 3109 5595 trementibus
3140 5537 3303 5594 labiis
3343 5539 3669 5612 incertoque
3700 5543 3851 5598 vultu

2243 5633 2467 5689 decolor
2510 5648 2619 5703 prae
2652 5631 2836 5689 furore
2868 5633 3083 5688 rotabat
3125 5631 3288 5686 verba
3323 5638 3570 5701 peccati,
3616 5653 3677 5692 se
3707 5653 3854 5693 asse-

2247 5741 2375 5782 rens
2405 5729 2769 5794 sanctiorem;
2801 5728 3002 5799 quippe
3043 5727 3132 5796 qui
3165 5738 3194 5778 a
3230 5727 3421 5795 primis
3467 5731 3630 5786 annis
3658 5731 3712 5786 in
3743 5747 3856 5786 mo-

2249 5821 2491 5882 nasterio
2521 5821 2667 5881 inter
2695 5836 2880 5879 sacras
2910 5819 3165 5892 Ecclesiae
3202 5818 3537 5894 disciplinas
3577 5824 3698 5897 ipso
3726 5825 3858 5906 nar.
