4056 6340
260 297 354 364 33!

1717 296 2063 357 DMLOGIJS
2100 299 2190 356 Ill.

3462 297 3575 356 222

256 416 371 478 tino
399 414 684 474 edncante
723 411 992 468 crevisset
1017 428 1031 463 :
1073 409 1371 464 Martinam
1405 424 1534 465 vero
1559 419 1620 466 et
1654 425 1689 465 a
1717 412 1874 481 prin-
1905 415 1956 473 Α
1978 413 2196 482 partiam
2219 431 2232 469 ε
2254 413 2360 469 etsi
2386 416 2628 470 maxime
2656 430 2851 470 cursus
2876 417 2932 471 in
2959 417 3118 471 devio
3143 419 3238 482 sit,
3261 429 3370 470 non
3397 423 3582 469 tamen

255 507 421 578 cipio,
455 504 612 576 quod
643 504 759 574 ipse
786 501 1006 557 difﬁteri
1036 517 1143 556 non
1175 511 1384 572 posset,
1430 501 1636 556 militize
1663 502 1874 558 actibus

257 599 568 663 sorduisse,
594 606 649 652 et
674 610 820 650 nunc
842 611 937 665 per
963 596 1152 649 inanes
1181 594 1602 664 superstitiones
1620 601 1676 647 et
1701 593 1876 666 phan-

258 700 487 748 tasmata
513 689 796 744 visionum
827 687 1054 743 ridicula
1086 702 1314 758 prorsus
1345 685 1490 744 inter
1511 685 1871 753 deliramenta

256 784 530 840 senuisse.
570 778 700 836 Haec
721 796 842 836 cum
875 781 1068 845 multa,
1097 791 1264 850 atque
1304 780 1408 834 alia
1431 781 1617 845 etiam,
1651 796 1770 850 quae
1797 795 1875 834 re-

259 878 426 931 tieere
456 875 663 930 melius
688 884 789 940 est,
823 873 1102 930 acerbiora
1130 873 1456 938 vomuisset,
1479 887 1734 941 egressus
1757 882 1875 927 tan.

255 970 374 1022 dem
407 966 608 1023 furore
637 967 853 1032 satiato,
877 967 1027 1036 quasi
1061 963 1154 1034 qui
1181 979 1242 1020 se
1271 965 1486 1034 penitus
1516 963 1872 1031 vindicasset,

254 1058 478 1130 rapidus
512 1074 582 1113 ea
620 1070 774 1129 parte
811 1073 912 1127 qua
956 1066 1213 1122 venerat,
1245 1055 1600 1116 recurrebat:
1635 1072 1757 1116 cum
1790 1057 1875 1110 in-

257 1163 426 1215 terea,
477 1151 656 1208 credo
703 1166 796 1221 per
836 1149 1048 1205 Martini
1089 1151 1368 1205 orationes
1397 1149 1596 1219 fugatis
1633 1149 1704 1205 ab
1735 1151 1876 1206 illius

255 1246 416 1302 corde
462 1247 843 1312 dmmonibus,
890 1244 1146 1300 reduetus
1191 1246 1244 1299 in
1297 1245 1702 1315 paenitentiam,
1752 1261 1877 1300 mox

256 1341 578 1404 revertitur,
631 1350 800 1410 atque
848 1337 913 1400 ad
953 1337 1166 1401 Martini
1209 1353 1270 1393 se
1312 1352 1489 1409 genua
1539 1339 1874 1407 prosternit:

257 1431 471 1487 veniam
507 1446 778 1500 poscens,
805 1431 1004 1486 fatetur
1033 1446 1303 1497 errorem,
1335 1446 1438 1486 nec
1482 1431 1600 1486 sine
1629 1431 1879 1486 dazmooe

255 1543 312 1582 se
358 1526 534 1582 fuisse
568 1525 796 1582 tandem
838 1526 1023 1580 sanior
1050 1527 1362 1581 confitetur.
1406 1525 1524 1580 Non
1567 1534 1688 1581 erat
1735 1524 1877 1594 apud

256 1621 557 1675 Martinum
607 1621 763 1674 labor
792 1620 893 1674 iste
921 1619 1185 1685 difficilis,
1220 1627 1280 1674 ut
1323 1619 1630 1690 ignosceret
1676 1621 1882 1692 suppli-

256 1715 421 1769 canti.
458 1713 623 1768 'l‘unc
661 1723 716 1768 et
750 1714 934 1783 ipsiet
974 1714 1132 1768 nobis
1162 1713 1414 1772 omnibus
1440 1713 1673 1775 Sanctus
1712 1727 1880 1784 expo-

1981 502 2078 558 tibi
2106 503 2243 558 tanti
2276 506 2387 560 sint
2417 507 2501 560 vel
2539 521 2862 577 magnarum
2903 523 3184 561 morarum
3218 505 3324 561 ulla
3367 505 3591 573 dislien-

1979 597 2064 652 dia
2091 640 2104 664 ,
2135 598 2262 678 quin
2293 598 2410 652 illic
2443 599 2613 654 adeas
2645 599 2916 655 illustrem
2949 601 3128 654 virum
3163 614 3226 654 ac
3259 607 3372 653 toto
3404 597 3591 653 lauda-

1977 699 2090 748 tum
2123 693 2255 750 Orbe
2281 691 2568 754 Paulinum
2597 711 2611 746 :
2642 693 2715 746 illi
2739 735 2755 759 ,
2780 709 2963 763 quaesii
2992 704 3043 748 te
3067 735 3080 758 ,
3116 693 3348 762 primum
3378 705 3590 746 sermo-

1979 785 2063 837 nis
2094 785 2271 839 nostri
2293 827 2306 851 ,
2336 800 2496 854 quem
2526 786 2606 839 vel
2643 787 2900 840 ilt'SlCl'IIO
2932 785 3272 841 conferimus
3304 784 3390 838 vel
3425 784 3591 839 hodie

1978 875 2253 940 diximus,
2296 878 2553 931 volumen
2590 877 2825 932 evolve:
2871 879 2950 932 illi
2993 878 3175 931 omnia
3217 876 3426 932 referes
3453 919 3468 942 ,
3509 876 3586 930 illi

1979 979 2173 1023 cuncta
2215 970 2474 1022 recitabis
2498 1012 2511 1033 ,
2551 978 2609 1023 ut
2643 985 2766 1024 mox
2798 987 2900 1041 per
2935 971 3089 1025 illum
3124 985 3314 1026 sacras
3343 969 3445 1024 viri
3475 971 3595 1024 lau-

1978 1059 2078 1122 des
2105 1058 2278 1123 Roma
2311 1071 2650 1130 cognoscat;
2685 1063 2824 1117 slent
2857 1062 3093 1132 primum
3139 1062 3290 1116 illum
3337 1071 3588 1118 nostrum

1979 1150 2228 1208 libellum
2273 1169 2379 1207 non
2417 1169 2518 1223 per
2567 1153 2776 1208 Italiam
2828 1165 3078 1222 tantum,
3127 1156 3220 1212 sed
3270 1173 3369 1227 per
3419 1167 3591 1212 totum

1982 1247 2145 1302 etiam
2192 1247 2407 1301 diﬂ'ndit
2457 1248 2754 1326 Illyricum.
2806 1249 2898 1304 Ille
2943 1250 3162 1305 Martini
3213 1267 3318 1304 non
3370 1250 3590 1309 invidus

1977 1339 2279 1413 gloriarum
2303 1382 2318 1406 ,
2352 1352 2782 1412 sanctorumque
2812 1343 2866 1397 in
2900 1341 3122 1398 Christo
3154 1345 3414 1399 virtutum
3459 1347 3592 1414 piis-

1983 1439 2154 1492 simus
2201 1438 2536 1504 mstiruator,
2584 1453 2694 1492 non
2744 1438 2946 1493 abnuet
2998 1440 3287 1508 praesulem
3339 1447 3589 1494 nostrum

1983 1546 2109 1584 cum
2133 1545 2234 1584 sne
2265 1529 2445 1585 Felice
2475 1545 2829 1599 componere.
2860 1529 2987 1584 Inde
3014 1532 3057 1583 si
3088 1529 3228 1585 forte
3255 1531 3319 1584 ad
3351 1531 3589 1586 Africam

1985 1622 2397 1690 transfretabis,
2433 1622 2641 1686 referes
2673 1621 2858 1676 audita
2887 1621 3202 1692 Carthagini
3231 1641 3244 1677 :
3281 1623 3410 1677 licet
3445 1625 3590 1693 jam-

1983 1715 2194 1786 pridem
2220 1758 2234 1781 .
2261 1725 2319 1770 ut
2345 1716 2466 1785 ipse
2490 1714 2713 1781 dixisti,
2745 1716 2919 1768 virum
2955 1715 3202 1780 noverit,
3235 1726 3413 1769 tamen
3446 1730 3591 1770 nunc

257 1810 393 1872 suit,
426 1809 684 1879 qualiter
713 1809 863 1864 illum
892 1825 922 1864 a
950 1808 1292 1864 datmonibus
1322 1807 1548 1863 vidisset
1570 1808 1784 1875 agitari,
1820 1824 1878 1864 se
1907 1831 1956 1890 Β
1987 1812 2257 1880 prtt'cipue
2297 1808 2366 1863 de
2409 1822 2476 1862 eo
2514 1808 2666 1877 plura
2709 1817 3040 1877 cognoscat,
3076 1822 3143 1861 ne
3175 1806 3350 1861 solum
3385 1807 3457 1860 ibi
3489 1809 3593 1879 Cy-

255 1903 522 1961 conviciis
578 1919 695 1960 non
748 1906 988 1971 moveri,
1021 1921 1141 1975 quae
1176 1905 1347 1976 magis
1385 1904 1462 1958 illi
1496 1920 1521 1955 τι
1554 1917 1662 1973 quo
1693 1912 1879 1959 essent
1917 1898 1927 1902 ’

256 1999 446 2066 effusa,
482 2001 835 2055 nocuissent.
871 1999 1080 2054 Exinde
1119 2015 1241 2053 cum
1275 2000 1416 2052 idem
1459 1997 1660 2054 Brictio
1693 1997 1877 2060 multis

257 2091 393 2161 apud
427 2107 557 2146 eum
608 2092 929 2162 magnisque
967 2092 1284 2146 criminibus
1317 2105 1558 2161 perszepe
1596 2105 1878 2160 premere-

255 2196 363 2256 tur,
393 2188 519 2258 cogi
562 2200 680 2250 non
725 2186 920 2256 potuit,
953 2196 1011 2240 ut
1038 2201 1160 2244 eum
1207 2202 1236 2240 a
1271 2186 1611 2256 presbyterio
1653 2186 1879 2247 submo-

255 2288 436 2352 veret,
489 2295 565 2346 ne
615 2294 773 2340 suam
807 2278 1064 2350 persequi
1095 2278 1374 2334 videretur
1413 2278 1698 2347 injuriam;
1741 2276 1876 2334 illud

256 2386 396 2446 saepe
429 2387 914 2440 commemorans,
948 2372 1004 2428 Si
1031 2372 1286 2434 Christus
1311 2370 1506 2436 Judam
1534 2385 1729 2443 passus
1752 2380 1874 2439 est,

251 2482 351 2526 cur
386 2481 496 2542 ego
525 2481 646 2531 non
670 2464 852 2538 patiar
876 2464 1250 2530 Brictioncm?

326 2559 467 2623 XVI.
498 2561 592 2624 Ad
626 2561 745 2623 haec
772 2559 1190 2626 Postumianus,
1224 2557 1455 2627 Audiat,
1491 2559 1697 2630 inquit,
1733 2557 1878 2615 istud

255 2653 576 2726 exemplum
611 2665 810 2716 noster
843 2655 945 2711 iste
974 2654 1045 2718 de
1078 2653 1335 2724 proximo
1364 2696 1376 2719 ,
1408 2653 1502 2724 qui
1537 2669 1662 2716 cum
1693 2653 1765 2708 sit
1795 2668 1881 2708 sa..-

255 2747 434 2819 piens.
460 2746 772 2812 immemor
792 2749 1153 2816 prtesentinm
1174 2788 1188 2813 ,
1217 2748 1509 2810 immemor
1531 2744 1836 2812 futurorum
1859 2785 1876 2812 ,

254 2840 298 2897 si
330 2839 490 2902 fuerit
520 2837 780 2904 oﬂ'enSus
800 2881 816 2910 ,
845 2839 1083 2906 insanit,
1113 2844 1166 2896 in
1193 2855 1289 2894 sua
1321 2855 1380 2894 se
1411 2854 1518 2894 non
1545 2839 1755 2896 habens
1784 2853 1880 2907 po-

261 2943 452 3000 testate
477 2951 494 2994 .:
524 2935 698 2996 servit
722 2934 777 2994 in
799 2934 1052 3002 clericos,
1072 2944 1357 3006 grassatur
1381 2934 1434 2990 in
1460 2933 1652 3000 laicos,
1679 2943 1880 2990 totum-

260 3042 358 3096 que
401 3037 695 3091 terrarum
727 3026 920 3093 orbein
954 3026 1010 3090 in
1039 3040 1195 3088 suam
1225 3035 1544 3086 commovet
1573 3027 1876 3089 ultionem:

259 3122 307 3173 in
337 3135 443 3191 qua
465 3135 578 3204 per
608 3119 905 3186 triennium
933 3119 1139 3190 iugiter
1167 3119 1520 3184 dimicatione
1545 3120 1876 3192 consistens,

1981 1901 2232 1970 primum
2267 1905 2564 1968 martyrem
2592 1913 2746 1951 suum
2770 1939 2783 1962 ,
2810 1898 3060 1968 quamvis
3083 1910 3275 1951 sancto
3298 1899 3444 1951 illius
3471 1913 3599 1953 san-

1945 2024 1950 2029 -
1978 1993 2142 2062 guine
2171 1999 2489 2044 consecrata
2512 2032 2526 2054 ,
2555 1989 2806 2044 miretttr.
2832 1988 2950 2042 .Iam
2975 1990 3020 2043 si
3050 1988 3116 2043 ad
3144 1990 3337 2044 laevam
3368 1991 3591 2047 Achaiae

1981 2085 2158 2138 sinum
2184 2084 2460 2152 paululutn
2491 2081 2733 2136 devexus
2758 2081 3073 2148 intraveris,
3098 2081 3237 2136 sciat
3261 2083 3588 2150 Corinthus,

1983 2178 2156 2234 sciant
2181 2178 2448 2242 Athenze,
2481 2193 2588 2232 non
2620 2175 3015 2246 sapientiorem
3050 2177 3102 2230 in
3136 2175 3433 2230 Academia
3469 2176 3592 2230 Pla-

1985 2281 2164 2326 tonem
2187 2312 2203 2336 ,
2233 2283 2336 2323 nec
2364 2269 2647 2323 Socratem
2681 2268 2734 2321 in
2765 2281 2988 2321 carcere
3021 2266 3336 2321 fortiorem:
3371 2267 3587 2323 felicem

1981 2367 2200 2440 quidem
2242 2365 2552 2432 Graaciam,
2598 2381 2719 2438 qua:
2766 2361 2968 2419 meruit
3015 2365 3205 2419 audire
3257 2365 3585 2435 Apostolnm

1986 2459 2372 2530 prmdicantem
2400 2475 2414 2519 ;
2449 2455 2544 2514 sed
2577 2471 2914 2528 neQuaquam
2947 2473 2974 2510 a
3008 2453 3226 2512 Christo
3255 2459 3461 2514 Gallias
3493 2461 3588 2515 de-

1984 2555 2242 2621 relictas,
2286 2553 2487 2624 quibus
2525 2553 2816 2610 donaverit
2855 2552 3059 2610 habere
3101 2554 3411 2611 Martinum.
3446 2555 3583 2612 Cum

1985 2665 2112 2706 vero
2137 2648 2204 2708 ad
2234 2646 2525 2719 Egyptum
2556 2664 2726 2717 usque
2758 2649 3109 2718 perveneris,
3136 2664 3464 2719 quamquam
3495 2652 3585 2708 illa

1982 2760 2208 2802 suorum
2232 2754 2546 2804 sanctorum
2569 2760 2796 2800 numero
2819 2754 2876 2802 et
2906 2745 3200 2801 virtutibus
3228 2747 3298 2802 sit
3324 2747 3582 2818 superba,

1983 2849 2164 2901 tamen
2192 2854 2296 2896 non
2319 2838 2644 2907 dedignetur
2685 2840 2877 2895 audire
2897 2880 2911 2905 ,
2942 2840 3064 2909 quia
3099 2841 3172 2895 illi
3203 2842 3285 2896 vel
3317 2842 3583 2897 universae

1985 2932 2128 2988 Asiae
2168 2934 2219 2988 in
2251 2932 2367 2986 solo
2398 2931 2632 2986 Mat-tino
2665 2932 2875 2998 Europa
2919 2947 3024 2986 non
3056 2933 3306 2988 cesserit.

2058 3024 2240 3088 XVIII.
2283 3023 2552 3082 Caeterum
2583 3041 2706 3082 cum
2740 3025 3176 3098 Hierosolymam
3218 3027 3344 3081 inde
3386 3028 3584 3096 petitu-

1985 3139 2077 3178 rus
2115 3121 2292 3178 ventis
2333 3136 2546 3177 rursum
2585 3121 2700 3175 vela
2741 3121 3121 3187 commiserls,
3157 3122 3436 3191 negotium
3482 3121 3584 3176 tibi

256 3227 355 3269 nec
386 3222 652 3290 tempore
687 3227 789 3274 nec
821 3212 1036 3276 ratione
1066 3212 1326 3276 sedatur:
1359 3211 1596 3272 dolenda
1639 3211 1877 3273 hominis
1907 3233 1951 3295 ρ
1985 3214 2158 3270 nostri
2187 3214 2393 3272 doloris
2422 3213 2669 3282 iniungo,
2699 3221 2787 3276 ut,
2816 3213 2866 3268 si
2889 3227 3146 3282 umquam
3179 3213 3408 3268 illustris
3437 3212 3586 3268 illius

256 3320 308 3362 et
339 3308 668 3372 miseranda
703 3308 982 3379 conditio,
1011 3308 1228 3374 Etiamsi
1262 3309 1362 3368 hac
1403 3310 1516 3371 sola
1559 3309 1878 3368 insanabilis

260 3403 385 3460 muli
416 3414 583 3474 peste
614 3411 987 3472 premeretur.
1021 3402 1218 3462 Verum
1265 3403 1368 3465 ista
1411 3404 1462 3460 ei
1499 3403 1780 3474 patientiae
1824 3411 1881 3460 et

256 3496 692 3566 tranquillitatis
737 3497 990 3572 exempla
1030 3495 1236 3560 referre
1277 3499 1511 3566 sa'pius,
1554 3494 1742 3562 Galle,
1787 3494 1881 3556 de,

263 3587 495 3662 bueras,
535 3597 600 3643 ut
635 3586 886 3650 nesciret
913 3587 1078 3644 irasci
1119 3596 1176 3650 et
1211 3588 1384 3646 sciret
1425 3587 1738 3658 ignoscere.
1779 3586 1878 3654 Qui

259 3684 300 3739 si
343 3682 512 3744 istum
550 3683 740 3752 ipsum
775 3680 1016 3744 breviter
1052 3680 1320 3742 insertum
1351 3695 1665 3736 sermonem
1699 3694 1880 3738 meum

259 3774 310 3838 in
360 3791 420 3834 se
466 3775 762 3856 prolatum
809 3775 952 3830 forte
993 3774 1356 3846 cognoverit,
1397 3773 1536 3830 sciat
1574 3791 1677 3830 non
1712 3773 1884 3843 magis

261 3885 357 3926 ore
388 3869 613 3935 inimici
647 3881 810 3938 quam
843 3867 1004 3931 amici
1047 3869 1232 3930 animo
1271 3882 1359 3924 me
1392 3867 1671 3928 locutum:
1715 3867 1842 3936 quia
1867 3905 1881 3934 ,

259 3963 305 4024 si
335 3963 455 4028 ﬁeri
488 3971 723 4032 posset,
755 3971 1036 4029 optarem,
1069 3969 1127 4014 ut
1156 3961 1396 4018 Martino.
1420 3960 1598 4030 potius
1621 3959 1884 4032 episcopo

260 4073 420 4127 quam
449 4055 688 4115 Phalari
716 4064 949 4134 tyranno
993 4055 1196 4110 similis
1222 4055 1518 4112 diceretur.
1552 4054 1659 4116 Sed
1694 4055 1880 4117 istum.

262 4152 419 4220 cujus
447 4149 929 4206 commemoratio
955 4165 1143 4218 parum
1169 4150 1350 4203 suavis
1377 4158 1490 4217 est,
1521 4158 1882 4219 transeamus,

259 4255 314 4306 et
345 4245 412 4309 ad
445 4244 756 4309 Martinum
784 4252 1065 4312 nostrum,
1091 4241 1281 4309 Galle,
1312 4241 1625 4298 redeamus.

332 4336 508 4400 XVII.
546 4337 694 4400 Tum
737 4349 872 4406 ego,
901 4351 1024 4402 cum
1053 4335 1164 4408 jam
1197 4335 1392 4391 adesse
1423 4350 1707 4405 vesperam
1739 4336 1885 4394 occi-

258 4431 366 4495 duo
397 4429 524 4490 sole
556 4427 833 4490 sentirem
854 4467 871 4494 ,
904 4427 1060 4494 Dies,
1093 4428 1347 4498 inquam,
1381 4427 1546 4493 abiit,
1580 4427 1888 4484 Postumia-

260 4539 363 4588 ne;
399 4525 754 4591 surgendum
781 4529 899 4582 est:
931 4519 1094 4582 simul
1125 4530 1231 4578 tam
1261 4519 1524 4577 studiosis
1546 4519 1889 4583 auditoribus

1988 3305 2338 3374 Ptolemaidis
2368 3306 2519 3360 littus
2548 3306 2874 3372 accesseris,
2897 3305 3171 3361 sollicitus
3196 3304 3465 3375 inquiras,
3489 3307 3582 3360 ubi

1982 3400 2054 3456 sit
2081 3398 2433 3466 consepultus
2462 3407 2649 3454 noster
2681 3396 2772 3452 ille
2805 3396 3172 3465 Pomponius,
3203 3410 3303 3452 nec
3333 3394 3582 3452 fastidias

1985 3495 2204 3550 visitare
2229 3509 2352 3552 ossa
2383 3493 2690 3564 peregrina.
2714 3492 2906 3554 Multas
2937 3492 3044 3546 illic
3073 3491 3343 3563 lacrymas
3374 3502 3482 3546 tam
3513 3503 3583 3546 ex

1982 3587 2182 3644 affectu
2225 3598 2315 3642 tuo
2357 3603 2519 3657 quam
2564 3602 2629 3640 ex
2673 3583 2876 3640 nostris
2908 3584 3072 3644 funde
3104 3585 3446 3642 visceribus:
3480 3600 3580 3651 ac,

1984 3681 2106 3740 licet
2137 3682 2282 3738 inani
2326 3698 2584 3748 munere,
2616 3681 2792 3738 solum
2829 3683 3002 3750 ipsum
3045 3680 3182 3735 flore
3225 3695 3499 3751 purpureo
3529 3689 3584 3736 et

1985 3793 2155 3832 suave
2181 3776 2554 3836 redolentibus
2581 3791 2774 3847 sparge
2805 3776 3170 3846 graminibus.
3205 3776 3366 3831 Dices
3401 3786 3582 3832 tamen

1987 3871 2106 3937 illi,
2141 3872 2236 3926 sed
2271 3887 2380 3934 non
2411 3886 2637 3940 aspere,
2672 3885 2780 3926 non
2820 3870 3055 3935 acerbe,
3087 3867 3473 3938 compatiuntis
3503 3865 3586 3922 al-

1987 3966 2192 4036 loquio,
2218 3978 2324 4018 non
2347 3963 2731 4031 exprobrantis
2754 3962 2967 4032 elogio:
2994 3961 3136 4030 quod
3159 3962 3203 4016 si
3229 3960 3312 4020 vel
3336 3970 3387 4014 te
3409 3976 3587 4030 quon-

1987 4057 2110 4114 dam
2133 4099 2150 4125 ,
2182 4057 2264 4112 vel
2293 4073 2381 4120 me
2407 4072 2625 4127 semper
2650 4057 2844 4114 audire
2881 4056 3182 4122 voluisset,
3212 4065 3267 4110 et
3295 4055 3584 4112 Martimtm

1988 4150 2161 4218 magis
2205 4165 2367 4220 quam
2415 4150 2564 4207 illttm
2591 4190 2604 4214 ,
2653 4165 2812 4218 quem
2859 4151 3148 4204 nominare
3190 4149 3353 4212 nolo,
3395 4147 3587 4205 fuisset

1990 4242 2266 4303 imitatus:
2298 4257 2591 4311 numquam
2619 4256 2649 4296 a
2678 4256 2764 4296 me
2791 4249 2899 4300 tam
2928 4240 3229 4294 crudeliter
3253 4240 3584 4308 disparatus,

1991 4336 2159 4406 ignoti
2201 4336 2442 4406 pulveris
2471 4344 2621 4407 syrte
2651 4343 2948 4403 tegeretur,
2985 4330 3231 4401 naufragi
3264 4343 3415 4386 sorte
3445 4346 3592 4400 pras—

1990 4429 2149 4486 donis
2177 4443 2370 4500 passus
2401 4430 2453 4486 in
2486 4428 2666 4490 medio
2698 4426 2834 4482 mari
2877 4436 3139 4490 mortem,
3184 4433 3235 4478 et
3270 4424 3358 4480 vix
3400 4423 3454 4482 in
3496 4439 3590 4482 ex-

1995 4534 2171 4580 tremo
2203 4531 2393 4580 nactus
2425 4520 2609 4580 littore
2639 4520 2996 4589 sepulturam.
3028 4515 3263 4572 Videant
3305 4515 3411 4571 hoc
3451 4530 3592 4584 opus

258 4633 420 4678 creua
446 4617 719 4683 debetur.
748 4614 824 4674 De
846 4615 1078 4676 Martino
1103 4626 1283 4674 autem
1311 4626 1636 4686 exapertare
1664 4633 1771 4672 non
1798 4615 1892 4672 de-z-
1918 4625 1969 4684 D
1995 4633 2152 4673 suum
2175 4655 2189 4682 ,
2229 4616 2560 4687 quicumque
2605 4629 2670 4668 ex
2717 4613 2866 4668 illius
2909 4612 3170 4666 abscessu
3220 4609 3352 4664 mihi
3395 4624 3596 4666 nocere

259 4709 391 4776 bes,
425 4719 486 4774 ut
519 4708 634 4764 ulla
671 4709 745 4764 sit
786 4716 926 4764 meta
971 4706 1282 4772 referendi:
1319 4710 1482 4766 latius
1514 4709 1605 4765 ille
1633 4710 1891 4770 dilfundi-

262 4813 375 4876 tur,
413 4819 588 4875 quam
625 4811 690 4864 ut
723 4800 836 4860 ullo
867 4802 1046 4866 valeat
1077 4817 1332 4866 sermone
1359 4803 1630 4860 concludi.
1661 4805 1772 4860 Ista
1809 4806 1892 4864 in-

262 4897 432 4954 terim
463 4895 538 4956 de
571 4894 675 4950 illo
703 4892 821 4956 viro
853 4895 1095 4964 portabis
1122 4893 1365 4960 Orienti,
1395 4904 1450 4952 et
1474 4895 1601 4957 dum
1629 4897 1891 4966 recurris,

263 4986 646 5057 diversasque
682 4985 936 5054 regiones
959 5027 974 5049 ,
1007 4985 1128 5048 loca
1152 5024 1166 5052 ,
1201 4998 1391 5056 portus
1415 5029 1430 5054 ,
1465 4987 1672 5048 insulas
1705 4988 1893 5044 urbes-

263 5096 370 5153 que
406 5079 800 5164 pra-terlegis,
831 5080 1045 5144 Martini
1087 5097 1284 5146 nomen
1330 5090 1385 5140 et
1425 5084 1657 5154 gloriam
1698 5100 1894 5156 sparge

263 5190 365 5250 per
389 5176 662 5248 populos.
693 5173 968 5243 Imprimis
994 5184 1272 5240 memento
1293 5190 1398 5233 non
1423 5180 1708 5249 praeterire
1731 5179 1896 5242 Cum.

1998 4712 2328 4770 voluerunt:
2362 4711 2582 4766 videant
2619 4710 2851 4781 gloriam
2890 4721 3042 4762 suam
3065 4745 3081 4772 ,
3115 4715 3172 4760 et
3201 4704 3282 4761 vel
3329 4719 3474 4761 nunc
3503 4703 3598 4759 ad-

2001 4821 2216 4865 versum
2267 4821 2353 4864 me
2394 4805 2632 4874 grassari
2674 4801 2930 4857 desinant
2974 4799 3256 4855 vindicati.
3307 4797 3432 4852 llaec
3473 4812 3596 4853 cum

1997 4901 2232 4956 maxime
2262 4898 2430 4954 flebili
2465 4912 2595 4952 voce
2635 4910 3014 4965 gemeremus,
3049 4892 3297 4951 omnium
3340 4891 3601 4963 lacrymis

1995 5010 2094 5065 per
2123 5004 2306 5049 nostra
2350 4993 2582 5048 lamenta
2623 4991 2951 5053 commotis,
2980 5004 3102 5042 cum
3149 5002 3343 5057 magna
3375 4985 3598 5055 quidem

1995 5086 2211 5143 Martini
2239 5084 2622 5149 admiratione,
2657 5084 2754 5140 sed
2784 5097 2894 5138 non
2926 5081 3140 5136 minore
3170 5094 3233 5134 es
3270 5077 3472 5131 nostris
3499 5075 3598 5130 lle-

2001 5179 2148 5236 tibus
2179 5177 2373 5234 dolore
2396 5216 2412 5243 ,
2445 5176 2749 5234 discessum
2783 5187 2890 5230 est.

1691 5497 2236 5584 «mm»
