4056 6340
477 336 589 395 223

1436 344 1788 402 APPENDIX
1829 346 1921 402 AD
1961 346 2193 404 OPERA
2234 347 2527 406 SULPICII
2568 350 2846 410 SEVERI.

3681 358 3785 414 224

507 481 3774 518 NW

1682 700 2618 830 APPENDIX

1317 1099 2174 1252 SULPICII
2275 1102 2987 1253 SEVERI

1039 1359 1551 1451 OPERUM
1625 1364 2299 1449 EDITIONEM
2374 1358 3241 1467 VERONENSEM,

1813 1554 1955 1624 oua
1994 1552 2485 1611 CONTINENTUR

1536 1722 2363 1833 EPISTOL/E
2516 1722 2755 1827 VII

1818 1946 2031 1998 ANTEA
2063 1944 2444 1997 EVULGAT/E.

1902 2084 2377 2139 -οθθῆἰὲἱβιέ-ο-
2454 2140 2469 2151 ἀ

977 2249 1314 2307 EPISTOLA
1360 2246 1590 2305 PRIMA.

869 2385 937 2424 AD
975 2384 1246 2425 CLAUDIAM
1286 2382 1530 2424 SOROREI
1570 2382 1727 2423 SUAII.

1016 2486 1094 2540 De
1132 2487 1315 2541 ultimo
1346 2486 1571 2559 judicio.

558 2622 599 2676 Ι.
632 2622 811 2678 Lectis
835 2623 1086 2692 epistolis
1114 2623 1221 2677 tuis
1244 2665 1259 2689 ,
1290 2623 1465 2678 multo
1490 2622 1653 2677 modo
1682 2632 1986 2693 permotum
2015 2624 2092 2677 af-

484 2718 686 2771 fectum
712 2718 970 2789 lacrymis
994 2726 1182 2773 tenere
1206 2734 1311 2772 non
1339 2718 1509 2789 potui.
1536 2718 1668 2773 Nam
1694 2729 1747 2773 et
1773 2718 1971 2790 gaudio
1996 2718 2091 2773 lle-

489 2809 614 2865 bam
645 2811 789 2880 quod
827 2820 879 2866 te
909 2810 1205 2865 secundum
1234 2811 1447 2865 Domini
1478 2812 1577 2866 Dei
1611 2813 1778 2867 nOSIri
1815 2822 2087 2881 praecepta

486 2905 674 2960 vivere
706 2919 773 2959 ex
803 2920 1059 2960 sermone
1098 2906 1219 2975 ipso
1251 2907 1555 2961 litterarum
1591 2915 1805 2961 tuarum
1842 2916 2086 2976 poteram

486 3016 820 3072 agnoscere,
862 3011 917 3056 et
961 3016 1059 3071 pro
1098 3001 1381 3057 desiderio
1423 3004 1497 3057 tui
1543 3020 1649 3055 non
1698 3012 1939 3073 poteram
1981 3019 2086 3057 non

485 3092 705 3154 dolere.
731 3094 876 3164 quod
902 3103 927 3130 ει
952 3109 1047 3164 per
1069 3110 1336 3148 summam
1365 3111 1393 3148 a
1428 3106 1479 3150 te
1506 3094 1756 3163 injuriam
1786 3096 2085 3161 alienabar,

485 3187 532 3241 si
566 3187 779 3241 litteras
812 3203 916 3243 non
952 3188 1217 3243 misisses.
1262 3187 1378 3241 Tali
1408 3204 1542 3258 ergo
1573 3203 1765 3244 sorore
1798 3206 1902 3243 non
1939 3189 2086 3245 frue-

486 3280 614 3334 rer?
646 3279 844 3335 Testor
873 3289 1058 3335 autem
1090 3281 1320 3336 salutem
1358 3290 1503 3335 tuam
1529 3325 1543 3349 ,
1597 3299 1841 3353 persazpe
1884 3284 1949 3338 ad
1993 3299 2091 3338 vos

487 3376 861 3445 venire‘volui
887 3419 900 3442 ,
935 3376 1029 3431 sed
1065 3392 1236 3447 usque
1267 3377 1444 3431 adhuc
1476 3378 1771 3448 impeditus
1805 3394 1923 3433 sum
1947 3420 1961 3443 ,
1996 3380 2093 3433 ob-

484 3470 718 3525 sistente
749 3486 815 3525 eo
841 3473 933 3542 qui
966 3472 1251 3526 consuevit
1280 3472 1571 3527 obsiSIere.
1618 3473 1748 3527 Nam
1781 3483 1833 3527 et
1867 3473 2093 3528 festina-

486 3560 608 3615 bam
651 3561 928 3617 desiderio
969 3578 1093 3617 meo
1136 3563 1190 3617 in
1237 3575 1325 3617 tuo
1372 3574 1593 3634 aspectu
1638 3566 1992 3630 satisfacere;
2040 3575 2093 3621 et

2115 2251 2167 2309 Α
2193 2247 2371 2303 cultor
2397 2247 2645 2317 accipiat.
2679 2247 2937 2319 Alioquin
2972 2263 3070 2303 nec
3100 2255 3313 2317 partem
3344 2246 3726 2320 consequitur,
3756 2250 3801 2305 si
3832 2244 3838 2250 ’

2197 2356 2262 2396 ex
2290 2350 2443 2409 parte
2465 2342 2782 2396 cessaverit.
2809 2340 2941 2394 Nam
2968 2343 3109 2395 sicut
3134 2357 3161 2395 a
3196 2349 3418 2410 peccato
3442 2342 3509 2395 ad
3533 2343 3801 2413 justitiam

2198 2433 2511 2504 fugiendum
2542 2443 2653 2499 est,
2686 2434 2757 2487 ita
2793 2442 2848 2487 et
2877 2435 2967 2503 qui
2998 2434 3268 2503 justitiam
3304 2434 3467 2488 fuerit
3498 2436 3802 2505 ingressus,

2196 2544 2264 2584 ne
2299 2538 2523 2599 peccato
2554 2538 2735 2596 pateat
2763 2528 3203 2598 praecavendum.
3236 2528 3511 2598 Scriptum
3543 2528 3688 2584 enim
3723 2538 3802 2585 est

2190 2622 2338 2693 justo
2368 2622 2586 2693 (Ezerh.
2616 2638 2787 2685 xvut,
2812 2621 2881 2675 24
2902 2665 2914 2684 ,
2939 2620 3034 2692 ‘26)
3054 2664 3067 2685 ,
3100 2620 3152 2674 in
3187 2637 3291 2691 qua
3323 2622 3413 2676 die
3438 2625 3800 2690 exerraverit,

2188 2718 2453 2787 justitiam
2497 2732 2602 2771 non
2647 2716 3007 2785 profuturam.
3053 2714 3108 2769 In
3150 2716 3253 2770 hoc
3297 2718 3461 2787 igitur
3494 2718 3797 2773 consisten-

2194 2810 2320 2865 dum
2352 2821 2463 2875 est,
2501 2812 2552 2863 in
2586 2810 2689 2864 hoc
2722 2809 3080 2863 laborandum
3102 2852 3114 2875 ,
3152 2825 3217 2864 ne
3248 2812 3336 2880 qui
3371 2820 3591 2880 peccata
3625 2812 3800 2866 evasi—

2194 2920 2347 2969 mus,
2382 2904 2603 2974 prreniia
2637 2911 2819 2972 parata
2854 2903 3175 2973 perdamus.
3210 2902 3325 2958 Stal
3360 2905 3506 2958 enim
3537 2904 3803 2960 adversus

2194 3015 2294 3053 nos
2324 3009 2543 3067 paratus
2570 2998 2851 3063 inimicus,
2880 3009 2935 3052 ut
2966 2998 3226 3052 nudatum
3255 2998 3380 3051 fidei
3409 2998 3649 3054 umbone
3681 3016 3803 3055 mox

2194 3095 2371 3149 feriat.
2405 3092 2523 3147 Non
2555 3092 2896 3161 abjiciendus
2927 3101 3012 3147 est
3038 3092 3220 3161 itaque
3262 3093 3525 3164 clypeos.
3560 3110 3630 3148 ne
3667 3094 3803 3149 latus

2194 3198 2396 3259 pateat.
2430 3186 2549 3242 Non
2582 3188 2945 3243 remittendus
2975 3198 3057 3243 est
3088 3188 3297 3257 gladius
3321 3231 3333 3253 ,
3370 3204 3436 3244 ne
3467 3189 3642 3243 hostis
3676 3190 3804 3245 inci-

2194 3287 2305 3355 piat
2336 3302 2442 3339 non
2478 3287 2687 3339 timere.
2722 3283 2897 3339 Porro
2936 3300 3059 3338 cum
3102 3292 3369 3338 armatum
3413 3284 3644 3350 viderit,
3686 3285 3801 3339 abi-

2197 3381 2291 3434 bit.
2327 3380 2434 3434 Nec
2466 3379 2777 3449 ignoramus
2826 3378 3018 3431 durum
3047 3394 3167 3433 esse
3198 3393 3262 3431 ac
3291 3376 3512 3433 difficile
3543 3378 3803 3433 adversus

2194 3488 2414 3527 carnem
2448 3481 2501 3525 et
2532 3471 2789 3526 sarculum
2823 3471 3065 3541 quotidie
3095 3470 3378 3525 dimicare.
3421 3470 3526 3524 Sed
3560 3470 3606 3523 si
3648 3481 3803 3527 mter—

2197 3558 2419 3619 nitatem
2453 3566 2658 3632 cogites
2680 3606 2693 3627 ,
2730 3563 2773 3617 si
2807 3564 3068 3617 calorum
3101 3578 3264 3631 regna
3296 3563 3616 3618 consideres
3640 3605 3654 3623 .
3686 3580 3802 3634 qua!

486 3669 629 3724 opus
658 3655 867 3709 Domini
897 3656 1068 3709 nostri
1098 3657 1240 3710 inter
1269 3672 1366 3710 nos
1394 3657 1570 3712 obiter
1594 3659 1914 3714 videbamur
1941 3670 2089 3713 actu-
2122 3658 2167 3715 B
2196 3658 2380 3722 utique
2408 3656 2564 3709 nobis
2592 3656 2850 3709 Dominus
2880 3655 3006 3709 licet
3034 3655 3409 3721 peceatorihus
3440 3666 3701 3725 praestare
3727 3657 3804 3710 di-

491 3751 573 3815 ri,
608 3764 729 3803 cum
761 3751 902 3804 alter
932 3751 1161 3803 alterum
1192 3751 1529 3804 consolando
1551 3794 1565 3815 ,
1612 3754 1819 3806 calcata
1862 3767 1890 3805 a
1933 3752 2092 3805 nobis

497 3844 641 3900 mole
689 3845 874 3898 smculi
904 3886 917 3909 ,
969 3846 1292 3900 viveremus.
1343 3846 1447 3901 Sed
1488 3846 1599 3915 jam
1647 3846 1895 3900 veniendi
1930 3846 2088 3900 diem

493 3946 823 4007 tempusque
874 3953 984 3992 non
1014 3948 1217 4004 statuo,
1253 3940 1379 4008 quia
1405 3942 1855 4010 quotiescumque
1884 3940 2047 3993 statui
2076 3982 2089 4006 ,

489 4030 721 4100 implere
749 4047 855 4085 non
884 4033 1051 4101 potui.
1072 4033 1286 4087 Domini
1306 4035 1563 4102 opperiar
1577 4035 1940 4095 voluntatem;
1969 4048 2093 4102 spe-

491 4139 664 4194 roque
695 4125 838 4195 quod
873 4125 1010 4180 meis
1040 4127 1185 4181 votis
1215 4137 1269 4180 et
1300 4126 1639 4180 orati0nibus
1668 4125 1774 4181 tuis
1804 4125 1872 4181 de
1904 4135 2089 4181 nostra

490 4231 594 4272 nos
626 4216 860 4272 fructum
893 4233 1091 4289 capere
1122 4219 1285 4273 faciat
1310 4216 1337 4255 δ
1369 4218 1801 4287 perseverantia.

565 4309 630 4365 ll.
661 4309 932 4367 Caeterum
962 4312 1107 4383 quod
1136 4328 1163 4365 a
1195 4326 1283 4365 me
1315 4312 1368 4364 in
1399 4309 1650 4364 omnibus
1679 4309 1927 4380 epistolis
1957 4325 2091 4381 quas

489 4403 557 4458 ad
602 4414 653 4460 te
684 4406 938 4461 miseram
971 4410 1096 4458 vita:
1134 4420 1198 4459 ac
1240 4403 1363 4458 fidei
1407 4412 1514 4457 tua:
1560 4412 1831 4473 praecepta
1875 4403 2092 4459 deside-

488 4513 658 4564 rans,
710 4499 822 4568 jam
884 4514 982 4568 per
1034 4495 1406 4550 assiduitatem
1460 4496 1788 4565 scriptorum
1842 4510 2091 4549 meorum

488 4592 657 4647 verba
687 4590 1002 4657 coosumpsi
1023 4630 1037 4653 ,
1069 4589 1206 4641 nihil
1236 4602 1434 4640 novum
1468 4588 1562 4641 tibi
1596 4587 1899 4641 rescribere
1931 4589 2093 4641 modo

492 4697 713 4753 possum
744 4680 888 4751 quod
919 4688 1045 4733 ante
1078 4693 1182 4732 non
1216 4677 1553 4746 scripserim.
1602 4678 1667 4732 Et
1696 4692 1829 4731 sane
1860 4679 2093 4745 pr0pitio

492 4776 603 4832 Deo
644 4776 756 4847 jam
805 4790 911 4828 non
962 4772 1173 4841 indiges
1213 4771 1534 4837 admoneri,
1583 4787 1703 4841 qum
1749 4771 1909 4824 fidem
1956 4773 2094 4826 inter

490 4870 759 4941 principia
790 4880 1183 4920 consutnmans
1204 4906 1217 4929 ,
1248 4863 1502 4918 devotam
1538 4866 1589 4917 in
1620 4863 1839 4919 Christo
1867 4864 2095 4921 exhibes

490 4964 839 5019 charitatem.
872 4960 1047 5016 Unum
1081 4968 1262 5013 tamen
1296 4972 1523 5024 moneo,
1560 4975 1629 5013 ne
1661 4969 1976 5013 transcursa
2010 4976 2094 5015 re-

2194 3750 2474 3821 gnahitur,
2506 3764 2625 3820 qum
2656 3747 2871 3802 tandem
2902 3748 3168 3817 condigna
3201 3749 3379 3817 passio
3408 3758 3491 3802 est
3518 3765 3622 3817 qua
3657 3757 3801 3803 tanta

2196 3848 2547 3899 mereamur?
2592 3844 2888 3898 antamen
2938 3854 3114 3897 autem
3164 3844 3215 3897 in
3263 3843 3364 3896 hoc
3406 3843 3610 3898 mundo
3655 3844 3800 3912 parvi

2198 3936 2457 4005 temporis
2487 3943 2589 3990 est.
2636 3935 2764 3988 Nam
2799 3934 2899 3990 etsi
2930 3949 3078 3989 mors
3110 3950 3216 3988 non
3249 3933 3547 4000 succedat,
3582 3944 3800 3989 senecta

2196 4029 2470 4083 succedet.
2521 4028 2799 4083 Labuntur
2842 4029 3000 4091 anni,
3050 4030 3223 4082 linunt
3270 4038 3557 4097 tempora,
3610 4038 3699 4095 et,
3749 4039 3803 4084 ut

2196 4141 2356 4195 spero
2376 4167 2392 4191 ,
2428 4126 2686 4179 Dominus
2713 4124 2871 4179 Jesus
2900 4134 3171 4193 tamquam
3201 4122 3549 4177 desideratos
3581 4124 3683 4178 sibi
3715 4138 3801 4178 ce-

2197 4220 2384 4275 leriter
2412 4220 2650 4274 vocabit.

2268 4312 2354 4367 111.
2380 4312 2425 4367 0
2452 4328 2612 4382 quam
2644 4311 2767 4367 felix
2794 4312 2886 4367 ille
2913 4322 3099 4366 noster
3124 4324 3402 4373 excessus,
3426 4324 3548 4365 cum
3578 4321 3600 4348 ο
3626 4325 3654 4364 a
3685 4310 3804 4367 labe

2197 4404 2403 4474 peccati
2448 4404 2689 4459 melioris
2733 4404 2859 4458 vitae
2902 4404 3320 4459 conversatione
3369 4413 3625 4473 purgatos
3674 4403 3802 4460 sede

2196 4510 2291 4549 sua
2340 4512 2438 4550 nos
2480 4495 2729 4550 Christus
2773 4495 3045 4565 excipiet!
3091 4496 3397 4551 Occurrent
3440 4506 3709 4568 martyres
3750 4507 3803 4552 et

2200 4588 2511 4658 pr0phetze,
2545 4585 2571 4623 ἀ
2605 4597 2893 4659 tangentur
2942 4589 3213 4657 apostoli,
3245 4588 3556 4659 gaudebunt
3586 4590 3799 4662 angeli,

2198 4680 2526 4734 lzetabuntur
2553 4681 2884 4752 archangeli,
2912 4682 3194 4752 victusque
3220 4682 3453 4736 Satanas
3479 4696 3709 4738 cruento
3735 4683 3798 4738 li-

2200 4780 2287 4825 cet
2313 4786 2409 4827 ore
2438 4772 2689 4841 pallehit;
2720 4775 2920 4843 quippe
2951 4776 3041 4845 qui
3075 4776 3236 4829 etiam
3280 4783 3462 4828 nostra
3484 4818 3497 4841 ,
3532 4792 3657 4846 qua:
3702 4778 3801 4832 sibi

2198 4866 2251 4920 in
2285 4867 2441 4922 nobis
2474 4878 2904 4937 prmparaverat,
2952 4876 3173 4938 peccata
3218 4868 3534 4937 perdiderit.
3584 4868 3802 4925 Videbit

2198 4961 2425 5031 gloriam
2452 4975 2769 5016 concessam
2800 4977 2893 5030 per
2919 4962 3154 5025 veniam,
3188 4962 3380 5015 merita
3411 4962 3675 5017 honorata
3709 4978 3801 5032 per

494 5069 679 5131 petas,
726 5072 792 5111 ne
832 5062 1141 5123 coxitempta
1187 5052 1497 5118 desideres;
1547 5068 1613 5108 ne
1653 5070 1871 5108 manum
1911 5065 2093 5110 aratro
2122 5060 2166 5124 (ς
2200 5053 2449 5125 gloriam.
2482 5053 2591 5109 Nos
2638 5055 3093 5123 triumphabimus
3142 5054 3297 5108 hoste
3325 5063 3619 5122 superato,
3656 5063 3679 5090 ε
3712 5053 3802 5108 ubi

494 5152 745 5205 inserens
773 5146 922 5216 (Luc.
946 5162 1019 5213 lx,
1045 5145 1161 5213 6:2),
1191 5155 1496 5200 retrorsum
1521 5161 1783 5201 conversa
1811 5147 2091 5217 respicias.

495 5244 614 5311 Quo
644 5241 831 5311 utique
864 5241 916 5294 in
950 5250 1001 5295 te
1030 5241 1294 5294 redeunte
1326 5239 1480 5307 vitio,
1510 5241 1758 5296 ordinem
1799 5256 1957 5297 suum
1998 5259 2095 5297 ne.—

494 5350 650 5391 cesse
678 5344 761 5390 est
790 5334 971 5389 sulcus
1000 5335 1249 5399 amittat,
1283 5348 1383 5389 nec
1413 5349 1544 5391 sane
1574 5336 1889 5392 mercedem
1935 5352 2088 5393 suam

570 5541 594 5568 ει
624 5530 728 5586 Per
753 5546 1002 5583 summam
1028 5547 1060 5583 a
1083 5539 1131 5583 te
1158 5528 1426 5600 injuriam.
1458 5528 1977 5600 FortasserSeverus
2000 5543 2095 5580 vo-

496 5603 649 5659 culas
674 5620 705 5657 a
732 5613 777 5655 te
807 5599 1339 5671 postposuerat'mci
1388 5601 1654 5671 injuriam.
1693 5599 1790 5653 Vix
1839 5600 1983 5653 enim
2016 5600 2089 5654 fe-

496 5686 627 5731 runt
657 5689 815 5728 aures
846 5674 1110 5744 ejusmodi
1146 5674 1492 5744 metathesin.
1529 5672 1696 5744 (lusa.

567 5746 594 5785 ι’
635 5742 1051 5811 Perseverantia.
1086 5745 1212 5815 Leg.
1251 5743 1543 5813 praesentia.
1590 5742 1792 5795 Bacuz.
1826 5772 1896 5781 —
1928 5742 2094 5815 [’51qu

497 5828 623 5876 ante
654 5818 906 5881 reseripsi
940 5834 1061 5874 Cum
1088 5810 1306 5871 ΒειῙιιῑῖυ
1339 5818 1615 5879 Opperiar;
1651 5828 1747 5878 pro
1779 5828 1887 5881 quo
1923 5810 2095 5867 (Ἄιδι-ἰαί

498 5890 591 5945 cus
616 5924 624 5953 ,
662 5890 921 5955 oupmor.

2194 5159 2321 5206 tunc
2352 5149 2539 5205 mundi
2574 5150 2732 5204 istius
2762 5150 3037 5219 sapientes
3065 5148 3422 5211 ridebuntur;
3456 5147 3549 5201 ubi
3582 5162 3799 5216 avarus,

2191 5247 2279 5303 ubi
2308 5246 2541 5313 adulter,
2574 5246 2665 5300 ubi
2696 5246 2924 5312 impius,
2955 5242 3044 5297 ubi
3073 5242 3357 5308 ebriosus,
3387 5241 3477 5297 ubi
3505 5243 3801 5298 maledicus

2192 5348 2669 5411 recognoscentur.
2696 5337 2837 5405 Quid
2865 5335 3049 5391 miseri
3081 5352 3178 5405 pro
3210 5352 3308 5391 sua
3336 5336 3660 5395 defensione
3688 5339 3800 5393 dicc

2280 5538 2301 5564 η
2336 5526 2379 5579 Α
2408 5524 2520 5577 labe
2550 5523 2876 5593 peccati..."
2901 5530 3164 5593 purgatos.
3195 5521 3287 5575 His
3320 5523 3502 5577 affinia
3529 5534 3647 5575 sunt
3681 5539 3795 5593 qua:

2206 5597 2369 5652 habet
2392 5597 2629 5650 Severus
2647 5594 2711 5647 de
2732 5592 2849 5647 Vita
2869 5593 2932 5647 B.
2958 5592 3170 5646 Μανιὺηὶ
3192 5610 3313 5660 cap.
3341 5597 3405 5648 13
3426 5614 3437 5647 :
3457 5597 3680 5665 Antiqua
3706 5595 3795 5647 de-

2207 5670 2328 5723 licta
2356 5667 2583 5719 melioris
2605 5666 2719 5737 vim?
2739 5668 3127 5720 conversatfone
3152 5668 3363 5737 purgari
3412 5667 3476 5721 Η.
3506 5684 3571 5721 DE
3595 5668 3792 5721 PBATO.

2274 5737 2299 5775 ιι
2334 5736 2800 5810 ΤαηςεηιιιτεἌπξὸ
2829 5745 2994 5793 κοινοῦ
3017 5779 3030 5799 ,
3063 5736 3599 5810 thi‘iaafticielttttr.

2280 5820 2300 5845 ’³
2338 5808 2600 5861 Ubinam.
2633 5809 2825 5861 Clerici
2858 5810 3027 5863 editio
3054 5808 3348 5875 mendose,
3378 5808 3463 5864 ubi
3492 5816 3650 5863 nunc.
