4056 6340
139 307 315 363 .225

881 302 1105 370 EPIST.
1147 309 1167 364 ι
1207 300 1412 366 suer.
1455 303 1730 372 SEVERI,
1775 301 1868 360 AD
1904 287 2267 362 CLAUDIAM
2309 292 2652 364 soaotuau
2691 305 2907 364 sum.

3459 302 3571 364 226

221 422 316 478 turi
346 420 516 477 sunt!
550 422 903 482 Nescivimus
932 437 1004 496 te,
1031 428 1284 494 Domine,
1316 435 1368 482 te
1398 425 1451 482 in
1485 423 1690 479 mundo
1718 436 1842 476 esse
1870 429 1918 485 Α
1949 419 2060 476 dixi
2095 439 2107 475 :
2156 419 2488 477 Desiderium
2531 433 2872 496 peccatorum
2916 420 3103 493 peribit
3153 417 3272 494 (Ps.
3297 437 3408 490 cst,
3449 422 3562 492 lO),

218 529 318 568 non
346 512 621 570 vidimus.
663 515 966 586 Prophetas
1003 534 1110 574 non
1151 517 1384 584 misisti,
1423 516 1597 586 legem
1637 513 1840 569 saeculo

216 624 315 663 n0n
341 607 578 662 dedisti.
607 609 954 668 Patriarchas
976 629 1083 670 non
1108 612 1367 677 vidimus,
1394 620 1708 667 sanctorum
1733 625 1840 665 non

217 700 440 769 legimus
487 703 782 773 exempla.
823 704 1074 762 Christus
1117 715 1243 760 tuus
1286 705 1340 760 in
1383 712 1526 759 terra
1561 716 1670 756 non
1701 699 1838 770 fuit,

216 795 400 852 Petrus
430 797 620 851 tacuit
643 839 658 863 ,
689 797 892 853 Paulus
921 799 1095 854 noluit
1123 798 1454 870 praedicare,
1489 795 1844 866 Evangelista

218 905 315 945 non
343 889 542 944 docuit
574 932 592 958 ,
629 902 906 964 martyres
935 909 1040 948 non
1078 892 1298 949 fuerunt
1327 907 1557 962 quorum
1592 888 1843 959 exempla

214 999 603 1056 sequeremur.
651 986 920 1043 Futurum
961 987 1225 1057 judicium
1289 995 1441 1042 tuum
1499 999 1666 1040 nemo
1705 998 1846 1054 prte-

215 1079 362 1144 dixit,
386 1081 614 1137 vestire
646 1097 942 1152 pauperem
978 1099 1137 1138 nemo
1164 1081 1467 1146 mandavit,
1498 1089 1524 1116 τι
1551 1077 1848 1150 prohibere

217 1171 499 1228 libidinem
535 1188 710 1228 nemo
742 1173 1038 1243 praecepit,
1072 1174 1364 1245 repugnari
1395 1170 1639 1227 avaritia:
1682 1184 1847 1225 nemo

217 1265 514 1333 persuasit.
551 1264 856 1321 lnscientia
889 1265 1028 1335 lapsi
1083 1281 1278 1321 sumus
1299 1307 1312 1331 ,
1341 1280 1463 1336 qua:
1491 1261 1722 1318 fecimus
1751 1275 1848 1316 ne-

217 1357 480 1412 scientes.

277 1450 363 1506 lV.
407 1451 881 1509 Hisecontrario
932 1468 1001 1508 ex
1051 1453 1148 1508 illo
1200 1461 1518 1509 sanctorum
1556 1451 1728 1506 choro
1757 1452 1850 1508 vel

213 1546 425 1615 primus
479 1545 674 1615 justus
704 1545 819 1602 Noe
877 1546 1239 1617 proclamabit
1273 1565 1286 1601 :
1322 1547 1458 1616 Ego,
1508 1544 1759 1612 Domine,
1793 1553 1851 1600 et

217 1647 695 1706 superventurum
734 1647 958 1708 propter
985 1647 1207 1708 peccata
1260 1638 1540 1693 hominum
1580 1635 1849 1692 diluvium

218 1730 544 1800 pradicavi,
579 1739 642 1786 et
696 1739 818 1801 post
845 1730 1112 1785 diluvium
1147 1731 1458 1801 exemplum
1490 1730 1559 1786 de
1589 1745 1678 1785 me
1706 1744 1848 1800 prte-

1947 521 2004 566 ut
2053 514 2139 567 isti
2194 522 2246 567 te
2297 527 2666 584 agnoscerent
2719 527 2777 571 et
2809 530 3038 586 peccare
3094 512 3572 582 tlesinerent.Ego

1944 620 2069 661 cunt
2123 607 2274 677 regia
2324 609 2592 678 praeditus
2617 624 2800 665 essem
2837 618 3128 678 potestate,
3164 607 3344 662 cilicio
3379 621 3572 676 super-

1944 699 2116 770 jeeto,
2147 700 2379 771 pulvere
2411 702 2685 771 subjecto,
2718 701 2988 772 depositis
3016 699 3318 770 insignibus
3360 698 3575 769 magni-

1946 793 2188 849 ﬁcentiae
2221 809 2356 850 mea:
2391 796 2656 864 procubui
2687 795 3058 860 vestimentis,
3091 803 3146 849 ut
3169 794 3290 849 istis
3318 806 3574 848 mansue-

1949 889 2154 944 tudinis
2206 900 2370 961 atque
2428 889 2758 946 humilitatis
2806 890 3035 944 daretur
3089 887 3422 957 exemplum.
3457 887 3570 956 Ego

1949 981 2187 1037 inimicis
2215 985 2372 1049 meis,
2403 984 2496 1054 qui
2518 984 2836 1038 interficere
2865 997 2953 1037 me
2977 981 3293 1053 cupierunt,
3315 979 3568 1051 peperci,

1950 1083 2006 1128 ut
2032 1073 2472 1131 misericordiam
2511 1093 2689 1130 meam
2723 1075 2846 1130 iSIis
2879 1074 3173 1146 probarem
3227 1072 3569 1128 imitandam.

1950 1168 2083 1224 Post
2108 1168 2255 1224 hunc
2277 1168 2454 1225 Isaias
2483 1169 2681 1241 dignus
2707 1169 2804 1224 Dei
2826 1169 3027 1239 spiritu
3052 1183 3159 1224 non
3188 1165 3572 1236 tacebit:Ego,

1950 1261 2207 1328 Domine,
2243 1273 2294 1317 te
2318 1278 2416 1332 per
2447 1278 2513 1317 os
2541 1277 2722 1318 meum
2772 1263 3054 1332 loquente,
3093 1260 3436 1332 praemonui:
3477 1257 3573 1314 Vw

1951 1353 2035 1409 his
2062 1357 2407 1427 quijungunt
2437 1358 2648 1410 domum
2673 1355 2741 1409 ad
2789 1357 3001 1408 domum
3023 1353 3160 1426 (Isa.
3195 1352 3344 1424 v,8),
3372 1364 3430 1408 ut
3453 1369 3576 1408 mo-

1953 1451 2082 1506 dum
2115 1449 2142 1488 ἀ
2172 1451 2456 1520 cupiditati
2515 1452 2880 1521 imponerem.
2939 1449 3054 1520 Ego
3082 1449 3216 1504 iram
3250 1461 3395 1504 tuam
3447 1463 3576 1519 pec-

1953 1544 2210 1600 cantibus
2235 1545 2456 1600 venisse
2507 1551 2740 1600 testatus
2791 1559 2934 1608 sum,
2969 1554 3026 1597 ut
3054 1543 3192 1598 istos
3215 1558 3243 1598 a
3271 1541 3575 1598 malefactis

1953 1639 2092 1706 suis,
2126 1641 2171 1693 si
2205 1653 2310 1694 non
2345 1655 2472 1708 spes
2525 1638 2900 1709 praemiorum,
2930 1636 3122 1693 saltem
3177 1635 3573 1708 suppliciorum

1953 1730 2195 1787 formido
2221 1732 2524 1788 cohiberet.

217 1823 301 1878 bui
323 1823 520 1887 bonis,
550 1833 612 1877 ut
643 1823 807 1878 malis
829 1825 1190 1893 pereuntibus
1222 1839 1330 1878 non
1382 1823 1651 1894 perirent,
1680 1831 1738 1876 ut
1760 1821 1850 1878 isti
1883 1829 1933 1891 B
2033 1827 2123 1882 Vl.
2153 1827 2282 1882 Post
2305 1827 2408 1882 hos
2431 1827 2682 1897 aliosque
2704 1825 3021 1896 complures
3062 1826 3153 1897 qui
3187 1824 3450 1882 doctrinae
3477 1838 3575 1880 no-

220 1925 702 1987 recognoscerent
757 1926 813 1971 et
868 1931 991 1986 quae
1037 1924 1187 1973 esset
1234 1917 1620 1971 innocentibus
1677 1915 1850 1982 Salus,

220 2019 416 2078 etquae
448 2026 622 2082 paena
677 2010 1051 2081 peccantibus.
1105 2011 1235 2065 Post
1285 2009 1448 2075 hunc,
1484 2010 1759 2064 Abraham
1791 2009 1854 2063 ﬁ-

224 2102 357 2158 delis
389 2104 684 2158 obsistet:
711 2103 848 2174 Ego,
885 2103 1080 2173 inquit,
1123 2102 1376 2170 Domine,
1408 2100 1570 2158 ﬁdem
1619 2117 1723 2173 qua
1753 2101 1858 2155 htt—

220 2212 435 2253 manum
471 2198 530 2252 in
558 2209 614 2252 te
649 2197 907 2253 crederet
929 2214 1122 2268 genus,
1143 2197 1319 2252 media
1351 2198 1466 2253 lere
1489 2195 1675 2251 mundi
1705 2195 1854 2250 illius

221 2301 374 2346 :etate
409 2290 679 2345 fundavi.
741 2291 854 2360 Ego
901 2298 1054 2360 pater
1078 2291 1342 2359 gentium,
1390 2289 1548 2360 cujus
1603 2288 1855 2356 exempla

223 2393 623 2453 sequerentur,
650 2384 864 2437 electus
912 2398 1052 2437 sum.
1085 2382 1201 2453 Ego
1251 2383 1405 2437 Isaac
1432 2382 1610 2437 adhuc
1652 2396 1854 2451 parvu-

222 2474 333 2531 lum
359 2492 472 2531 non
514 2475 799 2539 dubitavi,
824 2474 1077 2542 Domine,
1109 2474 1308 2531 oﬁ‘erre
1341 2474 1440 2529 tibi
1465 2491 1563 2545 pro
1607 2463 1852 2541 victima,

224 2580 280 2626 ut
308 2573 396 2627 isti
452 2580 935 2641 reCOgnoscerent
990 2569 1128 2624 nihil
1189 2586 1298 2624 non
1335 2570 1570 2624 Domino
1599 2569 1856 2640 prmstari

225 2665 449 2732 debere,
479 2682 614 2722 cum
642 2681 734 2721 me
760 2667 935 2735 ipsum
967 2681 1034 2720 ne
1063 2664 1178 2720 ﬁlio
1204 2664 1425 2735 quidem
1459 2666 1624 2720 unico
1653 2665 1856 2720 intelli-

223 2769 412 2830 gerent
435 2757 790 2830 pepercisse.
820 2758 931 2828 Ego
961 2767 1158 2812 terram
1188 2773 1364 2812 meam
1391 2767 1446 2813 et
1468 2758 1853 2828 cognationem

229 2869 400 2908 meam
431 2863 488 2908 te
509 2853 751 2920 jubente
774 2850 1015 2918 deserui,
1038 2861 1097 2905 ιιι
1125 2851 1241 2906 istis
1254 2867 1470 2923 quoque
1490 2864 1635 2908 esset
1663 2869 1856 2908 exem—

230 2947 370 3018 plum
405 2948 699 3018 nequitias
730 2945 918 3000 tnundi
972 2955 1029 3000 et
1065 2944 1250 3000 satculi
1308 2955 1524 3015 peccata
1569 2947 1852 3002 deserere.

235 3039 363 3110 Ego,
391 3039 661 3104 Domine,
699 3046 754 3093 te
782 3039 907 3093 licet
931 3053 1185 3107 corpore,
1214 3039 1316 3094 sub
1365 3039 1602 3111 imagine
1648 3041 1858 3110 primus

237 3137 452 3207 agnovi,
484 3147 596 3189 nec
628 3131 879 3187 dubitavi
898 3132 1122 3187 credere
1156 3148 1316 3202 quem
1341 3132 1618 3206 videbam,
1652 3133 1778 3189 licet
1800 3134 1855 3188 in

1957 1921 2043 1977 bis
2073 1921 2254 1976 oflicia
2314 1921 2707 1991 praestiterunt,
2744 1920 2863 1990 ipse
2895 1919 2991 1975 Dei
3023 1919 3199 1976 Filius
3241 1920 3358 1975 bzec
3387 1919 3576 1989 loque-

1959 2013 2212 2084 turzEgo
2233 2025 2385 2070 certe
2415 2014 2633 2069 excelsa
2667 2013 2801 2068 sede
2831 2013 3105 2081 sublimis,
3137 2013 3336 2070 caelum
3371 2013 3576 2083 palma,

1959 2118 2162 2163 terram
2194 2107 2403 2178 pugillo
2448 2107 2738 2162 continens
2784 2104 2922 2178 (lsa.
2954 2123 3047 2174 XL,
3079 2106 3189 2178 12),
3220 2107 3363 2161 intra
3389 2117 3579 2162 extra-

1959 2220 2066 2275 que
2095 2203 2346 2268 dill‘usus,
2377 2211 2697 2258 cunctorum
2727 2217 2848 2270 qua:
2878 2202 3178 2272 gignuntur
3213 2201 3462 2268 interior,
3485 2208 3573 2254 at-

1960 2316 2068 2371 que
2099 2301 2356 2355 omnibus
2405 2314 2526 2369 qua:
2555 2307 2843 2353 moventur
2870 2296 3135 2359 exterior,
3175 2294 3577 2350 inaestimabilis

1962 2401 2176 2447 naturae
2226 2400 2496 2463 potestate
2553 2390 2819 2455 inﬁnitus,
2875 2386 3166 2443 invisibilis
3218 2387 3576 2457 aSpectu,in-

1963 2483 2479 2556 comprehensibilis
2507 2491 2734 2550 attacut,
2753 2492 2803 2536 ut
2830 2481 2974 2536 inter
2994 2495 3091 2536 vos
3122 2479 3190 2534 ad
3211 2479 3572 2535 edomandam

1963 2577 2222 2634 duritiam
2252 2577 2437 2633 cordis
2470 2576 2639 2632 vestri
2667 2584 2722 2630 et
2751 2572 3038 2644 perfidiam
3072 2572 3337 2628 doctrinis
3364 2572 3572 2627 saluta-

1963 2674 2115 2730 ribus
2147 2671 2495 2728 molliendam
2543 2681 2784 2726 vestrum
2833 2669 3092 2723 minimus
3131 2668 3445 2734 existerent,
3479 2679 3575 2720 na-

1967 2769 2045 2823 sci
2077 2783 2241 2824 carne
2269 2767 2522 2838 dignatus
2558 2780 2704 2832 sum,
2737 2763 3095 2834 depositaque
3122 2760 3221 2816 Dei
3248 2759 3442 2831 gloria,
3478 2759 3576 2814 ha-

1966 2860 2137 2915 bitum
2173 2859 2362 2914 formae
2393 2857 2617 2912 servilis
2633 2857 2928 2926 assumpsi,
2963 2863 3022 2910 ut
3051 2853 3454 2910 communicata
3479 2865 3576 2907 vo-

1968 2953 2183 3008 biscum
2209 2952 2530 3009 inﬁrmitate
2584 2965 2870 3020 corporea,
2902 2964 3117 3005 rursum
3144 2948 3198 3002 in
3239 2947 3575 3002 consortium

1967 3046 2159 3116 gloriae
2189 3062 2324 3102 mete
2355 3061 2449 3115 per
2471 3045 2835 3100 obedientiam
2862 3043 3122 3114 praecepti
3148 3039 3402 3096 salutaris
3425 3039 3579 3094 adhi-

1970 3141 2181 3196 berem.
2228 3140 2413 3210 Egris
2445 3139 2787 3209 inﬁrmisque
2834 3136 3085 3192 omnibus
3137 3133 3453 3197 sanitatem,
3483 3146 3580 3186 au-

239 3226 344 3281 alia
372 3226 518 3280 mibi
553 3224 875 3286 substantia
920 3225 1204 3295 videreris,
1255 3236 1315 3279 nt
1345 3226 1434 3280 isti
1488 3226 1861 3297 intelligerent
1891 3221 1938 3284 C
1970 3234 2148 3288 ditum
2203 3233 2406 3300 surdis,
2462 3231 2638 3286 visum
2684 3231 2876 3293 mrcis,
2927 3243 3120 3284 vocem
3179 3228 3367 3292 mutis,
3421 3225 3576 3280 clau-

235 3335 340 3374 non
371 3319 691 3374 secundum
720 3332 966 3380 carnem,
988 3318 1081 3371 sed
1110 3317 1687 3388 secundum'spiritnm
1709 3318 1862 3386 judi—

241 3426 386 3467 care.
445 3412 588 3466 Huic
660 3410 876 3482 Moyses
908 3410 1101 3465 beatus
1156 3410 1599 3466 obsecundabit:
1641 3411 1754 3481 Ego
1786 3411 1867 3467 le-

241 3522 386 3577 gem,
413 3506 682 3572 Dt-mine,
728 3505 850 3558 istis
889 3505 1144 3558 omnibus
1178 3515 1228 3560 le
1270 3505 1501 3575 jubente
1550 3505 1778 3572 tradidi,
1805 3515 1868 3560 ut

241 3617 375 3672 quos
403 3601 583 3656 libera
628 3599 768 3654 fides
797 3614 903 3652 non
931 3599 1171 3664 tenebat,
1206 3599 1291 3654 lex
1323 3601 1514 3656 saltem
1541 3601 1681 3654 dicta
1712 3599 1869 3655 cohi—

241 3695 412 3750 beret.
451 3694 569 3766 Ego
599 3693 718 3748 dixi
756 3711 768 3746 :
799 3690 924 3746 Non
944 3692 1264 3747 adullerabis
1289 3692 1486 3765 (Exod.
1519 3711 1612 3762 xx,
1657 3695 1771 3764 lii),
1807 3702 1867 3749 ut

243 3788 525 3844 licentiam
587 3785 973 3840 fornicationis
1023 3786 1348 3842 inhibet-em.
1402 3787 1519 3857 Ego
1579 3787 1692 3842 dixi
1724 3804 1736 3841 :
1767 3786 1869 3842 Di-

244 3882 372 3953 ligas
427 3881 739 3950 proximum
783 3889 925 3932 tuum
983 3878 1171 3946 (Leuit.
1226 3897 1344 3946 χιχ,
1380 3881 1579 3952 lS),ut
1625 3883 1867 3935 altat-itas

243 3976 575 4031 abundaret.
606 3975 724 4044 Ego
751 3972 861 4026 dixi
898 3990 910 4026 :
955 3971 1182 4028 Domino
1210 3975 1309 4029 soli
1359 3977 1548 4030 servies
1580 3974 1756 4047 (Deut.
1787 3992 1863 4044 vr,

250 4070 359 4141 15),
395 4088 464 4126 ne
495 4071 586 4125 isti
621 4068 786 4123 idolis
826 4068 1177 4124 immolarent
1221 4072 1307 4124 vel
1339 4071 1540 4141 templa
1570 4085 1692 4126 esse
1716 4080 1867 4139 pate-

248 4176 460 4219 rentur.
498 4165 617 4234 Ego
651 4177 722 4216 ne
754 4160 888 4216 falsa
920 4162 1229 4218 testimonia
1262 4162 1580 4219 dicerentur
1609 4162 1779 4230 edixi,
1807 4171 1871 4218 ut

249 4258 369 4315 istis
409 4258 683 4313 adversus
733 4272 896 4312 omne
928 4255 1270 4312 mendacium
1321 4255 1716 4328 praecluderem
1746 4272 1866 4312 ora.

252 4353 362 4425 Ego
385 4357 530 4409 facta
562 4353 826 4421 dictaque
856 4367 884 4406 a
915 4351 1105 4407 mundi
1133 4351 1385 4420 exordio,
1416 4361 1681 4424 operante
1702 4351 1756 4405 in
1780 4365 1870 4405 me

254 4449 446 4519 spiritu
470 4458 582 4504 tua:
600 4447 844 4511 virtutis,
867 4447 1112 4518 exposui,
1146 4457 1203 4502 ut
1225 4446 1383 4502 istius
1400 4445 1427 4486 δ
1451 4447 1694 4518 cognitio
1725 4459 1870 4516 pra:-

259 4547 556 4599 teritorum
610 4539 918 4598 doctrinam
979 4542 1242 4598 tribueret
1288 4541 1621 4599 futurorum.
1672 4541 1784 4614 Ego
1815 4551 1872 4596 te

1972 3325 2059 3382 dis
2111 3325 2310 3397 pedum
2367 3322 2548 3378 ofﬁcia
2601 3321 2858 3388 restitui,
2908 3331 2966 3376 ut
3009 3335 3106 3376 vos
3159 3319 3330 3390 signis
3378 3319 3576 3373 coeles-

1974 3421 2122 3476 tibus
2152 3423 2175 3450 θ
2205 3434 2606 3491 permoverem,
2663 3433 2773 3489 quo
2803 3415 3020 3472 facilius
3073 3415 3127 3470 in
3160 3428 3249 3468 me
3300 3420 3464 3482 atque
3524 3410 3581 3466 in

1973 3517 2060 3572 his
2088 3533 2209 3586 qua:
2241 3514 2666 3585 praadicaveram
2714 3511 3039 3568 crederetis.
3076 3510 3188 3580 Ego
3219 3507 3376 3563 vobis
3421 3504 3588 3560 coelo-

1975 3628 2096 3667 rum
2131 3626 2297 3682 regna
2331 3610 2580 3681 promisi.
2609 3609 2721 3680 Ego
2750 3607 2940 3674 etiam,
2975 3617 3032 3662 ut
3055 3603 3396 3674 impunitatis
3424 3600 3590 3656 habe-

1975 3704 2110 3760 retis
2158 3703 2495 3774 exemplum,
2529 3703 2819 3768 latronem,
2866 3702 2955 3772 qui
2989 3715 3076 3754 tne
3119 3698 3221 3752 sub
3253 3694 3446 3751 mortis
3474 3707 3588 3750 sua:

1979 3809 2226 3868 tempore
2259 3798 2552 3856 fatebatur.
2586 3798 2640 3851 in
2667 3796 2924 3867 paradiso
2954 3793 3241 3860 collocavi,
3271 3801 3328 3847 ut
3358 3790 3502 3845 illius
3527 3788 3591 3843 ﬁ-

1978 3893 2103 3948 dem
2127 3893 2216 3963 qui
2268 3891 2470 3947 remitti
2497 3890 2600 3946 sibi
2627 3900 2905 3946 meruerat
2926 3897 3172 3960 peceala,
3199 3881 3593 3956 sequeretnini.

1978 3990 2156 4057 Atque
2185 3995 2244 4040 ut
2272 3984 2526 4054 exemplo
2555 4000 2676 4038 meo
2691 3999 2790 4054 pro
2809 3983 2967 4038 vobis
2993 3991 3048 4036 et
3071 3981 3173 4050 ipsi
3203 3979 3313 4050 pati
3344 3975 3590 4046 possitis,

1975 4094 2082 4150 pro
2113 4079 2265 4134 vobis
2293 4094 2413 4148 ego.
2437 4092 2629 4146 passus
2674 4091 2819 4141 sum,
2854 4091 2922 4132 ne
2977 4073 3251 4129 dubitaret
3301 4069 3464 4124 homo
3495 4080 3596 4136 pro

1977 4188 2040 4226 se
2097 4173 2205 4242 pati
2257 4172 2399 4242 quod
2461 4172 2606 4226 Deus
2651 4185 2749 4239 pro
2799 4168 3028 4223 homine
3083 4164 3425 4235 pertulisset.
3481 4159 3599 4228 Ego

1979 4279 2069 4318 me
2096 4274 2218 4334 post
2252 4263 2740 4327 resurrectionem,
2773 4275 2839 4314 ne
2875 4258 3012 4313 ﬁdes
3062 4266 3246 4312 vestra
3295 4251 3599 4311 confunde-

1980 4367 2157 4419 retur,
2208 4355 2449 4412 ostendi.
2501 4354 2616 4427 Ego
2665 4353 2719 4408 in
2765 4352 2929 4407 Petro
2957 4348 3179 4405 Judmos
3228 4346 3454 4412 monui,
3499 4359 3604 4415 ego

1983 4452 2040 4508 in
2067 4449 2239 4506 Paulo
2287 4448 2549 4523 gentibus
2579 4445 2898 4519 praedicavi.
2925 4443 3035 4499 Nec
3080 4441 3332 4513 paenitet.
3365 4439 3461 4495 Est
3491 4437 3606 4493 fru-

1983 4557 2104 4601 ctus
2135 4546 2435 4600 bonorum.
2465 4543 2618 4614 Opus
2646 4555 2827 4596 meum
2873 4537 3002 4594 boni
3043 4535 3455 4600 intellexerunt,
3481 4547 3608 4605 per-

256 4637 827 4702 venturum,Domine
851 4635 1004 4703 Jesu,
1025 4636 1340 4706 praedicavi,
1365 4649 1421 4694 ut
1444 4638 1566 4694 istis
1594 4651 1702 4692 non
1734 4648 1756 4676 ο
1787 4636 1876 4692 in-
1903 4623 1964 4685 Β
1992 4640 2243 4697 fecerunt
2274 4637 2489 4708 ﬁdeles,
2513 4635 2646 4708 justi
2675 4633 3062 4704 impleverunt,
3090 4628 3612 4685 consummaverunt

257 4732 541 4803 Opinatum
555 4738 713 4788 esset
738 4743 1035 4802 agnoscere
1065 4745 1226 4801 quem
1259 4742 1551 4788 venturum
1580 4741 1709 4787 ante
1732 4747 1878 4804 prat-

260 4823 530 4882 dixeram.

335 4919 395 4973 V.
431 4919 564 4975 Post
591 4919 739 4973 hunc
761 4918 962 4974 astabit
990 4918 1189 4989 dignus
1219 4918 1434 4976 Domini
1465 4921 1547 4976 sui
1595 4920 1765 4977 David
1789 4935 1878 4977 se-

265 5009 446 5065 mine:
501 5011 616 5080 Ego
671 5017 748 5075 te,
786 5010 1032 5075 Domine,
1067 5025 1163 5081 per
1218 5013 1396 5068 omnia
1457 5012 1877 5083 nuntiavi;ego

268 5103 470 5158 nomini
512 5113 610 5158 tuo
657 5111 866 5157 tantum
914 5104 1258 5159 serviendum
1282 5119 1408 5162 esse
1454 5105 1709 5162 clamavi.
1759 5106 1880 5176 Ego

267 5194 375 5251 dixi
402 5195 635 5251 :Beatus
667 5196 746 5250 uir
775 5197 862 5267 qui
891 5197 1036 5252 timet
1056 5195 1336 5251 Dominum
1367 5197 1488 5270 (Ps.
1506 5215 1617 5266 cxx,
1649 5198 1705 5270 l)
1735 5216 1750 5265 ;
1775 5214 1881 5269 ego

267 5289 376 5344 dixi
409 5308 422 5344 :
453 5288 818 5346 Exsultabunt
845 5292 1012 5346 sancti
1036 5293 1090 5346 in
1122 5292 1288 5365 gloria
1317 5293 1438 5365 (Ps.
1466 5309 1650 5361 exuit,
1683 5294 1880 5365 5);ego

344 5462 371 5491 ι
393 5453 703 5509 Prohibere.
739 5451 905 5509 Forte
935 5452 1191 5508 cohibere.

339 5524 367 5564 ι)
391 5527 634 5592 Coqnitio
667 5535 873 5593 printer.
922 5525 1073 5580 Hanc
1093 5525 1344 5582 eamdem
1375 5527 1710 5584 sententiam
1731 5527 1885 5598 legas

345 5613 434 5652 ora
456 5587 606 5652 Hist.
637 5611 775 5650 sacr.
803 5596 896 5650 lib.
932 5613 991 5652 ll.
1023 5612 1074 5652 c.
1099 5597 1152 5652 8.

277 5610 434 5667 supra
456 5610 606 5652 nisi.
637 5611 775 5650 sacr.
803 5610 896 5650 tm.
932 5613 991 5657 tt.
1023 5612 1074 5652 c.
1099 5610 1152 5652 δ.

350 5679 370 5707 ε
401 5667 770 5738 Inepinarum.
827 5668 916 5723 Sic
965 5671 1166 5739 optime
1199 5670 1374 5738 prima
1430 5671 1645 5728 Baluzii
1689 5670 1882 5727 editio.

277 5739 530 5814 blendose
580 5739 882 5810 Lipsiensis
905 5781 922 5804 ,
971 5741 1261 5814 opinatum.
1295 5742 1396 5814 Ubi
1425 5742 1675 5800 Clericus
1699 5745 1888 5814 legen-

278 5811 398 5867 dum
433 5817 704 5869 censebat
748 5827 849 5866 non
894 5813 1152 5883 opinatus.
1186 5816 1258 5868 At
1302 5813 1456 5870 locus
1500 5811 1888 5875 emendatione

280 5899 383 5941 non
405 5894 549 5941 eaet.
583 5917 595 5925 ς

437 5902 549 5958 get.
583 5917 595 5925 ς

1988 4735 2385 4793 misericordes
2412 4750 2427 4800 ;
2452 4742 2723 4803 etmagna
2757 4743 2882 4802 pars
2905 4734 3444 4798 martyrum,magna
3478 4736 3611 4777 san-

1989 4839 2204 4887 ctorutn
2234 4839 2340 4886 est.
2367 4827 2422 4883 la
2451 4826 2648 4883 eodem
2680 4833 2830 4880 certe
2850 4832 2906 4879 et
2926 4822 3015 4878 isti
3041 4834 3298 4891 corpore,
3330 4818 3384 4873 in
3411 4815 3606 4873 eodem

1989 4924 2215 4980 fuerunt
2231 4920 2458 4976 mundo.
2476 4919 2586 4974 Cur
2599 4917 2806 4973 nullum
2832 4917 2885 4970 in
2901 4914 3056 4972 vobis
3079 4912 3282 4968 bonum
3296 4925 3455 4981 opus,
3472 4923 3612 4982 gens

1995 5016 2237 5087 vipereae
2258 5012 2472 5084 stirpis,
2503 5011 2723 5067 invenio
2747 5011 2770 5064 ’ἶ
2800 5007 3187 5065 Paenitentiam
3217 5003 3485 5061 malorum
3514 5017 3614 5058 ve-

1996 5118 2241 5166 strorum
2266 5121 2370 5162 nec
2399 5103 2502 5160 sub
2526 5104 2713 5159 ultima
2737 5102 2828 5158 die
2853 5101 3022 5157 vestri
3064 5100 3192 5155 ﬁnis
3221 5098 3428 5169 egistis.
3469 5095 3611 5165 Quid

1998 5211 2183 5256 autem
2235 5200 2430 5253 attinet
2477 5195 2622 5265 quod
2665 5209 2754 5250 me
2800 5193 2960 5248 labiis
2999 5191 3264 5257 adoratis,
3289 5190 3334 5244 si
3377 5188 3537 5244 factis
3557 5194 3615 5242 et

2003 5291 2267 5364 operibus
2294 5285 2753 5360 denegetisillbi
2798 5301 2944 5342 nunc
2990 5296 3187 5342 vestra:
3231 5281 3461 5349 divitiae,
3517 5276 3614 5334 ubi

2075 5451 2103 5489 d
2135 5449 2443 5523 Cupiditati.
2474 5448 2612 5504 Male
2642 5448 3144 5523 Cler._cupidi_tatis.

2082 5533 2104 5558 θ
2132 5512 2520 5578 Perntoverem.
2543 5522 2730 5591 Argnil
2755 5519 2844 5575 hic
2865 5512 3108 5575 Clericus
3128 5515 3428 5591 Baluzium,
3464 5512 3612 5582 quad

2005 5595 2244 5654 ediderit
2275 5586 2659 5663 promoverem';
2684 5592 2779 5648 sed
2813 5593 3107 5646 immerito.
3136 5586 3613 5663 Exemplarnatn-

2006 5682 2114 5738 que
2144 5656 2493 5738 Baluaiattttm
2536 5656 2648 5738 rite
2690 5663 2944 5738 perhibet
2975 5673 3342 5738 permoverent.
3392 5656 3445 5710 ld
3473 5658 3612 5738 vitio

2009 5729 2333 5796 vertendum
2365 5737 2572 5810 Clerici
2614 5729 2983 5810 execriptori,
3013 5733 3104 5810 qui
3148 5744 3302 5810 saepe
3323 5729 3616 5810 inueneri-

2007 5812 2187 5867 benda
2214 5811 2418 5865 Italuzii
2441 5807 2687 5866 editione
2713 5799 2981 5877 peccavit,
3001 5799 3062 5859 ut
3085 5802 3224 5858 infra
3251 5799 3497 5870 pluribus
3524 5813 3616 5856 os-

2010 5883 2303 5938 tendimus.
