4056 6340
505 286 608 344 997

1461 288 1813 357 APPme
1852 288 1948 349 AD
1983 286 2215 347 OPERA
2258 286 2553 347 ειιιιιιαιι
2588 287 2865 357 SEVERI.

3705 288 3809 359 ita

506 402 757 469 honores,
813 404 901 460 ubi
945 406 1207 474 potentia,
1240 405 1331 462 ubi
1362 416 1557 463 vestra:
1602 416 1732 462 sunt
1756 403 2104 476 voluptates?
2131 406 2181 465 Α
2208 405 2644 461 consecrationis
2710 402 3001 477 privilegio
3046 403 3269 476 gaudet.
3318 401 3453 459 Nam
3498 406 3553 457 et
3608 400 3808 458 Christi

500 496 717 552 Nullum
750 514 943 552 novam
970 500 1019 553 in
1046 515 1141 554 vos
1170 500 1369 556 mando
1397 502 1748 555 sententiam.
1776 499 1995 555 Habetis
2023 498 2109 565 ju-

500 590 700 645 dicium
734 592 874 660 quod
907 602 1033 647 ante
1066 593 1317 662 pra'divi.

581 684 688 737 ΠΙ.
722 684 876 741 Tunc
905 686 1038 741 illud
1070 684 1285 740 miseris
1318 685 1666 755 Evangelista
1703 684 1953 739 recitahit
1980 702 1992 736 :
2028 683 2110 736 lte

498 775 553 831 in
581 776 809 831 tenebras
840 780 1148 841 exteriores,
1172 780 1255 832 ubi
1284 780 1376 831 erit
1402 780 1557 846 ﬂetus
1577 787 1624 832 et
1654 777 1852 831 stridor
1874 777 2111 832 dentium

502 867 718 939 (Matth.
748 887 885 936 nrt,
941 873 1006 925 13
1034 888 1047 934 ;
1096 888 1224 935 xxv,
1252 870 1371 940 50).
1408 870 1452 924 0
1484 869 1667 926 miseri
1701 885 1835 940 quos
1864 869 1963 923 ista
2000 885 2111 922 non

502 964 864 1029 permovent!
893 962 1167 1017 Videbunt
1204 979 1355 1017 suam
1388 977 1604 1028 ptenam
1638 972 1692 1017 et
1722 960 1953 1017 aliorum
1985 962 2107 1030 glo.

503 1054 659 1109 riam.
696 1054 927 1110 Utantur
971 1058 1196 1120 seculo,
1227 1056 1353 1108 dum
1388 1056 1695 1110 mternitate
1722 1055 1808 1109 illa
1837 1070 1958 1122 quae
1982 1068 2105 1109 san-

496 1148 598 1202 etis
630 1160 932 1219 praeparata
965 1159 1046 1202 est
1104 1163 1210 1201 non
1244 1146 1519 1202 fruantur.
1564 1156 1587 1182 ⁸
1614 1146 1854 1200 Allluant
1883 1146 2107 1209 divitiis,

498 1256 633 1295 auro
660 1240 1081 1306 incubent,dum
1112 1241 1181 1293 ibi
1211 1252 1459 1310 egentes,
1488 1240 1558 1294 ibi
1589 1240 1776 1309 in0pes
1807 1240 2111 1309 deprchen.

494 1334 715 1395 dantur.
761 1336 883 1389 Sint
917 1335 968 1388 in
1025 1334 1228 1389 szcculo
1260 1332 1479 1399 divites,
1532 1333 1659 1388 dum
1694 1333 1746 1387 in
1802 1333 2108 1389 :cternitate

497 1430 607 1485 sint
628 1444 915 1498 pauperes,
960 1428 1027 1482 de
1057 1430 1253 1497 quibus
1284 1429 1546 1497 scriptum
1575 1436 1657 1481 est
1692 1444 1704 1479 :
1736 1425 1931 1480 Divites
1955 1444 2107 1498 egue-

497 1532 617 1575 runt
649 1532 699 1575 et
729 1523 1019 1576 esurierunt
1048 1520 1167 1589 (Ps.
1202 1537 1393 1583 nstri,
1436 1518 1539 1591 ll).
1576 1523 1987 1589 (lousequenter
2010 1536 2107 1573 au-

497 1625 605 1670 tem
638 1615 705 1669 de
740 1616 898 1669 bonis
928 1614 1208 1683 Sci-iptura
1242 1613 1472 1683 subjecit
1519 1630 1530 1666 :
1579 1612 1907 1683 Inquirentes
1933 1623 2105 1668 autem

503 1709 786 1762 Dominum
833 1725 935 1761 non
990 1709 1225 1774 deﬁcient
1285 1708 1423 1759 onmi
1475 1707 1627 1761 bono.
1676 1706 1876 1777 Itaque,
1922 1722 2106 1769 soror,

2210 511 2437 567 sponsas
2468 497 2708 569 virgines
2751 496 2934 553 dicere
2965 496 3334 553 ecclesiastica
3365 496 3525 550 nobis
3548 494 3813 566 permittit

2209 591 2528 653 auctoritas,
2560 602 2580 628 ε
2607 591 2732 646 dum
2756 605 3085 661 sponsarum
3108 590 3270 649 modo
3305 605 3396 646 eas
3420 589 3654 644 Domino
3685 603 3812 643 con-

2210 692 2386 738 secrat
2412 690 2468 737 et
2497 683 2662 750 velat,
2703 683 3001 738 ostendens
3028 699 3120 739 eas
3150 684 3238 739 vel
3280 683 3520 739 maxime
3534 682 3819 738 habituras-

2211 776 2455 847 Spiritale
2479 777 2813 833 coenobium
2837 792 2956 849 qua:
2979 776 3410 849 subterfugerilt
3440 775 3664 832 curule
3684 790 3817 831 con-

2212 868 2463 925 sortium.
2495 869 2561 923 Et
2581 867 2746 941 digne
2793 868 2907 925 Deo
2956 884 3055 940 per
3085 869 3417 925 matrimonii
3450 868 3813 938 comparatio-

2213 978 2335 1025 nem
2358 963 2676 1033 spiritaliter
2687 963 3009 1034 c0pulantur
3025 978 3147 1033 quae
3168 963 3289 1034 ejus
3313 961 3628 1019 dilectionis
3650 976 3815 1016 causa

2214 1057 2449 1115 humana
2500 1057 2770 1113 connubia
2814 1069 3161 1128 spreverunt.
3187 1057 3251 1113 lu,
3278 1057 3362 1112 his
3384 1072 3551 1127 quam
3578 1057 3813 1113 maxime

2212 1147 2347 1203 illud
2377 1150 2683 1220 completur
2713 1148 2962 1219 Apostoli
3004 1166 3017 1202 :
3054 1149 3153 1214 Qui
3201 1161 3371 1205 autem
3417 1148 3646 1207 adliceret
3678 1146 3806 1211 Deo,
3891 1210 3899 1219 ι

2210 1257 2342 1295 unus
2363 1249 2436 1295 est
2463 1242 2679 1311 spiritus
2718 1240 2761 1313 (l
2794 1236 2916 1295 Cor.
2942 1257 3014 1302 vr.
3043 1241 3156 1310 l7).

2285 1333 2347 1386 ll.
2378 1333 2597 1388 Grande
2639 1343 2721 1388 est
2768 1344 2820 1388 et
2852 1335 3181 1400 immortale,
3229 1350 3367 1403 pene
3396 1336 3531 1389 ultra
3564 1345 3809 1391 naturam

2210 1442 2555 1495 corpoream,
2576 1425 2601 1463 ἀ
2630 1442 2893 1498 superare
2939 1429 3237 1495 luxuriam,
3264 1436 3323 1485 et
3348 1429 3809 1495 concupiscentia:

2210 1535 2513 1587 spasmeam
2534 1520 2921 1576 adolescentiae.
2952 1521 3167 1578 facibus
3201 1537 3484 1577 accensam
3511 1524 3679 1577 animi
3708 1523 3809 1577 vir-

2213 1620 2323 1667 tute
2356 1615 2699 1682 restinguere
2728 1655 2748 1681 ,
2794 1624 2848 1668 et
2891 1615 3127 1683 spiritali
3181 1623 3381 1670 conatu
3422 1616 3528 1669 vim
3564 1616 3811 1685 genuina

2211 1705 2593 1759 oblectationis
2619 1706 2933 1773 excludere,
2957 1717 3011 1762 ct
3040 1707 3224 1763 vivere
3252 1717 3447 1763 contra
3468 1707 3691 1763 humani
3722 1723 3809 1781 ge-

506 1805 632 1859 licet
663 1820 762 1858 nos
793 1804 877 1858 isti
905 1802 1185 1863 irrideant.
1220 1803 1343 1855 licet
1388 1818 1487 1857 nos
1530 1802 1723 1857 stultos
1754 1800 2105 1870 infelicesqne
2142 1794 2181 1852 Β
2214 1798 2361 1851 neris
2392 1797 2586 1868 legero,
2617 1798 2902 1867 despicere
2934 1799 3128 1854 solatia
3156 1799 3420 1870 coniugii,
3462 1799 3819 1856 dulcedinem

502 1907 957 1961 commemorent,
980 1894 1193 1951 felicius
1220 1896 1555 1967 gaudeamus
1586 1895 1889 1963 opprobriis
1913 1893 2107 1962 quibus

504 1991 661 2045 nobis
691 1988 888 2058 gloria,
918 1989 1025 2043 illis
1058 2004 1213 2057 pteua
1246 1990 1576 2042 cumulatur.
1604 1988 1713 2043 Nec
1744 1988 2015 2042 rideamus
2044 1986 2107 2041 il-

499 2084 675 2139 lorum
711 2083 1020 2147 stultitiam,
1052 2083 1146 2137 sed
1186 2085 1369 2151 potius
1401 2082 1771 2136 infelicitatem
1801 2081 2101 2134 doleamus:

500 2181 622 2249 quia
654 2180 794 2234 inter
832 2179 957 2233 illos
999 2194 1124 2247 pars
1172 2192 1365 2246 magna
1401 2189 1708 2233 nostrorum
1753 2187 1858 2243 est,
1892 2192 2028 2245 quos
2058 2174 2104 2230 si

504 2272 826 2328 lucrifacere
860 2274 1133 2342 possimus
1166 2314 1179 2337 ,
1201 2284 1430 2345 augetur
1458 2274 1509 2327 in
1563 2271 1721 2326 nobis
1772 2269 1965 2338 gloria.
1997 2267 2105 2325 Sed

502 2379 661 2435 agant
686 2383 744 2421 se
793 2379 849 2420 ut
878 2368 1091 2432 volunt,
1123 2370 1233 2422 sint
1266 2370 1424 2423 nobis
1462 2375 1737 2433 tamquam
1783 2363 2010 2433 gentiles
2049 2370 2102 2417 et

504 2458 820 2531 publicani;
852 2474 949 2513 nos
986 2475 1117 2513 vero
1148 2459 1331 2514 salvos
1364 2459 1777 2526 incolumesque
1829 2463 2099 2509 tueamur.

493 2556 548 2608 Si
586 2556 662 2607 illi
729 2569 873 2609 nunc
922 2553 1080 2609 nobis
1111 2554 1421 2608 dolentibus
1466 2552 1724 2621 gaudent,
1762 2565 1860 2605 nos
1909 2559 2096 2618 postea

501 2648 555 2709 in
586 2647 805 2702 illorum
832 2646 1022 2701 dolore
1046 2645 1566 2716 gaudebirritts.Vale
1598 2658 1754 2700 soror
1779 2642 2098 2699 charissima

495 2749 551 2797 et
582 2740 633 2795 in
685 2740 904 2795 Christo
952 2738 1336 2795 dilectissima.

1111 2855 1445 2913 EPISTOLA
1476 2854 1540 2911 11.

1115 2986 1182 3026 AD
1214 2985 1459 3026 BAIDEH.

1079 3080 1156 3139 De
1234 3083 1559 3159 Virginitatc.

2208 1900 2564 1945 contemnere
2620 1891 2965 1959 liberorum,
3016 1903 3071 1948 et
3125 1910 3485 1965 dumcumque
3525 1895 3815 1963 praesentis

2208 1984 2333 2038 vitae
2362 1998 2486 2039 esse
2534 1986 2818 2043 commoda
2873 1988 3084 2057 possint
3122 2002 3221 2058 pro
3268 1986 3439 2043 nihilo
3483 2002 3583 2057 spe
3616 1986 3809 2043 futura:

2207 2078 2559 2134 beatitudinis
2590 2090 2931 2150 computare.
2964 2081 3161 2154 Magna.
3193 2080 3337 2145 huc,
3361 2092 3417 2136 ut
3447 2082 3591 2147 dixi,
3627 2092 3681 2137 et
3713 2082 3806 2137 ade

2208 2172 2469 2227 mirabilis
2500 2174 2671 2228 virtus
2702 2184 2815 2240 est,
2838 2182 2895 2229 ct
2942 2191 3057 2228 non.
3098 2174 3371 2229 immerito
3414 2189 3512 2244 pro
3542 2175 3808 2245 magnitur

2206 2264 2332 2321 dine
2386 2265 2591 2321 laboris
2638 2269 2718 2321 sui
2768 2267 2975 2336 ingenti
3024 2269 3245 2338 pra‘mio
3292 2267 3636 2322 destinata.e
3666 2267 3806 2322 Dabo

2205 2358 2691 2429 spadonibus,dicit
2724 2362 2886 2426 Deus,
2908 2371 2954 2415 et
2973 2363 3024 2415 in
3049 2362 3201 2416 domo
3231 2380 3343 2416 mea
3367 2371 3413 2415 et
3442 2363 3493 2416 in
3524 2378 3675 2416 muro
3698 2379 3803 2417 meo

2207 2454 2375 2506 locum
2422 2456 2747 2509 nominatum
2798 2458 3063 2511 meliorem
3092 2457 3223 2525 ﬁliis
3248 2468 3292 2509 et
3326 2457 3577 2526 ﬁliabus;
3626 2474 3815 2513 nomen.

2204 2556 2455 2600 teternurn
2481 2548 2612 2601 dabo
2644 2550 2775 2613 illis,
2801 2560 2847 2601 et
2894 2566 2997 2604 non
3045 2550 3251 2618 deﬁciet
3285 2548 3422 2618 (1m.
3478 2567 3595 2617 ut,
3620 2550 3702 2622 5).
3735 2551 3809 2607 De

2203 2640 2401 2707 quibus
2451 2640 2783 2709 spadonibus
2839 2643 3100 2707 Dominus
3157 2645 3221 2699 iu.
3266 2644 3565 2714 Evangelia
3614 2645 3817 2716 repetit

2203 2734 2431 2789 dicens:
2464 2735 2602 2789 Sunt
2630 2737 2765 2791 enim
2793 2736 3052 2806 spadones
3077 2738 3167 2807 qui
3196 2754 3249 2793 se
3274 2738 3423 2807 ipsos.
3455 2748 3813 2794 castraverunt

2206 2836 2417 2895 prapter
2443 2843 2659 2898 regnum
2688 2828 2935 2883 caelorum
2954 2828 3169 2901 (Matth.
3199 2846 3307 2895 xu,
3332 2830 3442 2902 12),
3471 2831 3702 2903 Magnus
3728 2841 3817 2888 est

2202 2918 2420 2987 quidem
2476 2918 2752 2989 pudicitiae
2783 2918 2971 2987 labor,
3015 2922 3109 2977 sed
3165 2924 3341 2992 maius
3380 2934 3473 2978 est
3496 2926 3811 2993 praemium;

2205 3012 2519 3083 temporalis
2549 3014 2819 3077 custodia,
2849 3014 2945 3069 sed
2976 3018 3579 3071 remuneratioa‘tcrna
3604 3027 3707 3073 ost.
3735 3017 3815 3072 De

2203 3104 2288 3160 his
2318 3108 2462 3160 enim
2495 3117 2550 3162 et
2577 3108 2767 3163 beatus
2796 3110 3086 3176 Apostolus
3106 3109 3637 3180 lirartneslo:|uitur,
3662 3113 3813 3182 quod.

569 3204 607 3257 Ι.
633 3205 900 3272 Quantam
926 3203 977 3257 in
1025 3203 1342 3257 coelestibus
1367 3198 1761 3256 beatitudinem
1812 3198 2094 3269 virginitas
2121 3187 2171 3251 C
2201 3210 2501 3269 sequantur
2521 3215 2718 3270 agnum
2752 3216 3096 3272 quocumque
3126 3202 3269 3257 ierit.
3303 3204 3457 3272 Quod
3487 3204 3565 3258 ita
3605 3205 3801 3261 intelli-

500 3306 687 3351 sancta
744 3297 1069 3368 possideat,
1122 3296 1738 3364 prmterScriptnrarum
1766 3292 2091 3357 testimonia,

494 3390 756 3445 Ecclesitc
786 3390 948 3443 ctiam
982 3386 1375 3441 consuetudine
1422 3387 1734 3452 edocemur,
1766 3382 1792 3423 ἱ)
1841 3387 1965 3457 quia
2002 3383 2097 3440 ad—

492 3484 753 3539 discimus
789 3482 1062 3552 peculiare
1089 3482 1165 3536 illi
1196 3483 1498 3536 subsistere
1547 3483 1799 3536 meritum
1827 3480 1982 3550 cujus
2012 3489 2098 3539 est

493 3578 751 3647 Specialis
774 3576 1137 3630 consecratio.
1188 3574 1318 3628 Nam
1348 3591 1467 3629 cum
1497 3577 1745 3629 universa
1790 3573 1943 3629 turba
1977 3589 2095 3628 cre-

492 3670 733 3725 dentium
765 3671 910 3739 paria
939 3667 1078 3723 dona
1097 3668 1284 3737 gratiae
1310 3669 1590 3739 percipiat,
1614 3666 1873 3722 etiisdem
1904 3683 2093 3721 omnes

494 3775 961 3816 sacramentorum
994 3760 1465 3816 benedictionilms
1484 3760 1943 3830 glorientur,ist:e
1971 3773 2094 3827 pro-

490 3855 667 3925 prium
696 3854 895 3924 aliquid
931 3870 1038 3923 przr
1062 3853 1272 3909 caeteris
1292 3853 1513 3920 habent,
1538 3852 1665 3907 dum
1698 3852 1763 3906 de
1784 3851 1875 3905 illo
1904 3859 2092 3906 sancto

491 3957 545 4001 et
578 3948 923 4000 immaculato
954 3944 1212 4000 ECC'CSiiL‘
1252 3961 1417 4016 grege
1449 3947 1598 4013 quasi
1658 3944 1958 3997 sanctiores
1991 3958 2090 4012 pu-
2122 3972 2123 3977 η

489 4039 772 4107 rioresque
804 4037 992 4090 hostia}
1018 4054 1115 4108 pro
1145 4038 1440 4092 voluntatis
1467 4052 1577 4090 sure
1611 4034 1820 4090 meritis
1846 4051 1874 4090 a
1902 4046 2091 4090 sancto

490 4130 698 4201 Spiritu
751 4131 1040 4202 eliguntur,
1065 4142 1120 4186 et
1162 4148 1259 4199 per
1290 4147 1560 4185 summum
1618 4131 1954 4185 sacerdotem
1998 4129 2091 4185 Dei

489 4222 788 4279 olleruntur
820 4224 1031 4278 altario.
1072 4222 1245 4294 Digna
1271 4237 1460 4276 revera
1491 4221 1721 4275 Domino
1765 4220 1937 4275 hostia
1980 4232 2087 4276 tam

490 4316 715 4389 pretiosi
740 4318 992 4371 animalis
1018 4316 1249 4381 oblatio,
1272 4325 1325 4369 et
1354 4314 1553 4369 nullius
1588 4316 1757 4385 magis
1788 4331 1947 4385 quam
1977 4330 2089 4369 sua:

489 4410 738 4479 imaginis
777 4408 952 4466 hostia
982 4408 1267 4479 placitura.
1325 4406 1402 4461 De
1434 4406 1740 4473 hujusmodi
1770 4408 1912 4463 enim
1949 4411 2090 4479 Apo-

485 4508 682 4561 stolum
736 4505 1010 4575 prmi-ipue
1054 4503 1257 4557 dixisse
1298 4519 1461 4557 reor:
1507 4500 1730 4557 Obsecro
1775 4514 1944 4557 autem
1977 4521 2084 4570 vos,

2200 3291 2433 3361 gendum
2464 3304 2617 3361 puto,
2641 3293 2845 3347 nullum
2877 3294 2955 3348 eis
2983 3295 3165 3349 locum
3192 3298 3244 3349 in
3264 3296 3615 3351 coelestitnula
3646 3298 3795 3352 clau-

2199 3384 2457 3449 dendum,
2485 3385 2578 3440 sed
2602 3398 2792 3440 cuncta
2824 3388 2903 3442 eis
2925 3386 3231 3444 divinarum
3257 3389 3609 3444 mamionmn
3635 3389 3791 3445 habi-

2199 3480 2372 3534 tacula
2402 3480 2719 3535 reseranda.

2275 3572 2356 3627 ιιι.
2391 3572 2498 3628 Sed
2533 3583 2587 3628 ut
2644 3575 2907 3629 illustrius
2938 3576 3263 3646 virginitatis
3284 3575 3809 3643 merituruclareat,

2196 3676 2250 3723 et
2275 3684 2433 3737 quam
2464 3669 2625 3739 digna
2659 3668 2773 3724 Deo
2802 3672 2877 3724 sit-
2899 3670 3497 3742 manifesrius-inteUigi
3528 3672 3801 3741 possit,“-

2198 3760 2293 3816 lud
2318 3762 2589 3831 cogitetur
2617 3762 2760 3833 quod
2797 3763 3059 3819 Dominus
3084 3764 3388 3819 etsalvator
3416 3774 3607 3821 noster
3637 3766 3807 3830 Dcus,.

2194 3870 2315 3909 cum
2350 3862 2574 3926 propter
2601 3856 2823 3912 humani
2868 3858 3088 3927 generis
3136 3857 3381 3912 salutem
3407 3856 3687 3913 hominem
3720 3856 3803 3912 dir

2194 3959 2453 4019 gnaretur
2471 3964 2776 4015 assumere,
2806 3967 2911 4005 non
2941 3951 3107 4005 alium
3140 3966 3301 4021 quam
3332 3951 3658 4022 virginalem
3688 3960 3799 4007 ute-

2198 4056 2315 4095 rum
2350 4042 2593 4111 clegerit,
2633 4052 2688 4097 ut
2744 4041 3381 4112 huiusmodi»pluritutun
3422 4043 3537 4099 sibi.
3583 4045 3801 4112 placere

2193 4144 2548 4202 monstraret,
2583 4145 2636 4191 et
2669 4146 2724 4193 ut
2752 4137 3026 4207 pudicitia:
3055 4138 3259 4192 bonum
3292 4137 3511 4207 utrique
3540 4138 3798 4193 sexniin-

2194 4230 2429 4284 timaret.
2466 4228 2743 4301 Virginem
2777 4240 3006 4287 matrem
3060 4232 3249 4287 habuit
3278 4233 3428 4301 virgo
3480 4248 3791 4289 mansurus.

2192 4323 2246 4377 lu
2279 4340 2338 4378 se
2369 4326 2521 4385 viris.
2548 4323 2564 4361 τ
2594 4334 2648 4380 et
2673 4325 2724 4378 iu
2756 4335 2929 4381 matre
2960 4325 3177 4381 feminis
3202 4324 3432 4396 prtehnit
3464 4326 3807 4395 virginitatis:

2191 4418 2525 4486 exemplum.
2560 4418 2678 4486 Quo
2708 4418 3114 4477 demonstratur
3137 4422 3189 4477 in
3240 4430 3471 4491 utroque
3503 4421 3795 4477 sexubear

2193 4519 2298 4563 tam
2334 4512 2699 4581 integritatem
2726 4513 3244 4572 divinitatishabere
3269 4516 3666 4586 plenitudinem
3685 4532 3794 4571 me-

484 4602 693 4669 fratres,
726 4614 815 4668 per
859 4594 1273 4648 misericordiam
1319 4590 1439 4659 Dei,
1473 4604 1528 4647 ut
1560 4595 1837 4650 exhibeatis
1867 4611 2085 4664 corpora
2114 4582 2162 4642 Ῑ)
2191 4605 2388 4665 ruisse,
2419 4604 2546 4659 dum
2580 4615 2790 4662 tantum
2820 4609 2870 4663 in
2907 4619 3079 4666 matre
3107 4611 3215 4665 fuit
3231 4582 3486 4682 quidquid
3514 4611 3825 4666 Shabcltat-

484 4703 648 4744 vestra
680 4689 898 4741 hostiam
930 4688 1112 4749 virum,
1141 4698 1397 4751 sanctam,
1434 4684 1542 4739 Deo
1586 4687 1865 4756 placentem
1895 4686 2075 4755 (Rom.

482 4800 579 4849 xu,
615 4782 692 4850 l).
724 4780 974 4835 Possidet
1009 4794 1138 4850 ergo
1180 4778 1461 4849 virginitas
1503 4788 1556 4834 ct
1586 4781 1728 4850 quod
1764 4782 1850 4835 alii
1884 4782 2085 4839 habent

479 4872 699 4946 etquod
740 4872 829 4926 alii
866 4888 971 4927 non
1008 4870 1227 4937 habent,
1275 4873 1401 4928 dum
1432 4883 1481 4927 ct
1516 4889 1860 4929 communem
1909 4885 1962 4931 et
1991 4895 2084 4948 pe-

478 4970 738 5026 culiarem
768 4966 972 5022 obtinet
1000 4965 1253 5037 gratiam,
1274 4979 1327 5022 et
1360 4968 1600 5038 proprio,
1636 4978 1692 5024 ut
1720 4968 1793 5023 ita
1817 4968 2079 5043 dixerim,

552 5136 578 5165 ι
606 5127 843 5196 Afﬂuant
883 5126 989 5199 diti.
1035 5123 1425 5199 Genrinahsunt
1470 5140 1590 5199 qum
1642 5127 1892 5195 leguntur
1936 5130 2079 5199 apud

482 5200 781 5271 Sulpicium
826 5200 875 5251 in
908 5196 1049 5271 Hist.
1098 5197 1355 5271 sacr.rlib.
1385 5214 1423 5262 1,
1456 5209 1506 5251 c.
1536 5198 1609 5254 ἥδ
1661 5216 1673 5252 :
1704 5200 1919 5257 lnlu'ant
1960 5196 2079 5271 pos-

478 5269 791 5398 gssionibus
820 5311 833 5334 ,
876 5269 1075 5340 prwdr'a
1104 5270 1341 5323 excolunt
1369 5310 1381 5331 ,
1425 5287 1552 5325 auro
1594 5271 1858 5330 incubant.
1910 5269 1977 5333 H.
2007 5293 2075 5333 DE

510 5360 683 5397 .nno.

510 5360 683 5397 ΓΠΑἹὊ.

550 5414 576 5452 b
607 5415 741 5479 Quia
765 5412 1103 5465 addiscimus.
1136 5411 1271 5467 Malo
1293 5411 1489 5486 Cierio.
1518 5433 1619 5486 qua
1643 5418 1883 5474 dicimus.

553 5499 573 5525 ο
612 5486 1089 5561 Durns‘ponjarum
1125 5526 1138 5550 ,
1186 5495 1290 5539 etc.
1324 5484 1569 5541 Holstcn.
1602 5488 1656 5543 in
1685 5490 1923 5561 Append.
1953 5496 2069 5548 rod.

478 5559 718 5633 Reg.._p.
748 5554 819 5633 170’
846 5572 857 5607 :
891 5554 1030 5608 Dum
1057 5556 1110 5609 in
1136 5570 1441 5633 sponsarum
1465 5562 1676 5615 modum
1724 5554 1850 5633 quas
1894 5582 2071 5621 conse-

476 5628 589 5687 cra't
620 5628 863 5694 Domino,
888 5632 1058 5683 vetat:
1091 5628 1384 5699 ostendens,
1418 5642 1523 5689 etc.
1575 5628 1815 5693 Pessime
1842 5635 2066 5705 Cierio,

475 5705 611 5760 relut
636 5714 887 5755 ostensus.

546 5772 572 5811 ἀ
597 5775 971 5847 Superar'e.....
1021 5786 1329 5847 spmmeam.
1385 5772 1609 5831 Rectius
1657 5776 1905 5835 Holsten.
1938 5822 1952 5847 ,
1986 5792 2070 5836 so-

474 5844 703 5918 pire.....
745 5844 1066 5914 ﬂammeam.
1127 5846 1432 5903 Contextus
1482 5848 1891 5907 restitutIOnem
1938 5844 2070 5908 con-

2191 4698 2243 4750 in
2278 4697 2406 4751 tilio.
2436 4698 2542 4753 Sed
2572 4701 2697 4769 quid
2741 4717 2841 4772 ego
2875 4704 3108 4776 satisago
3137 4706 3418 4762 excellens
3458 4720 3522 4761 ac
3552 4705 3790 4762 sublime

2191 4791 2466 4863 pudicitiae
2494 4798 2749 4852 meritum
2798 4800 3061 4866 revelare,
3088 4810 3142 4855 et
3169 4800 3421 4873 gloriosae
3452 4802 3658 4859 bonum
3681 4802 3791 4858 vir-

2182 4886 2425 4956 ginitatis
2447 4890 2914 4958 ostendere,icum
2972 4892 3043 4950 de
3082 4892 3184 4950 hac
3228 4910 3288 4949 re
3324 4895 3633 4967 plerosque;
3665 4911 3789 4966 por-

2185 4997 2375 5041 orasse
2403 4999 2508 5041 non
2539 4987 2780 5042 nesciam
2812 4996 2867 5044 et
2893 4987 3013 5058 eius
3040 4988 3432 5047 beatitudinem
3457 4990 3789 5048 manifestis-

2183 5137 2382 5193 llrmat.

2257 5220 2281 5247 θ
2303 5210 2449 5289 Dabo
2472 5213 2819 5289 spadonibus,
2850 5214 3155 5271 dicit‘D‘eus.
3188 5216 3387 5283 HblStt,
3420 5218 3578 5279 dum;
3616 5219 3799 5289 inquit

2182 5282 2807 5361 Dominus,.spador_ri_bus
2849 5289 2997 5342 meis.
3026 5288 3195 5361 Deest
3233 5282 3539 5361 moirapud:
3566 5282 3780 5346 Isaiam.

2177 5352 2419 5431 Clericus
2434 5352 2626 5431 contra
2654 5356 2810 5431 ﬁdem
2828 5359 3179 5426 exemplaris,
3196 5370 3253 5414 ut
3278 5352 3599 5431 smpe'alias.
3622 5364 3776 5428 dabo,

2178 5426 2353 5501 inquit
2383 5427 2714 5501 spadonibus
2732 5429 2957 5490 Deus.et
2984 5432 3039 5485 in
3069 5432 3247 5496 domo,
3278 5426 3386 5488 etc.
3422 5426 3779 5501 mtrxtllnlstg

2176 5498 2497 5623 meliorem‘a
2537 5500 2779 5566 ﬁliis.....
2826 5504 2965 5573 quod
3006 5521 3123 5559 non:
3152 5504 3375 5575 deﬁciet.
3407 5498 3601 5576 Neque
3625 5498 3783 5562 aliter

2176 5582 2332 5622 sacer
2364 5581 2447 5622 rex
2482 5586 2562 5623 us.

2176 5581 2562 5623 SﬂCOPlBXlUS.

2183 5712 2229 5765 ,η
2249 5638 2269 5677 τ
2288 5640 2365 5765 Ἐιι
2386 5640 2441 5693 in
2471 5650 2655 5697 matre.
2709 5643 2800 5701 Sic
2828 5655 2884 5703 et
2910 5640 3253 5704 Halstenius.
3289 5649 3367 5704 At
3388 5644 3660 5716 Clericus;
3690 5650 3780 5704 sed

2183 5729 2191 5764 Ι
2255 5729 2285 5764 n
2305 5731 2335 5765 a
2363 5729 2434 5765 re.

2175 5728 2229 5765 ιη
2255 5728 2434 5765 matre.

2250 5791 2275 5869 β
2306 5782 2716 5869 Ηαὸεὸαιτμεε.
2747 5805 2871 5847 cum
2902 5788 3437 5861 HolSlL,.h'abeltattu';
3472 5786 3594 5850 Mox
3619 5792 3789 5859 ibid".

2174 5866 2353 5928 satago
2376 5869 2475 5926 pro
2504 5866 2752 5930 satisago.
