4056 6340
201 334 296 399 229

840 327 1060 388 EPIST.
1104 326 1147 384 ll
1189 324 1387 389 SULP.
1428 322 1701 391 SEVERI,
1729 321 1823 379 AD
1862 318 2221 379 CLAUDIAM
2263 320 2601 382 SOROREM
2640 323 2851 382 SUAM.

3392 331 3498 386 230

194 448 332 501 simis
376 445 683 503 rationibus
718 446 1127 519 comprobasse,
1177 452 1233 501 et
1281 444 1414 500 nulli
1465 443 1700 513 sapienti
1732 442 1785 495 in
1817 448 1865 509 Α
1897 438 2126 509 implere
2157 441 2475 510 consilium,
2500 453 2625 499 ante
2654 446 2837 500 omnia
2871 457 3023 500 serva
3050 447 3503 505 mandatumNo-

194 537 401 595 dubium
434 539 628 594 venire
680 540 849 608 possit
878 554 995 594 eam
1028 554 1141 593 rem
1188 537 1408 607 majoris
1444 551 1567 591 esse
1607 534 1786 589 meriti

196 647 307 703 qua:
344 633 412 685 sit
441 632 728 703 amplioris
754 631 987 687 laboris?
1018 630 1271 699 Quisquis
1302 629 1443 683 enim
1470 627 1786 697 pudicitiam

196 730 281 779 aut
326 725 528 779 nullius
560 726 774 794 praemii
828 735 920 780 aut
951 725 1095 793 parvi
1146 723 1444 788 existimat,
1470 731 1678 774 certum
1707 726 1787 773 est

196 822 335 876 illum
364 829 457 874 aut
486 802 755 892 ignorare
783 830 873 873 aut
908 834 1013 874 non
1042 818 1352 873 voluntarie
1379 819 1495 886 ejus
1548 814 1693 869 ferre
1718 814 1794 867 la-

196 912 387 968 borem.
455 912 591 966 Inde
650 912 732 965 illi
786 927 1005 978 semper
1058 910 1290 966 castitati
1362 909 1630 979 derogant
1700 906 1791 977 qui

193 1020 301 1061 eam
341 1014 432 1061 aut
482 1021 594 1060 non
653 1004 903 1072 habent,
962 1018 1054 1058 aut
1133 1000 1336 1060 habere
1388 1011 1656 1074 coguntur
1715 1002 1796 1055 in-

196 1096 303 1154 viti.

259 1192 342 1255 lV.
374 1196 529 1255 Nunc
560 1200 775 1269 itaque,
800 1200 1075 1270 quoniam,
1114 1198 1301 1268 paucis
1331 1197 1481 1263 licet,
1519 1207 1627 1250 tam
1652 1196 1796 1250 labo-

197 1308 302 1349 rem
342 1309 502 1362 quam
539 1294 803 1348 meritum
857 1293 1185 1362 integritatis
1217 1288 1580 1355 ostendimus,
1611 1306 1679 1344 ne
1710 1304 1796 1345 res

198 1402 308 1458 quae
337 1384 529 1456 grandi
554 1386 769 1439 virtute
796 1394 1030 1452 constat,
1058 1394 1111 1439 ct
1134 1385 1338 1454 ingenti
1384 1383 1609 1453 praemio
1635 1382 1801 1437 desti-

199 1492 365 1545 natur,
396 1495 595 1535 carere
624 1478 807 1533 fructu
832 1494 930 1534 suo
973 1480 1161 1549 possit,
1190 1477 1504 1547 diligentius
1527 1475 1799 1531 excuban-

197 1575 312 1629 dnm
343 1583 445 1628 est.
478 1572 766 1642 Quantum
796 1573 940 1626 enim
963 1585 1323 1642 quaecumque
1352 1569 1563 1638 species
1603 1569 1801 1639 pretio-

196 1667 300 1722 sior
330 1667 511 1734 foerit,
551 1676 712 1722 tanto
740 1667 945 1737 majore
971 1666 1345 1722 sollicitudine
1372 1664 1698 1720 custoditur.
1736 1664 1800 1717 Et

196 1762 438 1834 quoniam
498 1762 679 1817 multa
712 1774 835 1816 sunt
868 1776 986 1831 quae
1018 1761 1163 1816 bono
1197 1762 1416 1828 proprio
1448 1768 1657 1821 carent,
1698 1756 1799 1811 nisi

1896 532 2015 587 lens
2068 533 2397 603 virginitatis
2452 537 2744 607 prauuium
2815 540 3113 608 cimscqui,
3167 541 3501 610 amplectere

1896 626 2147 682 meritum
2179 629 2322 693 vitm,
2347 639 2401 682 ut
2433 637 2521 684 tua
2545 633 2770 687 castitas
2787 635 3123 690 remunerari
3152 637 3340 705 possit.
3368 635 3501 690 Nam

1898 726 1954 769 ut
2000 718 2161 772 vitam
2195 730 2417 788 pra-stat
2477 724 2796 778 observatio
2850 728 3252 791 mandatorum,
3303 728 3375 783 ita
3410 746 3502 783 co-

1897 827 2014 865 rum
2042 826 2083 867 c.
2117 817 2394 868 contrario
2446 827 2670 885 generat
2715 822 3089 887 praevaricatio
3148 834 3401 877 mortem.
3439 823 3505 877 Et

1896 905 1985 973 qui
2011 921 2109 974 per
2136 908 2645 976 praevaricationem
2676 921 2699 947 ε
2729 911 2783 965 in
2837 921 3014 970 morte
3063 914 3248 980 fuerit,
3281 916 3506 986 virgini-

1898 999 2021 1054 tatis
2073 1014 2331 1056 coronam
2378 1018 2608 1071 sperare
2660 1021 2766 1059 non
2816 1009 3055 1076 poterit,
3114 1024 3291 1080 neque
3341 1010 3497 1080 pudi-

1898 1093 2038 1149 citia:
2072 1097 2354 1163 prmmium
2383 1107 2705 1167 eXSpectare
2736 1102 3068 1157 constitutus
3099 1105 3153 1157 in
3176 1119 3355 1173 piena.

1973 1187 2033 1242 ν.
2061 1188 2193 1245 Tres
2227 1190 2372 1245 enim
2405 1192 2617 1258 species
2646 1202 2774 1247 sunt
2805 1209 2904 1264 per
2933 1212 3066 1265 quas
3089 1198 3236 1267 regni
3265 1197 3508 1253 cmlestis

1900 1282 2173 1353 possessio
2224 1282 2505 1337 introitur.
2557 1284 2733 1338 Prima
2783 1296 2867 1341 est
2918 1289 3208 1357 pudicitia,
3266 1292 3506 1344 secunda

1900 1372 2086 1429 mundi
2118 1378 2663 1444 contemptus,tertia
2702 1393 2837 1432 vero
2866 1379 3077 1449 jostitia
3110 1402 3123 1434 .-
3155 1397 3277 1452 quae
3302 1390 3509 1438 tition—

1903 1486 2061 1526 ncxze
2086 1472 2378 1543 plurimum
2404 1488 2464 1527 se
2484 1473 2893 1544 possidentibus
2918 1487 3197 1546 praestant,
3221 1477 3290 1531 ita
3320 1478 3507 1533 divisa:

1904 1564 2164 1637 prodesse
2218 1566 2444 1622 difficile
2490 1576 2759 1637 possunt;
2793 1568 2921 1622 dum
2954 1586 3288 1639 nnaqua-que
3314 1587 3504 1627 eorum

1907 1674 2012 1711 non
2044 1668 2268 1729 propter
2314 1675 2373 1714 se
2409 1670 2639 1723 tantun'i,
2673 1661 2768 1715 sed
2807 1671 3028 1732 propter
3053 1666 3189 1718 alias
3214 1664 3506 1734 ﬂagitator.

1905 1747 1963 1801 In
1997 1750 2183 1819 primis
2212 1767 2344 1822 ergo
2373 1754 2637 1823 quaeritur
2667 1754 2926 1822 pudicitia
2972 1766 3032 1811 ut
3074 1757 3284 1810 facilius
3319 1758 3510 1811 subsc-

197 1856 411 1910 aliarnm
465 1872 657 1910 rerum
688 1856 950 1922 juventur
972 1854 1196 1915 auxilio,
1230 1861 1287 1905 ut
1337 1862 1419 1905 est
1465 1849 1642 1904 mellis
1682 1865 1803 1917 spe—
1835 1847 1883 1907 Β
1910 1853 2107 1915 quatur
2136 1846 2323 1901 mundi
2346 1854 2712 1917 Contemptus,
2740 1849 2864 1915 quin
2897 1850 2963 1903 ab
2990 1850 3096 1905 illis
3125 1853 3355 1905 mundus
3376 1868 3506 1907 cou-

198 1950 317 2014 cies,
341 1965 463 2022 qua:
490 1949 593 2003 nisi
628 1964 887 2004 cerarum
916 1947 1156 2001 custodia
1201 1954 1254 1999 ct
1306 1944 1546 1998 favorum
1592 1941 1804 1996 cellulis

198 2054 568 2109 conservetur,
598 2054 657 2099 et
693 2050 753 2098 ut
785 2043 972 2097 verius
994 2041 1228 2096 dixerim
1262 2040 1554 2099 nutriatur,
1583 2046 1803 2091 natura-

200 2140 295 2193 lem
323 2140 554 2210 gratiam
591 2136 780 2208 perdit
822 2144 877 2191 et
907 2135 1204 2189 subsistere
1258 2146 1353 2202 per
1396 2146 1455 2185 se
1484 2130 1653 2199 ipsam
1698 2143 1805 2182 non

199 2243 363 2303 potest
393 2252 407 2287 :
440 2235 590 2287 sicut
625 2241 687 2285 et
715 2230 823 2285 vini
858 2230 1092 2300 species,
1117 2226 1263 2298 quod
1287 2226 1332 2279 si
1365 2239 1469 2278 non
1504 2220 1630 2276 boni
1675 2220 1801 2276 odo-

199 2325 268 2379 ris
299 2335 322 2363 τι
355 2327 527 2387 vasis,
564 2333 623 2379 et
645 2323 917 2393 reparatis
942 2321 1151 2377 crebris
1178 2318 1387 2389 picibus
1420 2316 1683 2380 foveatur,
1711 2328 1807 2384 ge-

199 2421 407 2475 nuinam
431 2420 549 2475 vini
574 2419 909 2475 suavitatem
940 2416 1161 2471 amittit.
1215 2413 1488 2468 Attentins
1516 2425 1646 2480 ergo
1688 2424 1813 2479 pro-

199 2512 481 2567 videndum
547 2522 639 2568 est
697 2526 766 2565 ne
832 2511 969 2564 forte
1027 2520 1075 2564 et
1130 2506 1423 2576 virginitati
1475 2505 1653 2571 aliqua
1704 2503 1813 2557 sint

201 2608 523 2673 necessaria,
574 2608 708 2660 sine
735 2604 932 2673 quile
966 2616 1311 2672 nequaquam
1360 2601 1591 2652 fructum
1619 2595 1813 2651 alierrc

198 2698 460 2766 sufficiat;
515 2710 571 2755 et
628 2707 819 2753 tantus
849 2696 988 2751 nihil
1025 2693 1264 2763 proderit
1288 2693 1461 2751 labor.
1492 2690 1619 2745 dum
1672 2704 1813 2742 vane

201 2792 453 2865 prodesse
484 2791 768 2853 creditur,
817 2788 960 2858 quod
1011 2789 1217 2856 absque
1249 2784 1455 2839 viribus
1489 2780 1815 2837 necessariis

198 2890 522 2961 possidetur.
562 2887 689 2942 Nisi
725 2884 881 2938 fallor
909 2884 1077 2948 enim,
1115 2883 1184 2937 ob
1225 2880 1466 2937 caelestis
1499 2878 1648 2949 regni
1678 2892 1816 2947 pric-

200 2986 355 3037 mium
384 2978 687 3053 pudicitia:
720 2987 971 3032 servatur
1001 2975 1308 3045 integritas,
1333 2973 1477 3045 quod
1528 2972 1646 3027 sine
1693 2970 1818 3025 vitae

201 3085 414 3129 :eternm
443 3075 660 3128 merito
694 3070 967 3124 neminem
994 3067 1255 3136 consequi
1283 3080 1442 3136 posse
1486 3076 1688 3118 eertum
1713 3072 1815 3115 est.

202 3166 415 3223 {Eterna
452 3182 591 3223 vero
643 3167 757 3218 vita
812 3162 1028 3217 nonnisi
1083 3176 1184 3232 per
1240 3173 1457 3214 omnem
1513 3157 1819 3211 divinorum

1910 1939 2079 1994 temni
2130 1938 2304 1994 levius
2334 1948 2510 2009 potest
2532 1942 2620 2011 qtti
2667 1944 2996 1997 matrimonii
3041 1946 3268 1999 nexibus
3307 1960 3412 1999 non
3444 1954 3516 1999 te-

1912 2042 2109 2086 nentur
2136 2048 2151 2099 ;
2182 2034 2369 2088 mundi
2401 2049 2539 2088 vero
2563 2046 2911 2105 contemptus
2933 2040 3251 2107 exposcitur
3280 2048 3337 2094 ut
3363 2041 3518 2109 jusii-

1915 2124 1983 2177 tia
2008 2136 2383 2191 conservetur,
2436 2142 2595 2195 quam
2627 2128 2859 2185 difﬁcile
2889 2132 3116 2200 implere
3146 2144 3376 2202 possunt
3427 2136 3519 2204 qui

1914 2217 2263 2271 smcularium
2304 2222 2591 2274 bonorum
2624 2223 3018 2291 cupiditatibus
3046 2238 3097 2280 et
3120 2227 3518 2283 mundananmi

1914 2311 2254 2381 voluptatum
2281 2314 2513 2384 negotiis
2547 2317 2913 2385 implicantur.
2948 2320 3205 2390 Quisquis
3253 2338 3383 2392 ergo
3421 2339 3520 2392 pu—

1915 2402 2114 2457 dicitiae
2148 2406 2391 2473 possidet.
2419 2408 2648 2475 primam
2677 2411 2939 2478 Speciem,
2973 2414 3365 2472 ctsecuudam.
3398 2431 3519 2485 qum

1917 2508 2001 2552 est
2028 2496 2213 2552 mundi
2245 2511 2618 2569 contemptus,
2643 2517 2751 2556 non
2799 2504 3030 2569 obtinet,
3060 2522 3197 2575 pene
3226 2509 3343 2563 sine
3361 2524 3521 2564 causa

1918 2594 2159 2664 possidet
2187 2598 2443 2663 primam,
2476 2598 2693 2666 quando
2722 2600 3021 2654 secundam
3054 2619 3161 2655 non
3190 2601 3374 2667 habet,
3401 2618 3525 2674 prn—

1920 2697 2039 2756 pter
2066 2701 2225 2756 quam
2255 2690 2426 2757 prima
2476 2692 2702 2760 quaesita
2756 2702 2862 2746 est.
2900 2694 2963 2748 Et
2993 2695 3037 2749 si
3078 2695 3311 2765 primam
3346 2708 3399 2752 et
3443 2714 3526 2753 sc-

1921 2779 2154 2833 cnndam
2216 2778 2439 2848 habeat,
2491 2782 2578 2836 cui
2612 2786 2793 2849 tertia,
2825 2801 2949 2855 quae
2978 2799 3061 2841 est
3105 2790 3335 2858 justitia,
3367 2791 3527 2856 desit,

1922 2869 2122 2927 frustra
2172 2872 2427 2939 laborat,
2459 2878 2717 2946 quoniam
2780 2882 3094 2949 superiores
3149 2884 3270 2939 duae
3306 2897 3528 2957 propter

1926 2966 2143 3020 tertiam
2188 2970 2465 3038 prmcipue
2514 2972 2886 3039 requiruntur.
2917 2974 3056 3040 Quid
3109 2979 3255 3032 enim
3307 2981 3533 3049 prodest

1922 3069 2155 3129 propter
2186 3062 2371 3116 mundi
2422 3073 2801 3134 contemptum
2856 3068 3173 3134 pudicitiam
3222 3072 3443 3139 habere,
3480 3084 3535 3129 et

1931 3164 2153 3224 prepter
2180 3157 2327 3225 quod
2354 3172 2473 3212 eam
2510 3159 2714 3215 habeas
2736 3175 2844 3215 non
2880 3163 3127 3219 habere?
3155 3165 3252 3222 Vel
3289 3166 3307 3204 ί
3336 3169 3424 3222 cui
3456 3172 3531 3224 rei

200 3271 597 3332 praeceptorum
630 3256 941 3312 custodiam
970 3254 1271 3324 promereri
1305 3259 1504 3321 potest,
1537 3248 1818 3315 Scriptura
1850 3238 1894 3301 C
1929 3246 2191 3299 mundum
2232 3257 2553 3303 contemnas
2586 3291 2600 3315 ,
2651 3252 2696 3306 si
2736 3252 3006 3321 justitiam
3040 3296 3056 3323 ,
3104 3268 3328 3328 propter
3374 3277 3534 3330 quam

202 3354 454 3409 dicente:
508 3351 573 3407 Si
607 3353 687 3404 vis
740 3351 793 3403 in
843 3349 997 3401 vitam
1049 3347 1334 3419 pervenire,
1384 3359 1529 3398 serra
1572 3342 1821 3395 mandata

207 3444 560 3515 (Matth.xtx,
600 3440 727 3514 i7).
778 3440 954 3495 \‘itam
1007 3456 1139 3510 ergo
1196 3455 1303 3493 non
1359 3437 1543 3503 habet,
1579 3434 1684 3489 nisi
1734 3434 1821 3504 qui

202 3551 383 3595 cuncta
413 3537 685 3593 mandata
722 3534 859 3605 legis
904 3534 1229 3588 servaverit.
1265 3532 1331 3585 Et
1373 3526 1461 3601 qui
1510 3530 1671 3583 vitam
1716 3544 1822 3583 non

201 3622 473 3697 habuerit,
501 3627 765 3685 caelestis
805 3626 960 3695 regni
1020 3642 1125 3678 non
1156 3633 1338 3693 potest
1365 3637 1487 3677 esse
1521 3634 1824 3690 posSessor,

200 3724 251 3779 in
280 3741 385 3795 quo
417 3740 530 3779 non
569 3718 802 3785 mortui,
840 3718 934 3771 sed
966 3718 1072 3771 vivi
1101 3716 1303 3788 quique
1332 3716 1660 3785 regnabant.
1680 3702 1829 3769 Nihil

203 3831 326 3887 ergo
360 3815 666 3886 virginitas
710 3809 825 3865 sola
880 3808 1147 3881 proficiet,
1204 3826 1324 3880 qua:
1380 3809 1622 3864 etelestis
1676 3806 1827 3878 regni

201 3910 424 3979 gloriam
454 3913 678 3979 sperat,
713 3903 816 3957 nisi
848 3912 905 3957 et
932 3902 956 3941 ι)
990 3903 1139 3958 aliud
1177 3903 1426 3957 habuerit
1452 3903 1538 3957 cui
1569 3912 1831 3971 perpetua

202 4006 308 4060 vita
331 4006 713 4077 promittitur,
744 4018 841 4072 per
870 4018 1033 4073 quam
1079 4004 1317 4059 (mlestis
1363 4002 1513 4073 regni
1549 4000 1829 4071 praemium

202 4094 543 4170 possidetur.
590 4102 738 4151 Ante
787 4097 969 4150 omnia
1017 4111 1148 4167 ergo
1199 4095 1515 4167 pudicitiam
1549 4092 1831 4163 integrita-

205 4199 416 4264 temque
448 4189 844 4254 servantibus,
873 4200 925 4243 et
966 4191 1087 4260 ejus
1109 4190 1610 4245 remunerationem
1658 4202 1687 4240 a
1740 4183 1832 4239 Dei

202 4287 456 4357 thuilule
504 4283 873 4356 sperantibus
898 4283 1282 4339 mandatorum
1312 4280 1558 4337 custodia
1585 4290 1669 4335 est
1696 4294 1832 4349 pra:-

204 4389 381 4451 cepta,
408 4394 483 4435 ne
514 4372 789 4450 gloriosa:
840 4375 1106 4429 castitatis
1138 4386 1193 4430 et
1225 4370 1577 4430 continentiae
1602 4371 1753 4427 labor
1781 4372 1833 4425 in

202 4472 416 4528 irritum
450 4470 796 4527 deducatur.
831 4467 1007 4539 Supra
1039 4468 1351 4524 mandatum
1395 4465 1478 4523 vel
1508 4476 1837 4538 przcceptum

204 4582 321 4622 esse
342 4566 737 4639 virginitatem
792 4559 1153 4631 sapienscex
1206 4566 1325 4634 lege
1368 4563 1549 4616 nullus
1601 4561 1836 4631 ignorat,

1930 3338 2245 3408 pudicitiam
2280 3353 2333 3395 et
2361 3352 2580 3413 propter
2606 3360 2767 3414 quam
2814 3349 2996 3402 mundi
3025 3360 3402 3423 contemptum
3434 3355 3533 3410 ba-

1929 3432 2060 3487 bere
2084 3441 2136 3487 te
2168 3436 2448 3501 convenit,
2477 3452 2581 3490 non
2609 3437 2935 3494 custodias?
2967 3442 3093 3510 quia
3130 3455 3185 3499 ut
3208 3447 3378 3516 prima
3407 3464 3533 3519 spe-

1932 3525 2046 3579 cies
2091 3535 2315 3596 pr0pter
2342 3529 2635 3584 secundam
2668 3542 2770 3596 est,
2807 3532 2877 3587 ita
2904 3546 2959 3588 et
2993 3538 3168 3605 prima
3219 3551 3274 3595 et
3300 3544 3536 3601 secunda

1920 3629 2159 3688 propter
2188 3620 2400 3674 tertiam
2430 3637 2443 3686 ;
2474 3638 2594 3691 qua:
2650 3625 2696 3679 si
2749 3641 2856 3679 non
2887 3626 3070 3695 fuerit,
3108 3644 3208 3687 nec
3234 3636 3403 3702 prima
3435 3652 3538 3692 nec

1935 3711 2461 3783 sccundaproftciet.

2014 3804 2098 3862 Vl.
2131 3807 2272 3860 Dicis
2305 3807 2530 3861 forsitan
2554 3827 2565 3862 :
2594 3810 2737 3866 Doce
2766 3828 2853 3867 me
2881 3828 3015 3885 ergo
3042 3819 3168 3887 quid
3213 3822 3282 3875 sit
3308 3822 3536 3892 iustitia,

1940 3907 1997 3954 ut
2026 3913 2145 3953 eam
2171 3898 2218 3953 si
2244 3901 2617 3970 cognoverim,
2645 3902 2857 3959 facilius
2876 3908 3112 3977 implere
3141 3914 3428 3970 sufﬁciam.
3448 3917 3541 3971 Di-

1938 3998 2056 4046 c‘am
2083 3990 2176 4046 tibi
2209 3992 2444 4047 breviter
2474 4004 2530 4048 ut
2568 3996 2741 4064 valeo,
2790 4009 2845 4053 et
2869 4001 3159 4058 verborum
3187 4016 3308 4059 utar
3331 4009 3543 4080 simpli-

1936 4085 2103 4138 citate
2145 4089 2518 4142 communium
2549 4092 2714 4161 ;quia
2749 4108 2911 4150 causa
2968 4098 3034 4153 de
3060 4115 3162 4168 qua
3218 4102 3430 4171 agimus
3460 4116 3543 4160 ta-

1940 4177 2012 4233 lis
2061 4188 2146 4233 est
2181 4219 2194 4243 ,
2253 4196 2373 4250 quae
2433 4183 2814 4242 disertioribus
2868 4189 3138 4245 facundim
3196 4200 3547 4254 sermonibus

1942 4286 2285 4341 nequaquam
2343 4272 2541 4328 debeat
2570 4279 2877 4346 obscurari,
2921 4282 3015 4336 sed
3042 4284 3399 4352 simplicioris
3430 4292 3546 4345 elo-

1943 4364 2180 4433 quentiae
2212 4366 2621 4421 narrationibus
2664 4369 2851 4437 pandi.
2902 4371 3011 4427 Res
3040 4376 3181 4429 enim
3211 4380 3463 4436 matribus
3491 4384 3547 4439 in

1944 4473 2236 4533 commune
2268 4462 2598 4528 necessaria,
2623 4467 2895 4520 communi
2919 4468 3081 4525 debet
3104 4484 3357 4529 sermune
3387 4492 3546 4532 mon.

1948 4554 2133 4609 strari.
2160 4553 2374 4611 Justitia
2394 4570 2523 4627 ergo
2554 4573 2659 4612 non
2683 4560 2825 4615 aliud
2850 4573 2931 4618 est
2950 4579 3109 4634 quam
3140 4580 3243 4621 non
3276 4583 3503 4639 peccare
3530 4591 3546 4641 ;

204 4633 477 4732 Apostolo
508 4654 869 4715 dicentezbe
897 4656 1179 4725 virginibus
1204 4666 1372 4710 autem
1399 4664 1707 4727 prwceptnm
1732 4652 1841 4707 Do-
1869 4633 1920 4694 Ῑ)
1950 4664 2055 4702 non
2087 4664 2311 4719 peccare
2344 4661 2523 4706 autem
2548 4662 2632 4707 est
2662 4655 2792 4724 legis
2817 4673 3089 4731 praecepta
3129 4677 3369 4723 servare.
3404 4668 3550 4724 Prte-

205 4756 329 4808 mini
360 4772 472 4808 non
496 4751 699 4813 habeo,
744 4750 1021 4803 consilium
1061 4760 1233 4803 autem
1265 4750 1332 4803 do
1368 4749 1408 4818 (Ι
1459 4748 1578 4803 Cor.
1608 4765 1698 4811 vn,
1723 4748 1839 4818 23).

205 4845 339 4902 Cum
370 4864 513 4920 ergo
545 4840 872 4901 obtinendte
913 4841 1242 4911 virginitatis
1268 4844 1557 4898 consilium
1583 4842 1699 4907 dat,
1735 4858 1840 4896 non

208 4951 588 5010 prazceptum,
607 4950 782 5006 supra
814 4934 1126 4989 mandatum
1150 4946 1205 4990 et
1228 4943 1560 5005 praeceptum
1584 4951 1703 4990 eam
1724 4951 1847 4991 esse

208 5032 509 5104 professus
540 5041 649 5086 est.
677 5024 1021 5099 Quicumque
1053 5043 1183 5099 ergo
1205 5028 1569 5096 virginitatem
1606 5038 1845 5093 servant,

211 5126 395 5196 majus
430 5142 607 5196 (piam
647 5134 987 5193 praeceptum
1015 5133 1097 5175 cst
1128 5122 1354 5177 faciunt.
1380 5124 1530 5177 Tunc
1549 5124 1690 5177 enim
1728 5139 1849 5191 pro—

212 5218 359 5274 derit
391 5218 655 5288 amplius
691 5214 891 5269 fecisse
919 5228 1081 5283 quam
1110 5215 1324 5283 jussum
1368 5226 1472 5278 est,
1498 5216 1543 5268 si
1571 5215 1714 5284 quod
1738 5215 1853 5284 jus-

211 5325 336 5366 sum
370 5320 463 5366 est
496 5303 774 5363 feceris.Gl
808 5303 938 5358 Nam
972 5306 1246 5374 quomodo
1277 5305 1397 5373 plus
1430 5303 1622 5360 fecisse
1653 5306 1855 5377 gloria-

211 5404 387 5469 beris,
425 5405 477 5458 si
504 5404 699 5458 minus
722 5397 925 5468 aliquid
954 5413 1059 5453 non
1090 5390 1328 5454 feceris?
1359 5396 1592 5469 Cupiens
1613 5399 1852 5455 divinum

287 5554 314 5580 ει
358 5542 548 5623 Yasis.
586 5538 774 5623 Malim
807 5554 928 5592 cum
972 5539 1255 5623 llolst..vas
1290 5540 1473 5608 :apud
1500 5556 1658 5609 quem
1691 5540 1850 5611 paulo

210 5625 340 5686 post
374 5615 591 5681 lrgitur
620 5609 778 5663 rebus
802 5627 910 5676 nec,
947 5626 1042 5678 pro
1072 5612 1266 5665 viribus
1297 5627 1407 5665 nec.
1694 5609 1701 5611 ⁷

284 5685 316 5724 δ
361 5683 542 5739 Aliud
573 5682 698 5737 Imb.
732 5678 931 5746 Holst.,
963 5682 1097 5736 illud
1132 5681 1252 5736 Ital).
1289 5680 1408 5738 Mox
1445 5679 1606 5749 ibid.,
1637 5685 1857 5738 matula-

210 5769 393 5815 torum
428 5765 560 5810 sunt
592 5754 935 5808 custodienda
966 5769 1129 5826 prwce
1170 5764 1238 5809 ia,
1641 5782 1644 5784 γ

292 5841 316 5870 ε
364 5828 461 5879 Ex
489 5829 623 5879 lene.
659 5825 904 5879 [{cctius.
936 5839 1095 5879 uuam
1122 5773 1298 5879 (inlisi.
1339 5830 1387 5878 et
1419 5823 1613 5879 leaena.

292 5841 316 5870 ε
364 5828 461 5884 Ex
489 5829 623 5897 lege.
659 5825 904 5898 Rectius,
936 5823 1103 5898 quam
1122 5823 1321 5898 l'lolst.“
1339 5830 1387 5878 et
1419 5823 1613 5898 legens.

287 5898 317 5939 «ι
365 5899 528 5955 Nam
542 5892 931 5969 'quomodo...”
953 5892 1006 5952 ὀἱ
1036 5895 1202 5952 minus
1246 5892 1447 5966 aliquid
1468 5892 1593 5952 'nan
1629 5896 1857 5968 feceris?

1949 4753 2229 4812 ceptorum
2258 4760 2387 4800 vero
2414 4746 2726 4805 observatio
2748 4750 2949 4820 duplici
2978 4771 3183 4823 genere
3222 4763 3548 4833 citetoditur,

1950 4848 2007 4891 ut
2032 4838 2165 4893 nihil
2193 4856 2379 4895 eorum
2407 4857 2526 4911 qua:
2554 4844 2915 4911 prohibentur
2940 4849 3130 4917 facias,
3147 4863 3412 4912 etcuucta
3430 4872 3550 4929 qua

1951 4930 2207 5002 iubentur
2228 4933 2459 5003 implere
2480 4938 2796 4995 contendas.
2817 4940 2932 4998 Hoc
2959 4954 3044 4999 est
3071 4949 3215 5017 quod
3242 4951 3378 5006 dicit
3396 4953 3556 5010 Psal-

1956 5024 2117 5078 mista
2155 5042 2167 5077 :
2203 5026 2401 5080 Recede
2430 5045 2461 5080 ιι
2489 5030 2716 5095 malo,et
2740 5033 2828 5101 fac
2855 5034 3045 5090 bonum
3066 5039 3187 5108 (Ps.
3208 5054 3400 5109 χχχιιι,
3440 5048 3551 5119 ίὸ).

1958 5115 2093 5170 Nolo
2114 5118 2260 5171 enim
2284 5118 2335 5171 in
2380 5120 2483 5174 hoc
2514 5130 2670 5191 putes
2699 5129 3234 5197 constarejuStitiam
3261 5145 3316 5189 ut
3355 5115 3554 5194 malum

1958 5224 2066 5265 non
2093 5210 2288 5277 facias,
2320 5226 2439 5267 cum
2460 5222 2519 5267 et
2543 5215 2752 5270 bonum
2785 5228 2893 5275 non
2940 5220 3118 5281 facere
3152 5228 3351 5286 malum
3384 5234 3477 5297 sit,
3506 5243 3560 5287 et

1960 5304 2014 5359 in
2051 5314 2280 5373 utroque
2314 5304 2447 5375 legis
2497 5309 2871 5376 przevaricatie
2914 5316 3226 5373 continetur
3254 5340 3268 5375 :
3298 5326 3554 5392 quoniam

1962 5400 2253 5471 qui‘dixit:
2289 5401 2536 5457 Recedea
2562 5405 2725 5471 malo,
2756 5408 2871 5478 ipse
2896 5410 3050 5477 dixit,
3082 5422 3131 5466 et
3151 5416 3468 5486 facbomtm.
3500 5419 3558 5474 Si

2109 5540 2248 5611 apud
2273 5540 2608 5626 llolslenium
2641 5548 2945 5603 incuriosus
2962 5569 3024 5605 ev
3036 5556 3269 5626 scriptor
3286 5561 3553 5618 omiserit.

1964 5611 2135 5688 Paulo
2168 5625 2286 5673 post
2312 5614 2437 5669 ibid.
2462 5632 2766 5687 perperam,
2801 5611 3549 5688 remaiteratiolmandarorii

2004 5755 2015 5767 .
2040 5694 2061 5720 ε
2104 5682 2173 5767 in
2200 5695 2362 5739 morte
2382 5682 2575 5767 fuerit;
2596 5682 2904 5767 Legendttm
2934 5698 3150 5752 videtur
3178 5713 3305 5755 cum

1962 5758 2076 5831 nio,
2109 5758 2163 5831 i_n
2184 5767 2403 5831 mortem
2430 5763 2589 5828 fuerit
2616 5758 2909 5831 deputatus.

2038 5824 2058 5865 τ
2096 5826 2193 5883 Cui
2225 5824 2646 5904 rei.__Sic'Balim.
2666 5824 2686 5901 ς’
2718 5834 2769 5890 id
2798 5848 2899 5903 est,
2928 5840 3019 5892 cui
3047 5838 3176 5895 bona
3198 5840 3225 5895 Ρ
3262 5843 3332 5900 At
3372 5842 3552 5904 ﬁo’lst.

1960 5914 2155 5955 curres
2176 5901 2356 5956 mundi
2383 5910 2520 5957 cont.
