4056 6340
533 363 636 422 εει

1499 352 1852 418 APPENDIX
1885 357 1976 414 AD
2002 353 2234 415 OPEllA
2277 355 2567 416 SULPlClI
2596 357 2866 417 SEVERI.

3729 358 3832 417 ἓδὲ

533 495 564 534 a
595 481 737 535 malo
758 478 1055 535 recesseris
1075 486 1253 534 etnon
1279 477 1479 534 feceris
1504 477 1729 541 bonum,
1762 487 2132 546 transgressor
2159 479 2212 540 Α
2239 493 2347 532 non
2380 477 2596 544 feceris,
2628 495 2753 534 cum
2785 479 3046 547 scriptum
3079 485 3164 532 est
3191 493 3203 529 :
3239 475 3342 542 Qui
3360 477 3655 532 universam
3680 476 3835 548 legem

533 587 596 628 es
618 573 773 642 legis,
799 589 917 644 quae
942 586 1048 628 non
1073 581 1277 626 tantum
1307 572 1361 626 in
1385 571 1648 626 malorum
1679 581 1896 626 actuum
1925 571 2131 626 abomi-

535 666 782 732 natione,
813 665 910 722 sed
937 667 1058 720 etin
1083 665 1350 720 bonorum
1382 679 1608 733 operum
1633 663 1965 735 perfectione
1983 678 2133 718 com-

538 761 739 830 pletur.
773 760 957 832 Neque
1006 760 1152 816 enim
1187 760 1282 814 tibi
1329 759 1429 814 hoc
1481 760 1658 816 solum
1716 759 2025 830 praecipitur
2077 767 2135 812 ιιι

536 855 791 908 vestitum
808 854 919 908 suis
937 867 1045 908 non
1063 851 1266 922 spelies
1287 851 1640 916 indumentis,
1674 851 1768 906 sed
1790 859 1848 905 ut
1873 850 2136 921 spoliatos

538 946 756 1017 operias
807 947 949 1012 tuis;
977 961 1153 1016 neque
1187 953 1243 1000 ut
1274 945 1495 1001 habenti
1551 960 1743 1014 panem
1774 961 1881 1000 non
1922 942 2136 999 auferas

536 1055 719 1107 suum,
748 1040 842 1096 sed
867 1050 924 1095 ut
951 1056 1058 1095 nou
1107 1039 1328 1095 habenti
1362 1049 1512 1094 tuum
1549 1040 1784 1095 libenter
1806 1039 2133 1107 impertias;

545 1145 569 1171 ο
603 1150 782 1204 neque
807 1144 866 1188 ut
895 1133 1071 1188 solum
1103 1148 1394 1203 pauperem
1429 1147 1527 1186 suo
1550 1133 1654 1187 non
1683 1131 1850 1202 pellas
1879 1130 2138 1202 hospitio,

546 1228 643 1286 sed
675 1236 735 1283 ut
757 1229 963 1299 pulsum
992 1239 1047 1284 et
1073 1243 1184 1283 non
1227 1227 1516 1282 habentem
1567 1227 1799 1296 recipias
1847 1237 1959 1280 tuo.
1993 1224 2141 1278 Prte-

547 1333 765 1394 ceptum
792 1323 935 1379 enim
985 1332 1071 1379 est
1124 1322 1282 1378 nobis
1335 1323 1460 1392 flere
1517 1339 1632 1376 cum
1678 1321 1919 1391 flentibus
1958 1319 2136 1390 (Rom.

545 1431 644 1481 xu,
669 1416 783 1485 £5).
812 1415 1098 1484 Quomodo
1151 1432 1274 1473 eum
1307 1417 1414 1471 illis
1442 1416 1656 1481 flemus,
1689 1416 1733 1469 si
1781 1415 1832 1468 in
1865 1412 2012 1468 nullo
2049 1428 2142 1468 eo-

542 1524 661 1563 rum
696 1510 1122 1566 necessitatibus
1146 1510 1556 1579 participamus,
1615 1522 1713 1563 nec
1735 1505 1952 1577 aliquod
1983 1505 2140 1559 eisin

543 1601 628 1657 his
647 1611 872 1674 propter
897 1617 1031 1672 quas
1054 1601 1638 1673 laerymanturcausis,
1662 1601 1966 1670 pra-bemus
1996 1597 2146 1652 auxi-

542 1695 723 1751 lium?
756 1697 937 1766 Neque
983 1696 1129 1754 enim
1161 1696 1386 1750 fletuum
1438 1705 1751 1750 nostrorum
1785 1694 1928 1748 Deus
1974 1691 2142 1747 infru-

542 1799 797 1844 ctuosum
827 1788 1028 1860 quaerit
1060 1789 1345 1844 humorem
1377 1805 1392 1854 ;
1425 1787 1520 1844 sed
1550 1788 1676 1859 quia
1707 1787 1961 1859 lacrymze
1989 1785 2142 1841 dolo-

2234 571 2532 636 servaverit,
2561 571 2834 639 oﬂ'enderit
2862 581 3034 624 autem
3062 571 3117 624 in
3141 586 3264 634 uno,
3295 573 3462 640 factus
3512 578 3588 624 est
3619 571 3837 623 omnium

2238 679 2354 717 reus
2385 664 2540 734 (Jac.
2584 681 2643 730 ιι,
2678 665 2806 736 10).
2839 663 3012 719 Adam
3060 663 3208 719 enim
3264 663 3440 718 semel
3492 664 3757 733 peccavit,
3785 673 3840 719 et

2239 766 2489 812 mortuus
2522 767 2629 812 est.
2676 757 2741 812 Et
2776 765 2831 811 tu
2874 766 2925 811 te
2970 755 3159 812 vivere
3207 771 3370 826 posse
3399 756 3682 811 existimas
3711 753 3836 809 illud

2239 862 2386 917 saepe
2429 847 2781 902 committens
2829 847 2974 918 quod
3021 848 3214 911 alium,
3269 846 3394 901 dum
3442 846 3614 902 semel
3661 861 3843 916 perpe-

2241 951 2464 1007 trasset,
2495 942 2696 998 occidit
2714 943 2736 996 ?
2754 945 2834 996 An
2857 942 3063 1014 grande
3087 943 3240 997 illum
3266 943 3614 998 commisisse
3641 941 3844 998 crimen

2245 1046 2402 1108 putas
2429 1039 2571 1093 unde
2592 1040 2793 1094 merito
2819 1054 2881 1094 ac
2907 1039 3055 1109 jusle
3086 1039 3375 1093 damnatus
3397 1039 3525 1094 est?
3555 1036 3844 1094 Videamus

2243 1146 2377 1202 ergo
2403 1132 2532 1202 quid
2557 1132 2765 1188 fecerit.
2790 1134 2990 1188 Contra
3016 1133 3332 1188 mandatum
3352 1133 3422 1188 de
3441 1133 3623 1188 fructu
3644 1132 3846 1188 arboris

2243 1226 2376 1283 edit.
2396 1226 2535 1294 Quid
2556 1241 2686 1297 ergo
2706 1228 2730 1282 ’ἶ
2747 1227 2979 1299 Pr0pter
2997 1227 3212 1283 arboris
3237 1228 3474 1283 fructum
3505 1227 3653 1283 Deus
3681 1226 3850 1282 homi-

2245 1334 2368 1373 nem
2406 1327 2586 1374 tuorte
2617 1321 2864 1374 multavit
2890 1320 2912 1374 ?
2939 1319 3053 1374 Non
3090 1330 3310 1390 pr0pter
3337 1321 3556 1376 arboris
3582 1319 3846 1385 fructum,

2248 1414 2340 1468 sed
2374 1422 2596 1484 promer
2628 1413 2872 1469 mandati
2915 1425 3310 1485 contemptum.
3357 1416 3498 1486 Ergo
3540 1431 3651 1471 non
3682 1416 3850 1486 agitur

2248 1505 2318 1558 de
2346 1506 2605 1575 qualitate
2638 1507 2870 1576 peccati,
2902 1507 2996 1562 sed
3019 1507 3088 1562 de
3114 1508 3558 1578 transgressione
3591 1506 3847 1563 mandati.

2249 1597 2319 1652 Et
2345 1597 2434 1668 qui
2473 1597 2610 1651 dixit
2652 1598 2782 1652 Adze
2827 1607 2887 1653 ut
2916 1597 2984 1653 de
3029 1598 3245 1654 arboris
3293 1597 3470 1654 fructu
3503 1613 3612 1654 non
3647 1597 3853 1666 ederet,

2249 1691 2364 1762 ipse
2396 1691 2493 1746 tibi
2521 1692 2780 1762 praecepit
2813 1701 2874 1747 ut
2900 1708 3009 1747 non
3043 1691 3361 1759 maledicas,
3395 1707 3504 1748 non
3552 1693 3852 1764 mentiaris,

2248 1800 2356 1840 non
2385 1785 2664 1852 detrahas,
2696 1801 2796 1840 nec
2824 1785 3186 1841 detrahentes
3213 1786 3529 1852 auscultes;
3550 1796 3613 1841 ut
3638 1786 3855 1843 omnino

544 1881 622 1937 ris
643 1882 905 1936 indicium
937 1888 1086 1949 sunt,
1119 1881 1237 1936 vult
1262 1890 1316 1937 te
1343 1880 1416 1936 ita
1449 1881 1676 1936 alterius
1717 1881 1994 1949 angustias
2021 1893 2143 1934 sen-
2172 1885 2221 1946 Β
2249 1893 2356 1933 non
2397 1878 2576 1948 jures,
2610 1887 2670 1932 ut
2702 1892 2810 1932 non
2843 1878 3229 1948 concupiscas,
3266 1892 3372 1934 non
3429 1878 3702 1946 invideas,
3750 1894 3855 1934 non

545 1975 651 2032 tire
679 1985 736 2030 ut
761 1985 901 2031 tuas.
932 1976 1001 2030 Et
1030 1975 1305 2046 quomodo
1356 1976 1473 2042 tibi,
1507 1975 1562 2029 in
1611 1975 1702 2028 tali
1731 1973 2082 2028 tribulatione
2101 1973 2146 2026 si

543 2083 718 2135 esses,
750 2069 1026 2126 subveniri
1068 2063 1320 2139 cuperes,
1366 2070 1438 2123 ita
1491 2068 1650 2124 alteri
1683 2067 1800 2138 ipse
1829 2065 2141 2131 subvenias,

545 2171 767 2234 propter
780 2163 906 2218 illud
925 2180 938 2216 :
956 2162 1467 2232 Quaecumquevultis
1481 2172 1534 2215 ut
1552 2162 1748 2227 faciant
1766 2161 1904 2215 vobis
1919 2160 2148 2214 homines

544 2257 698 2322 bona,
722 2257 795 2313 ita
821 2267 868 2312 et
887 2273 974 2312 vos
1005 2258 1161 2329 facite
1184 2258 1290 2312 illis
1321 2256 1536 2329 (Matth.
1587 2273 1680 2321 vn,
1719 2255 1830 2328 1'2).
1864 2255 1998 2311 Nam
2022 2270 2145 2310 cum

546 2351 713 2406 flente
738 2350 894 2417 flere,
920 2356 966 2406 si
989 2352 1148 2419 nihil,
1177 2366 1298 2406 cum
1329 2351 1503 2421 possis
1534 2349 1685 2406 flenti
1715 2349 1991 2415 conferre,
2017 2364 2149 2404 con-

545 2443 714 2510 feras,
743 2444 1203 2509 subsannationis,
1229 2458 1336 2498 non
1370 2443 1592 2512 pietatis
1629 2442 1886 2497 indicium
1917 2451 2020 2496 est.
2054 2440 2150 2496 Dc-

545 2538 710 2608 nique
739 2537 988 2594 Salvator
1030 2549 1218 2593 noster
1246 2553 1370 2593 cum
1399 2537 1565 2592 Maria
1613 2547 1668 2591 et
1721 2536 1929 2590 Martha
1961 2534 2149 2589 Lazari

544 2631 826 2686 sororibus
845 2629 1015 2694 flevit,
1047 2639 1102 2685 et
1129 2631 1410 2685 immensae.
1458 2630 1859 2686 misericordiae
1896 2628 2148 2684 affectum

544 2725 909 2798 lacrymarum
939 2727 1342 2782 contestatione
1384 2725 1724 2780 monstravit.
1755 2725 1820 2778 Et
1867 2739 2014 2779 verre
2045 2724 2151 2793 pie-

544 2821 678 2876 tatis
701 2821 898 2876 indicia
922 2836 1046 2876 rutis
1075 2836 1240 2891 opera
1270 2821 1563 2877 subsecuta
1584 2829 1730 2886 sunt,
1768 2836 1891 2875 cum
1922 2819 2152 2874 suscita-

547 2924 632 2968 tus
653 2913 907 2980 Lazarus,
940 2915 1094 2984 eujus
1125 2931 1288 2969 cattsa
1322 2916 1578 2985 lacrymae
1601 2913 1922 2979 funduntur,
1946 2915 2150 2968 sorori-

479 3021 484 3024 '
544 3005 647 3061 bus
678 3004 704 3044 δ
737 3005 892 3062 vivus
917 3007 1186 3062 redditur.
1211 3007 1280 3062 Et
1308 3007 1409 3061 hoc
1435 3007 1533 3062 l'uit
1555 3008 1641 3075 pie
1661 3005 1791 3062 flere
1813 3021 1934 3062 cum
1966 3006 2150 3062 flenti-

543 3099 666 3164 bus,
699 3101 1043 3155 occasionem
1094 3100 1254 3155 fletus
1281 3100 1522 3155 auferre.
1556 3111 1578 3138 ο
1607 3099 1714 3156 Sed
1758 3100 1880 3170 quis
1910 3098 2150 3170 potens?

544 3193 775 3265 inquies.
805 3195 910 3251 Sed
938 3211 1036 3252 nec
1073 3195 1168 3252 tibi
1196 3197 1400 3268 aliquid
1454 3196 1795 3266 impossibile
1823 3198 2144 3268 imperatur.

541 3286 793 3358 Implevit
823 3289 1006 3345 omnia
1029 3292 1118 3361 qui
1152 3291 1298 3362 quod
1329 3293 1502 3359 potuit
1529 3289 1677 3347 fecit.
1717 3353 1721 3357 Α

611 3380 727 3437 VII.
781 3383 911 3448 Sed,
967 3394 1025 3437 ut
1084 3383 1268 3439 dicere
1317 3398 1683 3452 cmperamus,
1735 3399 1844 3438 non
1899 3383 2150 3437 sufficere

539 3474 853 3530 Christiano
879 3491 908 3528 a
943 3476 1105 3530 malis
1137 3491 1196 3530 se
1223 3477 1526 3540 abstinere,
1558 3475 1658 3530 nisi
1689 3479 1852 3530 etiam
1883 3475 2151 3530 bonorum

539 3583 772 3639 Operum
803 3568 981 3624 ofticia
1029 3569 1344 3640 perfecerit,
1379 3571 1478 3625 illo
1524 3570 1606 3623 vel
1639 3571 1879 3625 maxime
1907 3572 2152 3625 leSlillIO—

545 3662 637 3718 nio
675 3663 1088 3732 comprobatur,
1121 3679 1227 3733 quo
1268 3663 1635 3718 comminatur
1668 3663 1935 3719 Dominus
1962 3667 2150 3720 atterui

545 3755 688 3828 ignis
711 3771 835 3811 reos
861 3756 975 3810 fore
992 3756 1104 3828 qui.
1130 3757 1382 3826 quamvis
1408 3757 1533 3811 mali
1559 3757 1697 3811 nihil
1720 3759 2018 3826 gesserint,
2045 3776 2150 3814 non

544 3847 777 3904 fecerint
804 3863 968 3903 omne
1004 3849 1149 3918 quod
1199 3849 1402 3904 bonum
1435 3861 1540 3914 est,
1573 3850 1761 3905 dicens
1791 3867 1802 3904 :
1837 3849 1980 3904 Tunc
2026 3852 2154 3906 dicit

542 3940 658 3996 Rea:
683 3940 765 3994 his
802 3943 892 4012 qui
928 3942 997 3994 ad
1023 3942 1286 3995 sinistram
1317 3952 1433 3996 sunt
1458 3960 1477 3998 :
1517 3943 1775 3997 Discedite
1803 3961 1834 3996 a
1861 3960 1960 4009 me,
1996 3944 2155 3999 ntale-

541 4035 691 4099 dicti,
719 4036 772 4089 in
810 4036 982 4106 ignem
1008 4045 1278 4104 internum,
1311 4053 1461 4108 quem
1487 4038 1796 4109 praeparavit
1825 4035 1984 4090 Pater
2013 4053 2155 4091 meus

542 4128 749 4184 diabolo
793 4139 842 4184 et
869 4129 1069 4202 angelis
1109 4132 1242 4201 ejus.
1280 4130 1488 4185 Esurivi
1517 4131 1674 4196 enim,
1717 4139 1764 4184 ct
1794 4146 1897 4183 non
1938 4130 2155 4185 dedistis

541 4223 670 4277 mihi
697 4224 1029 4288 manducare,
1074 4233 1131 4280 et
1173 4226 1379 4292 reliqua
1415 4222 1649 4295 (Matth.
1699 4237 1829 4282 xxv,
1862 4221 1926 4276 4f
2037 4223 2151 4276 Non

540 4315 700 4378 dixit.
727 4315 984 4370 Discedite
1011 4333 1042 4368 a
1071 4333 1169 4383 me,
1196 4316 1480 4380 maledicti,
1507 4318 1628 4386 quia
1658 4316 2013 4382 homicidium,
2032 4317 2155 4386 quia

537 4411 877 4476 adulterium,
925 4420 1020 4466 aut
1048 4413 1172 4482 quia
1218 4417 1360 4480 furta
1390 4411 1626 4482 fecistis;
1658 4409 1683 4447 τι
1728 4412 1820 4466 sed
1853 4413 1982 4482 quia
2012 4411 2155 4466 bona

539 4520 648 4561 non
693 4504 962 4568 fecerunt,
1011 4504 1477 4560 condemnamur.
1512 4505 1577 4558 Hi
1622 4505 1848 4559 aeternis
1887 4508 2155 4574 gehennae

539 4596 821 4666 suppliciis
839 4596 1188 4661 addicuntur,
1217 4610 1320 4648 non
1343 4596 1470 4665 quia
1497 4610 1619 4662 qua:
1636 4595 1914 4665 prohibita
1941 4596 2153 4650 fuerant

2249 1971 2325 2026 sis
2351 1970 2587 2040 tepidus,
2617 1986 2730 2025 non
2752 1972 2829 2026 sis
2853 1986 3074 2039 avarus,
3108 1980 3166 2025 ut
3189 1971 3323 2026 nulli
3351 1971 3558 2026 malum
3589 1988 3687 2042 pro
3718 1974 3856 2031 malo

2248 2063 2466 2130 reddas,
2499 2073 2558 2118 ut
2586 2079 2686 2134 pro
2708 2064 3174 2120 calumniantibus
3198 2073 3254 2120 et
3283 2065 3734 2134 persecutoribus
3759 2069 3858 2122 tuis

2249 2174 2406 2226 ores;
2441 2169 2499 2215 ut
2526 2161 2858 2231 percutienti
2891 2159 3190 2227 maxillam,
3227 2160 3460 2215 alteram
3487 2160 3771 2231 praebeas;
3806 2171 3860 2217 ut

2249 2254 2302 2308 in
2330 2253 2540 2324 judicio
2572 2253 2819 2308 smculari
2852 2269 2958 2309 non
2989 2254 3190 2324 litiges;
3219 2262 3279 2308 ut
3307 2255 3350 2308 si
3380 2255 3506 2325 quis
3532 2265 3624 2308 tua
3650 2253 3860 2312 auferre

2250 2347 2502 2412 voluerit,
2538 2356 2823 2416 gratanter
2857 2349 3143 2414 remittas;
3176 2356 3237 2401 ut
3284 2362 3387 2403 nec
3431 2347 3734 2404 iracundias
3765 2361 3860 2403 nec

2251 2441 2351 2495 zeli
2383 2440 2572 2495 livoris
2604 2440 2804 2494 malum
2841 2441 2986 2494 intra
3030 2451 3220 2509 peetus
3247 2439 3532 2508 admittas,
3564 2456 3624 2495 ut
3659 2441 3858 2496 crimen

2252 2534 2494 2589 avaritia:
2523 2534 2713 2605 fugias,
2750 2544 2809 2588 ut
2839 2534 3019 2591 omnis
3046 2533 3324 2604 jactantize
3352 2549 3419 2588 ac
3445 2534 3720 2605 superbia:
3747 2549 3859 2589 ma-

2255 2628 2362 2681 lum
2390 2643 2607 2694 caveas,
2641 2637 2694 2682 et
2724 2629 2951 2683 humilis
2979 2643 3042 2683 ac
3073 2628 3222 2682 mitis
3259 2628 3465 2684 Christi
3499 2629 3754 2698 exemplo
3785 2627 3860 2683 vi-

2253 2737 2379 2788 vas;
2416 2723 2683 2777 malorttm
2713 2722 2994 2778 consortia
3020 2723 3071 2776 in
3107 2733 3318 2777 tantum
3352 2723 3631 2789 devitans,
3661 2734 3722 2778 ut
3746 2739 3857 2778 cum

2254 2815 2677 2873 foruicatoribus
2707 2827 2799 2872 aut
2821 2817 3022 2880 avaris,
3051 2828 3145 2870 aut
3170 2817 3636 2872 maledicentibus
3667 2826 3766 2872 aut
3787 2817 3861 2872 in-

2255 2913 2413 2979 vidis,
2441 2921 2536 2967 aut
2560 2914 3024 2968 detrectatorihus
3053 2919 3148 2966 aut
3170 2912 3426 2977 ebriosis,
3457 2921 3554 2965 aut
3579 2913 3860 2983 rapacibus

2254 3008 2434 3062 cibum
2469 3025 2576 3062 non
2614 3007 2818 3076 capias.
2853 3006 3026 3075 Quem
3054 3006 3099 3060 si
3139 3008 3191 3059 in
3223 3006 3404 3075 aliquo
3437 3008 3859 3076 contempseris,

2253 3105 2299 3159 si
2331 3104 2744 3174 pepercitAdze,
2765 3114 2950 3173 parcet
2979 3112 3033 3157 et
3059 3103 3199 3157 tibi?
3229 3101 3398 3155 Immo
3431 3101 3509 3156 illi
3543 3103 3719 3168 magis
3748 3117 3862 3170 par-

2254 3197 2488 3252 cendum
2518 3199 2712 3261 fuerat,
2745 3197 2835 3264 qui
2867 3195 3044 3248 adhuc
3077 3194 3228 3248 rudis
3258 3204 3312 3247 et
3345 3194 3606 3248 novellus
3643 3204 3782 3258 erat,
3813 3201 3864 3250 et

2171 3287 2215 3350 C
2249 3291 2452 3346 nullius
2503 3298 2630 3345 ante
2685 3287 2962 3360 peccantis
3013 3295 3069 3342 et
3126 3297 3352 3356 promer
3383 3297 3674 3355 peccatum
3710 3303 3860 3341 suum

2255 3385 2542 3439 morientis
2569 3381 2887 3438 trahebatur
2927 3380 3204 3450 exemplo.
3239 3379 3358 3434 Tibi
3404 3396 3538 3435 vero
3568 3391 3695 3450 post
3724 3389 3862 3436 tanta

2254 3475 2604 3540 documenta,
2640 3485 2760 3544 post
2792 3475 2986 3544 legem,
3025 3482 3146 3543 post
3176 3473 3493 3542 prepltetas,
3524 3486 3645 3543 post
3697 3474 3864 3529 Evan-

2255 3570 2418 3640 gelia,
2440 3575 2562 3635 pOsl.
2583 3566 2862 3636 apostolos
2897 3555 2944 3620 si
2968 3565 3294 3637 delinquere
3312 3566 3577 3631 volueris,
3596 3567 3867 3638 quomodo

2256 3663 2530 3734 indulgeri
2566 3663 2740 3731 possit
2766 3661 2983 3730 ignoro.

2327 3756 2463 3809 Vlll.
2507 3754 2586 3808 An
2618 3755 2713 3808 tibi
2746 3754 2814 3810 de
2845 3753 3175 3824 virginitatis
3209 3755 3570 3824 praerogativa
3602 3754 3866 3824 plaudesl

2257 3851 2531 3906 Memento
2579 3850 2750 3903 Adam
2793 3859 2846 3902 et
2895 3850 3060 3904 Evam
3109 3847 3349 3917 virgines
3399 3848 3727 3916 deliquisse,
3774 3862 3868 3903 nec

2257 3944 2626 4013 integritatem
2674 3941 2924 4010 Corporis
2956 3940 3226 4010 profuisse
3276 3940 3654 4008 peccantibus.
3710 3941 3864 4011 Virgo

2259 4052 2376 4104 qum
2408 4043 2620 4104 peccat,
2653 4033 2802 4098 Eva),
2835 4049 2943 4088 non
2981 4033 3166 4088 lllarize
3193 4033 3565 4102 comparanda
3599 4043 3704 4088 est.
3756 4033 3865 4088 Non

2257 4143 2518 4200 negamus
2560 4131 2613 4184 in
2667 4129 2921 4198 praesenti
2973 4137 3222 4196 tempore
3264 4129 3566 4182 remedium
3603 4130 3866 4198 poenitetr

2229 4211 2384 4288 ‘tize;
2419 4222 2512 4277 sed
2545 4223 2826 4276 hortamur
2857 4220 3026 4290 magis
3071 4220 3353 4289 prmmium
3383 4236 3608 4290 sperare
3661 4221 3866 4277 debere

2257 4332 2418 4384 quant
2451 4314 2687 4369 veniant.
2720 4313 2902 4384 Turpe
2932 4324 3017 4366 est
3055 4313 3201 4367 enim
3233 4312 3422 4366 delicti
3477 4313 3869 4382 indulgentiam

2256 4409 2536 4477 postulare
2584 4422 2706 4476 (pne
2755 4409 2986 4474 palmam
3035 4405 3366 4476 virginitatis
3411 4415 3775 4475 exspectant,
3823 4415 3871 4461 et

2258 4501 2508 4554 illicitum
2558 4499 2762 4570 aliquid
2815 4501 3101 4554 incurrere
3152 4514 3272 4569 qua:
3321 4513 3380 4552 se
3430 4508 3599 4553 cnam
3651 4517 3680 4554 a
3716 4501 3871 4554 licitis

2255 4604 2660 4648 Castraverttnt.
2707 4593 2942 4646 Licitttm
2985 4592 3184 4662 quippe
3231 4603 3314 4647 est
3345 4594 3686 4648 matrimonii
3739 4595 3871 4649 inire

539 4692 910 4756 admisissent,
936 4691 1032 4746 sed
1062 4690 1188 4760 quia
1221 4708 1341 4761 qua:
1377 4700 1647 4760 prrecepta
1679 4691 1893 4746 fuerant
1925 4692 2154 4762 implere
2185 4677 2231 4736 D
2259 4691 2621 4744 εοιιευτιίυιη.
2645 4689 2712 4743 Et
2740 4689 3098 4742 utlaudanda:
3129 4696 3394 4758 suntquae
3415 4701 3648 4757 propter
3669 4689 3870 4746 Christi

539 4785 858 4842 noluerunt.
886 4783 1043 4840 Unde
1063 4784 1459 4839 advertendum
1484 4795 1562 4838 est
1584 4799 1749 4854 quam
1775 4799 1925 4855 Spem
1951 4785 2152 4841 habere

540 4877 757 4948 possint
784 4879 876 4947 qui
911 4876 1092 4933 adhuc
1123 4877 1324 4946 aliquid
1358 4891 1548 4931 eorum
1583 4876 1788 4931 faciunt
1816 4893 1936 4948 quae
1967 4880 2153 4946 prohi-

540 4971 769 5033 bentur,
797 4984 921 5024 cum
946 4971 1111 5024 etiam
1143 4970 1220 5022 illi
1248 4969 1326 5024 rei
1354 4969 1465 5022 sint
1494 4970 1584 5037 qui
1618 4984 1728 5022 non
1753 4967 1999 5025 fecerunt
2029 4986 2150 5042 qua:

535 5063 819 5134 iubentur.
852 5063 991 5118 Nolo
1019 5063 1166 5118 enim
1201 5061 1296 5116 tibi
1322 5062 1375 5116 in
1404 5059 1509 5116 hoc
1540 5061 1863 5130 blandiaris,
1893 5063 1937 5116 si
1965 5063 2141 5134 aliqua

611 5201 861 5276 1{Neque
889 5214 944 5257 ut
973 5203 1163 5258 solum.
1201 5202 1332 5273 Leg.
1383 5216 1506 5257 cum
1541 5200 1714 5258 Holst.
1754 5200 1933 5274 Neque
1976 5207 2144 5260 solum

541 5285 618 5330 ut.
641 5275 709 5331 Et
735 5275 893 5344 paulo
921 5286 1050 5349 ante
1067 5275 1345 5338 spoliatum
1373 5290 1471 5344 pro
1509 5276 1760 5346 spoliatos
1791 5291 1809 5329 :
1840 5285 1896 5330 ut
1918 5291 2146 5349 respon-

540 5349 668 5404 deat
693 5348 960 5416 snperiuri
993 5350 1111 5402 νειοἱ
1141 5350 1402 5401 vestitum.

610 5418 640 5458 1)
691 5417 845 5474 Vivus
888 5417 1147 5473 redditur.
1212 5416 1370 5472 Vivus
1415 5418 1619 5474 omittit
1664 5418 1840 5474 Holst.
1898 5419 1964 5475 Et
2017 5435 2148 5477 sane

542 5492 830 5548 redundat.
865 5492 1042 5548 Antea
1074 5506 1310 5560 namque
1341 5493 1618 5546 suscitatus
1652 5494 1900 5548 habetur.

614 5575 637 5603 °
683 5561 788 5620 Sed
819 5565 932 5632 quis
960 5571 1138 5633 potens
1161 5563 1186 5615 ?
1216 5563 1436 5632 inquies.
1489 5563 1593 5619 Sed
1625 5581 1734 5618 nec.
1785 5565 1988 5628 ιτιυιειη
2042 5565 2150 5620 Sed

539 5637 687 5708 quasi
705 5643 907 5703 potens,
933 5635 1154 5708 inquies.
1184 5634 1326 5703 fecit.
1366 5633 1550 5688 Verum
1575 5652 1663 5690 nec
1687 5637 1800 5699 tibi,
1830 5647 1938 5691 etc.
1966 5638 2140 5702 Quam

541 5706 1093 5780 quidemlectiouem
1138 5706 1226 5780 hic
1259 5709 1667 5763 restituendam
1699 5708 1884 5761 nullus
1929 5709 2138 5780 dubito.

612 5778 639 5818 ἀ
684 5777 790 5834 Sed
829 5780 952 5850 quia
991 5779 1140 5832 bona.
1188 5779 1330 5836 Ante
1362 5779 1478 5835 haec
1508 5781 1672 5834 verba
1724 5780 1954 5848 legtmus
2002 5777 2144 5847 apud

543 5850 918 5921 llolsteniutn:
952 5867 1053 5904 non
1079 5852 1216 5906 enim
1254 5853 1374 5920 quia
1403 5851 1599 5905 malum
1625 5851 1886 5921 fecissent,
1918 5851 2007 5904 sed
2026 5852 2146 5921 quia

545 5923 732 5980 bonum
750 5938 853 5978 non
875 5920 1126 5996 fecerant,
1147 5935 1254 5983 etc.
1269 5919 1402 5982 Haec
1421 5938 1553 5980 vero
1574 5919 1958 5993 imprudenter
1979 5919 2146 5978 fuisse

2256 4797 2497 4837 amorem
2522 4791 2578 4838 et
2605 4784 2845 4838 caelestis
2861 4783 3011 4852 regni
3041 4782 3270 4851 gloriam
3299 4784 3555 4850 copulam
3581 4795 3870 4853 eontemp-

2255 4887 2447 4933 seruut
2496 4879 2835 4949 nuptiarum,
2899 4878 2968 4931 ita
3029 4876 3359 4930 damnanda:
3411 4893 3519 4932 non
3569 4893 3702 4934 sunt
3756 4895 3874 4949 qua:

2256 4981 2485 5043 prapter
2519 4981 2541 5009 θ
2590 4969 3006 5026 incontinentire
3054 4970 3415 5040 voluptatem,
3467 4973 3711 5027 nondum
3766 4975 3873 5029 Deo

2253 5065 2485 5131 devotas,
2517 5065 2764 5121 remedio
2811 5064 3116 5135 apostolico
3165 5064 3494 5120 abutuntur.
3550 5064 3570 5103 τ
3619 5065 3788 5139 Ergo,
3818 5075 3874 5122 ut

2254 5207 2452 5261 omissa
2486 5207 2538 5260 in
2569 5205 2876 5272 exemplari
2921 5203 3218 5259 Baluziano
3245 5204 3477 5260 suadent
3516 5222 3642 5277 quae
3671 5224 3794 5264 mox
3825 5208 3873 5263 iu

2257 5280 2503 5334 eamdem
2536 5281 2867 5332 sententiam
2901 5287 3200 5331 occurrunt
3227 5294 3240 5330 :
3277 5278 3524 5348 nonquia
3552 5296 3672 5348 qua:
3702 5279 3875 5350 prohi-

2256 5351 2458 5405 Μίαν..
2491 5350 2581 5403 sed
2608 5353 2752 5413 quia,
2775 5356 2884 5403 etc.

2331 5432 2355 5459 (⁵
2396 5421 2818 5475 Incontineutiw.
2847 5419 2938 5475 Sic
2966 5427 3114 5474 recte
3151 5419 3341 5475 Baluz.
3376 5419 3653 5492 Corrupto
3696 5423 3873 5481 Holst.

2258 5494 2588 5547 innocentius.

2336 5564 2355 5601 τ
2401 5564 2565 5635 Ergo,
2599 5573 2651 5616 ut
2686 5563 2798 5638 dias.
2841 5562 3086 5638 Pessime
3109 5561 3366 5638 filericus
3395 5582 3409 5617 ε
3442 5564 3610 5638 Ergo,
3645 5577 3700 5621 ut
3742 5566 3876 5621 dixi-

2249 5652 2386 5711 mus,
2416 5633 2530 5704 qua:
2558 5637 2817 5711 connubia
2840 5636 3004 5711 licita,
3030 5646 3081 5711 ut
3103 5633 3311 5711 illicita,
3343 5633 3615 5711 spernunt.
3653 5643 3876 5711 ejusmo-

2248 5707 2303 5759 di
2331 5719 2502 5761 autem
2531 5708 2574 5759 si
2599 5709 2790 5770 iurent,
2819 5708 2862 5761 si
2888 5706 3226 5772 maledicunt,
3252 5709 3295 5762 si
3337 5709 3557 5776 cupidus
3587 5713 3639 5764 in
3666 5706 3874 5774 alienis,

2249 5779 2294 5831 si
2332 5777 2668 5853 detrahentes
2699 5779 2986 5849 probantur
3013 5783 3217 5853 audire,
3269 5779 3314 5830 si
3353 5775 3553 5835 malum
3596 5799 3691 5853 pro
3741 5775 3876 5836 malo

2248 5850 2491 5918 reddant,
2511 5852 2553 5904 si
2583 5853 2815 5907 (rvat-ilia:
2838 5853 2892 5906 in
2925 5852 3146 5922 pr0prtis
3187 5852 3453 5906 incurrant
3484 5850 3701 5923 crimen,
3731 5867 3838 5911 etc.
