4056 6340
187 289 276 346 255

983 283 1205 349 EPIST.
1251 290 1294 348 ll
1336 285 1532 348 SULP.
1575 287 1858 357 SEVERI,
1903 291 1994 348 AD
2035 288 2368 348 SOROREM
2412 289 2624 352 SUAM.

3377 305 3483 361 23b

186 404 410 468 diximus,
463 419 586 475 quae
634 404 907 460 connubia
939 405 1224 470 deserunt,
1276 420 1383 460 non
1426 405 1615 460 illicita
1659 404 1758 462 sed
1787 405 2758 477 Acumqueomniummembrorum
2783 409 3217 469 sanctiﬁcatione
3234 425 3484 486 purgata,

185 497 305 554 licita
322 509 603 567 spernunt.
638 497 918 569 Ejusmodi
947 509 1129 554 autem
1160 499 1209 554 si
1232 499 1440 568 jureut,
1467 501 1510 553 si
1535 499 1761 555 maledi-

187 600 307 657 cant,
340 591 381 645 si
413 590 728 660 detrahant,
755 593 802 647 si
830 592 1182 648 detrahentes
1217 594 1518 664 probantur
1548 594 1758 660 audire,

187 685 222 741 si
245 686 425 740 malum
457 701 558 756 pro
584 687 733 741 malo
763 687 1012 753 reddant,
1045 689 1090 742 si
1119 687 1438 757 cupiditatis
1485 689 1538 742 in
1567 688 1762 744 alienis

187 781 258 836 vel
282 781 509 835 avaritia:
543 780 597 836 in
625 782 865 853 propriis
896 782 1177 837 incurrant
1206 783 1440 847 crimen,
1474 783 1518 835 si
1562 781 1688 847 zeli,
1718 782 1763 836 si

188 873 343 928 livoris
363 888 566 928 venena
594 873 937 944 possideant,
957 875 1001 930 si
1029 884 1221 930 contra
1245 874 1440 944 legalia
1464 884 1519 930 et
1539 883 1764 945 aposto-

190 966 270 1023 lica
310 966 548 1022 instituta
607 966 873 1024 indecens
921 968 1129 1038 aliquid
1178 978 1270 1022 aut
1324 967 1618 1038 loquantur
1670 976 1765 1022 aut

190 1061 417 1130 cogitent,
436 1058 480 1113 si
508 1059 561 1114 in
581 1073 753 1114 carne
773 1060 1014 1129 placendi
1037 1059 1466 1128 Studiocompta:
1485 1070 1540 1114 et
1555 1070 1767 1114 ornata:

190 1153 472 1222 procedant,
517 1161 574 1208 et
601 1152 710 1206 alia
756 1168 876 1222 qua:
906 1151 1020 1207 ﬁeri
1067 1152 1250 1207 solent
1296 1151 1492 1208 illicite
1519 1153 1761 1218 faciant;

189 1247 291 1318 quid
321 1246 556 1314 proderit
586 1248 672 1302 eis
697 1246 976 1316 sprevisse
1003 1246 1147 1317 quod
1194 1247 1370 1312 licuit,
1417 1257 1471 1304 et
1500 1263 1764 1304 exercere

189 1336 304 1407 quod
331 1353 430 1391 non
461 1336 632 1392 licet?
663 1335 721 1392 Si
753 1336 832 1390 vis
865 1337 1125 1406 prodesse
1159 1337 1254 1392 tibi
1280 1337 1426 1408 quod
1457 1338 1608 1393 licita
1631 1353 1765 1393 con-

192 1429 438 1500 tempsiSti,
475 1428 600 1485 vide
629 1444 700 1484 ue
730 1430 857 1501 quid
882 1445 1072 1484 eorum
1096 1445 1217 1499 qua:
1248 1445 1356 1486 non
1385 1431 1548 1487 licent
1572 1431 1762 1488 facias.

191 1527 388 1584 Stultum
434 1537 519 1582 est
544 1526 695 1582 enim
746 1528 994 1583 timuisse
1031 1525 1178 1597 quod
1210 1527 1394 1582 minus
1430 1537 1537 1592 est,
1570 1535 1626 1582 et
1655 1544 1762 1582 non

190 1621 349 1676 timere
374 1620 516 1690 quod
555 1619 734 1690 majus
779 1630 904 1683 est;
956 1630 1049 1674 aut
1089 1619 1159 1672 ab
1208 1618 1276 1673 iis
1307 1635 1418 1672 non
1453 1619 1613 1672 vitari
1642 1635 1764 1689 quae

187 1715 534 1786 prohibentur,
561 1723 586 1751 α
610 1729 733 1785 quae
759 1713 1330 1783 subterfugerintquie
1353 1712 1760 1768 conceduntur.

1865 509 1921 554 et
1973 499 2151 569 lingua
2187 501 2569 554 tantummodo
2618 510 2832 572 peccet,
2866 513 2960 560 aut
2990 506 3358 577 blaSphemet,
3390 521 3487 566 aut

1865 593 2240 647 testimonium
2269 592 2472 647 falsum
2501 593 2648 648 dicat
2676 611 2691 659 ;
2723 597 2985 668 numquid
3018 597 3333 655 lilierabuiit
3367 618 3485 656 oni-

1869 687 1954 742 uia
1989 688 2234 743 membra
2280 704 2479 755 unum,
2532 703 2598 743 au
2633 700 2860 761 propter
2896 707 3061 748 unum
3089 693 3486 764 judicabuiitur

1868 781 2182 836 etczctera?
2210 782 2352 853 Ergo
2373 783 2419 837 si
2454 797 2556 838 nec
2584 783 2817 838 aliorum
2837 787 3212 843 membrorum
3239 790 3487 847 sanctifi-

1867 874 2008 929 catio
2038 874 2307 944 proderit,
2337 891 2462 930 cum
2495 876 2549 932 in
2583 892 2691 932 uno
2719 879 2790 932 sit
2816 879 3041 946 vitium;
3077 895 3286 951 quanto
3314 885 3486 956 magis

1868 967 1912 1021 si
1951 966 2296 1022 diversorum
2347 968 2559 1036 ﬂagitio
2610 981 2958 1038 peccatorum
2991 973 3178 1028 omnia
3227 989 3482 1033 corrum-

1870 1067 2088 1130 pantur,
2121 1060 2285 1115 unius
2313 1060 2449 1115 nihil
2481 1060 2735 1130 proficiet
2765 1065 3050 1134 integritas
3077 1067 3091 1120 t

1939 1154 2009 1208 X.
2052 1153 2209 1210 Unde
2236 1169 2422 1225 quaeso
2451 1163 2528 1221 te,
2556 1157 2729 1226 virgo,
2756 1171 2824 1211 ne
2851 1157 2905 1211 in
2939 1159 3057 1212 sola
3083 1159 3179 1215 tibi
3225 1163 3484 1231 pudicitia

1871 1247 2208 1315 blandiaris,
2239 1262 2417 1317 neque
2447 1247 2501 1301 in
2537 1249 2696 1302 unius
2738 1250 2969 1305 membri
3002 1253 3316 1323 integritate
3346 1272 3484 1313 con-

1869 1343 2039 1409 ﬁdas;
2084 1341 2181 1398 sed
2211 1341 2516 1397 secundum
2568 1344 2890 1410 ApOstolnm
2922 1345 3024 1400 soli
3059 1346 3170 1400 Deo
3214 1363 3482 1407 conserva

1869 1439 2114 1509 corporis
2164 1437 2536 1492 sanctitatem.
2583 1437 2781 1492 Munda
2820 1439 2890 1492 ab
2919 1441 3178 1496 omnibus
3223 1442 3481 1513 inquina~

1869 1531 2068 1586 mentis
2092 1540 2284 1600 caput;
2312 1529 2436 1600 quia
2480 1528 2688 1585 crimen
2718 1542 2803 1585 est
2829 1530 2985 1599 illud,
3017 1543 3143 1604 post
3170 1535 3486 1598 chrismatis

1869 1622 2395 1688 sanctiticationem,
2443 1631 2539 1676 aut
2582 1623 2730 1678 croci
2785 1633 2877 1678 aut
2919 1625 3145 1682 alterius
3191 1629 3485 1699 cujuslibet

1871 1717 2129 1788 piginenti
2166 1716 2288 1771 luco
2319 1715 2406 1770 vel
2458 1715 2683 1784 pulvere
2729 1716 3039 1783 sordidari,
3073 1731 3166 1776 aut
3210 1738 3346 1778 auro
3391 1733 3488 1780 aut

185 1809 302 1865 Dicit
325 1811 464 1864 enim
498 1808 835 1878 Apostolus:
864 1807 1095 1878 Innupta
1134 1807 1322 1877 cogitat
1351 1823 1466 1876 quin
1509 1806 1600 1859 Dei
1624 1814 1764 1874 sunt,
1801 1816 1846 1875 Β
1871 1810 2103 1880 gemmis
2147 1809 2239 1862 vel
2270 1809 2665 1878 cujuscumque
2715 1817 2956 1865 terrente
2985 1826 3253 1868 creaturae
3281 1818 3486 1886 specie.

187 1903 405 1973 quomodo
450 1902 657 1971 placeat
701 1897 834 1964 Deo,
859 1907 917 1952 ut
951 1901 1016 1952 sit
1047 1909 1224 1952 sancta
1254 1914 1471 1967 corpore
1500 1905 1548 1950 et
1576 1898 1764 1957 spiritu

189 1995 359 2066 (lCor.
407 2012 498 2061 vn,
532 1994 666 2065 54).
702 1993 832 2060 Qua:
879 1992 975 2046 Dei
1001 2001 1141 2057 sunt,
1173 1991 1366 2062 inquit,
1399 1992 1629 2063 rogitat;
1658 2003 1765 2043 non

189 2103 286 2158 qua
311 2088 514 2154 sareuli,
554 2103 664 2142 non
700 2101 843 2157 qua:
868 2085 1173 2149 hominum,
1207 2085 1303 2138 sed
1343 2098 1463 2153 qua:
1511 2081 1608 2135 Dei
1639 2088 1768 2135 sunt

191 2185 384 2252 cogitat.
425 2181 556 2249 Quae
602 2188 732 2234 sunt
774 2194 906 2249 ergo
947 2178 1208 2232 Domini?
1239 2176 1381 2232 Dicit
1429 2175 1762 2245 Aposuilus:

195 2275 502 2343 Quacumque
534 2281 735 2337 sancta,
768 2288 1101 2344 quacumque
1139 2271 1406 2332 amabilia,
1434 2285 1770 2340 (parcumque

193 2366 312 2422 bona:
353 2367 524 2438 famie,
574 2369 621 2421 si
674 2383 779 2437 qua
827 2366 1009 2430 viitus,
1064 2366 1108 2419 si
1157 2382 1260 2436 qua
1313 2365 1426 2418 laus
1475 2361 1770 2430 disciplima

194 2459 444 2533 (Philipp.
479 2477 551 2526 tv,
581 2459 682 2531 8),
716 2460 814 2514 ista
839 2467 971 2512 sunt
992 2457 1232 2524 Domini,
1262 2473 1382 2527 qua:
1405 2467 1611 2512 sancta:
1641 2471 1770 2511 vere

191 2557 472 2624 apostolica:
495 2554 741 2624 virgines
762 2551 852 2606 die
882 2563 1156 2621 noctuque
1186 2549 1523 2605 meditantur
1537 2556 1594 2603 et
1619 2549 1770 2618 cogio

192 2656 302 2701 tant.
329 2648 419 2702 Dei
446 2659 531 2702 est
559 2647 724 2701 etiam
753 2662 986 2718 regnum
1011 2645 1300 2708 C0:l0l'lllll,
1331 2643 1547 2698 Domini
1575 2654 1658 2698 est
1686 2657 1772 2698 ie-

192 2742 432 2797 surreciio
488 2752 857 2805 mortuorum,
917 2737 1130 2793 Domini
1195 2750 1281 2794 est
1344 2736 1774 2792 immortalitatis

194 2833 492 2906 incorrupiio
517 2851 533 2901 ;
561 2833 588 2873 ι)
620 2836 836 2890 Domini
867 2842 952 2888 est
979 2832 1242 2904 splendor
1273 2831 1428 2896 solis,
1453 2836 1545 2902 qui
1568 2829 1774 2884 sanctis

194 2931 532 2997 promittitur:
580 2928 801 2983 Domini
833 2939 962 2983 sunt
993 2927 1180 2996 plures
1225 2927 1418 2982 iterum
1454 2929 1504 2979 itt
1536 2925 1776 2981 coelesti-

193 3019 276 3074 bus
317 3029 638 3090 mansiones,
698 3021 913 3076 Domini
964 3032 1047 3076 cst
1102 3020 1310 3076 fruetus
1364 3019 1674 3090 trigesimus
1719 3028 1776 3074 et

193 3115 531 3183 sexagesimus
559 3123 615 3169 et
643 3115 998 3168 centesimus.
1035 3111 1162 3166 Haec
1190 3113 1456 3182 cogitant,
1489 3125 1541 3165 et
1574 3110 1776 3180 quibus

1869 1901 2106 1958 Grandis
2131 1900 2333 1971 quippe
2360 1900 2559 1954 diVittte
2592 1903 2783 1972 gratiae
2812 1907 3146 1961 Contumelia
3191 1919 3296 1972 est,
3331 1927 3488 1966 ltztlll-

1869 1996 1996 2050 daiii
2045 2003 2100 2050 et
2145 1995 2428 2049 saecularis
2459 1996 2769 2049 ornamenti
2801 1997 3074 2066 praelatio.
3108 1999 3301 2056 Munda
3337 2003 3487 2059 fron-

1871 2097 2020 2152 tem,
2054 2095 2113 2142 ut
2161 2085 2399 2141 humana
2451 2101 2562 2140 non
2610 2087 2793 2142 divina
2849 2105 3014 2159 opera
3062 2093 3388 2160 erubescat,
3434 2106 3492 2152 et

1872 2179 2018 2234 illam
2070 2177 2448 2233 confusionem
2481 2178 2709 2246 recipiat
2738 2195 2863 2249 qua:
2892 2197 3001 2236 non
3037 2197 3353 2254 peccatum,
3387 2190 3487 2245 sed

1876 2273 1971 2327 Dei
1997 2271 2227 2342 gratiam
2259 2271 2716 2341 parit,Scriptura
2741 2273 2921 2326 divina
2951 2273 3165 2331 dicente
3193 2295 3208 2332 :
3237 2278 3327 2332 Est
3358 2297 3485 2336 con-

1875 2366 2012 2436 fusio
2043 2363 2309 2417 adducens
2338 2374 2638 2434 peccatum,
2669 2373 2741 2418 est
2779 2368 3019 2436 confusio
3057 2369 3322 2426 adducens
3361 2390 3480 2443 gra-

1875 2457 2002 2510 tiam
2034 2454 2130 2510 Dei
2163 2455 2352 2527 (Eccli.
2383 2472 2459 2522 IV,
2502 2454 2625 2524 25).
2679 2456 2876 2512 Munda
2928 2461 3152 2528 collum,
3202 2462 3221 2501 ί
3274 2477 3329 2518 ιιι
3377 2482 3484 2521 non

1876 2565 2012 2604 auro
2044 2560 2192 2604 texta
2219 2549 2434 2619 capillis
2466 2557 2646 2618 portet
2682 2564 2946 2619 susliensa
2980 2555 3228 2620 monilia,
3261 2556 3354 2611 sed
3386 2573 3486 2628 po-

1875 2644 1984 2697 tius
2018 2643 2109 2696 illa
2135 2651 2458 2697 ornamenta
2486 2642 2834 2698 circumferat
2862 2645 2930 2699 de
2963 2646 3159 2715 quibus
3204 2649 3486 2718 Scriptura

1876 2736 2042 2791 dicit:
2071 2736 2436 2792 Misericordia
2454 2748 2502 2789 et
2527 2736 2654 2804 ﬁdes
2676 2754 2777 2790 non
2801 2739 3040 2808 deﬁcient
3063 2755 3164 2796 ate
3185 2760 3204 2796 .'
3226 2747 3485 2816 suspende

1876 2845 2049 2886 autem
2098 2831 2190 2885 illa
2217 2833 2272 2885 in
2309 2831 2448 2884 collo
2486 2841 2571 2885 tuo
2601 2831 2788 2902 (Prov.
2823 2849 2902 2898 ιιι,
2935 2834 3016 2906 5).
3051 2835 3241 2891 Munda
3277 2840 3487 2908 oculos,

1877 2926 2007 2981 dum
2045 2941 2142 2982 eos
2171 2925 2240 2980 ab
2267 2925 2414 2978 omni
2441 2925 2884 2994 concupiscentia
2919 2928 3186 2995 retrahis,
3212 2941 3266 2984 et
3297 2931 3367 2985 ab
3400 2932 3487 2987 in-

1881 3017 2018 3073 tuitu
2068 3034 2365 3089 pauperum
2412 3033 2706 3086 numquam
2750 3020 2988 3085 avertis,
3023 3030 3076 3075 et
3121 3022 3189 3076 ab
3233 3025 3487 3080 omnibus

1880 3112 2018 3167 fucis
2053 3113 2256 3166 liberos
2291 3121 2315 3159 ς
2338 3111 2405 3164 ad
2447 3127 2508 3166 ea
2540 3128 2659 3182 quae
2688 3127 2717 3166 a
2751 3112 2862 3167 Deo
2898 3123 3024 3167 sunt
3051 3113 3189 3167 facta
3219 3119 3484 3173 custodis.

193 3211 370 3274 possint
398 3208 659 3277 operibus
692 3205 994 3276 promereri
1041 3220 1162 3274 qua:
1194 3203 1412 3259 Domini
1441 3215 1586 3263 sunt.
1627 3202 1772 3269 cogi-
1805 3204 1850 3266 C
1882 3205 2076 3259 Munda
2123 3206 2360 3274 linguam
2393 3219 2420 3256 a
2452 3203 2756 3268 mendacio,
2793 3205 2916 3269 quia
2965 3221 3023 3257 os
3064 3207 3204 3276 quod
3244 3210 3490 3262 mentitur

195 3310 309 3353 tant.
338 3301 547 3356 D0niini
569 3311 651 3356 est
670 3301 838 3356 etiam
858 3300 945 3355 lex
963 3300 1090 3354 novi
1113 3307 1169 3353 et
1187 3294 1772 3362 veterisTestauienti,

195 3397 239 3450 in
275 3398 454 3466 quibus
507 3408 528 3436 ο
581 3397 703 3467 ejus
756 3396 930 3465 elogia
983 3405 1166 3450 sancta
1211 3395 1476 3464 refulgent
1514 3408 1677 3461 :qua:
1730 3390 1777 3444 si

196 3489 407 3560 virgines
433 3489 551 3546 sine
581 3489 1002 3545 intermissione
1033 3489 1384 3552 meditantur,
1413 3501 1533 3555 qua:
1556 3485 1777 3540 Domini

196 3593 305 3636 sunt
332 3589 588 3648 cogitant,
617 3592 678 3638 et
705 3583 964 3651 impletur
992 3582 1045 3635 in
1074 3583 1156 3635 eis
1185 3581 1564 3650 propheticum
1596 3577 1727 3632 illud
1759 3596 1776 3634 :

194 3670 526 3730 Fundamenta
552 3688 750 3730 (eterna
770 3691 927 3744 super
956 3683 1144 3728 terrain
1173 3672 1420 3737 solidata,
1451 3682 1500 3725 et
1530 3671 1776 3725 mandata

194 3766 378 3823 Domini
407 3770 460 3824 in
481 3771 636 3824 corde
662 3768 902 3822 mulieris
929 3776 1118 3820 sancite
1145 3764 1347 3838 (Ercli.
1377 3781 1442 3819 xx
1456 3780 1530 3830 v1,
1560 3764 1683 3834 :34).

253 3865 336 3918 IX.
375 3866 652 3935 St'qlllllll'.
679 3863 939 3931 quomodo
966 3863 1167 3931 placeat
1202 3859 1331 3912 Deo.
1363 3859 1498 3924 Deo,
1528 3859 1770 3927 inquam,

197 3974 287 4013 non
332 3961 658 4016 hominibus.
689 3956 760 4012 Ut
800 3963 978 4010 sancta
1004 3971 1216 4023 corpore
1253 3955 1321 4007 sit
1349 3963 1393 4007 et
1419 3953 1632 4017 spiritu.
1657 3950 1774 4005 Non

196 4051 332 4118 dixit,
368 4063 420 4106 ut
458 4056 522 4107 sit
553 4060 739 4106 sancta
767 4047 994 4102 membro
1022 4055 1110 4100 aut
1141 4061 1357 4114 corpore
1384 4053 1606 4107 tantum,
1654 4041 1773 4109 sed,

196 4154 243 4197 ut
279 4147 339 4200 sit
364 4156 533 4200 sancto
561 4159 784 4213 corpore
825 4148 875 4195 et
902 4140 1110 4212 spiritu.
1140 4138 1440 4192 Membrum
1493 4135 1636 4190 enim
1672 4149 1777 4187 una

196 4242 416 4307 Corporis
465 4256 590 4309 pars
637 4247 748 4304 est,
800 4251 1002 4305 corpus
1054 4250 1185 4289 vero
1225 4233 1470 4287 omnium
1511 4245 1777 4301 compago

198 4335 561 4389 nieiuliroruiii.
612 4333 750 4388 Cum
783 4347 914 4401 ergo
958 4331 1094 4385 dicit
1140 4338 1195 4383 ut
1238 4330 1302 4382 sit
1332 4335 1510 4381 sancta
1540 4343 1774 4396 corpore,

200 4429 423 4482 Omnibus
453 4429 720 4482 membris
766 4422 793 4461 δ
841 4440 958 4480 eam
993 4421 1322 4478 sanctiﬁcari
1355 4421 1560 4475 debere
1613 4430 1781 4473 testu-

201 4524 301 4572 tur:
329 4525 441 4591 quia
473 4539 578 4576 noo
605 4519 857 4590 proderit
879 4519 1574 4572 sauctilicatiocazteroruni
1606 4528 1779 4567 meiu-

1885 3299 2072 3353 occidit
2117 3299 2345 3351 animum
2391 3294 2548 3376 (Spp.
2587 3312 2632 3354 ι.
2669 3296 2792 3365 ll);
2824 3312 2851 3349 a
2879 3297 3241 3366 deti-aetioue,
3275 3315 3303 3352 a
3331 3301 3487 3370 jura-

1882 3402 2091 3455 meuto,
2125 3393 2193 3445 ab
2222 3391 2553 3445 adulatioae.
2587 3405 2616 3443 a
2644 3390 2902 3460 perjurio.
2933 3391 3068 3446 Nolo
3097 3407 3488 3464 praeposterum

1881 3489 2129 3543 ordinem
2159 3499 2313 3556 putes
2336 3485 2478 3556 quod
2510 3484 2659 3553 piius
2681 3499 2710 3537 a
2730 3485 3046 3552 juraniento
3068 3503 3227 3556 quam
3254 3505 3284 3543 a
3312 3490 3492 3560 perju-

1880 3583 1964 3637 rio
1997 3583 2233 3651 linguam
2267 3579 2377 3632 dixi
2409 3579 2614 3648 debere
2642 3580 2893 3633 tiiuiulari
2930 3600 2942 3632 :
2978 3581 3107 3648 quia
3146 3592 3275 3635 tunc
3304 3585 3492 3652 perju-

1879 3675 2022 3728 rium
2049 3672 2525 3742 faciliuscll'ugies,
2548 3672 2592 3726 si
2625 3672 2676 3726 in
2712 3685 2825 3726 tcto
2852 3688 2957 3726 non
2985 3674 3159 3742 jures.
3197 3676 3492 3745 liupli-atur

1882 3764 1910 3803 ιι
1943 3768 1996 3822 in
2033 3778 2083 3820 te
2115 3767 2207 3820 illa
2247 3767 2520 3820 sententia
2556 3783 2569 3818 :
2603 3764 2795 3821 Cohibe
2824 3768 3060 3840 linguam
3089 3783 3232 3822 turm
3260 3791 3287 3822 (ε
3314 3755 3454 3826 malo
3476 3819 3488 3841 ,

1879 3868 1929 3913 et
1948 3859 2086 3913 labia
2111 3869 2198 3910 tua
2224 3875 2285 3912 ne
2309 3859 2592 3926 loquantur
2621 3862 2797 3913 dolum
2835 3858 3010 3928 (Paul.
3057 3879 3227 3926 χχιιι,
3262 3865 3373 3936 Μ).
3426 3866 3495 3922 Et

1881 3967 2094 4008 memor
2123 3964 2244 4004 esto
2287 3951 2522 4006 dicentis
2569 3950 2818 4019 Apostoli
2863 3971 2875 4007 :
2921 3952 3217 4010 Btitedicite
3245 3971 3291 4009 ei
3334 3958 3496 4015 nolite

1879 4037 2187 4098 maledicere
2215 4043 2394 4114 (Rom.
2430 4060 2526 4109 xit,
2569 4045 2680 4109 14).
2716 4045 2822 4099 Sed
2857 4057 2911 4098 et
2943 4046 2958 4098 i
2985 4047 3071 4100 ltiti
3105 4049 3353 4103 crebrius
3387 4069 3488 4106 re-

1881 4138 2113 4192 cordare
2139 4155 2150 4188 :
2181 4135 2365 4190 Videte
2387 4153 2447 4188 ne
2469 4137 2583 4206 quis
2608 4138 2799 4189 malum
2823 4153 2914 4205 pro
2940 4138 3073 4190 malo
3097 4139 3282 4193 reddat
3305 4143 3488 4210 alicui,

1883 4245 2044 4296 neque
2081 4229 2419 4280 maledictum
2465 4244 2557 4294 pro
2593 4228 2904 4292 maledicto;
2934 4231 3024 4281 sed
3055 4246 3082 4281 e
3107 4236 3371 4286 contrario
3403 4236 3488 4288 be-

1883 4324 2194 4386 nedicentes,
2227 4323 2349 4391 quia
2387 4321 2441 4374 in
2487 4324 2586 4374 hoc
2617 4323 2782 4374 vocati
2815 4325 2938 4375 estis
2983 4334 3036 4374 ut
3081 4324 3487 4382 benedictionem

1883 4415 2205 4470 licerrditatis
2227 4415 2538 4486 possidentis
2562 4413 2602 4483 (l
2632 4412 2748 4466 Pet.
2778 4430 2854 4478 ιιι,
2880 4414 2957 4484 9).
2993 4414 3060 4468 Et
3089 4415 3217 4469 illud
3246 4436 3257 4469 :
3285 4417 3346 4472 Si
3375 4421 3491 4488 quis

1884 4523 2056 4566 autem
2103 4511 2253 4563 verbo
2298 4526 2403 4562 non
2447 4507 2664 4576 offendit
2711 4511 2924 4580 fratrem
2952 4551 2967 4573 ,
2999 4508 3083 4563 hic
3110 4516 3370 4583 perfectus
3419 4526 3495 4570 est

196 4608 418 4678 brorum,
447 4613 490 4668 si
522 4614 844 4668 inveniatur
871 4611 958 4664 vel
990 4613 1040 4663 in
1067 4625 1173 4663 uno
1198 4608 1498 4675 corruptio.
1525 4606 1642 4661 Non
1676 4616 1782 4662 erit
1808 4600 1862 4660 D
1889 4605 2029 4674 (Jac.
2061 4621 2138 4669 iit,
2163 4605 2245 4675 Ξ).
2291 4602 2453 4658 Nefas
2483 4614 2567 4656 est
2595 4604 2738 4657 enim
2771 4612 2830 4656 ut
2859 4602 2998 4655 labia
3035 4605 3118 4658 illa
3148 4607 3346 4674 quibus
3379 4607 3489 4662 Do.

197 4713 360 4759 sani-ti
391 4724 640 4778 corpore,
674 4708 818 4778 quod
855 4722 921 4762 ex
948 4709 1205 4760 omnibus
1231 4710 1448 4759 coiistat
1489 4702 1770 4767 membris,

200 4811 304 4866 qua:
332 4803 408 4856 vi-l
437 4803 595 4856 unius
630 4801 794 4855 fuerit
827 4797 1273 4868 ςοὶιιψιὶιιξιιίοιιθ
1305 4799 1534 4868 polluta.
1583 4798 1688 4852 Sed
1719 4805 1780 4850 ut

200 4891 326 4959 quod
348 4894 462 4950 dico
482 4894 830 4950 manifestius
851 4904 903 4947 et
919 4891 1150 4948 lucidius
1172 4891 1290 4959 ﬁat,
1323 4902 1346 4928 ι·
1374 4903 1511 4957 esto,
1538 4892 1606 4946 sit
1632 4906 1780 4962 quac-

265 5080 287 5107 ⁸
328 5074 444 5140 Qiite
486 5073 704 5141 siibterf.
740 5071 936 5136 Ilnlst.,
970 5073 1016 5126 si
1051 5072 1270 5140 stibterl.
1314 5071 1434 5126 Mox
1487 5070 1619 5124 ibid.
1656 5079 1776 5141 post

202 5141 423 5211 Apost-ili
457 5151 643 5213 verba,
676 5144 938 5198 nonnulla
971 5145 1292 5212 interpolata
1320 5155 1632 5198 noscuntur.

263 5213 289 5252 ι’
330 5216 522 5271 Domini
562 5229 635 5272 est
680 5216 927 5284 splendor
953 5216 1096 5280 solis,
1129 5219 1234 5282 qui",
1270 5225 1380 5270 etc.
1414 5215 1566 5276 Apud
1599 5213 1774 5267 Cleri-

201 5299 308 5339 cuiu
337 5290 491 5345 lectio
519 5294 659 5343 male
684 5291 1027 5354 interpuuCia
1053 5297 1102 5339 el
1137 5287 1394 5341 mendosa
1427 5303 1439 5338 :
1477 5285 1681 5338 Domini
1701 5295 1777 5338 est

200 5363 444 5424 splendor,
461 5365 585 5414 solis
606 5374 722 5424 qua:
741 5359 931 5410 sanctis
955 5359 1342 5426 promittuntur.
1370 5357 1613 5415 Resnictt
1631 5361 1776 5410 enim

201 5439 373 5502 auctor
399 5435 462 5486 ad
494 5431 684 5485 Matth.
713 5445 828 5488 xm.
863 5431 933 5484 45
957 5469 970 5482 .
1004 5427 1151 5483 Tunc
1183 5432 1316 5501 justi
1348 5429 1618 5502 {algebunt
1643 5429 1777 5480 sicut

202 5501 272 5551 sol
303 5502 351 5572 in
379 5520 530 5572 regno
559 5503 724 5570 patris
754 5517 952 5553 eorum.

238 5581 289 5652 _c
330 5571 389 5626 lu
417 5571 600 5646 quibus
636 5576 775 5646 ejus.
812 5572 941 5642 ch.
973 5587 1095 5628 cum
1129 5571 1332 5638 llolst.,
1370 5573 1426 5627 in
1457 5572 1642 5643 quibus
1671 5585 1788 5625 oms

202 5656 331 5697 ιιιιδ.

223 5657 457 5788 ἔιξὶῗἘαιη
493 5724 661 5780 sanet.
695 5715 830 5770 Male
858 5715 1029 5778 Cler.,
1053 5718 1170 5788 jam
1213 5724 1382 5770 sanct.
1416 5717 1538 5770 Mox
1584 5715 1787 5781 llolst.,

204 5781 389 5859 Etjani
415 5804 514 5842 non
545 5789 642 5842 erit
669 5795 852 5842 sancta
881 5781 1118 5859 corpore.

271 5864 294 5893 ε
333 5856 476 5924 Esto,
500 5862 566 5913 sit
609 5856 1146 5930 quwcumqueICler.
1195 5873 1478 5932 perperam
1510 5873 1611 5930 pro
1641 5872 1794 5915 more

473 5955 758 6018 Parnm"
812 5954 956 6016 XX.

1883 4703 2088 4758 initium
2121 4700 2422 4763 ciuiliteris,
2451 4714 2634 4769 rogas,
2667 4699 2954 4753 benedicis
2979 4707 3035 4752 et
3064 4699 3290 4764 laudas;
3324 4703 3494 4758 alicu-

1880 4797 1970 4866 jus
2002 4797 2316 4866 polluantur
2347 4795 2509 4849 sorde
2543 4795 2769 4862 peccati.
2799 4793 2996 4849 Neseio
3020 4811 3122 4864 qua
3147 4800 3491 4856 conscientia

1886 4907 1950 4946 ea
1977 4890 2161 4961 lingua
2204 4890 2326 4960 quis
2373 4889 2662 4944 Dominum
2695 4896 2887 4957 rogat,
2921 4903 3025 4958 qua
3065 4900 3157 4944 aut
3201 4894 3484 4961 incutitur,

1884 5083 1983 5142 suo
2012 5085 2023 5118 :
2049 5080 2382 5142 quietumque
2409 5065 2497 5120 sit.
2532 5063 2740 5142 omisso
2770 5075 2899 5121 esto.
2927 5064 2996 5120 Et
3023 5082 3148 5122 mox
3177 5086 3189 5122 :
3215 5067 3358 5142 Ergo
3381 5076 3490 5132 sine

1885 5140 2180 5192 aliorum...
2213 5141 2419 5201 Quanto
2444 5137 2629 5204 magis.

1963 5209 1980 5247 τ
2028 5210 2096 5263 ιῖι
2126 5226 2225 5262 non
2257 5222 2389 5282 auro
2417 5216 2618 5282 ινξιπιι.τί
2670 5209 2904 5261 monilia.
2935 5207 3081 5263 Cler.
3110 5225 3367 5282 coriupte
3395 5235 3408 5268 ς
3435 5229 3490 5271 ut

1885 5299 1988 5336 non
2019 5297 2176 5353 uitii-ea
2217 5281 2399 5332 testula
2437 5280 2646 5353 capillis
2682 5290 2848 5353 portet
2873 5291 2924 5353 (et
2955 5299 3201 5353 suspensa
3249 5280 3484 5340 nionilia.

1888 5355 2011 5407 Mox
2040 5352 2240 5415 llolst.,
2268 5352 2526 5418 suspende
2554 5361 2724 5404 autem
2745 5351 2840 5404 illa
2862 5352 2913 5405 in
2938 5351 3091 5405 corde
3119 5357 3254 5408 velut
3280 5374 3334 5410 in
3354 5358 3489 5411 collo

1887 5434 1995 5479 tuo.

1967 5506 1992 5542 ις
2037 5496 2116 5548 Ad
2145 5511 2205 5548 ea
2230 5509 2346 5564 quae
2371 5510 2403 5546 a
2449 5492 2556 5547 Deo
2584 5503 2704 5547 sunt
2736 5497 2873 5562 facta
2901 5497 3152 5549 custodis.
3197 5495 3273 5548 lia
3303 5511 3491 5551 exeru-

1892 5569 2012 5640 plar
2040 5568 2410 5640 Baluziuuum.
2444 5566 2586 5640 quod
2619 5564 2766 5618 Cler.
2811 5567 3098 5640 exscripsit
3130 5567 3326 5618 infidus
3355 5585 3378 5640 _:
3423 5569 3493 5621 ad

1892 5636 1952 5696 ea
1975 5656 2090 5711 quia
2137 5637 2398 5711 Deinsunt
2441 5637 2590 5711 factis
2641 5637 2891 5711 custodis,
2937 5636 3043 5690 Sed
3073 5651 3258 5711 inagis
3300 5638 3496 5711 placet

1898 5707 2150 5782 Ittij'usnio
2173 5711 2205 5761 ti
2242 5709 2503 5782 Ilolsteuii
2537 5707 2728 5782 letztio;
2761 5718 2809 5782 et
2838 5707 2900 5760 ab
2921 5707 3174 5782 omnibus
3206 5709 3338 5782 fucis
3370 5709 3496 5764 libe-

1897 5775 2006 5848 ros,
2037 5800 2098 5836 ea
2116 5796 2231 5852 qua!
2253 5798 2283 5831 a
2314 5778 2422 5832 Deo
2452 5779 2574 5852 facti
2602 5787 2720 5852 sunt
2745 5778 3043 5830 sinceritate
3067 5775 3352 5835 custodias.

1973 5853 2002 5893 ιι
2040 5853 2108 5908 In
2129 5848 2209 5908 'te.
2235 5853 2362 5908 llaec
2392 5848 2590 5905 omittit
2617 5848 2764 5904 Cler.
