4056 6340
564 284 677 345 255

1504 273 1850 347 APPENDIX
1888 272 1982 330 AD
2021 270 2253 339 OPERA
2295 270 2591 341 SULPICII
2627 270 2905 339 SEVERI.
3240 269 3260 300 ³

3750 272 3846 339 ιῑο

564 406 659 452 aut
706 393 1004 462 maledicit,
1050 399 1145 450 aut
1187 390 1450 448 detrahit.
1497 390 1662 445 Lahia
1713 396 1902 444 sancta
1946 386 2163 442 exaudit
2195 396 2247 459 Α
2272 404 2359 443 nes
2385 389 2519 442 enim
2548 396 2982 457 permanserunt;
3009 385 3064 441 hi
3094 394 3385 456 sequuntur
3409 402 3593 459 agnum
3614 362 3846 461 quocum-

572 491 869 553 Dominus,
915 498 968 543 et
1013 487 1146 559 ipsis
1176 484 1366 541 annuit
1394 484 1502 538 cito
1533 481 1786 553 precibus
1815 493 1953 551 quas
1984 480 2165 550 lingua

569 587 919 644 immaculata
949 594 975 623 α
1006 585 1342 654 pronuntiat.
1390 578 1587 635 Munda
1633 590 1795 633 aures
1816 617 1830 641 ,
1863 586 1923 630 ut
1947 573 2166 630 nonnisi

569 682 918 739 Sermonibus
963 678 1168 747 sanctis
1217 684 1271 731 et
1312 676 1469 730 Scriis
1508 671 1747 729 auditum
1776 670 2074 739 prazbeanl,
2108 678 2169 723 ut

566 790 863 839 numquam
901 773 1135 827 olmena
1178 777 1272 823 aut
1315 767 1490 837 turpia
1536 772 1628 819 aut
1672 765 1957 821 Sincularia
2004 762 2168 817 verba

568 872 893 940 suscipiant.
926 877 1020 922 aut
1048 880 1152 921 non
1178 863 1410 933 aliquem
1438 860 1506 915 de
1533 861 1707 914 altero
1734 860 1960 912 audiant
1980 857 2165 911 detra-

566 962 816 1026 hentem,
852 968 1076 1029 pt-Opter
1101 956 1229 1010 illud
1253 953 1394 1024 quod
1416 954 1676 1021 scriptum
1709 956 1798 1005 est
1823 966 1835 1003 :
1864 948 1989 1020 Sepi
2020 962 2169 1001 aures

566 1066 687 1111 tuas
714 1055 898 1127 spinis,
927 1061 988 1106 .et
1036 1048 1146 1104 noli
1186 1047 1372 1101 audire
1414 1046 1647 1119 linguam
1698 1058 1915 1112 nequam
1973 1038 2165 1111 (Eccli.

565 1165 757 1219 xxvnt,
784 1147 908 1218 ‘28);
944 1155 1000 1200 ut
1029 1157 1152 1199 cum
1178 1156 1244 1196 eo
1275 1141 1477 1194 habere
1503 1148 1711 1208 partem
1741 1135 1937 1206 posis,
1967 1137 2036 1187 de
2062 1147 2168 1204 quo

564 1242 790 1306 dicitur,
818 1239 1060 1311 quoniam
1083 1236 1266 1289 auditu
1292 1241 1340 1287 et
1366 1233 1473 1285 visu
1491 1233 1666 1302 justus
1693 1237 1803 1283 erat
1835 1227 1900 1299 (ll
1934 1224 2075 1281 Petr.
2106 1240 2165 1291 Il,

562 1320 643 1409 8),
693 1337 796 1390 hoc
842 1344 957 1400 est,
1006 1345 1107 1385 nec
1152 1329 1376 1384 auribus
1427 1340 1528 1380 nec
1576 1324 1751 1379 oculis
1796 1319 2164 1390 delinquebat.

561 1429 760 1485 Munda
798 1439 989 1479 manus
1016 1466 1031 1490 ,
1066 1438 1128 1476 ne
1158 1425 1407 1490 porrecta:
1433 1417 1501 1470 ad
1528 1413 1891 1484 accipiendum
1936 1414 2075 1477 sint,
2098 1409 2167 1463 ad

560 1493 796 1575 dandum
817 1525 985 1571 autem
1009 1513 1238 1567 collecta!
1269 1509 1459 1581 (Eccli.
1485 1523 1556 1568 ιν,
1581 1508 1677 1574 36)
1701 1522 1715 1571 ;
1745 1520 1845 1560 nec
1866 1504 1933 1557 ad
1965 1502 2168 1557 ferien—

560 1613 689 1670 dum
722 1618 944 1682 paratae,
976 1606 1072 1661 sed
1102 1604 1169 1658 ad
1210 1604 1390 1657 omnia
1436 1595 1825 1653 misericordia:
1856 1603 1911 1650 et
1952 1593 2168 1665 pietatis

560 1720 728 1779 Opera
776 1703 914 1760 satis
960 1708 1249 1770 |ll‘0fl|pliB.
1306 1693 1503 1751 Munda
1552 1693 1740 1763 pedes,
1791 1705 1858 1745 ne
1898 1690 2062 1744 latam
2108 1695 2165 1743 et

561 1798 859 1872 spathsam
887 1796 1030 1849 viam
1065 1799 1293 1861 pergant
1333 1803 1454 1859 qua:
1480 1786 1627 1840 ducit
1657 1783 1724 1839 ad
1756 1781 2039 1854 splendida
2064 1795 2164 1834 sa:-

2269 499 2368 554 que
2408 484 2523 537 ierit
2549 482 2734 555 (Apoc.
2770 499 2879 548 x1v,
2904 481 2985 552 4),
3010 481 3271 537 attentius
3318 481 3654 537 considerare
3692 483 3845 537 debe-

2271 592 2416 642 mus,
2446 590 2497 632 et
2521 577 2962 632 animadvertere
2986 578 3029 632 si
3072 577 3248 631 solius
3280 576 3599 647 integritatis
3626 591 3683 630 ac
3711 575 3852 647 pudi-

2271 670 2413 723 citia.
2444 672 2644 724 merito
2667 669 2752 725 isti
2781 671 2965 725 divino
2995 669 3277 725 conntatui
3325 670 3666 738 eopulcntur,
3694 681 3745 723 et
3767 684 3852 739 per

2271 762 2454 817 omnia
2499 762 2762 817 ctelorum
2814 762 3167 816 tabernacula
3217 762 3561 825 discurrant,
3590 776 3651 813 an
3681 770 3732 815 et
3761 760 3853 814 alia

2272 856 2383 911 sint
2429 856 2625 927 quibus
2675 856 2927 927 adjuncta
2974 856 3259 925 Virginile
3314 863 3474 909 tanta:
3527 852 3854 908 beatitudinis

2270 949 2500 1023 gloriam
2524 958 2914 1019 consequatur.
2943 948 3047 1002 Sed
3074 948 3220 1002 unde
3245 948 3347 1004 hoc
3375 946 3521 1001 scire
3552 944 3854 1018 poterimus“!

2273 1044 2347 1098 De
2383 1044 2754 1114 sequentibus,
2805 1041 2906 1096 nisi
2934 1042 3111 1105 fallor,
3146 1041 3199 1096 in
3230 1041 3425 1113 quibus
3458 1041 3711 1113 scriptum
3742 1048 3853 1094 est:

2272 1136 2349 1192 Hi
2390 1139 2552 1205 emitti
2579 1147 2695 1195 sunt
2722 1154 2783 1191 ex
2809 1137 3046 1190 omnibus
3077 1136 3322 1206 primitiae
3352 1134 3458 1188 Deo
3487 1144 3530 1189 et
3558 1133 3716 1207 Aguo,
3742 1142 3785 1187 et
3812 1132 3858 1188 in

2271 1247 2360 1286 ore
2387 1231 2614 1303 ipsorum
2638 1246 2738 1285 non
2760 1241 2834 1283 est
2862 1230 3124 1282 inventum
3149 1228 3471 1281 mendacium
3494 1242 3512 1292 ;
3538 1227 3647 1279 sine
3674 1225 3858 1280 macula

2270 1336 2392 1381 sunt
2439 1334 2556 1379 ante
2608 1328 2851 1380 thronum
2895 1322 3061 1396 Dci-(
3088 1321 3291 1394 Ibid.).
3336 1321 3502 1378 Vides
3555 1336 3683 1389 ergo
3727 1319 3857 1391 quod

2274 1436 2381 1475 non
2415 1420 2467 1473 in
2503 1436 2610 1473 uno
2634 1416 2661 1457 δ
2689 1430 2897 1473 tantum
2948 1420 3193 1473 membro
3234 1416 3524 1470 dominicis
3569 1414 3858 1469 referantur

2271 1514 2543 1569 inhmrere
2588 1512 2834 1584 vestigiis
2860 1555 2875 1578 ,
2902 1511 2997 1567 sed
3031 1513 3104 1566 illi
3139 1512 3229 1581 qui
3271 1518 3473 1581 pra-ter
3514 1507 3856 1577 virginitatem

2270 1607 2340 1663 ab
2377 1607 2523 1663 omni
2556 1606 2883 1677 cogitatione
2914 1606 3119 1675 peccati
3157 1603 3563 1658 immaculatam
3612 1600 3859 1671 gesserint

2272 1701 2461 1755 vitam.
2491 1700 2703 1756 Idcirco
2731 1699 2817 1754 vel
2846 1698 3081 1753 maxime
3119 1696 3272 1766 virgo
3308 1693 3527 1766 nuptias
3557 1700 3789 1763 spernat,
3810 1696 3860 1743 ut

2275 1792 2402 1847 dum
2436 1792 2682 1847 securior
2712 1800 2818 1858 est,
2853 1790 3087 1853 facilius,
3119 1788 3263 1860 quod
3293 1789 3462 1843 etiam
3493 1804 3520 1839 a
3554 1784 3859 1839 nubentibus

557 1868 665 1947 culi
709 1899 764 1944 et
807 1886 1044 1958 pretiosa
1087 1881 1362 1944 convivia,
1401 1877 1496 1933 sed
1538 1876 1604 1930 ad
1648 1875 1881 1930 arduum
1916 1871 2086 1943 magis
2115 1881 2169 1926 et

2276 1885 2554 1957 qna-ritur,
2589 1884 2657 1939 ab
2688 1882 2837 1939 omni
2866 1898 2925 1937 se
2952 1882 3155 1937 delicto
3201 1879 3497 1946 custodiat,
3531 1888 3585 1934 et
3627 1878 3858 1932 universa

559 1992 856 2055 angustum
898 1976 1219 2050 gradiantur
1266 1973 1372 2026 iter
1416 1968 1560 2040 quod
1611 1968 1788 2024 tendit
1828 1966 1896 2021 ad
1936 1965 2167 2031 caalum;

552 2078 683 2149 quia
713 2073 976 2142 scriptum
1010 2077 1093 2125 est
1122 2086 1135 2123 :
1161 2064 1272 2120 Iter
1311 2073 1509 2119 rectum
1550 2062 1709 2133 facite
1737 2059 1957 2131 pedibus
1985 2058 2170 2113 vestris

553 2168 747 2243 (Prov.
777 2182 851 2231 1v,
876 2165 982 2229 26;
1019 2161 1154 2217 Isai.
1184 2173 1317 2226 Lvn,
1349 2159 1447 2223 M;
1478 2171 1613 2223 1.1m,
1646 2155 1756 2227 10).
1790 2153 2041 2226 Agnosco
2072 2152 2167 2207 tibi

559 2277 589 2317 a
622 2256 734 2317 Deo
764 2256 974 2313 artifice
1018 2270 1125 2310 non
1159 2251 1226 2308 ad
1252 2251 1382 2306 vitia
1401 2292 1414 2316 ,
1449 2248 1543 2305 sed
1570 2248 1636 2303 ad
1664 2250 1896 2326 virtutes
1922 2246 2167 2301 membra

559 2353 825 2416 formata;
856 2357 1049 2405 etcum
1073 2346 1363 2402 universos
1384 2354 1536 2397 artus
1560 2339 1908 2395 mundaveris
1929 2338 1997 2393 ab
2017 2339 2165 2392 omni

557 2449 720 2505 sorde
746 2446 954 2518 peccati
979 2450 1037 2499 et
1064 2450 1177 2496 toto
1200 2439 1370 2495 fueris
1392 2435 1734 2491 sanctificata
1760 2448 2013 2505 corpore,
2041 2444 2167 2487 tunc

559 2543 657 2599 tibi
685 2540 994 2598 eastitatem
1045 2534 1317 2604 intelligas
1347 2529 1706 2601 profuturam,
1741 2537 1941 2584 etcum
1971 2525 2165 2582 fiducia

559 2636 797 2710 palmam
827 2630 1155 2701 virginitatis
1182 2635 1459 2697 exspecta.

632 2728 726 2785 XI.
767 2726 909 2796 Quid
934 2727 1008 2781 sit
1035 2732 1223 2778 sancta
1252 2736 1379 2776 esse
1402 2732 1637 2788 corpore
1658 2716 1901 2773 breviter
1922 2715 2163 2788 quidem,

561 2820 657 2879 sed
682 2821 842 2892 plene
869 2818 1192 2888 exposuisse
1222 2830 1309 2870 me
1335 2812 1593 2868 arbitror.
1628 2811 1782 2867 Nunc
1808 2810 1952 2881 quod
1985 2812 2167 2881 sequi-

562 2924 670 2981 tur,
702 2925 752 2971 et
772 2914 984 2984 spiritu,
1003 2927 1170 2967 nosse
1193 2909 1475 2973 debemus,
1505 2907 1613 2961 hoc
1628 2913 1731 2969 est,
1759 2905 1975 2976 utquod
2001 2919 2167 2975 opere

563 3010 714 3064 uetas
742 3016 826 3062 est
854 3004 993 3071 fieri,
1023 3018 1124 3059 nec
1162 3001 1494 3073 cogitatione
1537 2999 1849 3068 concipere.
1881 2998 1974 3052 Illa
2018 2997 2165 3053 enim

563 3111 646 3159 est
664 3108 849 3158 sancta
878 3107 988 3153 tam
1018 3109 1254 3166 corpore
1275 3107 1435 3163 quam
1460 3090 1677 3160 spiritu,
1713 3105 1829 3161 qua:
1858 3104 1956 3145 nec
1982 3099 2166 3144 mente

561 3210 667 3253 nec
695 3208 861 3249 carne
891 3186 1193 3260 delinquit;
1226 3188 1409 3242 sciens
1437 3184 1581 3240 enim
1603 3183 1789 3239 cordis
1817 3197 1941 3238 esse
1971 3197 2166 3255 specu-

2276 1976 2412 2048 legis
2456 1976 2710 2033 mandata
2756 1974 3021 2047 perficiat.
3073 1973 3209 2029 Nam
3254 1974 3301 2028 si
3355 1988 3463 2027 non
3517 1971 3699 2036 nubat,
3728 1978 3780 2025 et
3804 1984 3858 2029 ea

2273 2072 2631 2128 nihilominus
2670 2071 2832 2127 faciat
2858 2085 2887 2123 a
2916 2069 3114 2140 quibus
3161 2078 3216 2122 et
3259 2076 3444 2137 nupta:
3481 2064 3861 2136 essejnbcntur

2272 2164 2564 2232 immunes,
2594 2180 2698 2218 non
2723 2162 2973 2234 nupsisse
2994 2160 3121 2232 quid
3152 2158 3435 2231 proderit?
3464 2157 3533 2213 Et
3556 2169 3857 2226 quamquam

2274 2260 2406 2315 nulli
2458 2258 2881 2313 Christianorum
2931 2270 3160 2327 peccare
3207 2253 3405 2318 liceat,
3440 2262 3497 2308 et
3536 2264 3724 2305 omnes
3755 2247 3858 2319 qui-

2272 2368 2510 2423 cumque
2548 2350 2807 2422 apiritalis
2839 2348 3037 2404 lavacri
3084 2341 3522 2402 sanctiﬁcatione
3561 2353 3856 2415 purgantur,

2272 2442 2983 2516 immaculatamidecurrere
2998 2440 3289 2498 conveniat
3309 2441 3497 2503 vitam,
3517 2448 3574 2491 ut
3597 2435 3858 2498 Ecclesia,

2271 2554 2392 2610 qua:
2436 2540 2548 2592 sine
2592 2538 2822 2602 macula,
2850 2536 2961 2591 sine
3000 2551 3150 2607 ruga,
3183 2534 3293 2588 sine
3333 2532 3509 2605 aliqua
3543 2531 3662 2584 vitio
3690 2530 3861 2602 hujus-

2270 2631 2413 2685 modi
2442 2645 2564 2686 esse
2608 2629 2941 2685 describitur
2968 2627 3186 2701 (Ep/tes.
3220 2641 3283 2692 ν,
3312 2625 3431 2697 ἓῚ),
3464 2622 3673 2694 possint
3702 2623 3860 2675 visce-

2270 2726 2422 2781 ribus
2471 2725 2740 2790 intimari;
2772 2724 2944 2778 multo
2991 2722 3164 2792 magis
3206 2719 3311 2775 hoc
3351 2717 3618 2788 virginem
3651 2717 3859 2786 implere

2270 2832 2499 2873 neocsse
2539 2827 2644 2883 est,
2669 2833 2828 2889 quam
2872 2830 2972 2871 nec
3003 2814 3180 2868 mariti
3212 2827 3311 2866 nec
3339 2810 3575 2865 ﬁliorum
3609 2822 3705 2863 nec
3734 2808 3859 2861 alte-

2272 2912 2387 2967 rius
2430 2910 2775 2967 necessitatis
2802 2922 2963 2963 causa
3001 2905 3278 2977 prohibet,
3312 2902 3607 2973 quominus
3637 2900 3859 2954 divinam

2268 3006 2613 3078 Scripturam
2640 3004 2907 3075 perficiat,
2937 3016 3060 3065 nec,
3094 3000 3138 3054 si
3168 3013 3270 3069 qua
3305 3007 3528 3068 peccet,
3556 2993 3752 3067 poterit
3778 3008 3860 3049 e1-

2269 3102 2551 3155 cus:itione
2577 3097 2819 3154 defendi.

2341 3191 2457 3247 XII.
2501 3191 2544 3246 Ο
2572 3191 2745 3262 virgo,
2774 3203 2929 3245 serva
2964 3185 3302 3259 propositum
3325 3183 3429 3239 tibi
3464 3197 3665 3254 magno
3688 3179 3859 3250 prcelio

560 3288 794 3345 lalorem
834 3284 1004 3340 Deum
1026 3322 1042 3348 ν
1086 3291 1141 3337 el
1184 3279 1393 3335 ίάθίτοο
1428 3276 1562 3332 Salis
1592 3277 1703 3349 ³8η
1741 3283 1799 3330 ιη
1828 3273 1975 3328 omni
2004 3275 2167 3328 '"0d0
2195 3262 2240 3325 Ο
2273 3283 2626 3341 deSIinatnnt.
2648 3282 2915 3337 Pl‘iEClﬂl‘a
2947 3289 3031 3336 cst
3059 3277 3199 3349 apud
3224 3278 3515 3332 Dominum
3548 3275 3861 3346 virginitatis

564 3381 728 3438 etiam
756 3379 998 3434 animum
1042 3387 1167 3429 cum
1196 3385 1430 3441 corpore
1459 3366 1719 3423 mundum
1760 3366 1955 3421 habeat
1984 3381 2014 3420 a
2045 3380 2170 3435 pec-

563 3482 720 3540 cato,
749 3469 936 3526 sciens
981 3467 1245 3536 scriptum
1285 3460 1639 3519 esse:0mni
1688 3459 1924 3533 custodia
1969 3459 2170 3514 custodi

566 3582 655 3621 cor
677 3574 821 3619 tuum
851 3560 1030 3632 (Prov.
1058 3574 1133 3623 1v,
1162 3558 1277 3627 25).
1314 3555 1413 3610 Et:
1440 3552 1528 3608 Ita
1556 3554 1695 3608 enim
1721 3554 1888 3623 diligit
1917 3551 2171 3608 Dominus

566 3665 747 3714 sancta
773 3652 954 3716 corda,
984 3650 1179 3721 accepti
1209 3656 1331 3703 sunt
1359 3656 1528 3701 autent
1556 3647 1601 3700 ei
1623 3644 1949 3699 immaculati
1979 3643 2166 3716 (Prov.

568 3767 645 3817 x1,
672 3748 792 3819 20).
825 3746 895 3802 Et
919 3743 1050 3798 alibi
1094 3761 1108 3796 :
1152 3739 1301 3796 Beati
1343 3738 1535 3792 ntundo
1572 3737 1746 3802 corde,
1777 3737 2022 3808 quoniam
2069 3738 2171 3807 ipsi

569 3842 739 3898 Deum
763 3841 1007 3895 videbunt
1035 3833 1253 3909 (Matth.
1280 3848 1335 3899 ν,
1366 3831 1444 3905 8).
1477 3831 1634 3898 Quod
1661 3830 1730 3885 de
1754 3830 1864 3885 illis
1893 3829 2000 3886 dici
2026 3830 2172 3887 arbi-

570 3945 708 4001 tror,
740 3945 878 4004 quos
912 3927 1249 3984 conscientia
1294 3925 1347 3980 in
1376 3924 1524 3979 nulla
1556 3921 1837 3994 redarguit
1860 3923 2016 3994 culpa
2048 3938 2173 3994 pec-

570 4026 711 4093 cati;
734 4025 803 4081 de
830 4020 1032 4092 quibus
1060 4027 1116 4074 et
1142 4019 1408 4075 Joannem
1436 4019 1487 4099 in
1515 4016 1745 4087 epistola
1774 4016 1978 4092 dixjsse
2003 4031 2131 4073 reor
2156 4035 2170 4071 :

575 4122 637 4178 Si
667 4136 756 4174 cor
784 4126 1016 4174 nostrum
1044 4130 1137 4169 nos
1154 4130 1256 4167 non
1277 4109 1630 4185 reprehendit,
1652 4109 1899 4180 ﬁduciam
1927 4111 2173 4165 habemus

573 4212 643 4268 ad
678 4210 876 4274 Deum;
909 4217 959 4264 et
1003 4220 1335 4279 quaecumque
1360 4204 1659 4277 petierimus
1686 4204 1999 4275 accipiemus
2027 4204 2090 4259 ab
2116 4220 2174 4258 eo

573 4299 1072 4378 (lJoan.111,2l).
1114 4296 1251 4352 Nolo
1298 4294 1578 4352 existimes
1626 4305 1677 4352 te
1723 4298 1929 4366 peccati
1968 4299 2171 4353 crimen

572 4399 803 4472 fugisse,
847 4396 895 4452 si
936 4396 1272 4451 voluntatem
1316 4406 1425 4447 non
1473 4403 1731 4463 sequatur
1772 4390 2021 4457 eil‘ectus,
2048 4406 2175 4447 cum

574 4496 838 4565 scriptum
870 4491 979 4546 sit:
1004 4489 1320 4557 Quicumque
1356 4485 1544 4539 viderit
1580 4483 1847 4538 mulierem
1885 4485 1952 4536 ad
1989 4498 2180 4537 concu-

577 4590 899 4664 piscendum,
918 4587 1034 4659 jam
1059 4585 1345 4637 mmchattts
1371 4590 1448 4633 est
1481 4596 1593 4633 eant
1617 4581 1669 4633 in
1697 4579 1851 4632 corde
1871 4594 1965 4631 suo
1996 4578 2175 4649 (Matt.

2270 3392 2325 3434 ct
2359 3380 2635 3449 pudicitia:
2662 3380 2853 3446 virtus,
2882 3377 2925 3431 si
2953 3394 3059 3432 non
3088 3376 3208 3430 aliis
3233 3384 3583 3444 peccatorum
3611 3383 3665 3429 et
3696 3386 3862 3427 macu-

2273 3472 2446 3527 larum
2492 3470 2738 3543 lapsibus
2782 3470 3108 3524 inlirmetur.
3149 3467 3401 3538 Agnosce
3452 3473 3651 3521 statum
3702 3474 3860 3529 tuum,

2273 3579 2508 3636 agnOsce
2548 3564 2750 3627 locum,
2780 3577 3017 3634 agnosce
3044 3559 3401 3631 propositum.
3432 3557 3634 3614 Christi
3677 3570 3862 3629 sponsa

2274 3662 2494 3716 diceris.
2546 3658 2683 3716 Vide
2714 3674 2782 3713 ne
2830 3656 2958 3728 quid
2990 3656 3272 3725 indignum
3322 3653 3372 3707 ei
3421 3653 3506 3707 cui
3554 3652 3863 3725 desponsata

2275 3754 2477 3809 videris
2507 3752 2778 3807 admittas.
2805 3748 2926 3805 Cito
2973 3748 3178 3803 scribet
3210 3747 3523 3818 repudium,
3555 3746 3598 3799 si
3634 3745 3685 3799 in
3713 3753 3762 3797 te
3788 3739 3865 3796 vel

2274 3862 2441 3902 unum
2487 3844 2682 3900 viderit
2721 3840 3073 3898 adulterium.
3105 3840 3472 3908 Quaecumque
3515 3852 3649 3908 ergo
3693 3834 3867 3888 huma-

2277 3954 2471 3995 norum
2501 3938 2904 4009 sponsaliorum
2928 3932 3248 4005 pignoribus
3273 3942 3295 3969 ο
3316 3930 3664 3993 obarrhatur,
3698 3926 3863 3983 atatim

2276 4048 2309 4086 a
2328 4028 2663 4092 domesticis,
2681 4045 2709 4081 a
2735 4025 3116 4089 familiaribus,
3138 4023 3203 4077 ab
3228 4022 3419 4077 amicis
3447 4021 3631 4090 sponsi
3656 4015 3868 4072 Sollicito

2277 4138 2342 4177 ac
2367 4122 2657 4193 diligenter
2686 4118 2922 4191 requirit
2943 4127 2999 4172 et
3028 4114 3258 4172 servulis
3287 4154 3301 4178 ,
3334 4114 3526 4184 quales
3547 4110 3761 4183 juvenis
3788 4106 3869 4160 lia-

2279 4215 2408 4271 heat
2438 4228 2640 4279 mores,
2670 4211 2797 4281 quid
2845 4208 3187 4281 potissimum
3220 4206 3431 4276 diligat,
3460 4204 3590 4274 quid
3622 4200 3864 4268 accipiat,

2279 4324 2387 4379 quo
2434 4323 2532 4362 usu
2584 4306 2760 4371 vivat,
2791 4319 2894 4374 qua
2941 4318 3002 4358 se
3027 4299 3426 4356 consuetudine
3474 4306 3646 4367 regat,
3687 4294 3868 4364 quibus

2284 4408 2467 4455 utatur
2496 4397 2748 4469 dapibus,
2778 4397 2830 4451 in
2877 4394 3075 4466 quibus
3106 4392 3344 4447 maxime
3390 4389 3557 4444 rebus
3584 4387 3869 4442 delectetur

2282 4503 2330 4548 et
2365 4492 2618 4563 gaudeat.
2652 4491 2782 4558 Quae
2823 4504 2943 4542 cum
2990 4485 3264 4549 didicerit,
3309 4483 3380 4536 ita
3430 4496 3491 4537 se
3541 4481 3593 4536 iu
3633 4479 3870 4535 omnibus

2286 4595 2549 4656 temperat
2594 4593 2652 4638 ut
2689 4582 2874 4655 sponsi
2905 4581 3149 4634 moribus
3192 4592 3351 4632 suum
3393 4574 3716 4646 obsequium
3743 4614 3757 4639 ,
3786 4584 3870 4625 sua

578 4656 636 4751 Iv,
664 4680 782 4753 28).
804 4678 886 4735 Ne
910 4656 1061 4731 dicas
1085 4692 1099 4730 :
1125 4674 1368 4743 Cogitavi
1396 4671 1646 4740 quidem,
1670 4671 1765 4724 sed
1797 4687 1903 4724 non
1936 4671 2169 4747 perfeci;

2281 4677 2613 4748 jocnnditas,
2644 4691 2737 4730 sua
2763 4672 3010 4742 dilectio,
3034 4687 3132 4727 sua
3153 4670 3458 4739 diligentia,
3488 4684 3585 4724 sua
3619 4669 3727 4721 vita
3757 4678 3872 4720 con-

579 4773 838 4847 quoiiiam
878 4768 1042 4823 etiam
1081 4764 1471 4833 concupiscere
1520 4762 1671 4816 nefas
1712 4769 1828 4827 est,
1871 4762 2015 4831 quod
2062 4764 2179 4819 ﬁeri

581 4867 791 4923 crimen
822 4870 927 4916 est.
956 4856 1113 4913 Unde
1144 4866 1198 4909 et
1222 4855 1413 4910 beatus
1458 4852 1652 4908 Petrus
1682 4854 1927 4923 prmcipit
1950 4854 2137 4912 dicens
2163 4874 2176 4910 :

584 4957 798 5014 Animas
828 4962 1021 5007 vestras
1047 4948 1329 5017 castiﬁcate
1356 4947 1401 5016 (l
1428 4944 1543 5001 Pet.
1572 4962 1611 5015 1,
1634 4945 1751 5019 εε).
1780 4947 1881 5015 Qui
1909 4948 1952 5003 si
1979 4951 2179 5006 nullam

584 5050 781 5107 anima:
808 5041 1306 5113 constuprationem
1346 5049 1569 5102 nosset,
1602 5055 1702 5094 nec
1728 5041 2016 5098 castilieari
2059 5062 2178 5101 eam

584 5140 971 5200 desiderasset.
1001 5133 1111 5189 Sed
1138 5141 1192 5186 et
1213 5132 1363 5185 illum
1397 5131 1573 5187 locum
1599 5147 1707 5204 quo
1730 5137 2043 5195 continetur
2069 5159 2081 5195 ε
2111 5139 2183 5195 Hi

585 5240 705 5292 sunt
725 5230 815 5303 qui
840 5244 895 5285 se
923 5232 1036 5281 cum
1064 5223 1364 5279 mulieribus
1385 5239 1489 5278 non
1515 5225 1995 5297 coinquinaverunt,
2026 5234 2180 5308 virgi.

588 5452 593 5456 ἡ
661 5396 689 5425 ι
728 5380 1061 5459 Pronuntiat.
1085 5378 1300 5459 Clerico
1329 5380 1507 5459 magis
1536 5381 1734 5448 placuit
1757 5387 1977 5459 nuntiat.
2006 5388 2174 5444 Paulo

589 5452 715 5533 post
742 5457 883 5510 idem
931 5451 1232 5533 rescribere
1281 5451 1664 5533 maluitnsernt.
1720 5457 1911 5510 sanctis
1940 5470 1988 5512 et
2017 5463 2169 5530 veris,

589 5520 752 5587 secus
781 5537 941 5595 atque
966 5521 1130 5598 habet
1153 5520 1431 5589 exemplar
1459 5522 1826 5593 Baluzianum,
1850 5531 1992 5598 quod
2019 5520 2177 5589 nobis

589 5593 972 5663 repraesentat.
1024 5593 1173 5645 lianc
1230 5601 1410 5648 tamen
1461 5599 1817 5663 posteriorem
1869 5593 2172 5659 lectiooem

588 5662 835 5732 exhibet,
881 5666 1044 5721 etiam
1090 5662 1260 5717 llolst.
1308 5665 1427 5722 Mox
1465 5662 1605 5722 'voro
1639 5673 1836 5725 iterum
1875 5671 2019 5729 cier,
2049 5691 2173 5730 cum

593 5743 768 5811 Holst.
786 5782 802 5806 ,
828 5747 917 5791 aut
946 5735 1169 5802 aliquem
1189 5735 1252 5788 de
1280 5736 1441 5791 altero
1466 5741 1680 5811 audiant
1711 5742 2062 5811 daogautem.

664 5810 693 5849 h
720 5810 803 5873 _ln
847 5822 948 5864 uno
982 5816 1182 5862 tantum
1210 5813 1455 5866 membro.
1494 5810 1678 5879 Clem,
1714 5810 1781 5867 In
1807 5810 1913 5868 uno
1950 5816 2174 5887 virgines

2287 4771 2495 4826 cordet.
2526 4770 2552 4808 ά
2583 4772 2647 4827 Et
2678 4783 2732 4825 tu
2762 4784 2978 4841 quoque
3017 4784 3138 4839 qua:
3174 4765 3453 4820 Christum
3503 4776 3762 4833 spoosnm
3791 4758 3873 4813 Ita-

2290 4865 2409 4932 bes,
2456 4880 2485 4918 a
2515 4864 2859 4929 domesticis,
2893 4870 2949 4916 et
2992 4859 3350 4916 familiaribus
3398 4858 3542 4927 ejus,
3585 4854 3768 4923 εμοηεί
3808 4848 3873 4906 tui

2290 4973 2470 5013 mores
2513 4958 2824 5028 interroga,
2853 4966 2906 5010 ct
2944 4956 3165 5010 Strenue
3210 4966 3272 5006 ac
3310 4950 3547 5005 solerter
3592 4947 3802 5017 inquire
3825 4942 3871 4998 in

2290 5050 2485 5121 quibus
2521 5049 2795 5121 prmcipue
2835 5047 3158 5108 delectatur,
3192 5044 3409 5113 qualem
3445 5041 3497 5095 in
3533 5050 3584 5094 te
3613 5034 3873 5108 composi-

2291 5143 2492 5199 tionem
2537 5142 2767 5198 veStium
2807 5141 3015 5210 diligat.
3060 5135 3212 5193 Dicat
3243 5134 3340 5190 tibi
3370 5134 3492 5205 ejus
3523 5127 3872 5188 familiarissi-

2292 5249 2413 5290 mus
2443 5234 2655 5298 Petrus,
2690 5234 2783 5304 qui
2812 5247 2912 5287 nec
2944 5232 3125 5301 nuptis
3151 5228 3368 5299 quidem
3401 5227 3768 5297 corporalem,
3789 5216 3874 5275 sed

2281 5402 2319 5447 t.
2348 5410 2419 5446 ut.
2450 5393 2554 5448 Sed
2589 5389 2968 5460 iinportunein
2990 5399 3195 5442 textum
3225 5388 3357 5442 illud
3379 5388 3623 5457 virgines.
3650 5383 3874 5460 verbum

2282 5465 2427 5519 enim
2477 5454 2772 5534 referantur
2808 5460 2951 5530 quod
2978 5462 3241 5534 (sequitur
3262 5501 3277 5524 ,
3309 5461 3375 5513 ad
3422 5454 3519 5513 eos
3568 5456 3782 5534 respicit
3814 5454 3876 5508 de

2281 5534 2476 5604 quibus
2511 5530 2747 5603 loquitur
2781 5533 3091 5604 [ll‘illCBtlt‘nS
3117 5541 3297 5604 textus
3328 5530 3774 5603 Apocalypticns.

2356 5615 2379 5642 ο
2424 5602 2761 5658 Obarrhatur.
2798 5603 2993 5663 lIolst.,
3024 5602 3387 5655 subarrhatnr.

2352 5671 2379 5709 ί¹
2419 5673 2487 5726 Ει
2525 5684 2577 5727 tu
2615 5690 2809 5743 quoque
2838 5690 2968 5740 qum.
3007 5673 3307 5744 ltelativmn
3346 5689 3462 5744 qua:
3502 5671 3706 5744 omittit
3736 5667 3871 5744 Clcr.

2281 5755 2334 5799 et
2362 5744 2443 5799 sic
2471 5741 2771 5813 improvide
2796 5745 2972 5799 locum
2995 5743 3152 5799 effert
3177 5760 3190 5795 :
3216 5742 3286 5798 Et
3314 5741 3369 5798 tu
3398 5759 3603 5813 quoque
3624 5741 3877 5796 Christum

2281 5830 2530 5885 sponsum
2560 5816 2734 5872 habes.
2768 5817 2812 5871 Α
2846 5817 3064 5871 donrest.
