4056 6340
188 252 281 309 Ξῖιτ

1007 242 1224 302 EPIST.
1271 243 1317 302 Il
1357 242 1552 302 SULP.
1599 241 1890 311 SEVERI,
1932 245 2026 312 AD
2067 243 2394 309 SOROREM
2434 245 2650 314 SUAM.

3395 252 3504 314 258

189 357 468 429 spiritalem
521 357 786 427 permittit
829 364 1101 421 ornatum,
1133 355 1272 411 sicut
1317 355 1370 410 in
1401 353 1644 427 Epistola
1677 370 1773 410 sua
1803 356 1856 416 Α
1881 355 2226 426 spiritalibus
2263 357 2608 413 emundetur.
2658 357 2812 413 Nulla
2845 359 2901 416 in
2951 376 3014 416 ea
3063 363 3313 429 malitiae,
3349 366 3496 420 nulla

187 449 674 507 scribitzblulieres
721 450 960 504 similiter
1004 448 1248 520 subjecta:
1289 447 1412 502 viris
1464 448 1601 514 suis;
1645 451 1702 501 ut
1730 448 1775 501 si

186 548 264 620 qui
300 564 398 602 non
441 546 658 600 credunt
699 547 871 612 verba,
904 562 994 617 per
1020 545 1298 600 mulierum
1337 545 1777 598 conversationem

187 649 283 699 sine
315 643 458 697 rerbo
501 641 786 712 lucri/iant,
834 639 1217 695 considerantes
1266 640 1318 692 in
1364 639 1548 692 limare
1583 645 1776 691 castam

187 734 595 791 conversationem
639 745 854 788 vestram
890 749 908 786 :
939 749 1160 803 quorum
1206 731 1274 786 sit
1314 746 1416 784 non
1462 729 1778 785 extrinsecus

187 827 499 897 capillatum,
531 834 627 880 aut
653 824 990 879 circumdatio
1020 823 1154 889 auri,
1193 833 1280 878 aut
1303 821 1596 877 indumenti
1626 814 1778 878 uesti-

189 932 449 976 mentorum
478 919 674 983 cultus,
703 917 792 973 sed
821 919 909 990 qui
929 918 1210 973 absconsus
1236 925 1311 972 est
1336 917 1512 972 cordis
1540 915 1691 970 homo
1724 916 1779 970 in

186 1011 657 1082 incorruptibilitate
698 1011 860 1081 quieti
899 1019 950 1064 et
995 1010 1210 1064 modesti
1237 1010 1475 1078 spiritus,
1500 1009 1586 1078 qui
1621 1018 1694 1062 est
1724 1008 1780 1062 in

188 1117 439 1178 conspectu
471 1103 572 1159 Dei
603 1104 840 1170 locuples
864 1104 904 1176 (I
943 1103 1060 1160 Pet.
1088 1121 1169 1169 III,
1206 1101 1345 1174 1-4).
1381 1103 1532 1157 Dicat
1563 1115 1610 1157 et
1640 1103 1780 1156 alius

189 1199 449 1272 apostolus
483 1199 686 1253 beatus
713 1197 918 1251 Paulus
941 1197 1030 1267 qui
1061 1195 1126 1251 ad
1155 1195 1503 1250 Timotheum
1534 1193 1781 1249 scribens

188 1293 414 1350 eamdem
462 1292 710 1346 fidelium
764 1290 1089 1346 feminarum
1118 1290 1461 1361 disciplinam
1503 1298 1779 1345 testatur:

192 1385 418 1439 Mulieres
450 1383 698 1438 similiter
729 1383 782 1437 in
809 1381 984 1437 habitu
1012 1393 1216 1445 ornato,
1245 1398 1361 1436 cum
1392 1381 1697 1435 verecundia
1724 1390 1784 1434 'et

188 1478 440 1533 sobrietate
467 1485 718 1531 ornantes
745 1492 818 1544 se,
846 1492 949 1530 non
976 1480 1027 1530 in
1057 1476 1206 1530 tortis
1235 1475 1486 1540 crinibus,
1511 1483 1600 1528 aut
1628 1489 1779 1539 auro,

189 1579 266 1623 aut
291 1569 608 1641 margaritis,
634 1575 730 1621 aut
753 1577 884 1621 reste
913 1567 1174 1640 pretiosa;
1203 1567 1294 1620 sed
1324 1566 1462 1637 quod
1495 1565 1636 1619 decet
1666 1581 1784 1618 mu-

192 1665 340 1728 lieres,
372 1663 731 1730 promittentes
776 1661 1064 1716 castitatem
1094 1676 1186 1730 per
1224 1657 1411 1712 bonum
1442 1657 1788 1712 conversatio-

193 1773 288 1810 nem
315 1755 358 1827 (l
391 1755 527 1810 Tim.
563 1770 624 1818 ll,
661 1753 718 1819 9,
750 1754 866 1823 10).

251 1849 381 1907 XIII.
423 1851 530 1906 Sed
565 1847 803 1904 forsitan
853 1848 991 1903 dicis
1015 1865 1028 1902 :
1053 1846 1164 1903 Cur
1194 1846 1313 1902 lucc
1357 1846 1595 1918 apostoli
1627 1847 1792 1916 virgi-

197 1945 337 2000 nibus
365 1959 470 1997 non
511 1941 846 2012 jusserunt?
874 1941 1010 2006 Quia
1041 1956 1145 1995 non
1177 1941 1552 1995 necessarium
1582 1938 1796 2009 judica-

197 2038 431 2101 bautzne
457 2036 584 2091 talis
613 2035 921 2105 virginibus
966 2035 1323 2090 commonitio
1369 2035 1554 2104 potius
1601 2031 1797 2102 injuria

197 2150 338 2204 quam
385 2132 708 2189 emendatio
756 2129 1051 2185 videretur.
1088 2129 1196 2184 Sed
1246 2143 1349 2184 uec
1395 2141 1491 2184 eas
1538 2139 1796 2196 umquam

201 2235 343 2280 tantae
383 2221 719 2280 temeritatis
773 2219 892 2276 fore
939 2219 1338 2283 credidissent,
1367 2227 1426 2273 ut
1465 2233 1565 2274 nec
1615 2215 1801 2284 nuptis

199 2318 395 2390 quidem
457 2329 730 2372 concessa
788 2313 1030 2370 carnalia
1097 2320 1422 2369 ornamenta
1474 2320 1528 2367 et
1578 2321 1801 2367 terrena

202 2419 605 2482 pra‘suinercnt.
647 2408 862 2464 Revera
890 2422 1088 2462 ornare
1117 2422 1176 2462 se
1199 2417 1253 2462 et
1282 2421 1619 2477 componere
1643 2405 1803 2476 virgo

203 2506 369 2562 debet.
418 2505 553 2561 Nam
588 2501 871 2575 quomodo
903 2516 1104 2570 sponso
1153 2518 1252 2556 suo
1306 2502 1522 2570 placere
1575 2499 1800 2571 poterit,

204 2598 295 2653 nisi
323 2599 625 2664 composita
659 2604 715 2650 et
742 2605 932 2649 ornata
960 2595 1331 2665 processerit?
1353 2592 1589 2648 Ornetur
1619 2595 1801 2663 plane,

205 2689 286 2744 sed
328 2688 692 2744 interioribus
739 2686 1114 2752 ornamentis,
1151 2693 1203 2741 et
1245 2685 1644 2757 spiritualiter,
1697 2701 1805 2741 non

207 2781 572 2851 corporaliter,
609 2787 1008 2849 componatur;
1042 2777 1168 2848 quia
1221 2779 1482 2833 Dominus
1529 2796 1634 2831 non
1685 2793 1807 2832 cor-

210 2876 363 2946 poris,
395 2875 487 2932 sed
525 2873 732 2929 anima:
769 2872 1022 2928 decorem
1073 2873 1124 2926 in
1177 2872 1266 2926 illa
1315 2873 1610 2927 desiderat.
1667 2873 1809 2941 Ergo

209 2979 256 3026 et
283 2979 333 3024 tu
357 2983 728 3041 quaecumque
759 2965 997 3021 animam
1025 2975 1171 3021 tuam
1202 2983 1227 3020 a
1265 2967 1374 3020 Deo
1399 2965 1547 3037 diligi
1578 2976 1631 3021 et
1653 2964 1813 3020 inha-

210 3062 353 3118 bitari
398 3062 757 3133 concupiscis
782 3102 797 3128 ,
829 3060 981 3116 omni
1012 3075 1129 3115 eam
1177 3060 1457 3131 diligentia
1492 3068 1517 3096 α
1555 3073 1710 3114 come
1756 3067 1812 3113 et

1879 447 1987 503 doli
2017 449 2230 504 macula
2265 451 2625 521 relinquatur.
2663 451 2727 506 Et
2756 467 2821 506 ne
2843 455 3068 524 quando
3090 455 3231 512 male
3255 457 3499 512 redoleat

1879 540 2049 596 odore
2102 544 2342 613 peccati,
2395 553 2679 615 unguento
2724 545 3070 603 suavissima:
3120 548 3403 619 sapientiae
3443 561 3500 604 et

1878 638 2122 694 scientiae
2158 638 2532 707 perfundatur.

1950 729 2092 786 XIV.
2126 731 2449 802 Ilujusmodi
2482 733 2625 788 Deus
2652 732 2847 804 qiuerit
2875 743 3151 802 ornatum,
3178 744 3232 790 et
3256 735 3495 790 animam

1882 822 2064 876 taliter
2113 825 2473 894 compositam
2530 826 2894 896 concupiscit.
2963 827 3238 884 Memento
3293 840 3343 883 te
3400 827 3498 884 Dei

1884 913 2049 969 tiliam
2083 915 2214 983 dici,
2250 909 2897 984 secundumilludiAudi,
2934 916 3072 990 ﬁlia,
3102 928 3153 976 et
3175 919 3292 974 vide
3315 916 3495 991 (Psal.

1883 1025 2029 1072 XLIV,
2055 1007 2168 1080 ll).
2211 1007 2319 1065 Sed
2348 1019 2402 1064 et
2435 1019 2487 1064 tu
2518 1009 2658 1079 ipsa,
2694 1011 3148 1082 quotiescumque
3192 1010 3358 1068 Deum
3409 1030 3502 1082 pa-

1885 1114 2024 1158 trem
2073 1103 2347 1169 nominas,
2382 1101 2482 1158 Dei
2511 1109 2565 1158 te
2598 1102 2765 1158 filiam
2812 1119 2936 1160 esse
2989 1105 3234 1161 testaris.
3288 1106 3430 1176 Ergo
3457 1106 3504 1160 si

1887 1200 1995 1254 ﬁlia
2023 1197 2123 1254 Dei
2152 1215 2235 1263 es,
2261 1198 2382 1254 vide
2413 1215 2478 1253 ne
2509 1199 2636 1270 quid
2665 1215 2853 1255 eorum
2881 1199 3048 1256 facias
3074 1218 3193 1270 qiue
3223 1201 3334 1257 Deo
3362 1203 3505 1272 patri

1885 1293 2187 1361 incongrua
2223 1298 2376 1358 sunt;
2412 1292 2508 1345 sed
2549 1307 2648 1362 age
2678 1292 2860 1346 omnia
2909 1293 3064 1362 quasi
3100 1293 3208 1347 filia
3254 1293 3368 1347 Dei.
3397 1292 3504 1348 Co-

1887 1399 2090 1455 gnosce
2118 1382 2397 1454 quomodo
2440 1382 2604 1453 hujus
2634 1398 2693 1439 se
2721 1384 2906 1438 saeculi
2941 1385 3205 1439 nobilium
3252 1385 3375 1440 tiliae
3413 1401 3507 1456 ge-

1891 1487 2032 1544 rant,
2062 1478 2258 1549 quibus
2288 1485 2610 1531 assuescant
2641 1476 2884 1531 moribus
2911 1518 2924 1542 ,
2959 1476 3226 1546 quibusve
3251 1491 3311 1532 se
3341 1475 3508 1532 disci-
3545 1537 3552 1541 ,

1891 1571 2056 1640 plinis
2112 1569 2422 1624 instituant.
2473 1567 2645 1623 Tanta
2697 1567 2748 1622 in
2799 1568 3123 1639 quibusdam
3175 1567 3510 1624 verecundia

1892 1673 1998 1730 cst,
2021 1668 2170 1716 tanta
2197 1660 2458 1731 gravitas,
2488 1667 2634 1736 tanta
2659 1659 2946 1725 modestia,
2979 1670 3036 1715 ut
3062 1669 3389 1717 caeterorum
3415 1659 3510 1716 ho-

1822 1754 1868 1812 B
1897 1757 2100 1812 tninum
2137 1758 2300 1810 ritum
2327 1755 2522 1810 intuitu
2557 1754 2805 1810 humana:
2831 1754 3186 1827 ingenuitatis
3214 1754 3506 1818 excedant,

1904 1849 1921 1887 ί
1955 1860 2009 1904 et
2038 1864 2383 1920 nequaquam
2411 1847 2660 1903 honestis
2686 1848 3006 1918 parentibus
3033 1849 3148 1903 suis
3176 1864 3271 1920 per
3302 1847 3515 1918 lapsum

1899 1960 2055 1998 suum
2090 1944 2330 1997 infamiae
2383 1950 2567 1996 nolam
2599 1943 2852 2008 inurant,
2886 1941 3116 1996 alteram
3148 1941 3250 1997 sibi
3280 1941 3513 2013 quodam

1901 2036 2064 2092 modo
2114 2035 2256 2090 inter
2289 2033 2542 2090 homines
2591 2034 3006 2090 consuetudinis
3054 2034 3314 2089 facientes
3359 2042 3519 2089 natu-

1903 2145 2041 2184 ram.
2083 2129 2146 2183 Et
2179 2138 2232 2183 tu
2265 2141 2401 2198 ergo
2444 2127 2710 2198 originem
2746 2137 2892 2181 tuam
2937 2128 3172 2198 respice,
3203 2143 3378 2197 genus
3426 2129 3514 2182 in-

1904 2234 2093 2287 tuere,
2130 2222 2356 2292 gloriam
2391 2220 2693 2276 nobilitatis
2739 2220 2986 2276 adverte.
3041 2223 3291 2291 Agnosce
3324 2231 3375 2275 te
3409 2236 3516 2276 non

1906 2313 2145 2369 hominis
2186 2322 2395 2368 tantum
2445 2327 2602 2373 es:e.
2637 2312 2732 2368 sed
2781 2323 2834 2366 et
2883 2311 2980 2366 Dei
3015 2311 3201 2376 filiam,
3239 2321 3295 2366 et
3323 2312 3522 2366 divina:

1906 2406 2209 2461 nativitatis
2242 2404 2526 2460 nobilitate
2557 2404 2893 2459 decoratum.
2949 2403 3024 2457 Ita
3058 2414 3108 2458 te
3139 2403 3340 2460 exhibe
3373 2413 3428 2458 ut
3458 2404 3512 2459 in

1907 2510 1960 2557 tc
1988 2501 2234 2558 caelestis
2285 2501 2543 2554 nativitas
2578 2509 2780 2570 pateat,
2814 2507 2870 2555 et
2902 2509 2956 2553 nt
2994 2499 3300 2570 ingenuitas
3329 2499 3518 2556 divina

1906 2597 2198 2652 clarescat.
2231 2592 2314 2650 Sit
2342 2593 2396 2649 in
2428 2601 2481 2649 te
2513 2608 2649 2648 nova
2690 2593 2952 2664 gravitas,
2987 2593 3248 2649 honestas
3280 2593 3522 2648 admira—

1908 2689 2059 2757 bilis,
2090 2689 2358 2758 stupenda
2391 2686 2746 2751 verecundia,
2777 2687 2908 2741 mira
2940 2687 3216 2756 patientia,
3245 2687 3526 2757 virginalis

1910 2785 2186 2848 incessus,
2224 2791 2278 2836 et
2305 2790 2329 2828 ε
2358 2796 2503 2836 verm
2529 2781 2802 2851 pudicitiae
2831 2780 3071 2845 habitus,
3101 2796 3282 2837 sermo
3304 2797 3525 2854 semper

1913 2875 2194 2931 modestus
2218 2885 2271 2930 et
2294 2891 2394 2929 suo
2422 2875 2472 2928 in
2507 2883 2748 2945 tempore
2780 2873 3170 2944 proferendus;
3205 2877 3526 2947 utquisquis

1913 2978 1966 3025 te
2012 2967 2210 3022 viderit
2255 2966 2561 3021 admiretur
2591 2976 2644 3020 ct
2676 2965 2823 3019 dicat
2849 2982 2859 3017 :
2885 2964 3018 3033 Quae
3061 2965 3175 3020 iIﬂPC
3208 2982 3346 3020 nova
3380 2964 3527 3021 inter

1916 3061 2166 3115 homines
2197 3058 2481 3130 gravitatis
2513 3056 2773 3129 patientia
2821 3070 2899 3112 ρει
2920 3098 2936 3123 ,
2963 3073 3084 3128 qua:
3115 3058 3338 3126 pudoris
3370 3074 3525 3112 vere-

209 3155 566 3224 spiritualibus
604 3152 941 3208 indumentis
972 3167 1197 3208 exorna.
1232 3151 1380 3206 Nihil
1412 3152 1462 3205 in
1492 3165 1554 3205 ea
1585 3150 1808 3206 indeco-
1835 3140 1882 3204 C
1913 3153 2144 3217 cundia,
2179 3167 2300 3222 qua:
2351 3150 2655 3205 honestatis
2698 3148 2961 3204 modestia
2985 3191 2999 3214 ,
3033 3165 3153 3219 qua:
3203 3149 3526 3204 maturitas?

209 3263 336 3315 rum,
363 3249 496 3304 nihil
528 3246 743 3304 fmdum
773 3256 1051 3316 appareat.
1082 3245 1448 3315 Resplcndeat
1480 3261 1615 3299 auro
1643 3245 1806 3317 justi-

211 3341 377 3407 ti:e,et
401 3342 642 3411 gemmis
671 3339 942 3410 refulgeat
967 3340 1298 3406 sanetitatis,
1327 3348 1382 3394 et
1410 3338 1810 3408 pretiosissimo

212 3438 488 3506 margarito
515 3434 805 3506 pudicitia:
836 3441 1090 3488 coruscet
1114 3450 1127 3486 :
1152 3431 1180 3472 ιο
1213 3449 1310 3502 pro
1335 3432 1499 3504 bysso
1524 3440 1578 3488 et
1607 3435 1808 3502 serico,

212 3529 589 3584 misericordia:
619 3536 680 3584 et
711 3526 931 3597 pietatis
969 3525 1148 3580 tunica
1191 3527 1478 3593 vestiatur,
1508 3527 1807 3583 secundum

210 3621 339 3692 quod
370 3623 640 3690 scriptum
672 3629 757 3674 cst
781 3636 796 3672 :
823 3617 1035 3672 Induite
1070 3634 1154 3671 vos
1181 3634 1304 3688 ergo
1328 3618 1463 3673 sicut
1506 3620 1654 3673 electi
1692 3619 1808 3685 Dei,

209 3715 361 3768 sancti
387 3725 434 3768 et
465 3713 676 3774 dilecti,
705 3715 901 3765 uiscera
946 3710 1336 3774 misericordiae,
1377 3721 1398 3749 ο
1423 3703 1806 3782 benignitatem,

211 3803 570 3872 humilitatem,
599 3813 714 3862 etc.
769 3803 988 3874 (Coloss.
1023 3821 1106 3871 ιιι,
1140 3805 1249 3875 12).
1280 3805 1396 3861 Non
1440 3821 1676 3861 cerussa!
1718 3814 1814 3862 aut

1915 3250 2033 3306 Non
2065 3259 2152 3306 est
2182 3250 2284 3304 ista
2321 3249 2555 3302 humana
2586 3248 2888 3314 institutio,
2921 3263 3021 3306 nec
3061 3249 3347 3320 disciplina
3379 3265 3522 3304 mor-

1917 3343 2060 3397 talis.
2093 3341 2332 3396 Coeleste
2368 3340 2497 3394 niibi
2527 3340 2734 3410 aliquid
2765 3339 2818 3394 in
2856 3349 3072 3395 terreno
3099 3356 3330 3411 corpore
3360 3342 3524 3396 reful-

1915 3445 2028 3507 get.
2084 3435 2240 3490 Puto-
2271 3434 2413 3505 quod
2469 3433 2675 3489 habitet
2724 3433 2776 3488 in
2833 3434 3154 3504 quibusdam
3214 3435 3525 3494 hominibus

1923 3528 2087 3583 Deus.
2124 3526 2189 3581 Et
2231 3540 2352 3580 cum
2387 3533 2440 3581 te
2470 3531 2500 3571 ι
2525 3524 2689 3580 filiam
2738 3522 2943 3581 Christi
2993 3541 3116 3582 esse
3163 3531 3482 3597 cngnoverit
3510 3572 3524 3592 ,

1919 3619 2112 3690 majori
2155 3627 2380 3689 stupore
2423 3619 2731 3683 tenebitur,
2766 3633 2819 3674 et
2848 3619 3050 3690 cogitet
3099 3621 3276 3692 qualis
3321 3622 3411 3678 ille
3455 3623 3527 3678 sit

1923 3714 2182 3769 Dominus
2213 3712 2367 3783 cujus
2397 3712 2522 3766 talis
2556 3712 2751 3767 ancilla
2784 3723 2886 3768 est.

1992 3806 2110 3861 XV.
2167 3805 2224 3862 Si
2257 3807 2335 3860 vis
2377 3820 2511 3876 ergo
2563 3805 2771 3860 habere
2821 3815 3032 3874 partem
3088 3821 3212 3860 cum
3256 3804 3478 3860 Christo
3511 3849 3525 3870 ,

210 3897 418 3955 alterius
463 3897 738 3970 pigmenli
789 3899 1042 3951 decorem
1085 3906 1312 3965 quaerat,
1346 3898 1438 3953 sed
1485 3899 1813 3954 innocentia:
1919 3901 2121 3956 ChriSti
2155 3898 2254 3954 tibi
2279 3898 2537 3968 exemplo
2563 3897 2852 3952 vivendum
2879 3907 2983 3963 est,
3015 3899 3105 3969 qui
3137 3898 3207 3954 ab
3233 3899 3380 3953 omni
3412 3913 3524 3952 ma-

210 3993 686 4064 simplicitatisque
711 3990 1009 4046 candorem
1040 3991 1260 4057 habeat,
1293 4007 1510 4047 roseum
1543 4009 1810 4048 verecun-

209 4085 302 4142 diae
323 4088 568 4143 colorem
599 4082 630 4123 ἀ
660 4096 717 4140 et
747 4084 1009 4152 pudorem
1041 4082 1258 4137 ruboris
1283 4083 1612 4154 pudorisque
1639 4085 1815 4154 possi-

209 4178 342 4237 deat.
376 4191 399 4220 ο
427 4179 695 4238 Caelestis
723 4178 975 4232 abluatur
997 4179 1141 4233 nitro
1167 4178 1456 4244 doctrinm,
1481 4190 1534 4234 et
1565 4180 1822 4236 lumentis

273 4305 295 4333 ⁸
313 4293 484 4351 Come.
505 4294 600 4351 Sic
619 4301 771 4348 recte
784 4289 1149 4345 BaquJIolst.
1163 4333 1174 4351 .
1200 4307 1464 4351 compone.
1489 4291 1624 4344 Male
1643 4289 1812 4358 Cler.,

211 4371 428 4439 compte;
459 4369 552 4437 qui
581 4364 750 4436 paqu
771 4371 894 4418 ante
922 4363 1366 4439 scribit_/tnbitari
1385 4379 1485 4439 pro
1511 4363 1808 4439 inhabitari.

274 4435 446 4495 δῬνο
480 4435 645 4510 bysso
677 4442 918 4510 ξιξ-τινιςο
955 4435 1342 4510 ntisericordiie.
1383 4435 1511 4490 H:rc
1561 4436 1811 4510 incautus

211 4506 693 4578 exscriptor'apud
731 4506 1003 4561 Clericum
1039 4508 1242 4560 omisit.
1276 4507 1408 4574 Quze
1453 4522 1584 4560 vero
1623 4508 1808 4562 statim

209 4593 250 4636 et
276 4583 480 4655 pietatis
511 4583 698 4655 tunica
729 4579 991 4655 vestiatur,
1023 4578 1211 4630 vitiose
1243 4578 1688 4655 apttd_Baltizi_i_im
1723 4595 1807 4634 re-

211 4649 363 4723 peii'a
391 4665 520 4708 ante
552 4653 649 4707 illa
679 4665 772 4715 pro
799 4650 970 4723 bysso,
994 4656 1125 4708 etc.,
1169 4652 1555 4718 praeteriimus,
1590 4649 1806 4705 Holste-

209 4719 420 4780 nianum
446 4723 742 4786 exeinplar
768 4719 960 4775 secuti.

278 4809 298 4836 ο
340 4797 751 4866 Benignitatem.
778 4791 902 4868 _Gr.,
935 4793 1296 4868 xpnorbrnm.
1344 4792 1450 4868 Sed
1483 4793 1806 4868 Cleraboni-

210 4877 351 4922 tatem
398 4863 664 4930 int—rusit;
700 4863 793 4934 qui
831 4872 897 4934 et,
931 4863 1052 4916 tn'ox
1098 4881 1110 4916 :
1153 4863 1273 4915 Non
1319 4865 1556 4918 decorent
1592 4865 1805 4919 alterius

208 4940 447 5010 pigmenti
478 4933 728 5007 qnazrat;
749 4933 951 5010 vaeldis
976 4949 1192 5010 cerussae
1211 4943 1298 4988 ant
1333 4935 1731 5010 pra-termissis.

275 5010 300 5049 ἀ
343 5013 407 5066 Et
440 5005 704 5080 pudorem
732 5005 936 5080 ruboris
967 5008 1275 5073 pudorisque
1317 5010 1595 5080 possideat.
1638 5008 1727 5080 Sic
1756 5016 1811 5060 et

210 5086 341 5150 apud
375 5077 614 5139 Hieron.
645 5077 870 5150 Mat-iani
902 5078 1122 5132 Victorii
1160 5088 1287 5131 tom.
1316 5077 1410 5139 IX,
1454 5094 1578 5148 pag.
1609 5078 1700 5133 55.
1745 5079 1810 5132 II.

212 5149 310 5211 Sed
340 5154 640 5224 legendum
665 5166 792 5224 cum
825 5149 1020 5224 Ilols_t.,
1045 5160 1097 5224 et_
1121 5165 1436 5214 purpureum
1463 5169 1504 5202 r.
1533 5167 1584 5221 p.
1613 5168 1666 5218 ρ.

282 5237 304 5264 ⁸
345 5219 588 5282 Ccelestis
619 5221 867 5276 abluatur
901 5221 1035 5274 nitro
1064 5219 1332 5278 docrrinw.
1367 5231 1414 5275 et
1442 5219 1704 5276 (timentis.
1739 5219 1813 5274 Ita

212 5299 360 5354 unica
380 5297 555 5353 editio
576 5294 780 5350 Baluzii
812 5309 938 5348 ann.
963 5293 1120 5352 1678,
1156 5291 1374 5345 Miscell.
1407 5293 1496 5348 lib.
1528 5308 1568 5357 ι,
1603 5313 1655 5362 p.
1686 5290 1814 5357 549,

209 5383 363 5439 quam
401 5384 519 5436 pra:
548 5367 726 5421 oculis
760 5363 931 5439 habeo
961 5382 974 5419 :
1003 5373 1070 5439 ut_
1107 5364 1328 5439 proinde
1377 5366 1556 5439 mirari
1587 5366 1816 5439 subfat,

211 5432 260 5495 in
292 5432 488 5498 eadem
523 5440 771 5497 editione
803 5437 996 5500 legisse
1032 5435 1360 5489 Cotelerium
1397 5435 1632 5492 illonmn.
1666 5432 1815 5488 Eccl.

213 5509 299 5566 Cr.
336 5525 472 5567 tom.
508 5510 580 5571 li.
615 5526 735 5577 pag.
783 5507 909 5570 541,
941 5510 1180 5561 abutatur
1209 5519 1252 5559 et
1279 5507 1512 5562 lamentis
1543 5523 1559 5560 :
1590 5506 1738 5578 quod
1765 5515 1817 5578 ct

213 5582 405 5654 legisse
435 5583 766 5654 perhibetur
793 5578 1220 5654 Clericus.l_linc
1249 5592 1376 5654 vero
1400 5595 1586 5633 ansam
1612 5577 1820 5654 arripit

214 5648 352 5710 idim
383 5648 706 5708 tli'itelerius
751 5650 1074 5718 conjiciendi
1103 5650 1383 5717 legendum
1411 5666 1533 5704 esse
1567 5648 1817 5705 abluatur

213 5736 260 5782 et
279 5728 541 5782 lamentis.
570 5723 846 5778 Craterum
866 5720 1036 5775 Holst.
1070 5720 1231 5775 habet
1254 5721 1441 5774 cmlesti
1460 5733 1507 5776 et
1536 5719 1819 5782 lamentis;

213 5799 352 5868 quod
383 5795 670 5868 posterius
696 5795 875 5848 minus
897 5790 1470 5862 fortecongruitverbo
1486 5794 1817 5850 ernundetur.
1889 5799 1892 5801 ·

1918 3994 2032 4049 Iitia
2060 4004 2113 4048 et
2143 3991 2383 4063 nequitia
2417 3994 2489 4046 ita
2532 3992 2632 4056 fuit
2674 4002 2974 4047 extraneus
2997 4035 3010 4058 ,
3059 4002 3114 4047 ut
3153 4008 3254 4049 nec
3284 3993 3523 4048 inimicis

1919 4091 2136 4160 quidem
2182 4089 2356 4144 vicem
2415 4085 2688 4151 redderet,
2740 4086 2866 4155 qttin
2924 4087 3100 4154 potius
3139 4095 3195 4141 et
3244 4102 3342 4155 pro
3386 4085 3522 4155 ipsis

1936 4180 1950 4218 ί
1985 4189 2186 4236 oraret.
2219 4179 2354 4235 Nolo
2384 4179 2528 4233 enim
2559 4188 2613 4232 ut
2642 4193 2737 4232 eas
2765 4178 2975 4233 animas
3007 4177 3343 4234 Christianas
3375 4181 3520 4234 exis-

1924 4292 1980 4347 ln
2015 4289 2558 4364 liieronymolmidali
2588 4288 2814 4364 Victorii
2838 4290 2872 4344 I.
2895 4306 2970 4352 c.,
2996 4291 3513 4364 ίαιάηιριιιὶε.ΜειΙίιη

1921 4372 2098 4419 tamen
2119 4359 2238 4418 cum
2261 4363 2449 4417 eodem
2493 4360 2767 4415 Cotelerio
2795 4359 3053 4424 lomeatis,
3087 4361 3227 4430 quod
3259 4376 3312 4415 et
3343 4365 3516 4431 magis

1917 4438 2127 4490 accedit
2149 4436 2295 4489 edito
2317 4434 2625 4488 Baluziano.
2647 4431 2764 4486 Mox
2786 4432 3190 4502 mendoseapud
3205 4432 3511 4490 Clericutn:

1921 4507 2114 4563 Nullus
2142 4509 2196 4561 in
2225 4523 2282 4560 eo
2313 4503 2470 4570 mal.;
2503 4513 2558 4559 et
2585 4505 2742 4575 paulo
2778 4513 2900 4572 post
2933 4523 2945 4558 :
2978 4505 3083 4559 Sed
3109 4516 3153 4558 et
3184 4510 3260 4559 tui
3280 4507 3414 4573 ipsa.

1996 4579 2013 4618 ί
2067 4579 2131 4634 Et
2183 4593 2620 4644 nequaquam.....
2657 4578 2924 4647 facientes.
2957 4575 3087 4632 .iure
3126 4579 3213 4631 hic
3250 4581 3506 4638 mendum

1834 4622 1888 4684 Ῐ)
1913 4653 2217 4720 suspicatus
2239 4622 2321 4704 est
2345 4622 2606 4705 élerictts.
2633 4622 2775 4719 [iege
2802 4629 2973 4718 igitur.
2994 4664 3116 4702 cum
3145 4622 3512 4717 ι-ιοιδιῖξῖῖἱὶἑ

1914 4740 2134 4795 quant...
2165 4724 2417 4795 studeant
2434 4722 2621 4795 facere.

1987 4806 2010 4842 ϐ
2043 4795 2189 4849 Verte
2203 4793 2482 4862 pudicitiae.
2508 4792 2792 4858 Perperam
2807 4790 2949 4845 Cler.
2971 4792 3085 4863 uiue
3099 4794 3360 4863 pudicitia:
3379 4814 3512 4855 non-

1915 4867 2183 4932 nuIIiSque
2217 4863 2514 4933 interjectis
2545 4881 2558 4918 :
2595 4863 2716 4916 Non
2743 4871 2819 4916 est
2846 4865 2943 4920 ista
2969 4862 3194 4920 humana
3221 4867 3507 4926 institutio-

1915 4955 1978 4992 ne
1998 4939 2270 5006 disciplina
2292 4935 2542 4988 mortalis.

1993 5006 2016 5045 δ
2045 5005 2241 5061 Filiam
2273 5007 2485 5059 Christi.
2530 5006 2620 5061 Sic
2659 5005 2787 5059 item
2829 5005 2992 5060 habet
3026 5006 3250 5062 Hieron.
3285 5010 3510 5068 Victorii

1923 5089 2049 5134 tom.
2078 5082 2169 5133 cit.
2200 5095 2250 5144 p.
2277 5079 2348 5134 56
2380 5081 2430 5130 ι».
2450 5076 2650 5133 Verum
2674 5093 2736 5130 ex
2773 5076 2950 5132 Holst.
2975 5080 3206 5133 ettienda
3253 5084 3507 5150 fanmlant

1921 5151 2135 5207 Christi.
2162 5150 2577 5224 Resntationem
2609 5150 2957 5224 conﬁrmant,
2983 5165 3101 5224 qua:
3126 5165 3246 5205 mox
3273 5169 3509 5224 sequun-

1926 5232 2010 5279 tur
2039 5239 2050 5275 :
2092 5223 2258 5289 qualis
2285 5221 2349 5272 sit
2375 5219 2463 5274 ille
2492 5217 2764 5292 Dominus,
2791 5222 2940 5292 cujus
2967 5221 3086 5273 talis
3110 5217 3456 5280 uoltu-est.

2004 5293 2018 5330 ί
2053 5292 2255 5347 Oraret.
2285 5292 2411 5346 Clet‘
2442 5333 2454 5351 ,
2485 5291 2695 5362 rogabat
2722 5307 2740 5344 :
2769 5294 2857 5358 qui
2887 5300 2941 5343 et
2970 5308 3090 5344 mox
3121 5294 3292 5349 edidit
3314 5306 3505 5350 contra

1927 5366 2008 5422 sui
2041 5365 2367 5432 exemplaris
2402 5363 2557 5414 fidem
2587 5378 2599 5414 :
2633 5373 2734 5415 toto
2758 5363 2911 5414 corde
2950 5363 3304 5430 conscientiw,
3338 5383 3511 5420 coram

1923 5436 2020 5492 Dei
2062 5437 2347 5490 testimonio
2376 5450 2392 5487 :
2421 5449 2540 5487 cum
2576 5444 2754 5486 taitIt-n
2793 5436 2996 5499 optime
3021 5449 3078 5486 se
3123 5436 3313 5490 habeat
3344 5436 3512 5491 editio

1925 5508 2246 5569 Baluziana;
2275 5507 2504 5569 scilicet,
2537 5515 2639 5557 toto
2668 5504 2822 5559 cardo
2847 5513 2893 5556 et
2925 5505 3338 5560 conscientia...
3369 5508 3513 5560 testi-

1923 5585 2099 5636 monio
2223 5593 2394 5630 toi-am
2426 5575 2554 5640 Deo,
2583 5587 2690 5630 etc.
2725 5577 3115 5643 “ascripsisset
3149 5575 3242 5628 ille
3273 5575 3466 5627 Sullt'ttt
3497 5620 3512 5642 ,

1926 5665 1984 5706 ut
2017 5654 2180 5708 habet
2205 5648 2467 5704 llolstenii
2499 5647 2794 5717 exemplar.
2832 5649 2918 5698 tibi
2947 5647 3174 5713 legitur:
3209 5654 3312 5698 toto
3355 5647 3514 5703 corde

1927 5733 1974 5778 et
2003 5721 2317 5781 conscientia
2345 5735 2516 5776 eorum
2541 5719 2634 5774 Dei
2661 5717 2972 5771 testimonio.

3483 5824 3513 5859 αἱ
