4056 6340
528 324 633 382 259

1514 322 1864 382 APPENDIX
1903 323 1995 380 AD
2032 320 2265 381 OPERA
2304 320 2502 381 SULP.
2543 318 2814 382 SEVERI.

3734 325 3836 387 240

528 442 698 497 times
720 455 866 506 esse,
897 454 1018 510 quae
1048 448 1143 494 aut
1190 438 1390 495 fratres
1441 450 1535 495 aut
1581 455 1809 496 sorores
1860 457 1965 494 non
2015 438 2137 495 dico
2162 444 2212 502 Α
2243 438 2352 494 illis
2380 439 2431 495 in
2464 440 2769 495 minoribus
2814 438 3113 511 prazferant
3158 455 3294 511 quos
3328 441 3430 497 sibi
3461 442 3514 497 in
3544 443 3835 513 majoribus

528 535 788 599 oderunt,
821 532 914 588 sed
963 550 1082 604 quae
1114 535 1397 605 proximos
1427 542 1542 589 toto
1569 533 1735 589 corde
1766 545 1819 589 et
1850 535 2136 589 conscien-

524 626 617 682 tia:
645 641 828 681 Coram
860 626 969 680 Deo
1002 628 1316 681 teStimonio
1346 642 1453 681 non
1496 626 1762 697 diligunt,
1794 641 1914 680 cum
1945 625 2132 681 Chris—

522 719 689 774 tianis
715 717 921 773 Christi
952 718 1308 775 similitudine
1340 719 1592 773 inimicas
1621 721 1783 773 etiam
1815 734 2001 773 amare
2029 734 2128 773 ne-

522 827 680 869 cesse
711 814 802 867 sit.
834 812 888 868 Si
932 824 1246 867 sanctorum
1279 814 1435 881 cupis
1466 812 1669 867 habere
1704 815 2067 878 consortium,
2098 824 2128 865 a

520 905 747 961 malitia:
773 914 828 961 et
862 905 1120 975 nequitia:
1141 905 1378 971 cositatu
1429 915 1618 976 pectus
1666 906 1925 960 emunda.
1956 903 2130 959 Nemo

524 1006 578 1053 te
601 998 1020 1065 circumveniat,
1043 1012 1204 1053 nemo
1228 997 1404 1052 fallaci
1424 1012 1682 1053 sermone
1706 996 1953 1052 seducat.
1984 995 2131 1050 Non-

520 1093 629 1148 nisi
670 1102 891 1149 sanctos
914 1104 967 1148 et
1019 1093 1198 1163 justas
1229 1103 1285 1149 et
1328 1093 1608 1162 simplices
1647 1100 1704 1146 et
1731 1092 2051 1147 innocentes
2075 1097 2133 1144 et

514 1202 684 1258 puras
714 1186 955 1243 cmlestis
980 1187 1105 1240 aula
1135 1195 1160 1223 α
1191 1186 1451 1255 suscipiet
1484 1203 1496 1238 :
1531 1185 1743 1239 nullum
1778 1185 1920 1255 apud
1954 1184 2126 1238 Deum

516 1280 699 1335 locum
737 1280 899 1334 habet
936 1279 1163 1333 malitia.
1196 1278 1280 1333 Ab
1311 1278 1461 1332 ontni
1486 1277 1725 1349 nequitia
1747 1277 1946 1331 etdolo
1973 1292 2127 1330 mun-

518 1372 648 1427 dum
680 1386 803 1427 esse
835 1386 1063 1427 necesse
1093 1382 1173 1425 est
1204 1371 1298 1441 qui
1326 1371 1720 1440 cupitrcgnare
1736 1384 1858 1423 cum
1881 1368 2122 1422 Christo.

518 1464 671 1521 Nihil
721 1474 831 1520 tam
874 1466 1249 1529 contrarium,
1297 1462 1427 1517 nihil
1481 1472 1588 1517 tam
1634 1462 1974 1517 exsecrabile
2015 1462 2127 1515 Deo

517 1573 681 1629 quam
706 1558 941 1629 aliquem
968 1558 1170 1623 odisse,
1216 1558 1447 1612 altermn
1478 1558 1621 1612 velle
1652 1557 1736 1610 vel
1766 1556 2008 1621 laedere;
2040 1554 2124 1609 ni-

515 1650 590 1704 hil
622 1659 729 1705 tam
782 1650 1065 1719 probabile
1112 1665 1274 1719 quam
1302 1664 1494 1704 omnes
1541 1664 1753 1703 amare.
1800 1648 1955 1716 Quod
1985 1648 2124 1702 Pro-

510 1742 676 1812 pheta
711 1742 1049 1811 prospiciens
1074 1752 1305 1797 testatur
1336 1742 1527 1798 dicens
1562 1759 1576 1796 :
1622 1744 1720 1809 Qui
1760 1742 1978 1812 diligitis
2015 1740 2125 1796 Da-

515 1838 732 1903 minum,
764 1836 904 1891 adite
932 1836 1315 1903 malum(Psal.
1334 1854 1481 1900 xcvr,
1516 1837 1627 1907 10).

592 1929 730 1984 XVI.
768 1930 899 1986 Vide
922 1947 991 1986 ne
1018 1932 1257 1999 aliquam
1291 1931 1584 1986 humanam
1618 1930 1846 2001 gloriam
1884 1930 2082 2001 diligas
2108 1972 2122 1997 ,

520 2022 547 2062 δ
578 2040 647 2079 ne
678 2033 733 2079 et
765 2035 851 2078 tua
886 2025 1067 2095 partio
1100 2028 1245 2081 inter
1276 2027 1399 2081 illos
1421 2036 1766 2095 eontputetttr
1788 2026 1982 2095 quibus
2004 2026 2124 2080 dic-

516 2126 631 2171 tum
662 2125 745 2171 est
770 2134 782 2170 :
817 2117 1088 2184 Quomodo
1120 2135 1204 2171 vos
1224 2122 1433 2188 potestis
1462 2120 1685 2182 credere,
1710 2119 1929 2191 gloriam
1955 2119 2022 2171 ad
2044 2119 2121 2172 in-

2236 548 2400 602 pares
2454 538 2697 588 sentiant
2728 575 2742 599 ,
2794 542 2849 588 et
2896 536 3049 603 quasi
3100 532 3241 589 infra
3283 550 3344 589 se
3376 536 3583 605 positos
3612 538 3664 591 in
3692 546 3833 595 terra

2232 626 2567 691 existiment,
2596 642 2730 697 quos
2766 625 2870 682 sibi
2897 626 2951 681 in
2984 627 3302 683 εωιθειίιιιιε
3332 628 3572 699 :equales
3597 631 3834 688 credide-

2238 727 2387 773 runt.
2420 720 2501 775 'I‘u
2527 729 2734 787 autem,
2764 736 3123 791 qumcumque
3156 718 3363 776 Christi
3394 738 3500 777 non
3527 724 3711 778 sa-culi
3735 724 3837 781 vir-

2231 827 2301 881 go
2330 828 2409 875 es,
2441 828 2658 867 omnem
2693 819 2980 883 praesentis
3003 815 3127 869 vitae
3154 816 3389 884 gloriam
3422 815 3580 887 fuge,
3615 826 3677 872 ut
3715 833 3831 875 eam

2234 921 2357 975 qua:
2388 907 2439 959 in
2471 905 2651 961 loturo
2681 908 3017 975 promittitur
3040 912 3420 982 cansequaris.

2306 997 2466 1053 XVII.
2501 997 2928 1055 Contentionum
2978 1003 3144 1059 verba
3180 1010 3236 1059 et
3278 1004 3648 1060 animositatis
3675 1022 3832 1063 causa

2232 1090 2411 1156 evita,
2460 1090 2858 1147 discordiarum
2892 1110 3134 1169 quoque
3185 1104 3243 1151 et
3293 1097 3467 1151 litium
3521 1100 3835 1156 occasiones

2231 1184 2572 1255 subter-fuge.
2605 1185 2738 1239 Nam
2764 1185 2811 1241 si
2830 1186 2985 1255 juxta
3010 1186 3259 1256 Apostoli
3290 1189 3596 1245 doctrinam
3624 1207 3833 1248 servum

2232 1277 2443 1331 Domini
2470 1277 2689 1349 litigare
2720 1295 2831 1333 non
2862 1290 3103 1348 oportet,
3135 1290 3343 1350 quanto
3391 1283 3564 1353 magis
3608 1284 3699 1339 Dei
3742 1301 3837 1340 an-

2230 1370 2412 1424 cillam
2448 1387 2462 1435 ;
2505 1371 2661 1441 cujus
2683 1387 2791 1441 quo
2820 1382 2843 1409 ε
2870 1373 3234 1429 verecundior
3274 1386 3356 1430 est
3386 1390 3580 1441 sexus,
3625 1377 3835 1434 animus

2225 1463 2388 1518 debet
2409 1481 2530 1520 esse
2555 1465 2857 1520 modestior
2884 1468 2897 1520 !
2920 1466 3186 1539 Linguam
3213 1483 3240 1522 a
3267 1468 3589 1540 maliloquio
3617 1470 3830 1539 cohibe,

2228 1568 2284 1615 et
2313 1561 2393 1615 ori
2424 1571 2514 1615 tuo
2547 1560 2732 1615 frenos
2754 1562 2889 1632 legis
2917 1564 3134 1631 impone
3164 1580 3178 1630 ;
3223 1572 3280 1618 et
3320 1572 3450 1619 tunc
3485 1565 3531 1620 si
3575 1564 3714 1621 forte
3754 1566 3833 1621 la-

2228 1650 2415 1719 quaris
2438 1654 2656 1720 quando
2686 1664 2869 1708 tacere
2900 1663 3220 1723 peccatum,
3267 1669 3397 1709 cave
3429 1671 3497 1711 ne
3526 1656 3653 1726 quid
3685 1657 3831 1728 quod

2228 1743 2281 1797 in
2315 1744 2795 1814 reprehensionem
2821 1745 3002 1801 veniat
3049 1748 3220 1802 dicas.
3263 1746 3429 1817 Lapis
3472 1750 3708 1805 emissus
3746 1760 3833 1806 est

2224 1850 2409 1890 sermo
2439 1836 2685 1905 prolatus
2712 1854 2726 1889 :
2756 1848 3093 1908 quapropter
3139 1838 3231 1892 diu
3262 1847 3557 1907 antequam
3587 1841 3829 1912 prolera-

2227 1938 2312 1985 tur
2340 1932 2661 2000 cogitandus
2705 1941 2807 1987 est.
2856 1932 3021 1987 Beata
3071 1935 3274 2004 quippe
3316 1934 3455 1989 labia
3502 1946 3631 1992 sunt
3661 1981 3675 1998 ,
3712 1955 3830 2009 quae

2226 2038 2519 2093 numquam
2573 2024 2716 2093 quod
2764 2039 3022 2079 remeare
3069 2025 3245 2080 \clint
3288 2026 3569 2081 emittunt.
3614 2028 3830 2084 Pudica:

2226 2115 2427 2170 mentis
2456 2131 2637 2171 sermo
2663 2116 2826 2171 debet
2853 2132 2976 2172 esse
3007 2117 3253 2187 pudicus,
3288 2120 3379 2190 qui
3420 2120 3657 2178 aedificet
3687 2139 3829 2179 sem-

515 2212 673 2265 vicem
700 2220 985 2281 qucercntes
1013 2210 1191 2281 (Joan.
1220 2227 1270 2277 v,
1291 2210 1426 2282 4i)?
1457 2221 1511 2266 et
1538 2213 1606 2266 de
1638 2212 1836 2281 quibus
1870 2228 1962 2280 per
1988 2212 2120 2266 Pra-
2149 2247 2196 2308 Β
2225 2228 2325 2283 per
2354 2212 2526 2284 magis
2556 2228 2717 2283 quam
2745 2213 3041 2280 aliquando
3068 2214 3315 2268 destruat
3355 2215 3643 2273 audientes
3675 2260 3689 2284 ,
3744 2234 3832 2275 se-

514 2304 735 2374 pltetam
767 2302 967 2358 dicitur
1000 2321 1013 2357 :
1066 2304 1211 2375 Auge
1244 2315 1265 2343 ε
1312 2306 1385 2359 eis
1418 2306 1575 2367 mala,
1606 2322 1736 2374 auge
1761 2305 1901 2359 mula
1920 2306 2114 2374 glorio-

511 2396 584 2450 sis
615 2405 766 2451 terra:
784 2394 939 2468 (Isai.
971 2396 1340 2463 xxv1,15.sec.
1365 2397 1556 2471 LXX).
1590 2398 2116 2469 EtzCanfundunlur

518 2490 943 2561 aglariﬁcatione
965 2498 1153 2551 vestra,
1181 2499 1229 2545 et
1252 2491 1314 2544 ab
1347 2492 1626 2561 opprobrio
1644 2495 1695 2545 in
1712 2502 1991 2558 conspectu
2010 2493 2115 2547 Do—

517 2585 644 2637 mini
670 2584 888 2654 (Jerem.
919 2600 1014 2649 xn,
1051 2586 1142 2652 I3,
1172 2602 1275 2639 sec.
1302 2585 1493 2656 LXX).
1526 2586 1663 2640 Nolo
1693 2591 1837 2641 enim
1873 2589 1993 2641 illas
2028 2603 2115 2643 re-

514 2678 713 2747 spicias
737 2694 857 2747 qua:
875 2678 1061 2733 satculi
1088 2696 1193 2733 non
1212 2680 1414 2733 Christi
1439 2692 1567 2734 sunt
1591 2680 1852 2752 virgines,
1875 2698 1976 2736 nec
1995 2697 2116 2752 quae

514 2773 786 2843 propasiti
812 2780 892 2828 sui
922 2782 978 2828 et
1009 2772 1367 2843 professi-unis
1399 2776 1752 2830 immemores
1781 2778 2025 2845 gaudent
2062 2776 2115 2831 in

510 2864 751 2930 deliciis,
786 2865 839 2920 in
864 2866 1056 2935 opibus
1084 2866 1451 2931 delectantur,
1470 2877 1525 2922 et
1550 2883 1830 2937 corporeae
1863 2869 2118 2922 nobtlita-

512 2958 581 3013 tis
612 2960 665 3013 in
698 2960 909 3029 origine
936 2961 1282 3029 gloriantur;
1310 2977 1431 3031 qua:
1462 2962 1510 3016 si
1539 2978 1636 3031 pro
1668 2976 1823 3016 certo
1851 2963 1943 3018 Dei
1975 2964 2117 3019 tilias

516 3069 578 3110 se
605 3069 727 3110 esse
773 3054 1087 3122 crederent,
1134 3072 1431 3123 numquam
1484 3068 1605 3126 post
1647 3058 1864 3111 divinas
1912 3059 2119 3113 natales

512 3149 855 3203 nobilitatem
888 3148 1294 3204 admirarentur
1325 3153 1637 3211 humanam,
1682 3166 1780 3206 nec
1810 3151 2116 3221 gloriaren-

513 3247 601 3295 tur
635 3241 686 3294 in
722 3253 876 3309 patre
903 3241 1149 3310 quolibet
1178 3242 1468 3310 hanorato,
1507 3245 1549 3296 si
1595 3254 1801 3313 patrem
1847 3243 2014 3297 Deum
2057 3258 2118 3299 se

512 3333 719 3390 habere
740 3336 1006 3389 sentirent
1036 3331 1082 3386 .d
1110 3335 1250 3403 Quid
1294 3336 1423 3401 tibi,
1457 3350 1491 3389 o
1522 3337 1688 3389 stulta
1715 3378 1729 3400 ,
1769 3336 2032 3391 blandiris
2063 3345 2121 3392 et

515 3428 824 3496 complaces
850 3427 873 3478 ἰ
904 3427 1050 3481 Duos
1079 3426 1330 3482 homines
1351 3429 1400 3482 in
1425 3428 1652 3481 exordio
1681 3428 1802 3482 fecit
1838 3428 2004 3493 Dens,
2050 3445 2117 3483 ex

514 3522 712 3591 quibus
743 3520 911 3574 totius
940 3521 1158 3575 humani
1191 3523 1410 3591 generis
1453 3521 1588 3575 silva
1626 3521 1931 3576 descendit.
1963 3522 2121 3577 Mun-

2223 2306 2460 2362 cundnm
2510 2307 2651 2376 quod
2701 2308 2962 2375 pra-cepit
3011 2306 3307 2371 Apostolus
3352 2307 3545 2364 dicens
3591 2328 3602 2361 :
3650 2311 3829 2367 ()mm's

2219 2414 2384 2452 sermo
2451 2400 2617 2451 malus
2660 2398 2723 2450 de
2769 2416 2857 2452 ore
2922 2406 3087 2454 vestro
3144 2416 3247 2453 non
3294 2402 3581 2468 procedat;
3632 2402 3723 2457 sed
3781 2404 3827 2457 si

2219 2493 2331 2563 quis
2356 2492 2518 2545 bonus
2546 2501 2619 2546 est
2649 2492 2719 2545 ad
2759 2492 3157 2561 wdiﬁcationem
3182 2493 3332 2563 ﬁdei,
3377 2503 3431 2547 ut
3477 2495 3562 2548 det
3602 2496 3825 2567 gratiam

2220 2583 2546 2637 audientibus
2570 2582 2789 2655 (Epltes.
2815 2600 2889 2647 tv,
2929 2586 3046 2654 29).
3092 2584 3339 2638 Pretio:a
3370 2584 3482 2640 Deo
3522 2586 3703 2656 lingua
3740 2593 3826 2639 est

2220 2693 2340 2747 quae
2369 2694 2473 2729 non
2502 2676 2603 2731 nisi
2628 2680 2694 2731 de
2716 2676 2917 2731 divinis
2937 2678 3099 2732 rebus
3118 2678 3267 2731 novit
3291 2678 3457 2733 verba
3478 2689 3822 2743 construere,

2221 2778 2276 2823 ct
2302 2781 2548 2823 sanctum
2576 2784 2636 2824 os
2665 2769 2811 2823 unde
2840 2772 3081 2825 ccelesua
3119 2784 3335 2839 semper
3378 2771 3596 2841 eloquia
3637 2773 3823 2841 profe-

2220 2871 2435 2915 ruiitnr.
2494 2862 2815 2915 Ahscntium
2876 2864 3271 2918 obtrectatores
3329 2866 3485 2933 quasi
3555 2864 3825 2933 malignos

2221 2952 2524 3022 Scriptura:
2554 2954 2878 3010 auctoritate
2902 2955 3150 3021 deterre;
3181 2957 3301 3025 quia
3328 2958 3491 3010 etiam
3539 2956 3644 3011 hoc
3682 2960 3825 3013 inter

2222 3048 2442 3115 perfecti
2504 3046 2739 3102 hominis
2797 3048 3022 3103 virtutes
3084 3048 3355 3117 Propheza
3425 3057 3827 3105 connuemorat

2222 3137 2394 3210 (Psat.
2431 3155 2540 3215 xiv,
2566 3140 2642 3208 4),
2674 3141 2717 3193 si
2748 3150 2875 3195 ante
2905 3151 3261 3212 Conspectum
3286 3140 3418 3211 justi
3444 3142 3713 3212 malignus
3755 3142 3824 3197 ad

2224 3232 2448 3286 nihilum
2482 3234 2805 3298 deducatur,
2839 3236 2928 3301 qui
2960 3246 3147 3289 cantt'a
3184 3235 3490 3304 proximum
3541 3253 3649 3290 non
3696 3227 3828 3307 pro-5

2220 3325 2395 3381 banda
2428 3327 2734 3395 protulerit.
2768 3326 2886 3381 Non
2921 3329 3045 3382 licet
3080 3329 3173 3382 tibi
3203 3329 3430 3385 alterius
3462 3332 3828 3400 vituperatio-

2221 3435 2345 3473 nem
2378 3420 2646 3490 puienter
2669 3420 2881 3487 audire,
2903 3422 3027 3489 quia
3079 3436 3179 3477 nec
3202 3423 3271 3476 ab
3306 3422 3430 3477 aliis
3451 3434 3613 3493 optas
3656 3426 3827 3496 recipi

2220 3520 2391 3565 tttam.
2422 3512 2684 3580 Injnstum
2709 3513 2909 3581 quippe
2940 3522 3025 3565 est
3066 3512 3329 3583 quidquid
3372 3523 3568 3569 contra
3621 3514 3826 3573 Christi

515 3615 715 3669 danmn
742 3614 1083 3669 nobilitatem
1113 3629 1219 3669 non
1252 3624 1459 3670 natura:
1489 3616 1718 3684 aequitas
1749 3625 1991 3685 praestat,
2021 3614 2115 3668 sed
2146 3630 2192 3694 ρ
2227 3603 2579 3674 Evangeliutn
2600 3606 2765 3670 venit,
2792 3605 2833 3658 si
2862 3604 3016 3659 alteri
3041 3606 3185 3674 quod
3217 3607 3313 3659 tibi
3338 3608 3406 3661 ab
3430 3608 3542 3661 alio
3568 3608 3684 3664 fieri
3708 3624 3824 3662 nta-

515 3707 831 3776 copiilitats
870 3706 1135 3771 ambitio;
1205 3716 1260 3761 et
1313 3709 1457 3760 nulla
1507 3710 1648 3761 inter
1702 3722 1797 3763 eos
1847 3707 2117 3762 discretio

514 3810 697 3873 potest
722 3816 845 3856 esse
875 3817 1014 3871 quos
1067 3802 1324 3857 nativitas
1376 3802 1615 3857 secunda
1668 3803 1972 3871 generavit,
2021 3817 2119 3872 per

517 3909 678 3964 quam
713 3904 821 3948 tam
850 3894 1004 3948 dives
1031 3908 1188 3963 quam
1223 3910 1428 3962 pauper
1454 3935 1468 3959 ,
1494 3902 1602 3948 tam
1638 3895 1777 3951 liber
1805 3910 1967 3965 qnam
2002 3910 2119 3950 ser-

508 4003 632 4043 vus.
664 3999 772 4042 tam
804 3987 1003 4042 nobilis
1040 4003 1200 4059 quam
1231 3987 1510 4057 ignobilis,
1549 3988 1639 4042 Dei
1665 3988 1902 4043 eflicitur
1934 3988 2074 4041 filius
2098 4027 2114 4054 ,

518 4088 577 4136 et
605 4090 817 4135 terrena
839 4080 1095 4135 nobilitas
1132 4081 1424 4149 splendore
1448 4080 1689 4136 cmlestis
1717 4082 1907 4152 gloria:
1931 4080 2121 4133 adnut-

515 4175 723 4230 bratur.
750 4173 1025 4245 Nusquam
1054 4174 1279 4229 omnino
1302 4174 1412 4244 jatn
1430 4189 1733 4243 comparet,
1761 4176 1891 4228 ilutn
1916 4171 2010 4241 qui
2034 4187 2118 4228 re-

512 4280 599 4325 tro
630 4270 681 4324 in
713 4269 1063 4325 szccularibus
1114 4270 1414 4325 honoribus
1459 4269 1699 4337 impares
1737 4267 1979 4331 fuerant,
2013 4283 2119 4322 cce-

516 4364 639 4419 lcsti
668 4364 864 4419 divina:
893 4365 1083 4436 glorias
1125 4364 1415 4419 nobilitate
1455 4366 1765 4417 vestiuntur
1805 4361 2119 4432 (Equaliler.

518 4458 711 4514 Nullus
742 4458 814 4513 ibi
842 4458 956 4528 jam
985 4457 1339 4527 ignobilitatis
1379 4456 1536 4509 locus
1573 4464 1658 4509 est
1690 4468 1832 4519 ;nec
1883 4453 2124 4523 degener

520 4552 809 4621 quisquam
841 4559 925 4604 est
954 4566 1113 4617 quem
1141 4548 1343 4603 divina:
1372 4546 1670 4600 nativitatis
1706 4545 2014 4599 sublimitas
2037 4559 2126 4599 or-

522 4654 638 4704 nat,
672 4641 776 4696 nisi
799 4641 941 4708 apud
964 4641 1087 4696 illos
1116 4642 1206 4710 qui
1242 4654 1347 4693 nan
1375 4646 1566 4708 putant
1598 4636 1848 4691 humanis
1875 4636 2122 4691 ctelestia

520 4735 908 4807 praeponenda.
941 4734 1051 4790 Aut
1078 4735 1122 4789 si
1149 4740 1359 4804 putant,
1389 4746 1552 4802 quam
1578 4745 1776 4784 vanum
1806 4738 1892 4784 est
1918 4738 1971 4783 ut
2002 4741 2124 4783 sese

2220 3700 2418 3755 festum
2441 3709 2545 3765 est,
2596 3700 2820 3769 patiaris
2867 3698 3072 3753 inferri.
3113 3699 3375 3767 Lingntm
3423 3710 3573 3756 tuam
3605 3718 3828 3771 semper

2221 3792 2290 3847 de
2321 3793 2475 3847 bonis
2504 3793 2650 3862 laqni
2683 3808 2957 3858 assuesce,
2992 3801 3048 3848 et
3076 3793 3321 3848 auditum
3351 3805 3502 3848 tuum
3537 3796 3713 3865 magis
3758 3796 3829 3851 ad

2222 3886 2488 3941 honorum
2520 3886 2730 3940 laudem
2762 3902 2920 3957 quam
2944 3886 3011 3940 ad
3048 3886 3314 3940 malorum
3359 3889 3825 3958 vituperatiOnem

2219 3977 2593 4033 accommoda.
2624 3977 2756 4032 Vide
2788 3988 2844 4032 ut
2867 3979 3048 4033 omnia
3097 3993 3453 4049 quascumque
3501 3981 3642 4034 bene
3691 3980 3829 4035 facis

2224 4083 2448 4142 propter
2478 4070 2648 4125 Deum
2676 4071 2860 4137 facias,
2886 4074 3064 4126 sciens
3091 4070 3211 4141 ejus
3235 4071 3313 4126 rei
3346 4082 3552 4127 tantam
3589 4082 3644 4127 te
3670 4089 3701 4127 a
3733 4076 3829 4129 Ιὶο-

2222 4164 2373 4219 mino
2400 4176 2742 4231 recepturam
2771 4178 2893 4219 esse
2925 4164 3255 4228 mercedem,
3281 4180 3443 4235 quam
3465 4169 3587 4235 ejns
3617 4165 3831 4223 timoris

2221 4268 2276 4314 et
2324 4258 2633 4315 dilectionis
2682 4272 2845 4312 causa
2905 4258 3217 4328 perfeceris.
3263 4259 3463 4313 Sancta
3498 4262 3677 4330 magis
3705 4275 3830 4317 esse

2222 4368 2385 4423 quam
2435 4350 2604 4405 videri
2650 4352 2849 4417 stude;
2904 4350 3027 4420 quia
3060 4349 3078 4388 ί
3109 4350 3240 4405 nihil
3290 4352 3517 4421 prodest
3565 4355 3833 4409 wstimari

2222 4448 2369 4516 quod
2401 4462 2505 4499 non
2538 4444 2634 4510 sis,
2661 4454 2718 4500 et
2738 4445 2966 4513 duplicis
2982 4445 3186 4517 peccati
3211 4455 3395 4500 reatus
3426 4455 3513 4501 est
3534 4464 3643 4500 non
3669 4446 3834 4503 habe-

2224 4555 2285 4594 re
2307 4538 2451 4607 quod
2482 4538 2743 4603 creditur,
2770 4551 2825 4593 et
2851 4539 2994 4607 quod
3025 4554 3130 4593 non
3160 4538 3365 4594 habeas
3395 4540 3683 4597 simulare.

2300 4629 2489 4685 XVIII.
2534 4629 2588 4684 In
2616 4630 2840 4699 jejuniis
2864 4632 3032 4702 magis
3055 4648 3216 4700 quam
3244 4633 3295 4685 in
3322 4632 3501 4702 epulis
3523 4633 3831 4703 delectare,

2232 4725 2377 4780 illius
2410 4723 2585 4779 vidua:
2612 4738 2824 4781 memor
2850 4740 2972 4796 qua“:
3012 4740 3119 4780 non
3149 4723 3469 4781 discedebat
3496 4726 3567 4783 de
3590 4729 3833 4800 templo,

596 4950 622 4978 δι
650 4936 928 5011 Suscipict.
963 4938 1054 4995 Sic
1079 4947 1133 4993 et
1153 4934 1329 4993 Holst.
1356 4934 1425 5011 At
1445 4933 1616 4997 Cler.,
1642 4934 1888 5005 suscipit:
1916 4941 1971 4990 et
1996 4946 2121 4989 mox
2145 4928 2200 4992 D
2226 4927 2499 4985 stitnenda
2524 4928 2648 4984 huic
2676 4931 2798 4985 loco
2825 4930 2877 4986 in
2910 4931 3057 4987 edito
3086 4930 3404 4987 Baluziano.

524 5013 656 5067 nihil
684 5010 1013 5075 exsecrabile,
1042 5010 1245 5063 omissa
1265 5010 1458 5061 vocula
1492 5016 1614 5058 tant.

524 5166 533 5176 ,
591 5114 620 5152 b
654 5113 735 5167 Ne
765 5124 809 5167 et
838 5123 924 5166 tua
939 5112 1105 5185 partio
1133 5120 1266 5164 inter
1286 5111 1420 5185 illos.
1440 5104 1829 5185 _Cler.absone,
1860 5126 1922 5185 ne
1950 5120 1998 5165 et
2027 5110 2121 5165 illa

522 5187 692 5256 portio
727 5185 858 5256 inter
885 5179 989 5238 eos.
1016 5183 1184 5256 Paulo
1209 5182 1401 5256 nostin
1429 5179 1654 5234 Joannis
1686 5190 1834 5237 textu
1865 5182 1968 5253 leg.
1995 5197 2117 5237 cum

532 5258 683 5327 Vulg.
718 5268 773 5308 et
806 5255 1001 5318 Ilolst.,
1033 5254 1096 5306 ab
1125 5252 1366 5307 invicem.
1812 5266 1825 5270 ‘

596 5369 619 5396 ο
652 5357 797 5423 Auge
815 5355 903 5428 eis,
937 5354 1095 5416 mala,
1142 5364 1249 5428 e_t_c.
1288 5351 1493 5428 ῌοιςι.Δ
1519 5353 1751 5428 Angeeis
1781 5355 1919 5428 mala
1941 5396 1955 5417 ,
1983 5370 2120 5428 auge

524 5429 662 5482 mula
689 5426 858 5497 gloria
876 5426 930 5479 .is
958 5434 1127 5478 terrw.
1163 5423 1229 5477 Et
1254 5424 1384 5497 alibi
1414 5441 1424 5473 :
1452 5424 1843 5497 Canfundjmini
1864 5445 1895 5479 a
1914 5423 2112 5497 gloria-

523 5501 658 5553 tione
682 5495 871 5553 uestra,
914 5497 975 5549 ub
997 5497 1271 5565 opprobrio
1292 5495 1346 5548 in
1368 5510 1638 5565 conspectu
1672 5495 1785 5551 Dei.
1832 5495 1986 5551 l’rnur
2030 5500 2111 5549 lo-

522 5586 619 5643 cus
636 5584 743 5622 sec.
761 5566 901 5622 LXX
917 5564 1090 5620 exstat
1113 5565 1391 5643 Isaax‘svt,
1421 5564 1936 5643 l5iﬂpooeegw§roig
1961 5570 2110 5634 κακὰ,

518 5640 732 5717 πρόσθες
760 5644 890 5694 κακὰ
917 5646 1053 5695 πᾶσι
1072 5646 1176 5717 τοῖς
1219 5636 1467 5717 itidonch
1493 5635 1766 5690 Po'sti-rtor
1806 5657 1933 5692 Vero
1983 5654 2109 5693 Item

2295 5020 2477 5101 d_Quid
2499 5024 2613 5101 tibi,
2634 5041 2663 5077 ο
2686 5026 2865 5101 stulta,
2891 5025 3140 5101 blandiris
3157 5024 3181 5077 ?
3198 5025 3373 5101 Ilolst.
3398 5026 3539 5089 Quid
3562 5028 3656 5081 tibi
3674 5029 3729 5084 in
3747 5047 3834 5101 ge‘

2223 5096 2360 5149 neris
2389 5097 2652 5149 nobilitate
2680 5094 2967 5150 blandiris?
3002 5096 3151 5151 Hanc
3195 5096 3489 5152 lecuionem
3532 5094 3834 5158 contexius

2223 5169 2510 5237 pastnlare
2542 5167 2776 5221 videtur.

2297 5273 2320 5299 ο
2344 5260 2692 5316 Verecundior
2708 5269 2781 5333 est
2797 5276 2971 5333 sexus.
2999 5260 3164 5314 Deest
3188 5277 3342 5316 sexus
3357 5262 3500 5331 apud
3523 5263 3829 5333 Clericum;

2221 5334 2311 5404 qui
2342 5346 2395 5387 et
2425 5335 2583 5405 paulo
2616 5344 2734 5405 post
2762 5330 2959 5405 habet,
2985 5347 3049 5384 ne
3074 5338 3214 5402 quod
3256 5334 3313 5405 it_t
3340 5330 3830 5405 reprehensionem,

2221 5402 2424 5478 (imissa
2452 5403 2595 5478 quid.
2620 5402 2737 5478 Mox
2769 5402 2908 5478 idem
2939 5406 3199 5478 mendose
3228 5421 3241 5457 :
3271 5402 3437 5478 Beata
3477 5410 3678 5478 quippe
3703 5402 3836 5465 talia

2218 5490 2317 5544 pro
2346 5475 2500 5527 labia.
2527 5475 2822 5541 Paucisque
2847 5473 3148 5542 interjevtts
3183 5491 3196 5528 :
3244 5476 3477 5531 destruat
3524 5473 3831 5548 audientes,

2220 5546 2620 5601 Seauendum...
2674 5544 2725 5595 in
2745 5542 2931 5597 divinis
2954 5550 3125 5599 rebus.

2264 5561 2570 5615 equenaum.
2584 5583 2593 5593 .
2607 5583 2620 5597 .

2674 5544 2725 5595 in
2745 5542 2931 5597 divinis
2954 5550 3125 5599 rebus.

2294 5639 2313 5675 τ
2351 5637 2501 5691 Nihil
2541 5636 2748 5702 prodest
2784 5638 3030 5691 wstimuri
3079 5639 3215 5708 quod
3247 5656 3347 5693 non
3375 5640 3463 5695 sis.
3496 5642 3653 5698 Cler.
3701 5646 3839 5701 nihil

512 5708 622 5798 set".
643 5711 777 5766 LXX
795 5721 1048 5799 accurrit.
1068 5708 1364 5798 {cremant
1410 5710 1491 5799 LE:
1509 5711 1830 5799 Aiazbzenre
1855 5715 2112 5799 aiaxuvm

2231 5710 2458 5796 estintari
2487 5711 2747 5799 quad'non
2777 5708 2879 5799 sit‘,
2901 5711 3111 5799 Jotnissp
3140 5712 3368 5799 prodest.
3410 5714 3482 5799 Et.
3502 5730 3630 5799 mox
3658 5720 3838 5799 simu-

513 5782 615 5854 ᾁπὸ
641 5788 954 5854 καυχήσεως
991 5781 1301 5854 ὐμῶννάπὸ
1344 5777 1646 5854 ὀνειδισμοιῗ
1681 5781 1847 5837 ἔναντι
1892 5777 2102 5854 Κύρὶου.

2216 5781 2336 5843 lari,
2369 5797 2464 5849 pro
2494 5781 2784 5834 simulare:
2814 5788 2862 5852 et
2891 5781 3161 5835 decedebat
3186 5798 3284 5852 pro
3306 5784 3628 5841 discedebat.
3658 5787 3839 5847 Paulo

516 5851 692 5929 Atque
728 5850 1037 5927 tiiqusmodi
1059 5853 1223 5910 lectio
1270 5866 1337 5909 es
1366 5850 1629 5909 Holstenli
1670 5850 1972 5924 exemplari
2008 5867 2099 5907 re-
2127 5899 2191 5924 ,,
2212 5861 2335 5923 post
2366 5852 2554 5908 talibus
2572 5868 2671 5923 pro
2700 5850 2937 5923 dapibus.
