4056 6340
200 306 293 366 2M

1142 310 1367 370 EPIST.
1410 310 1479 369 Ill
1515 312 1715 371 SULP.
1756 313 2035 383 SEVERI,
2076 314 2170 371 AD
2208 314 2586 373 PAULINUM.

3418 322 3527 379 242

193 423 408 496 jejuniis
439 431 497 479 et
522 425 879 484 orationibus
909 427 1021 485 Deo
1046 430 1292 485 serviens
1323 432 1411 486 die
1441 439 1702 486 acnocte.
1737 429 1807 485 Et
1835 434 1880 493 Α
1911 433 2098 501 utique
2129 433 2474 487 sanctitatem
2504 447 2657 488 suam
2682 434 2845 490 etiam
2875 435 3276 509 aliisimperlit,
3303 446 3362 493 ut
3383 440 3533 508 quis-

196 520 238 573 si
270 517 431 571 vidua
486 526 549 572 et
602 520 832 587 quidem
887 521 1071 577 Jnda'a
1122 522 1247 576 talis
1271 523 1811 594 l‘uit,qua'emuunc

196 629 312 669 esse
338 613 621 684 vii-ginem
646 620 912 672 convenit
933 618 1183 673 CliriSii?
1212 618 1420 673 Divina!
1443 620 1614 688 magis
1643 619 1811 673 dilec-

198 706 354 760 tionis
386 709 721 764 ennvivium
753 711 937 781 di'ige,
979 722 1031 766 et
1052 712 1393 780 spiritalibus
1421 726 1472 767 te
1503 712 1691 766 satiiri
1716 712 1812 766 da-

200 800 349 868 pibus
380 816 753 868 eunt-Upisce.
790 804 914 857 Illos
940 808 1117 874 potius
1146 809 1366 876 require
1412 806 1563 861 cibos
1613 805 1810 877 quibus

195 892 365 945 anima
391 894 573 963 magis
609 910 779 963 quam
812 913 1010 967 corpus
1053 897 1312 953 reﬁcitur.
1361 899 1555 953 Carnis
1601 910 1653 954 et
1702 898 1812 953 viui

194 987 399 1054 species
436 986 607 1055 quasi
638 996 666 1025 ⁸
693 990 893 1044 caloris
945 990 1180 1045 fomenta
1223 1001 1278 1047 et
1331 991 1571 1047 libidinis
1608 992 1805 1047 incita-

196 1088 369 1132 menta
400 1078 554 1149 fuge.
591 1080 665 1135 Et
697 1094 846 1145 tunc,
867 1084 910 1136 si
942 1082 1101 1149 forte,
1124 1084 1250 1139 vino
1277 1088 1473 1155 exiguo
1502 1095 1654 1139 utere
1684 1099 1807 1139 cum

194 1177 451 1228 stomachi
476 1176 690 1230 dolore
718 1178 885 1231 nimio
902 1181 1147 1248 corporis
1170 1181 1467 1249 compellat
1498 1179 1807 1235 infirmitas.

196 1264 537 1323 Iracundiam
575 1270 764 1331 vince.
799 1272 1198 1326 animositatem
1231 1273 1445 1338 eolnbe,
1474 1284 1527 1329 et
1549 1273 1808 1344 quidquid

196 1357 323 1412 illud
356 1361 616 1428 estquod
654 1373 779 1428 post
810 1364 1008 1419 factum
1043 1366 1418 1434 pmnitemiam
1446 1365 1686 1437 ingeniib
1712 1381 1810 1437 pro

196 1454 426 1507 maximo
454 1454 742 1520 crimine,
781 1458 1009 1526 proximi
1058 1459 1306 1513 criminis
1344 1459 1807 1515 abominatinnem

195 1542 420 1598 declina.
468 1545 628 1601 Satis
662 1549 904 1619 quietam
937 1560 991 1605 et
1029 1552 1375 1621 tranquillam
1404 1556 1661 1607 convenit
1684 1568 1809 1609 esse

195 1647 425 1693 mentem
454 1640 527 1695 ab
552 1644 714 1697 omni
749 1645 1151 1709 lerturhaiioue
1180 1647 1377 1701 furoris
1403 1648 1659 1712 alienam,
1685 1664 1807 1717 quae

196 1729 289 1786 Dei
313 1731 701 1788 habitaculum
731 1751 853 1791 usae
890 1737 1166 1792 desiderat
1187 1781 1201 1803 ,
1229 1739 1317 1808 qui
1353 1755 1447 1809 per
1477 1740 1803 1810 Propbetam

1916 526 2037 595 quis
2051 542 2119 580 ex
2136 540 2203 581 eo
2227 526 2389 597 digne
2412 530 2735 595 sumpserit,
2764 529 3219 584 sanctiﬁcationis
3246 541 3301 585 ct
3326 532 3439 601 ipse
3461 532 3535 586 sit

1914 620 2185 688 particeps
2210 636 2222 685 ;
2256 621 2324 673 ita
2359 635 2490 688 ergo
2520 632 2568 674 et
2598 636 2699 689 per
2732 630 2783 676 te
2812 621 2971 691 quasi
3007 637 3100 689 per
3128 623 3367 677 divinam
3397 626 3526 680 bos-

1915 712 2040 765 tiam
2066 714 2471 767 sant-tilicentur
2492 724 2545 768 et
2573 729 2810 779 (aeterm,
2856 731 2980 769 cum
3020 716 3220 786 quibus
3255 726 3307 771 te
3349 718 3420 771 ita
3468 716 3524 773 in

1913 807 2164 862 omnibus
2191 807 2474 871 exhibeas,
2503 817 2562 862 ut
2583 809 2830 877 quisquis
2861 810 3023 862 vitam
3058 820 3205 863 tuam
3230 819 3325 865 aut
3346 810 3533 868 auditu

1914 908 2007 954 aut
2034 906 2149 955 visu
2203 902 2513 971 contigerit,
2559 900 3012 956 szini-tilicalionis
3046 902 3150 955 vim
3184 909 3389 957 sentiat
3413 947 3430 970 ,
3472 911 3529 959 et

1915 1000 2119 1045 tantum
2151 992 2252 1046 sibi
2303 992 2563 1063 intelligat
2608 996 2800 1063 gratia:
2842 1009 2907 1048 ex
2959 1004 3045 1047 tua
3104 996 3527 1052 convvrsalione

1915 1083 2219 1137 transfundi
2242 1126 2256 1145 .
2280 1093 2340 1138 ut
2362 1084 2488 1138 dum
2515 1095 2567 1141 te
2595 1085 2793 1140 imitari
2824 1085 3167 1157 Concupiscit
3185 1127 3201 1154 ,
3231 1086 3328 1143 Dei
3350 1087 3525 1147 sacri.

1913 1176 2035 1232 ﬁcio
2066 1189 2120 1234 et
2151 1177 2268 1249 ipse
2294 1179 2364 1234 sit
2389 1183 2603 1251 dignus.

2470 1295 2810 1353 EPISTULA
2860 1296 2950 1352 III.

2200 1428 2269 1466 AD
2306 1426 2551 1468 SANCTUII
2591 1430 2861 1470 PAULINO!
2901 1430 3213 1472 EPISCOPUM.

1913 1522 2133 1581 Severus
2179 1542 2399 1596 coquum
2442 1530 2596 1581 mittit
2640 1530 2709 1584 ad
2754 1532 3124 1601 prteparandos
3151 1533 3521 1588 monachorum

2524 1621 2665 1675 cibos
2696 1632 2900 1695 aptum.

1988 1744 2011 1771 ε
2045 1734 2334 1804 Postquam
2369 1750 2560 1791 omnes
2589 1752 2621 1792 c
2647 1752 2798 1803 ιιιιιοε
2836 1746 2959 1792 tuos
2995 1738 3245 1809 coquinae
3285 1746 3391 1793 tute
3431 1753 3516 1794 re-

196 1834 420 1881 lesmtur
445 1838 500 1883 et
526 1829 672 1885 dicit
705 1848 717 1884 :
755 1830 927 1899 Super
970 1850 1119 1902 quem
1150 1836 1465 1903 requiescam
1492 1837 1676 1901 alium,
1708 1838 1806 1890 nisi
1838 1833 1882 1893 B
1913 1829 2191 1883 nuntiasse
2220 1832 2656 1896 co;nnvi,credo
2682 1832 2806 1901 quia
2836 1831 3516 1902 dedignareuturol‘licium

192 1936 339 1992 super
370 1924 632 1977 humilem
662 1934 711 1978 et
735 1927 959 1992 quietum
979 1935 1027 1980 ιι
1048 1938 1345 1981 trementem
1385 1944 1642 1983 sermones
1669 1945 1805 1983 meos

193 2013 339 2082 (Isai.
366 2032 531 2083 nvi,
564 2016 679 2087 2)?
722 2020 975 2072 Omnium
1028 2034 1259 2089 operum
1309 2030 1365 2074 et
1411 2024 1802 2091 cogitationum

191 2115 395 2164 tuarum
428 2114 845 2179 speculatorem
874 2113 1042 2169 Deum
1073 2113 1320 2179 credere,
1344 2123 1397 2168 et
1420 2131 1549 2169 cave
1580 2131 1647 2170 ne
1678 2114 1803 2183 quid

190 2202 322 2270 quod
350 2204 557 2257 divinis
590 2205 777 2259 oculis
806 2205 1086 2275 indignum
1119 2208 1229 2273 sit,
1278 2214 1371 2261 aut
1411 2207 1660 2268 onereris
1710 2216 1807 2261 aut

190 2292 411 2360 cogites.
441 2292 585 2349 Cum
611 2298 921 2350 oratioiiem
968 2298 1251 2353 celebrare
1287 2300 1600 2367 desideras,
1638 2301 1803 2356 talem

191 2395 239 2440 te
266 2389 471 2444 exbihe
506 2391 666 2460 quasi
700 2405 823 2458 qua:
851 2390 925 2444 sis
949 2406 1069 2445 cum
1111 2392 1217 2445 I)eo
1248 2393 1515 2446 locutura.

254 2480 401 2537 XIX.
452 2481 593 2537 Cum
654 2484 926 2552 psalmqu
969 2483 1130 2548 dicis,
1182 2484 1336 2553 cujus
1366 2486 1531 2539 verba
1566 2485 1805 2556 loquaris

187 2586 446 2644 agnosce,
490 2584 548 2629 et
586 2578 641 2630 in
676 2578 1101 2646 compunctione
1134 2579 1304 2647 magis
1348 2580 1514 2633 animi
1558 2595 1716 2648 quam
1750 2581 1802 2634 in

190 2666 414 2722 tinnula:
462 2668 617 2723 Vocis
660 2670 953 2725 dulcedine
992 2671 1286 2726 delectare.
1324 2672 1621 2744 Lacrymas
1657 2673 1800 2727 enim

188 2761 472 2828 psallentis
500 2762 647 2815 Deus
670 2761 843 2831 magis
857 2777 1015 2832 quam
1045 2764 1192 2818 vocis
1213 2765 1437 2833 gratiam
1459 2765 1801 2833 Comprobat,

186 2855 319 2910 sicut
346 2855 626 2925 PrOpheta
662 2856 796 2912 dieit
829 2875 841 2908 :
878 2857 1079 2913 Servite
1124 2857 1346 2913 Domino
1382 2862 1434 2915 in
1478 2862 1659 2915 timore
1685 2903 1700 2927 ,
1755 2870 1804 2915 et

188 2959 441 3007 exsultat:
463 2955 512 3007 ei
542 2970 667 3007 cum
694 2967 915 3008 tremore
943 2954 1114 3027 (Psal.
1160 2972 1218 3021 II,
1253 2957 1365 3023 Η).
1413 2957 1508 3012 Ubi
1563 2957 1720 3010 timor
1750 2965 1805 3011 et

187 3053 397 3102 tremor
428 3058 532 3115 est,
560 3048 635 3102 ibi
668 3064 777 3103 non
815 3049 967 3103 vocis
995 3049 1160 3104 elatio
1190 3060 1295 3113 est,
1327 3050 1420 3104 s'ed
1450 3051 1615 3103 animi
1650 3048 1804 3105 ili-hi-

190 3138 253 3193 lis
302 3148 362 3195 et
403 3143 711 3213 lacrymosa
758 3151 780 3179 ο
810 3141 1064 3211 dejectio.
1118 3140 1383 3198 Omnibus
1428 3143 1642 3196 actibus
1694 3141 1801 3196 tuis

1908 1922 2108 1977 vilibus
2144 1926 2385 1991 przcbere
2418 1925 2800 1993 pulmentariis
2835 1944 2847 1980 :
2881 1927 3165 1996 puerulum
3194 1927 3289 1981 tibi
3307 1943 3370 1981 ex
3397 1941 3521 1983 nos-

1908 2025 1986 2070 tra
2022 2015 2271 2070 misimus
2296 2016 2537 2081 piﬁcina,
2566 2018 2787 2074 doctum
2812 2021 2947 2073 satis
2972 2021 3265 2091 pal'entem
3285 2036 3522 2093 eoqucre

1908 2106 2083 2162 fabam
2109 2149 2124 2174 ,
2160 2120 2212 2163 et
2237 2108 2504 2177 ignobiles
2542 2112 2695 2166 betas
2731 2124 2888 2167 aceto
2921 2128 2974 2168 et
3000 2116 3125 2182 jure
3155 2116 3402 2181 condire,
3434 2116 3515 2170 vi-

1908 2203 2124 2274 lemque
2147 2207 2347 2274 pulteiu
2381 2207 2740 2260 esurientium
2788 2208 3035 2262 faucibus
3078 2209 3280 2265 inferre
3325 2226 3515 2265 mona—

1905 2298 2131 2350 chorum
2159 2314 2172 2361 ;
2201 2299 2405 2367 piperis
2430 2301 2707 2362 nescium,
2744 2300 2936 2355 laseris
2959 2301 3206 2370 ignarum
3233 2343 3248 2366 ,
3283 2301 3514 2357 familia-

1905 2406 2019 2444 rem
2048 2393 2272 2462 cyniiui,
2297 2402 2350 2447 et
2373 2394 2618 2461 apprime
2640 2393 2893 2446 callidum
2932 2393 3114 2449 herbis
3150 2409 3317 2448 suave
3349 2397 3509 2450 redo-

1905 2481 2141 2537 lentibus
2170 2486 2465 2538 clamosum
2511 2501 2707 2553 urgere
2754 2490 3091 2543 mortarium.
3132 2487 3309 2543 Unum
3352 2488 3517 2544 habet

1905 2577 2118 2639 vitium,
2154 2578 2296 2647 quod
2329 2580 2607 2632 hortorum
2651 2580 2891 2633 onmium
2934 2596 3039 2634 non
3079 2590 3158 2635 est
3204 2581 3380 2635 civilis
3410 2582 3511 2635 ini-

1906 2671 2114 2735 micus;
2146 2672 2239 2733 ita,
2274 2671 2317 2724 si
2345 2670 2615 2725 admissus
2656 2670 2838 2739 fuerit,
2872 2674 3117 2741 proxima
3143 2689 3371 2744 quicque
3394 2690 3510 2730 nie—

1905 2772 1983 2817 tet
2012 2765 2230 2835 gladio,
2264 2780 2363 2820 nec
2404 2767 2806 2820 ematurabitur
2847 2783 3100 2836 umquam
3133 2768 3279 2823 crede
3308 2769 3512 2823 malva-

1904 2873 2045 2913 ruiu.
2099 2858 2152 2911 In
2197 2859 2502 2927 pra-bendis
2535 2870 2715 2913 autem
2758 2860 2860 2915 sibi
2905 2859 3063 2931 lignis
3091 2858 3112 2898 ί
3144 2862 3515 2918 calumniosus

1905 2954 1999 3007 tibi
2025 2969 2129 3008 non
2162 2954 2267 3008 erit
2299 2973 2313 3009 :
2361 2956 2517 3008 olma
2549 2969 2775 3024 qumque
2815 2958 3096 3009 comburel
3125 2971 3140 3020 ;
3172 2966 3359 3020 metet,
3407 2972 3509 3013 nec

1905 3045 2170 3101 dubitabit
2194 3047 2392 3101 inferre
2414 3048 2569 3101 tectis
2596 3062 2810 3113 manus,
2840 3058 2893 3101 et
2916 3049 3166 3117 antiquos
3197 3063 3410 3103 asseres
3430 3049 3507 3102 la—

1906 3141 2056 3194 ribus
2082 3154 2355 3194 amovere.
2410 3138 2564 3193 lluuc
2609 3140 2768 3209 igitur
2803 3154 2926 3193 cum
2960 3138 3046 3193 his
3075 3141 3315 3194 moribus
3344 3152 3509 3210 atque

190 3232 526 3302 diligentiam
561 3234 804 3296 exhibe;
846 3237 968 3305 quia
1016 3237 1276 3304 scriptum
1322 3244 1445 3291 est:
1493 3235 1803 3290 Maledictus
1830 3223 1876 3284 C
1910 3232 2205 3285 virtutibus
2240 3232 2521 3292 donatum.
2559 3232 2653 3285 tibi
2680 3248 2785 3285 non
2820 3247 3068 3295 servum,
3104 3233 3197 3286 sed
3224 3248 3320 3302 pro
3350 3247 3511 3289 servo

190 3328 273 3395 qui
290 3330 424 3400 facit
450 3345 610 3399 Opera
639 3327 856 3383 Domini
881 3328 1193 3400 negligenter
1222 3327 1437 3400 (Jerem.
1463 3345 1653 3394 XLVIII,
1684 3330 1799 3402 10).

191 3417 415 3476 Crescat
436 3422 486 3475 in
510 3432 703 3476 tecum
726 3421 885 3475 annis
905 3426 1098 3493 gratia.
1127 3430 1337 3477 cresCat
1358 3437 1480 3477 cum
1504 3424 1799 3492 mentems-

193 3512 328 3578 tilia,
366 3523 423 3565 et
451 3512 590 3568 ﬁdes
622 3529 690 3568 eo
715 3512 1016 3583 perlecuor
1036 3514 1285 3569 videatur
1312 3529 1434 3570 esse
1456 3532 1568 3585 quo
1586 3517 1800 3569 senior:

195 3608 317 3676 quia
370 3606 639 3663 Dominus
693 3606 897 3673 Jesus,
954 3608 1045 3675 qui
1094 3608 1251 3661 nobis
1305 3609 1522 3662 vivendi
1579 3608 1802 3678 reliquit

195 3705 531 3772 exempfum.
547 3700 857 3773 proﬁciebat
880 3715 984 3755 non
1010 3710 1161 3756 (etate
1181 3712 1387 3756 tantum
1402 3717 1687 3773 corporea,
1708 3702 1803 3757 sed

195 3793 456 3863 sapientia
486 3802 535 3846 et
558 3794 733 3866 gratia
764 3794 998 3860 spiritali
1028 3835 1043 3859 ,
1076 3810 1252 3847 coram
1284 3792 1394 3848 Deo
1425 3804 1472 3848 et
1511 3794 1805 3848 hominibus

196 3886 348 3955 (Luc.
374 3902 435 3952 II,
460 3888 577 3958 5‘2).
602 3886 779 3942 Omne
803 3896 1012 3956 tempus
1045 3887 1095 3939 in
1128 3902 1235 3957 quo
1282 3896 1335 3943 te
1385 3904 1491 3942 non
1524 3888 1805 3942 meliorem

198 3983 460 4045 senseris,
491 3981 596 4035 hoc
628 3992 682 4035 te
710 3980 919 4033 acsuma
946 3979 1269 4050 perdidisse.
1314 3981 1649 4050 Coneeptnm
1696 3983 1807 4035 vir-

197 4075 441 4144 ginitatis
477 4072 818 4144 propositum
849 4073 913 4127 ad
941 4073 1101 4126 linem
1135 4088 1306 4139 usque
1335 4089 1599 4130 eon~erva
1632 4092 1645 4141 ;
1680 4073 1806 4143 quia

200 4182 306 4237 non
340 4166 631 4220 inchoasse
668 4174 901 4228 tantum,
935 4164 1028 4218 sed
1066 4165 1394 4232 perfecisse,
1429 4165 1643 4219 virtutis
1679 4175 1761 4218 est
1791 4204 1806 4227 ,

201 4260 340 4314 sicut
361 4240 412 4314 in
440 4259 737 4328 Evangelia
762 4257 1021 4311 Dominus
1043 4259 1119 4310 ait
1144 4275 1156 4311 :
1185 4256 1285 4322 Qui
1307 4257 1702 4329 perseveraverit
1725 4272 1812 4308 us-

202 4352 365 4421 queiu
388 4352 564 4420 ﬁnem,
596 4351 682 4403 Itic
710 4348 884 4403 salvus
908 4349 1002 4402 erit
1029 4346 1246 4417 (Matth,
1282 4366 1335 4413 It,
1372 4350 1482 4419 12).
1503 4348 1650 4404 Cave
1680 4363 1812 4417 ergo

206 4459 274 4499 ne
302 4445 553 4513 cuiquam
585 4440 1010 4510 ςοιιθυνίεοοιιόί
1038 4441 1381 4495 occasiOncm
1417 4441 1645 4505 tribuas,
1680 4456 1816 4509 quo-

207 4539 347 4593 niam
380 4553 616 4608 sponsus
642 4545 769 4591 tuus
793 4536 932 4590 Deus
966 4535 1153 4589 zelans
1181 4546 1284 4591 est.
1326 4534 1691 4591 Criminosior
1733 4544 1818 4590 est

1909 3326 2074 3381 lilium
2107 3325 2375 3393 cupimus.
2424 3326 2527 3396 qui.
2558 3342 2663 3380 non
2697 3326 2977 3382 erubescis
3011 3328 3355 3381 Iuinimorum
3387 3342 3512 3384 esse

1910 3430 2081 3489 pater.
2115 3418 2228 3489 Ego
2285 3419 2380 3472 tibi
2414 3435 2510 3488 pro
2558 3419 2661 3474 hoc
2692 3420 2904 3475 servire
2956 3420 3289 3475 voluissem:
3332 3419 3426 3475 sed
3466 3420 3515 3475 si

1910 3513 2163 3567 voluntas
2212 3513 2335 3568 lacti
2393 3511 2571 3582 portio
2618 3522 2720 3576 est,
2776 3520 2831 3566 tu
2877 3513 3038 3567 modo
3079 3511 3243 3568 facito
3274 3520 3332 3565 ut
3367 3513 3511 3568 inter

1911 3609 2133 3680 prandia
2162 3623 2455 3678 cauasque
2497 3607 2684 3663 felices
2715 3608 2819 3661 mei
2856 3608 3212 3673 memineris;
3238 3606 3362 3674 quia
3394 3621 3515 3661 rec-

1910 3704 2014 3758 tius
2043 3712 2125 3757 est
2166 3712 2405 3756 vestrum
2442 3716 2564 3756 esse
2602 3700 2930 3771 mancipium
2955 3743 2969 3767 ,
3022 3715 3185 3771 quam
3225 3698 3510 3755 dominum

1909 3805 2250 3854 etelerorum.
2275 3794 2379 3851 Ora
2414 3810 2512 3865 pro
2541 3810 2648 3849 me.

2462 3887 2798 3945 EPISTOLA
2842 3886 2932 3943 IV.

1983 3983 2134 4037 Licet
2165 3982 2415 4036 dominus
2438 3989 2492 4036 et
2518 3996 2810 4049 germanus
2835 3994 2990 4051 meus
3020 3979 3089 4035 de
3121 3987 3307 4035 vestra
3338 3978 3514 4049 petie-

1910 4077 1984 4131 rit
2020 4076 2333 4139 honestate,
2368 4083 2423 4127 nt
2456 4082 2634 4128 tutum
2668 4073 2852 4128 velitis
2882 4087 3009 4127 esse
3041 4073 3409 4135 tutissimum,
3440 4083 3521 4125 ta-

1912 4185 2037 4223 men
2071 4168 2208 4222 nihil
2240 4168 2320 4221 fas
2351 4166 2451 4219 fuit
2487 4166 2739 4220 eumdem
2773 4165 2974 4219 litteris
3014 4164 3434 4229 commendare,
3462 4171 3525 4218 ut

1912 4261 2293 4330 conduplicata
2326 4259 2595 4329 petitione
2639 4258 2807 4311 tutior
2855 4254 3127 4309 habeatur
3160 4271 3173 4307 :
3205 4255 3330 4307 huic
3371 4254 3523 4307 enim

1914 4355 2164 4407 nocuerit
2196 4350 2427 4422 puerilis
2467 4348 2633 4413 culpa
2676 4358 2732 4402 et
2774 4361 2934 4400 error
2962 4345 3141 4399 uitatis
3183 4345 3432 4410 incertae,
3468 4354 3530 4398 ut

1916 4461 2189 4502 annorum
2226 4458 2449 4500 suorum
2483 4442 2635 4496 initia
2670 4440 3004 4501 macularet;
3040 4437 3136 4492 sed
3167 4438 3257 4507 qui
3292 4437 3527 4492 necdum

1921 4542 2089 4598 sciret
2140 4540 2269 4612 quid
2320 4538 2480 4592 bonis
2532 4535 2778 4590 moribus
2826 4534 3145 4595 deberetur,
3196 4546 3366 4603 prope
3410 4530 3532 4587 sine

204 4635 400 4691 Christi
451 4636 697 4691 adultera
739 4651 898 4705 quam
964 4635 1163 4689 mariti.
1231 4636 1360 4691 ESIo
1424 4636 1589 4707 igitur
1642 4614 1819 4692 omni-
1845 4613 1901 4673 D
1926 4637 2086 4704 culpa
2120 4631 2407 4701 peccavit:
2438 4645 2559 4683 nam
2595 4643 2652 4683 se
2678 4627 2768 4682 ubi
2791 4625 2855 4680 ad
2883 4626 3082 4682 bonam
3122 4632 3358 4681 mentem
3392 4638 3530 4679 ron-

209 4725 305 4782 hus
336 4728 507 4782 forma
532 4727 777 4791 vivendi,
822 4736 941 4781 esto
984 4727 1315 4795 exemplum.
1358 4728 1614 4783 Pra-cede
1659 4735 1718 4782 et
1764 4728 1817 4782 in

208 4830 325 4874 actu
348 4836 489 4891 quos
510 4820 563 4875 in
588 4820 860 4874 castitatis
884 4819 1317 4873 sanctiﬁcatione
1343 4821 1654 4887 praecurris.
1694 4818 1813 4874 Vir-

210 4914 382 4982 ginem
418 4925 469 4969 te
503 4917 554 4967 in
582 4913 840 4967 omnibus
867 4912 1084 4967 exhibe.
1119 4912 1263 4968 Nihil
1303 4913 1676 4980 corruptionis
1718 4912 1816 4965 oh-

210 5004 417 5075 jieiatur
444 5006 607 5074 capiti
640 5015 756 5059 tuo.
781 5004 948 5073 Cujus
978 5020 1176 5073 corpus
1212 5005 1481 5074 integrum
1510 5014 1617 5068 est,
1642 5003 1711 5059 sit
1735 5004 1817 5058 in-

217 5099 471 5156 violabilis
494 5098 866 5155 conversatio.
894 5096 960 5151 Et
984 5098 1266 5167 quoniam,
1311 5096 1440 5151 utin
1464 5096 1816 5166 esordioepi-

216 5198 357 5252 stolae
381 5198 589 5270 praefati
618 5210 831 5263 sumus,
860 5205 912 5252 te
940 5195 1034 5252 Dei
1056 5195 1655 5260 sacriﬁciumdl'actam,
1674 5194 1814 5264 quod

285 5370 310 5398 ε
340 5359 565 5415 Coloris.
598 5359 747 5413 Cler.
777 5373 1065 5429 perperam
1114 5357 1341 5413 coloris:
1397 5365 1452 5412 et
1487 5355 1654 5427 paulo
1696 5365 1826 5411 ante

220 5432 488 5501 reﬁciatnr.
520 5431 644 5487 Mox
679 5446 813 5484 vero
837 5431 993 5483 uteris
1014 5445 1112 5493 pro
1146 5438 1308 5483 utere.

288 5504 313 5542 ι’
346 5502 451 5558 Pro
481 5505 711 5557 maximo
742 5503 977 5555 crimine.
1007 5502 1130 5555 llaec
1161 5501 1541 5555 desiderantur
1568 5500 1619 5555 in
1643 5514 1824 5555 exem-

223 5574 355 5645 plari
416 5574 808 5631 Holsteniano.
847 5573 911 5645 Et
967 5573 1211 5645 quidemi
1249 5580 1419 5633 recte,
1479 5584 1533 5624 ut
1590 5572 1824 5645 videtur.

229 5642 342 5701 Mox
376 5648 539 5711 ibid.,
571 5654 621 5701 et
649 5646 714 5698 ab
751 5644 890 5697 omni
916 5646 1143 5711 perturb.
1176 5644 1423 5698 Clericus
1451 5658 1582 5698 vero
1610 5642 1831 5695 inchoat

229 5720 419 5785 08]).30
450 5720 517 5770 ab
549 5720 635 5771 bis
670 5716 889 5769 verbis:
930 5714 1163 5770 Proximi
1206 5716 1438 5769 criminis
1490 5714 1833 5768 abominatio-

230 5806 339 5843 uem
369 5792 584 5843 declina
614 5807 633 5842 ς
670 5788 902 5848 scilicet,
932 5787 1239 5851 iltlrt't’ttpln
1264 5797 1545 5840 contextu.

304 5872 324 5899 ο
357 5860 618 5933 Dejectio.
654 5858 870 5914 Clerico
914 5858 1089 5929 magis
1130 5858 1337 5928 placuit
1388 5857 1593 5912 dilectio
1623 5871 1642 5910 :
1669 5869 1834 5911 sensu

1921 4728 2424 4793 siderationemque
2447 4721 2740 4785 convertit,
2769 4719 3040 4774 intellexit
3064 4717 3231 4772 vitam
3255 4716 3533 4773 scenicam

1923 4821 2156 4878 consilio
2186 4819 2416 4873 meliore
2442 4814 2843 4879 damnandam;
2875 4813 2999 4866 huic
3021 4822 3202 4867 autem
3236 4812 3392 4883 plena
3418 4826 3531 4867 non

1924 4894 2111 4984 posset
2140 4911 2367 4967 evenire
2400 4910 2680 4977 purgatio,
2717 4906 2823 4961 ni-i
2853 4905 3159 4961 divinitatis
3187 4921 3410 4961 accessu
3438 4904 3537 4962 de-

1920 5006 2045 5060 licta
2076 5005 2307 5059 dilueret
2338 5021 2351 5055 :
2382 5006 2425 5056 si
2453 5000 2673 5072 quidem
2710 4997 3009 5053 Catholicae
3038 4996 3325 5068 religionis
3353 5011 3530 5052 reme-

1923 5098 2019 5153 dio
2057 5106 2447 5161 commutatus,
2480 5110 2635 5149 usum
2682 5092 2788 5148 sibi
2832 5093 2932 5146 loci
2966 5091 3232 5160 turpioris
3283 5089 3527 5159 negavit,

1927 5206 2103 5263 seque
2128 5191 2197 5245 ab
2233 5190 2409 5245 oculis
2439 5187 2795 5258 popularibus
2829 5183 3151 5240 vindicavit.
3183 5192 3207 5230 8
3234 5180 3447 5238 Domini
3477 5191 3535 5239 ut

1939 5365 1993 5410 et
2024 5352 2353 5417 exemplaris
2380 5351 2610 5405 veritate
2637 5358 2994 5419 repugnante.

2003 5423 2030 5462 ἀ
2072 5414 2305 5478 Factam.
2350 5423 2521 5487 Cler.,
2581 5414 2797 5495 factum:
2828 5420 2897 5476 Et
2941 5435 3092 5486 mox,
3121 5435 3187 5475 ex
3233 5418 3326 5483 eis,
3363 5414 3543 5471 invito

1932 5508 2217 5554 ϐοτηε-χιιι.

2010 5578 2033 5606 ε
2068 5568 2371 5638 Postquam,
2420 5575 2532 5621 etc.
2580 5564 2717 5620 Huic
2748 5562 2939 5620 Severi
2966 5561 3213 5633 epistolae
3243 5557 3543 5630 respondet

1935 5640 2195 5695 Paulinus
2226 5642 2385 5707 epist.
2412 5639 2507 5694 25.

2012 5712 2030 5749 τ
2068 5700 2434 5765 Calumuiosus
2490 5709 2601 5763 tibi.
2653 5707 2828 5771 Cler.,
2882 5705 3013 5770 sibi;
3059 5711 3115 5758 et
3157 5700 3321 5772 paulo
3384 5709 3535 5772 post,

1936 5784 2059 5854 quia
2085 5799 2185 5855 non
2212 5782 2490 5855 erubescis,
2522 5779 2803 5855 mendose.
2938 5846 2949 5855 _
3020 5844 3032 5855 _
3103 5843 3116 5855 _
3178 5844 3191 5855 ν
3265 5842 3289 5855 _
3365 5842 3377 5855 ,

2016 5864 2041 5901 α
2082 5853 2295 5908 Dommi
2321 5862 2377 5906 ut
2408 5842 2585 5920 supra.
2612 5851 2751 5905 Cum
2783 5844 3073 5916 inscriptio
3102 5842 3547 5916 huiusjepistolsa
