4056 6340
557 356 671 438 ius

567 589 728 645 fillele
755 603 974 658 corpus,
1019 597 1072 643 et
1113 588 1486 643 sanctificatos
1527 587 1762 649 animos,
1797 600 1904 639 non
1948 583 2170 654 permit-

565 688 688 736 tunt
717 680 1036 736 inhonestas
1068 677 1333 736 exhibere
1362 679 1608 743 delicias,
1634 687 1686 732 et
1719 677 1974 747 vulgares
2007 675 2172 729 edere

568 778 910 847 voluptates;
942 777 1180 832 maxime
1215 790 1339 830 cum
1375 782 1540 828 casta:
1566 771 1878 827 devotionis
1913 769 2173 840 quodam-

568 870 734 926 modo
760 867 1009 924 videatur
1040 869 1260 938 injuria,
1294 868 1337 922 si
1369 866 1489 935 quis
1530 880 1687 919 sacro
1721 863 2046 934 baptismate
2088 877 2172 916 re-

571 974 826 1025 novatus,
875 963 928 1016 ln
973 971 1210 1016 veterem
1258 960 1534 1014 lasciviam
1579 967 1879 1013 revocetur
1913 973 1924 1010 :
1958 962 2175 1025 oportet

574 1061 600 1092 ι
633 1053 1060 1110 laudabilitatem
1094 1064 1331 1108 vestram
1363 1053 1518 1108 bonis
1543 1051 1730 1106 favere
1760 1051 2084 1122 propositis,
2119 1059 2174 1103 ut

570 1147 620 1201 is
651 1143 742 1217 qui
771 1147 1038 1201 beneficio
1066 1145 1159 1200 Dei
1195 1147 1340 1216 pium
1373 1161 1570 1199 munus
1599 1144 1853 1214 indeptus
1880 1153 1985 1208 est,
2016 1142 2067 1197 in
2102 1140 2175 1197 f0-

568 1254 725 1293 veatn
769 1239 1092 1294 theatralem
1125 1238 1324 1293 cadere
1359 1253 1472 1292 non
1517 1246 1764 1308 cogatur.
1800 1235 2054 1290 Vestrum
2099 1243 2175 1288 ta-

573 1349 700 1388 men
749 1335 996 1387 omnium
1043 1333 1312 1402 judicium
1364 1345 1470 1386 non
1522 1340 1768 1398 recusat,
1817 1331 1861 1384 si
1909 1331 2040 1384 alias
2095 1329 2178 1382 in-

569 1427 813 1498 jungatis
839 1443 1112 1498 congruas
1155 1444 1256 1500 pro
1285 1427 1613 1484 necessitate
1641 1425 1948 1483 communis
1990 1425 2174 1494 patria:

575 1521 908 1578 functiones.
982 1575 984 1577 _

1159 1591 1497 1649 EPISTOLA
1538 1589 1603 1646 Ἴ.

1211 1703 1278 1741 AD
1318 1701 1566 1741 SALVIUM.

577 1775 920 1844 Conqueritur
956 1777 1174 1832 rusticos
1205 1778 1480 1848 exagitari,
1505 1779 1728 1848 juraqtte
1758 1785 1804 1830 et
1835 1775 2180 1843 possessiones

1119 1867 1344 1922 aliorum
1372 1871 1636 1938 usurpari.

660 1977 702 2034 Ι.
741 1978 999 2033 Furensis
1025 1978 1054 2016 δ
1091 1979 1253 2034 elatio
1285 1979 1384 2033 fori
1428 1979 1592 2034 debet
1631 1978 2022 2034 exercitatione
2070 1977 2182 2032 fer-

589 2085 749 2136 vere;
779 2072 1033 2125 convenit
1065 2074 1209 2125 enim
1255 2071 1470 2126 lacertis
1509 2071 1791 2125 industriae
1819 2070 2060 2140 quotidie
2088 2070 2186 2125 de-

585 2163 878 2231 pugnantis
911 2170 1090 2216 motus
1130 2163 1335 2216 habere
1378 2161 1686 2228 terribiles;
1721 2165 1777 2216 at
1816 2177 1937 2216 cum
1986 2177 2186 2217 sonora

583 2252 834 2307 facundia
866 2255 1107 2324 receptui
1141 2255 1363 2318 cecinit,
1399 2261 1451 2309 ct
1477 2255 1529 2308 in
1560 2256 1737 2309 otiosa
1771 2268 1995 2308 nemora
2023 2265 2187 2325 atque

587 2363 802 2404 amoena
850 2349 1152 2403 diversoria
1191 2360 1211 2387 ε
1260 2363 1318 2403 se
1365 2349 1641 2419 migravit,
1692 2347 1942 2404 fremitus
1989 2349 2190 2403 inertes

586 2450 803 2511 oportet
838 2441 1082 2510 abjieiat,
1112 2450 1167 2496 et
1196 2439 1410 2495 desinat
1443 2440 1744 2495 inefficacia
1775 2439 2042 2494 minitari.
2076 2439 2193 2495 Sci-

589 2547 708 2588 mus
741 2534 942 2588 ctenim
976 2532 1306 2604 palmigeros
1346 2533 1556 2603 bijuges
1591 2532 1676 2587 ubi
1705 2546 1735 2587 e
1765 2532 1914 2587 circo
1947 2546 2190 2587 recesse-

585 2629 722 2691 rint,
758 2627 1096 2696 quietissime
1129 2625 1430 2689 stabulari;
1465 2625 1587 2679 illos
1623 2639 1728 2679 non
1758 2623 1906 2695 jugis
1937 2623 2190 2691 formido,

591 2735 701 2773 non
729 2719 996 2788 ambiguae
1029 2718 1223 2788 palma:
1261 2717 1583 2784 sollicitant,
1618 2717 1710 2770 sed
1746 2717 1960 2772 demunt
1986 2717 2194 2787 pacatis

590 2811 739 2864 affixi
775 2811 1106 2879 prtescpibus
1151 2811 1343 2865 titnere
1377 2810 1488 2880 jam
1533 2810 1788 2863 nesciunt
1830 2810 2192 2874 hct-latorem,

591 2905 869 2958 seditiosa:
906 2903 1278 2959 contentionis
1312 2903 1489 2957 dulcia
1531 2902 1795 2958 ducentes
1826 2903 2052 2958 oblivia.
2087 2903 2192 2958 Sed

594 3005 650 3049 et
681 2996 965 3065 stipendiis
1006 2996 1399 3049 consommatis~
1437 3009 1639 3064 tr0ptea
1677 2994 2018 3066 suspendere
2046 2994 2199 3064 juvat

597 3091 823 3144 militem
847 3091 1171 3160 gloriosum,
1203 3099 1258 3145 et
1289 3091 1562 3161 patienter
1591 3105 1786 3160 gerere
1830 3099 2193 3145 senectutem.

668 3185 728 3240 li.
761 3188 840 3239 An
885 3187 978 3239 tibi
1011 3187 1173 3256 igitur
1201 3184 1351 3240 cordi
1378 3186 1445 3240 sit
1486 3185 1787 3239 terrificarc
1818 3185 2048 3239 miseros
2079 3199 2193 3237 ara-

1525 361 1878 434 APPENDIX
1919 368 2009 426 AD
2046 356 2277 426 oratu
2320 355 2614 425 sumen
2656 364 2930 423 severo.

562 513 744 567 supra.
773 492 1058 563 Quomodo
1097 493 1281 562 itaque
1323 501 1377 549 et
1416 489 1617 548 divina:
1648 490 1797 560 leges
1841 501 1894 543 et
1935 487 2164 560 publica
2193 487 2238 548 Α

3745 363 3837 424 2M

2342 484 2431 540 III.
2462 482 2684 538 Interim
2715 483 2898 537 nescio
2928 481 3206 534 \‘olusium
3244 477 3394 534 fundi
3422 493 3668 549 umquam
3693 478 3841 538 fuisse

2273 577 2553 632 dominum
2589 594 2600 628 :
2643 576 2686 629 si
2719 575 2937 645 quidem
2982 574 3269 644 Dionysius
3308 572 3480 627 fertur
3506 571 3621 642 ejus
3653 588 3844 640 posses-

2274 671 2442 726 sionis
2471 670 2591 738 jura
2622 681 2893 730 servasse,
2933 681 3108 736 neque
3132 664 3376 719 hzcredes
3401 664 3546 720 illius
3575 663 3841 735 defecisse,

2274 761 2364 833 qui
2396 759 2522 815 dum
2551 761 2779 826 viveret,
2817 760 2895 812 rei
2931 757 3140 811 navalis
3185 757 3234 810 in
3279 755 3542 825 plurimos
3581 757 3847 813 venenales

2276 853 2493 906 aculeos
2531 850 2867 905 intendebat.
2907 847 3032 905 Fuit
3079 863 3141 903 ea
3176 855 3501 918 tempestate
3542 847 3848 920 Porphyrius

2276 945 2496 1015 quidam
2531 942 2829 997 Zibberino
2860 953 3043 1006 satus;
3076 957 3250 1009 neque
3294 948 3474 996 tamen
3505 949 3650 994 recte
3676 933 3847 995 Zibbe-

2278 1036 2381 1091 riui
2412 1035 2550 1089 illius
2576 1033 2906 1088 nominatus.
2937 1031 3085 1088 Idem
3117 1033 3336 1102 generis
3374 1031 3724 1103 qttmstionetn
3763 1034 3850 1088 mi-

2276 1130 2389 1184 litia
2432 1128 2770 1193 convelabal,
2822 1133 2878 1182 et
2919 1136 2978 1180 ut
3017 1126 3283 1180 nubem'a
3328 1125 3507 1180 fronte
3550 1125 3848 1196 repelleret,

2277 1221 2518 1276 ofﬁciosa
2539 1222 2708 1292 gratia
2739 1228 2795 1275 et
2817 1220 2953 1274 laetis
2982 1217 3259 1289 obsequiis
3288 1217 3630 1288 fungebatur.
3650 1218 3850 1274 Multqu

2278 1327 2491 1370 mecum
2517 1313 2611 1368 fuit
2642 1321 2694 1367 et
2726 1313 2868 1367 domi
2904 1321 2959 1367 et
2989 1314 3038 1366 in
3076 1310 3218 1378 foro,
3252 1326 3375 1366 cum
3418 1327 3504 1365 me
3533 1322 3585 1365 et
3614 1313 3744 1386 apud
3774 1327 3852 1381 pa-

2279 1412 2420 1459 trem
2468 1403 2791 1467 dcfensore,
2842 1411 2896 1456 et
2939 1401 3081 1472 apud
3123 1399 3366 1469 judicent
3417 1405 3641 1470 patrOno
3679 1403 3854 1471 stepius

2280 1506 2545 1552 uteretttr.
2574 1495 2875 1566 Aliquando
2898 1497 3060 1550 etiam
3085 1493 3402 1566 Dionysium
3427 1494 3850 1564 eomprimebam,

2279 1591 2423 1662 quod
2457 1590 2761 1662 l’orpltyrio
2791 1605 2897 1644 non
2931 1590 3156 1645 deberet
3196 1589 3392 1662 viginti
3431 1589 3678 1661 jugerum
3709 1604 3851 1644 causa

2283 1686 2610 1740 navicularia
2636 1685 2812 1756 jurgia
2836 1701 3207 1740 commovere.

2362 1779 2451 1836 IV.
2483 1778 2565 1834 En
2595 1795 2757 1834 causa
2793 1789 2876 1835 est
2900 1794 2997 1834 cur
3039 1779 3266 1849 insignis
3304 1777 3590 1848 prudentia
3622 1786 3706 1831 tua
3743 1777 3858 1831 meis

2210 1886 2257 1945 Β
2288 1875 2567 1928 minitetur
2595 1873 2894 1937 actoribus,
2926 1880 2985 1925 ut
3025 1887 3148 1926 cum
3195 1870 3452 1924 dominus
3503 1869 3606 1924 ieci
3639 1883 3738 1923 non
3773 1868 3854 1934 sis,

2293 1969 2494 2039 passim
2541 1965 2861 2021 colonorum
2911 1980 3154 2020 meorum
3204 1961 3371 2018 facias
3424 1962 3765 2018 mentionem.
3804 1959 3861 2017 At

2291 2060 2334 2114 si
2385 2067 2436 2114 te
2483 2057 2769 2130 Porphyrii
2815 2057 3105 2112 denuntias
3149 2070 3548 2121 successorem,
3588 2052 3608 2093 ί
3638 2056 3858 2125 jngerum

2292 2153 2444 2206 noris
2475 2151 2753 2221 angustias
2783 2165 2852 2204 ne
2878 2149 2946 2205 ab
2977 2164 3087 2202 uno
3117 2148 3333 2219 quidem
3369 2149 3576 2202 cultore
3600 2161 3746 2216 posse
3768 2151 3859 2200 tra-

2291 2248 2457 2313 ctari;
2490 2255 2580 2300 aut
2621 2246 2664 2299 si
2698 2255 2749 2298 te
2778 2259 3076 2298 memorem
3109 2241 3503 2310 custodemque
3545 2241 3764 2310 propria:
3794 2236 3861 2292 tli-

2293 2339 2519 2412 gnitatis
2551 2339 2694 2409 piget
2718 2336 2990 2393 hiercdem
3022 2338 3305 2391 nominare
3329 2334 3648 2407 Porphyrii;
3676 2343 3858 2388 certum

2293 2435 2752 2501 manifestumque
2782 2441 2865 2485 est
2901 2430 3055 2484 illum
3093 2443 3251 2498 posse
3285 2442 3615 2497 preponere,
3645 2425 3728 2497 qui
3759 2440 3861 2491 pre-

2297 2526 2530 2597 ponendi
2567 2525 2761 2579 habeat
2804 2523 3139 2589 facultatem,
3171 2533 3228 2576 ut
3265 2520 3559 2574 adversum
3591 2531 3682 2571 eos
3718 2525 3861 2585 expc-

2295 2621 2488 2684 riatur,
2522 2618 2611 2689 qui
2644 2616 2776 2671 nihil
2816 2633 2882 2671 ex
2925 2618 3112 2670 eadem
3153 2623 3297 2669 terra
3346 2612 3683 2684 possideant.
3712 2607 3862 2663 Caste-

2295 2729 2414 2768 rttm
2449 2711 2494 2766 si
2518 2710 2806 2779 diligenter
2830 2709 3107 2778 inspicias,
3145 2706 3277 2761 mihi
3313 2705 3651 2775 potissimum
3689 2699 3862 2756 deferri

2297 2815 2475 2879 potest
2507 2805 2734 2860 intentio
2774 2801 3078 2873 repetendi.
3129 2802 3332 2869 Quare,
3375 2799 3597 2852 domine
3636 2794 3864 2866 praedica-

2298 2904 2420 2958 bilis
2458 2901 2647 2966 frater,
2687 2900 2940 2970 quiescas
2972 2903 3221 2968 oportet,
3264 2905 3316 2951 et
3352 2911 3564 2950 mecum
3607 2893 3787 2946 redeas
3820 2890 3864 2943 iu

2298 2995 2547 3066 gratiam,
2584 3003 2634 3046 et
2660 2994 2725 3045 ad
2762 2993 3032 3061 privatum
3065 2989 3305 3058 digneris
3334 2990 3518 3042 venire
3541 2984 3862 3055 colloquium.

2304 3087 2548 3149 Desinas,
2580 3100 2786 3155 quieso,
2821 3085 3024 3138 inertes
3067 3093 3118 3136 et
3156 3081 3396 3150 trepidos
3437 3077 3787 3138 conturbare,
3823 3079 3867 3126 et

2295 3180 2610 3250 jactantiam
2658 3189 2801 3232 tuam
2849 3178 3034 3247 procul
3082 3191 3359 3240 exerceas,
3395 3182 3448 3228 et
3481 3175 3756 3252 existimes
3796 3181 3866 3222 tne

592 3290 764 3346 tores,
811 3296 916 3334 non
961 3281 1120 3348 plane
1159 3279 1435 3349 intelligo;
1485 3289 1539 3333 et
1587 3279 1858 3332 ruricolas
1904 3293 2054 3332 meos
2098 3293 2195 3331 cur
2223 3274 2268 3336 C
2302 3273 2470 3328 itetari
2504 3282 2594 3327 tua
2623 3272 2901 3340 superbia,
2935 3286 3041 3324 non
3068 3268 3300 3332 offendi;
3334 3283 3435 3323 nec
3465 3267 3583 3322 tluri
3621 3265 3756 3321 enim
3785 3275 3867 3317 nec

593 3376 738 3428 velis
789 3373 1141 3427 exhibitionis
1179 3385 1374 3442 urgere
1417 3370 1728 3434 formidine,
1781 3386 1886 3424 non
1934 3385 2193 3439 agnosco.

595 3469 758 3536 Quasi
789 3484 918 3521 Vero
949 3467 1070 3520 illos
1090 3469 1328 3521 nesciam
1357 3467 1652 3532 Consolari,
1677 3475 1730 3520 et
1754 3482 1778 3517 a
1809 3480 2004 3535 pavore
2030 3472 2201 3519 retra-

604 3565 756 3620 here.
792 3574 840 3614 et
876 3561 1074 3614 docere
1122 3576 1226 3613 non
1269 3567 1474 3614 tantum
1517 3573 1638 3614 esse
1681 3559 1898 3613 timoris
1935 3565 2196 3627 quantum

603 3658 718 3722 ipse
747 3656 1056 3726 pra-tendis.
1101 3655 1295 3710 Fateor
1329 3655 1455 3708 dum
1499 3670 1597 3706 nos
1631 3667 1854 3722 campus
1896 3651 2197 3720 exciperet,

604 3764 696 3803 tne
739 3757 882 3816 stupe
913 3747 939 3785 (ι
977 3747 1285 3815 eloquentia
1335 3757 1422 3801 tua
1472 3747 1640 3802 fuisse
1677 3745 2058 3810 conterritum,
2107 3744 2200 3799 sed

605 3843 922 3909 f-eqnenter
947 3848 1002 3892 ιιι
1036 3848 1274 3907 poteram
1314 3839 1552 3894 recidiva
1587 3837 1810 3892 Vulnera
1843 3837 2198 3906 reponebam.

606 3932 805 3985 Tecum
829 3947 960 3984 sane
984 3931 1278 3996 condidici,
1303 3946 1414 4000 quo
1438 3934 1560 3999 jure
1582 3930 1784 3994 coloni,
1813 3943 1989 3999 quove
2016 3929 2203 3984 ordine

606 4031 948 4091 repetantur,
990 4021 1074 4076 cui
1115 4031 1393 4091 cotnpetat
1437 4022 1600 4084 actio,
1645 4021 1732 4075 cui
1778 4037 1884 4075 non
1929 4031 2206 4090 competat

607 4118 784 4171 exitus
807 4116 1057 4170 actionis.
1075 4116 1520 4182 Volnsianenses,
1545 4117 1646 4182 ais,
1675 4128 1726 4172 te
1752 4117 1894 4171 velle
1915 4117 2202 4183 reducere,

608 4225 673 4266 ac
723 4212 1033 4281 frequenter
1076 4213 1248 4267 iratus
1291 4213 1594 4283 ingeminas
1629 4221 1680 4267 te
1723 4213 1957 4267 rusticos
1987 4228 2052 4267 ex
2085 4228 2202 4268 mea

603 4307 865 4360 turricula
899 4314 1295 4371 retracturum;
1327 4316 1380 4360 et
1416 4307 1460 4361 is
1491 4307 1603 4377 qui,
1637 4315 1696 4361 ιη
1729 4321 1828 4378 ego
1855 4313 2017 4377 s‘pero
2044 4316 2206 4379 atque

604 4400 880 4465 desidero,
920 4401 1051 4456 mibi
1085 4401 1307 4472 antiqua
1342 4401 1745 4456 necessitudine
1785 4402 1859 4455 sis
1896 4401 2203 4470 c0pulatus,

605 4490 980 4546 confecturum
1006 4498 1058 4545 te
1083 4490 1334 4545 homines
1376 4507 1530 4545 meos
1566 4493 1929 4546 conventione
1964 4493 2203 4562 neglecta

586 4592 817 4637 'temere
857 4583 1146 4636 minitaris.
1187 4582 1382 4648 Qua-aro
1422 4581 1488 4634 de.
1524 4581 1723 4651 insigni
1767 4581 2050 4650 prudentia
2091 4589 2204 4647 tua,

608 4684 791 4727 utrum
815 4671 904 4740 jus
945 4670 1091 4725 aliud
1126 4670 1366 4724 habeant
1393 4670 1664 4736 advocati,
1695 4671 1841 4724 aliud
1875 4685 1938 4725 ex
1978 4673 2204 4742 togatis,
2236 4653 2288 4713 D

606 4780 676 4820 an
709 4764 854 4818 aliud
883 4775 1099 4832 aequum
1128 4763 1317 4817 Reum
1347 4771 1451 4828 est,
1491 4771 1513 4799 ε
1545 4763 1688 4816 aliud
1722 4763 2006 4818 Mataritte.

609 4882 783 4940 desit;
815 4878 878 4932 ad
912 4893 1046 4946 quos
1073 4875 1274 4940 scripta
1300 4877 1485 4946 sit,ne
1510 4873 1704 4942 Apollo
1727 4875 1942 4944 quidem
1977 4875 2092 4943 ipse
2118 4875 2196 4928 di-

607 4951 804 5006 vinarit
839 4969 850 5004 :
885 4945 986 5002 nisi
1015 4947 1157 5018 quod
1189 4945 1508 5014 intelligitur
1532 4949 1750 4999 missam
1779 4947 1843 4999 ad
1872 4947 2206 5002 Decuriones

611 5025 842 5088 alicujus
871 5019 1132 5085 civitatis,
1163 5019 1251 5088 qui
1283 5019 1688 5071 adolescentem
1715 5019 2021 5087 qnennlam,
2052 5021 2205 5087 cujus

613 5110 814 5150 nomen
849 5091 1000 5145 initio
1030 5091 1158 5145 latet
1187 5090 1288 5144 sub
1316 5104 1448 5143 voce
1478 5097 1644 5142 tutum
1675 5104 1794 5158 qua:
1825 5091 2009 5158 procul
2041 5092 2205 5146 dubio

610 5171 866 5234 corrupta
897 5174 978 5216 est
1002 5203 1018 5225 ,
1052 5163 1103 5234 in
1136 5174 1354 5234 scenam
1397 5160 1624 5214 invitum
1647 5159 2013 5234 Aretrahehant
2035 5205 2048 5224 ,
2082 5177 2204 5218 cum

613 5235 742 5291 huic
771 5231 939 5288 sacris
970 5233 1122 5302 aquis
1156 5232 1410 5285 lustratus
1443 5231 1827 5287 renuntiasset.
1862 5233 2102 5288 DACHER.
2139 5264 2206 5273 ——

612 5308 812 5362 Dubito
838 5322 904 5358 an
936 5304 1052 5358 h.ec
1083 5302 1311 5376 epistola
1342 5304 1410 5355 sit
1439 5304 1614 5357 Severi
1639 5309 1829 5371 nostri,
1855 5306 2008 5375 Cujus
2032 5306 2210 5376 styltts

614 5378 749 5434 mihi
784 5379 977 5430 melior
1007 5375 1241 5428 videtur.
1274 5379 1436 5428 titan.

691 5449 719 5477 ⁸³
759 5447 993 5502 Loudab.
1043 5454 1277 5499 vestram.
1328 5449 1492 5510 (Ἀθη,
1536 5445 1744 5500 laudob.
1794 5455 1934 5502 tuam
1965 5464 1984 5502 ε
2019 5455 2213 5503 contra

613 5521 778 5576 fidem
811 5519 1161 5584 exemplaris.
1208 5515 1520 5588 Lectionem
1567 5520 1837 5588 vulgatam
1881 5521 2213 5576 confirmant

615 5607 740 5663 quae
775 5606 898 5645 mox
941 5597 1282 5658 sequuntur:
1328 5587 1561 5642 Vestrum
1606 5587 1774 5644 tamen
1810 5593 2040 5644 omnium
2067 5591 2213 5663 judi-

612 5669 790 5720 ciumd

683 5736 709 5774 ι»
752 5733 994 5788 Forensis
1038 5731 1215 5798 elatio,
1262 5740 1369 5786 etc.
1419 5731 1586 5800 Magis
1624 5733 1736 5787 abit
1763 5733 1874 5788 lucc
1895 5735 2124 5803 epistola
2174 5750 2200 5786 a

607 5808 750 5878 style
786 5807 987 5878 Severi,
1035 5820 1192 5874 quam
1231 5806 1506 5878 superior.
1537 5804 1805 5859 Praeterea
1844 5804 2203 5878 esthominis

581 5875 692 5955 aqui
723 5877 852 5932 olim
885 5887 1142 5949 patronus
1169 5891 1454 5931 causarum
1483 5875 1681 5944 fuerat,
1710 5883 1768 5931 et
1803 5877 2000 5946 prtedia
2032 5876 2202 5931 babe-

2302 3364 2554 3418 ineruditi
2583 3378 2792 3418 sumus.
2823 3361 3030 3418 Saltem
3063 3371 3115 3415 te
3143 3361 3330 3414 mitem
3357 3357 3516 3414 faciat
3553 3357 3864 3413 Maximinus.

2869 3453 3151 3510 Ei’ISTOL
3164 3455 3200 3508 Α
3246 3452 3309 3506 Vl
3322 3493 3333 3505 .

2375 3551 2492 3604 Alia
2519 3549 2823 3603 animorntn
2849 3547 3066 3619 quidem
3104 3547 3237 3600 fides
3266 3555 3320 3600 et
3349 3545 3539 3616 religio
3569 3553 3769 3603 manet;
3791 3535 3868 3593 sed

2304 3644 2419 3698 haec
2446 3641 2768 3697 declaranda
2803 3653 2884 3696 est
2915 3640 3117 3696 indicio
3160 3639 3486 3704 litterarum,
3534 3648 3592 3693 ut
3617 3631 3870 3692 citaritatis

2302 3746 2650 3810 augmentum
2685 3737 3013 3790 salutatione
3051 3741 3379 3789 succresc:tt.
3417 3733 3572 3788 Sicut
3607 3731 3744 3786 enim
3785 3727 3871 3781 fcr-

2305 3832 2416 3886 tilis
2441 3847 2571 3903 ager
2615 3833 2822 3887 fruetus
2864 3831 3115 3901 copiosos
3155 3829 3406 3884 attollere
3452 3839 3557 3883 n0n
3605 3831 3799 3898 potest,
3835 3820 3870 3873 si

2303 3924 2509 3979 cultura
2553 3924 2876 3989 cessaverit;
2920 3933 2973 3978 et
3006 3931 3276 3977 terrarum
3318 3919 3536 3975 boitltas
3579 3919 3709 3992 perit
3750 3913 3871 3970 desi-

2304 4016 2389 4072 dia
2416 4017 2750 4086 quiescentis
2783 4035 2794 4070 :
2824 4018 2902 4073 sic
2930 4030 3170 4070 amorem
3204 4011 3545 4085 gratiamque
3580 4009 3736 4065 animi
3765 4011 3872 4078 pulo

2305 4127 2466 4186 posse
2498 4125 2831 4183 torpescere,
2877 4113 2980 4167 nisi
3024 4112 3113 4182 qni
3147 4111 3403 4165 absentes
3441 4117 3588 4173 sunt,
3621 4099 3872 4178 epistulari

2308 4209 2595 4278 prtesentia
2626 4209 2938 4263 visitentur.
2975 4208 3084 4260 Deo
3110 4206 3338 4274 gratias.
3367 4207 3565 4259 Amen.

2854 4306 2878 4345 ε
2907 4294 3248 4352 EPISTULA
3292 4292 3402 4350 VII.

2557 4408 2829 4450 CIRTENSIS
2869 4409 3050 4448 PLEBIS
3090 4409 3158 4447 AD
3197 4406 3242 4446 S.
3287 4403 3662 4455 AUGUSTINUI,

2486 4485 2586 4540 sub
2611 4483 2744 4540 falso
2766 4487 2993 4556 Sulpicii
3026 4485 3217 4541 Severi
3251 4485 3470 4538 nomine
3501 4484 3733 4552 vulgata.

2311 4579 2580 4634 Laudatur
2605 4581 2919 4651 Augustinus
2950 4579 3009 4632 ob
3032 4579 3341 4651 sapientium
3370 4586 3417 4630 et
3442 4574 3875 4631 mansuetudinem,

2657 4673 2796 4741 queis
2825 4674 2990 4726 utitur
3020 4673 3069 4725 in
3093 4670 3557 4726 exhortationibus.

2389 4767 2426 4820 Ι.
2460 4766 2676 4822 Sanctte
2703 4767 2981 4837 religionis
3010 4767 3146 4820 fidus
3173 4767 3440 4834 interpres
3470 4762 3718 4818 universa
3748 4769 3877 4814 eom-

2309 4879 2398 4934 bat
2431 4880 2480 4932 in
2518 4877 2689 4931 Africa
2725 4895 2738 4931 :
2773 4894 2890 4948 quze
2934 4877 3119 4932 Severo
3161 4875 3482 4946 presbytero
3514 4873 3806 4948 Aquitani),
3835 4873 3880 4919 et

2308 4950 2397 5021 qui
2431 4950 2592 5004 Vitam
2628 4953 2677 5001 io
2710 4943 2879 5005 Gallia
2915 4943 3309 5021 traduxit,non
3330 4943 3700 5021 conveniunt.
3732 4943 3876 5018 CLEII-

2385 5033 2405 5060 ο
2451 5023 2522 5076 Se
2550 5022 2806 5093 migravit.
2841 5020 3109 5074 ltescribit
3139 5019 3310 5084 Cler.,
3335 5018 3675 5088 remigravit:
3703 5025 3752 5070 et
3779 5024 3880 5081 quI-
3945 5063 3950 5067 .

2311 5091 2434 5163 dem
2465 5091 2638 5154 recte,
2665 5104 2720 5147 ut
2750 5093 2984 5146 videtur.
3012 5161 3020 5163 Α
3332 5161 3356 5163 _
3739 5156 3748 5163 _
3844 5151 3854 5163 ,

2382 5162 2409 5200 ά
2452 5164 2774 5233 Eloquentia.
2805 5165 2895 5218 Sic
2925 5161 3153 5233 legimus
3174 5176 3296 5214 cum
3317 5161 3555 5233 Clerico,
3585 5174 3680 5230 pro
3704 5156 3880 5233 eloquia

2313 5233 2442 5290 edit.
2478 5228 2709 5289 'Daciter.
2745 5234 2862 5289 Mox
2898 5228 3155 5289 mendose
3187 5230 3329 5302 apud
3362 5230 3509 5286 Cler.
3536 5228 3549 5300 ,
3587 5228 3639 5286 se
3667 5228 3789 5284 t'elle
3816 5237 3881 5277 re-

2311 5307 2514 5360 ducere.
3734 5302 3743 5311 ”

2389 5389 2423 5424 ευ
2453 5378 2614 5431 Aliud
2642 5376 2921 5431 Maturius.
2955 5375 3401 5430 Matoritanensis
3432 5373 3609 5444 plebis
3642 5373 3691 5426 in
3724 5367 3882 5444 Africa

2315 5453 2518 5504 tuentio
2568 5452 2624 5502 tit
2669 5451 2718 5501 in
2760 5447 2961 5503 Collat.
3011 5444 3272 5517 Carthag.
3323 5447 3372 5517 (Ι
3411 5437 3707 5570 diemggg‘
3744 5437 3881 5505 133).

3518 5524 3728 5571 IACBER.

2392 5589 2412 5627 ί
2453 5588 2728 5659 Iugerum.
2758 5587 2927 5655 Cier.,
2959 5589 3137 5660 viginti
3158 5589 3405 5659 jugerum
3433 5603 3451 5642 :
3481 5605 3544 5643 ex
3579 5581 3885 5660 primaiorte

2317 5653 2566 5717 thclterii
2595 5661 2830 5715 editione
2854 5703 2868 5724 ,
2902 5653 3028 5728 «om;
3070 5662 3120 5730 in
3158 5653 3707 5730 'protnptujnon'esu
3743 5653 3885 5709 l’aulo

2308 5743 2435 5787 ante
2465 5733 2606 5786 idem
2638 5732 2806 5798 Cler.,
2839 5741 2885 5786 et
2915 5734 2955 5784 si
2986 5741 3032 5784 te
3067 5729 3270 5798 Porph.

2383 5813 2405 5852 ε
2436 5803 2670 5874 Epistota
2700 5820 2791 5858 vn.
2839 5807 2962 5857 llaec
2990 5811 3074 5857 est
3113 5804 3340 5874 epistola
3373 5817 3408 5856 ll
3439 5817 3509 5857 ex
3561 5803 3646 5874 iis,
3669 5799 3880 5874 quinque

2309 5890 2441 5951 quas
2468 5871 2569 5931 sub
2599 5876 2818 5930 nomine
2857 5874 3078 5948 Sulpicii
3117 5872 3294 5928 Severi
3333 5873 3544 5951 primus
3587 5872 3751 5930 edidit
3793 5871 3890 5934 Da
