4056 6340
168 338 263 400 245

1258 345 1319 406 S.
1361 335 1738 405 AUGUSTlNl
1779 335 2116 404 EPISTOLA
2157 336 2386 405 CXLIV.

3368 361 3478 427 246

168 468 324 538 punit,
373 473 436 519 ut
485 467 728 535 peccatis
775 465 998 522 ulterius
1038 465 1193 521 locus
1235 478 1356 520 esse
1407 469 1514 518 non
1561 459 1768 534 possit;
1801 468 1849 526 Α
1877 460 1975 516 Dei
2013 476 2246 517 vesanos
2288 452 2502 518 animos
2552 457 2896 533 convertisti,
2939 477 2996 524 ιιι
3045 472 3275 527 confusa
3325 489 3487 536 mens

169 575 278 616 nam
313 558 446 626 quid
499 559 654 614 aliud
697 569 840 614 tanta
893 575 1096 615 morum
1150 559 1443 614 sanctitate
1476 559 1770 626 promittis,

170 654 259 710 nisi
291 661 346 708 ut
373 654 549 707 vitam
593 654 805 709 beatam
843 653 1108 709 submotis
1147 651 1436 708 erroribus
1468 649 1773 720 agitemus?

170 746 220 802 in
243 759 343 816 quo
371 744 603 799 laudem
637 749 926 799 maximam
960 746 1063 799 luis
1092 754 1117 782 ει
1142 744 1310 799 video
1337 743 1630 797 convenire
1662 733 1775 796 vir-

173 839 388 906 tutibus,
425 840 583 908 quod
620 840 924 909 imperitam
963 848 1200 894 mentem
1245 838 1346 908 piis
1379 835 1775 892 hortationibus

171 931 495 995 immutaris,
533 943 590 986 et
621 933 684 985 ad
719 935 978 1002 optimam
1014 933 1254 987 traxeris
1279 931 1573 987 rationem.
1601 927 1774 983 Ca-te-

171 1039 276 1079 ruu'i
307 1039 418 1077 non
455 1026 532 1078 ita
566 1025 820 1080 mirabile
861 1025 1139 1080 videretur
1183 1026 1230 1079 si
1275 1022 1518 1098 eruditos
1561 1023 1774 1076 animos

171 1115 334 1171 infusa
362 1118 642 1186 sapientia
676 1118 1093 1183 conﬁrmasses;
1125 1126 1209 1172 est
1237 1117 1382 1171 enim
1414 1113 1774 1186 prudentibus

170 1209 290 1266 viris
317 1225 447 1264 eum
496 1209 792 1265 devotione
831 1211 1122 1282 cognatio,
1164 1225 1263 1266 uec
1295 1219 1377 1265 est
1426 1209 1534 1264 cito
1579 1224 1774 1264 conve-

171 1303 311 1358 niens
341 1302 370 1340 δ
405 1304 725 1358 credulitati
751 1306 1049 1360 rusticitas.
1072 1305 1162 1360 Sic
1196 1304 1272 1358 illi
1307 1304 1397 1373 qui
1427 1303 1635 1373 ﬁguras
1661 1303 1774 1356 ani-

170 1397 426 1450 mantium
481 1397 552 1450 de
612 1396 886 1465 lapidibus
934 1398 1160 1464 ducunt,
1213 1395 1546 1451 difﬁcilioris
1592 1393 1782 1465 operis

173 1489 442 1559 negotium
474 1500 702 1558 gerunt,
737 1489 785 1544 si
816 1488 1104 1545 durissima
1137 1505 1270 1546 saxa
1316 1489 1663 1546 ferramentis
1694 1489 1775 1544 in-

172 1584 374 1640 ειιιὶτιιιι
404 1603 417 1639 :
445 1586 525 1640 illi
572 1601 704 1641 vero
731 1586 822 1657 qui
863 1587 1410 1656 mollioris]materi:e
1443 1595 1774 1644 teutameuta

170 1678 549 1745 susceperint,
616 1693 808 1732 manus
869 1694 995 1734 suas
1045 1679 1224 1751 juvari
1283 1681 1528 1735 sentiunt
1595 1680 1769 1735 facili-

173 1778 270 1823 tate
307 1781 328 1807 ε
365 1770 668 1840 pingendi;
713 1783 1258 1843 consentaneumque
1304 1781 1544 1844 putatur,
1583 1783 1643 1831 ut
1689 1791 1775 1830 ar—

1874 555 2006 610 illud
2035 557 2290 612 Crederet
2319 573 2440 613 esse
2471 559 2863 628 rectissimum,
2889 577 3014 616 eum
3056 565 3314 622 omnibus
3345 567 3486 626 bene

1873 647 2142 718 beateque
2171 649 2380 716 vivere,
2409 666 2572 721 quam
2603 667 2727 708 cum
2765 655 2956 724 paucis
2985 655 3189 727 injusta
3217 661 3450 720 sentire.

2118 784 2176 840 S.
2223 784 2599 843 AL'GUSTINI
2641 789 2978 848 EPISTOLA
3010 793 3245 852 CXLIV.

1874 875 2202 947 Augustinus
2232 877 2557 934 Cirtensibus
2588 900 2620 935 α
2651 887 2881 952 factione
2927 885 3330 947 Donatistarum
3361 909 3490 951 con-
3567 907 3574 915 ‘

1946 969 2103 1022 versis
2133 970 2203 1022 ad
2237 967 2496 1025 Ecclesia:
2523 972 2799 1030 catholica:
2826 979 3126 1035 sacietatem
3149 985 3447 1056 gratulatur
3537 1025 3544 1030 -

1867 1097 1874 1102 «
1946 1062 2234 1122 admonens
2262 1075 2318 1118 ut
2347 1064 2445 1120 hoc
2469 1067 2645 1122 divino
2677 1070 2907 1125 tribuant
2937 1077 3166 1130 muneri.

1878 1178 2130 1233 Dominis
2156 1178 2583 1236 honorabilibus
2605 1193 2660 1238 et
2691 1185 2888 1240 merito
2911 1187 3310 1260 suscipiendis,
3353 1191 3489 1248 cha-

1948 1271 2190 1326 rissimis
2213 1287 2274 1326 ac
2296 1271 2791 1332 desideratisslmls
2815 1277 3082 1334 fratribus
3117 1282 3171 1335 in
3215 1283 3366 1339 omni
3397 1283 3498 1340 ho-

1951 1379 2149 1418 norum
2175 1363 2369 1435 gradu,
2397 1365 2779 1437 CIRTENSIBUS,
2805 1371 3145 1428 Avcusrmus
3172 1374 3490 1447 episcomis.

1985 1501 2024 1555 l.
2069 1500 2127 1557 Si
2178 1502 2231 1557 id
2279 1503 2426 1575 quod
2487 1505 2540 1562 in
2588 1516 2773 1561 vestra
2823 1507 3047 1564 civitate
3098 1525 3200 1564 nos
3245 1512 3495 1582 graviter

1876 1597 2266 1664 contristabat,
2302 1599 2660 1667 absumptum
2703 1610 2821 1667 est;
2847 1603 2894 1656 si
2927 1601 3133 1658 duritia
3167 1605 3349 1660 cordis
3382 1605 3488 1662 hu-

1878 1691 2025 1746 mani
2056 1691 2330 1746 resistens
2362 1692 2832 1748 mauilestissimas
2865 1701 2921 1747 et
2950 1694 3357 1762 quodammodo
3387 1713 3488 1768 pu-

1879 1785 2035 1841 blica:
2067 1786 2316 1842 veritatis
2345 1788 2397 1842 vi
2430 1785 2613 1842 evicta
2647 1795 2764 1854 est;
2798 1787 2841 1840 si
2869 1788 3014 1856 sapit
3039 1788 3276 1844 dulcedo
3314 1791 3487 1859 pacis,

175 1853 298 1918 duus
345 1864 503 1918 labor
551 1865 767 1936 opificis
809 1866 1018 1923 honore
1056 1869 1291 1923 maximo
1327 1879 1618 1925 censeatur
1652 1889 1664 1925 :
1701 1873 1770 1926 ita
1804 1863 1851 1922 B
1880 1878 2216 1949 unitatisque
2241 1879 2484 1934 cliaritas
2514 1894 2621 1934 non
2643 1878 2754 1947 jam
2789 1879 3107 1934 reverberat
3135 1881 3328 1938 oculos
3359 1897 3487 1938 sau-

176 1956 289 2022 tibi,
338 1958 570 2024 domne,
618 1960 940 2030 pra‘dicatio
976 1963 1270 2032 singularis
1315 1969 1399 2017 est
1439 1964 1769 2032 exhibenda,

85 2095 88 2098 .
175 2049 305 2120 quod
341 2048 632 2120 impolitos
681 2063 1031 2121 agrestesque
1079 2067 1278 2108 sensus
1325 2055 1499 2125 culpae
1545 2055 1774 2125 caligine

175 2142 448 2209 liberatos,
493 2151 554 2198 et
597 2141 836 2198 ltumana
870 2147 1075 2201 sentire
1122 2144 1341 2211 feceris,
1384 2156 1438 2202 et
1467 2149 1653 2202 divina
1684 2164 1777 2203 co-

178 2250 454 2305 gnoscere.

245 2327 304 2383 ll.
338 2328 458 2383 Non
494 2329 682 2384 minus
714 2331 804 2384 ille
828 2330 1173 2386 Xenocrates
1198 2334 1250 2386 in
1281 2331 1574 2404 laudeest,
1603 2333 1777 2404 philo-

180 2421 466 2492 SOphorum
528 2421 694 2493 longe
742 2423 1118 2491 doctissimus,
1176 2425 1266 2494 qui
1319 2426 1531 2480 severis
1579 2426 1776 2481 exhor-

183 2515 467 2570 tationibus
514 2513 649 2569 fecit
695 2525 751 2570 ut
797 2516 1013 2570 luxuria
1058 2520 1378 2572 vinceretur
1423 2537 1436 2572 :
1482 2535 1604 2573 nam
1653 2534 1774 2573 cum

183 2608 396 2663 Polemo
426 2609 654 2680 quidam
688 2611 817 2664 vino
849 2611 1136 2681 languidus
1164 2627 1230 2665 ex
1279 2612 1606 2669 antelucano
1642 2629 1774 2668 eou-

187 2703 320 2756 vivio
365 2703 581 2772 publice
632 2712 945 2773 vagaretur,
999 2703 1242 2774 illudque
1293 2709 1558 2776 temporls
1607 2715 1775 2776 esset,

189 2811 284 2866 quo
310 2799 372 2850 ad
398 2797 746 2868 gymnasium
773 2797 1092 2852 Xenocratis
1117 2798 1452 2855 confluerent
1473 2801 1777 2868 auditores,

190 2889 455 2959 ingressus
492 2899 548 2945 et
585 2893 707 2960 ipse
747 2901 852 2957 est,
886 2898 942 2946 et
972 2891 1022 2945 in
1063 2909 1290 2948 numero
1314 2895 1681 2950 studiosorum
1712 2911 1778 2950 eo

191 2979 364 3035 habitu
395 2997 504 3052 quo
532 2981 602 3037 de
644 2998 804 3038 cmna
839 2983 1117 3051 prodierat
1141 2969 1503 3056 impudenter
1538 2990 1775 3055 assedit;

196 3089 309 3127 nam
351 3083 514 3144 caput
561 3075 682 3144 ejus
721 3075 925 3130 florens
971 3091 1176 3132 corona
1207 3089 1555 3147 contexerat;
1605 3096 1779 3150 neque

193 3176 266 3220 εει
299 3169 502 3222 veritus
543 3183 606 3222 se
637 3167 894 3222 omnibus
939 3167 1111 3224 videri
1153 3167 1544 3236 dissimilem,d
1577 3173 1663 3228 cui
1696 3188 1777 3227 rc-

1875 1971 2010 2038 cios,
2042 1971 2139 2025 sed
2165 1987 2328 2026 sanos
2384 1961 2626 2026 illustrat
2663 1987 2727 2026 ac
2751 1982 3011 2043 vegetat;
3063 1988 3175 2026 non
3211 1983 3338 2029 stmt
3368 1973 3487 2030 tunc

1877 2079 2041 2136 Opera
2078 2074 2291 2132 nostra,
2325 2065 2424 2120 sed
2460 2065 2552 2120 Dei
2589 2084 2603 2120 :
2640 2081 2750 2121 nou
2787 2064 2904 2120 haec
2932 2065 3194 2121 humanis
3227 2068 3494 2136 operibus

1878 2158 2102 2213 omniuo
2143 2159 2465 2225 tribuerem,
2502 2174 2604 2212 nec
2632 2159 2678 2212 si
2717 2173 2840 2214 eum
2895 2157 3040 2227 apud
3071 2173 3168 2214 vos
3211 2175 3485 2228 essemus,

1879 2262 2027 2307 tanta
2080 2254 2377 2308 conversio
2420 2251 2795 2306 multitudinis
2827 2253 2992 2306 nobis
3050 2253 3406 2322 loquentibus
3433 2265 3488 2311 et

1880 2345 2226 2399 hortantibus
2275 2345 2614 2415 proveniret.
2669 2343 2785 2399 Hoc
2828 2344 2940 2414 agit
2972 2343 3066 2398 ille
3094 2351 3152 2400 et
3174 2344 3365 2409 efﬁcit,
3387 2348 3480 2416 qui

1880 2452 1979 2508 per
2028 2437 2309 2491 ministros
2360 2451 2490 2491 suos
2540 2451 2724 2491 rerum
2769 2434 2942 2506 signis
2994 2437 3339 2494 extrinsecus
3381 2440 3483 2494 ad—

1883 2538 2086 2593 monet,
2115 2530 2278 2583 rebus
2302 2540 2482 2582 autem
2511 2527 2643 2598 ipsis
2664 2543 2762 2598 per
2789 2543 2848 2582 se
2872 2528 3048 2594 ipsum
3086 2515 3105 2565 Ῐ
3139 2531 3483 2587 e'XIrinsecus

1879 2622 2061 2678 docet.
2108 2622 2217 2678 Nec
2262 2622 2383 2677 ideo
2427 2623 2638 2693 pigrius
2670 2623 2875 2677 moveri
2911 2637 3016 2677 nos
3047 2632 3266 2689 Oportet
3298 2625 3364 2680 ad
3395 2628 3477 2681 vi-

1878 2717 2080 2772 sendos
2124 2733 2240 2780 vos,
2292 2718 2551 2787 quoniam
2601 2715 2871 2785 quidquid
2920 2716 2974 2771 in
3012 2716 3168 2771 vobis
3207 2717 3483 2775 laudabile

1880 2818 1962 2862 est
2009 2807 2235 2873 factum,
2279 2823 2385 2861 non
2421 2823 2451 2862 a
2483 2806 2664 2871 nobis,
2696 2807 2791 2862 sed
2819 2805 2889 2862 ab
2922 2808 3018 2862 illo
3051 2810 3251 2864 factum
3284 2821 3370 2865 est
3395 2814 3483 2880 qui

1882 2901 2009 2970 facit
2050 2899 2305 2952 mirabilia
2345 2896 2488 2952 solus
2536 2896 2718 2970 (Ρεαι.
2752 2915 2904 2965 Lxxt,
2952 2898 3078 2970 18).
3123 2899 3293 2955 Multo
3334 2909 3478 2960 enim

1880 2992 2116 3045 alacrius
2143 2990 2407 3045 debemus
2436 3005 2730 3046 accurrere
2758 2991 2824 3046 ad
2863 2992 3166 3060 spectanda
3200 3007 3367 3062 opera
3399 2994 3481 3050 di-

1883 3084 2026 3150 vina,
2054 3098 2214 3152 quam
2249 3091 2433 3137 nostra
2467 3098 2481 3147 ;
2509 3085 2634 3152 quia
2666 3093 2720 3136 et
2746 3097 2847 3138 nos
2875 3084 2918 3137 si
2950 3083 3080 3152 quid
3108 3083 3235 3138 boni
3263 3101 3475 3149 sumus,

1882 3191 2020 3242 Opus
2072 3176 2238 3236 illius,
2277 3191 2384 3228 non
2417 3173 2696 3229 hominum
2746 3189 2953 3230 sumus.
2988 3175 3142 3231 Unde
3183 3178 3480 3245 Apostolus

193 3275 314 3314 vera
358 3271 542 3330 caput,
593 3260 738 3329 quod
784 3269 869 3313 est
919 3261 1256 3316 domicilium
1309 3266 1558 3318 sanitatis
1583 3307 1597 3330 ,
1649 3281 1779 3322 usus
1808 3257 1852 3320 C
1885 3273 2024 3327 dixit
2053 3292 2065 3327 :
2101 3270 2282 3342 Neque
2307 3271 2394 3341 qui
2421 3270 2627 3342 plantat
2651 3279 2724 3324 est
2756 3270 2980 3341 aliquid,
3011 3288 3173 3340 neque
3195 3272 3282 3342 qui
3307 3273 3478 3343 rigat;

196 3353 354 3422 longae
387 3352 626 3422 potionis
656 3353 973 3406 inverterat.
1004 3353 1156 3407 Tunc
1185 3358 1426 3423 graviter
1456 3357 1779 3412 immurmu-

196 3446 422 3500 rantibus
468 3445 715 3512 caneris,
761 3445 905 3516 quod
958 3447 1010 3499 in
1060 3447 1462 3504 multitudinem
1511 3451 1778 3506 litterato-

197 3551 303 3590 rum
336 3532 754 3607 intempestivus
784 3538 1000 3592 auditor
1028 3538 1362 3609 irrepserat;
1399 3558 1466 3598 ne
1493 3544 1776 3598 minimum

197 3629 396 3698 quidem
426 3633 689 3702 magister
717 3633 810 3687 ille
851 3645 1160 3688 conuuotus
1205 3645 1309 3700 est,
1355 3637 1451 3692 sed
1493 3639 1672 3706 potius
1711 3637 1781 3694 de

197 3721 464 3792 disciplina
496 3737 712 3778 urorum
741 3723 1056 3794 legibusque
1092 3727 1375 3782 modesﬁze
1402 3728 1638 3783 instituit
1669 3729 1779 3783 dis-

199 3825 400 3884 putare;
433 3825 757 3885 tantumque
789 3821 954 3870 valuit
976 3817 1224 3872 docentis
1252 3821 1568 3883 auctoritas,
1602 3830 1656 3874 ut
1687 3838 1778 3888 pe-

199 3911 402 3966 tulautis
421 3911 568 3966 illius
589 3909 834 3964 animum
854 3909 919 3963 ad
945 3924 1185 3965 amorem
1211 3911 1434 3980 pudoris
1449 3911 1775 3983 impelleret.

199 4001 262 4056 Et
302 4007 474 4074 primo
521 4004 740 4074 quidem
794 4004 1014 4058 Polemo
1065 4019 1325 4062 coronam
1373 4007 1554 4074 capite
1592 4017 1613 4044 ε
1642 4022 1775 4062 eon-

203 4095 432 4151 turbatus
459 4097 738 4167 deposuit,
773 4097 1217 4168 discipulumque
1251 4098 1531 4168 professus
1557 4105 1673 4164 est;
1710 4099 1776 4154 ad

200 4199 483 4246 extremum
510 4192 581 4244 ita
601 4205 662 4244 se
683 4189 750 4244 ad
775 4189 1014 4244 ofﬁcium
1040 4193 1328 4260 gravitatis
1355 4193 1584 4256 inﬂexit,
1612 4207 1782 4260 seque

203 4292 355 4339 totum
409 4283 664 4339 formavit
715 4284 780 4337 ad
831 4284 1237 4352 verecundiam,
1293 4296 1349 4339 ut
1405 4285 1606 4356 prioris
1655 4283 1780 4340 vitae

202 4377 634 4434 consuetudinem
665 4375 977 4438 emendatio
1007 4369 1246 4447 gloriosa
1275 4380 1631 4434 correxisset.
1668 4377 1780 4432 l’loc

203 4470 341 4540 ipsud
372 4489 468 4527 ιιος
511 4473 563 4525 iu
601 4471 709 4525 tuis
741 4472 1202 4542 praeceptionilnis
1235 4472 1595 4540 admiramur,
1636 4471 1780 4542 quod

204 4566 350 4621 nullis
389 4567 573 4632 uiiuis,
621 4565 786 4622 nullis
833 4564 1062 4621 omnino
1105 4566 1408 4622 terroribus
1455 4567 1523 4622 ad
1572 4566 1780 4621 cultum

1883 3367 1974 3422 sed
1998 3365 2086 3436 qui
2114 3365 2483 3418 incrementum
2511 3363 2620 3425 ttat,
2648 3361 2791 3416 Deus
2822 3362 3021 3434 (ler.
3058 3373 3138 3429 ιιι,
3167 3361 3256 3434 Ἰ).

1956 3459 2019 3514 ll.
2061 3457 2405 3512 Xenocrates
2453 3455 2831 3518 Polemonem,
2888 3461 2948 3507 ut
2996 3454 3258 3520 scribitis,
3293 3462 3344 3508 et
3374 3467 3474 3510 nos

1884 3562 1908 3599 8
1930 3568 1995 3608 ex
2028 3551 2134 3604 illis
2165 3549 2362 3603 litteris
2395 3547 2775 3612 recordamur,
2806 3545 2874 3601 de
2901 3547 3055 3615 fruge
3097 3547 3474 3616 temperantia

1881 3644 2232 3716 disputando,
2267 3647 2371 3698 non
2402 3639 2578 3696 solum
2608 3640 2911 3706 ebriosum,
2943 3653 3130 3694 verum
3153 3637 3320 3696 etiam
3352 3641 3483 3696 tunc

1881 3739 2120 3802 ebrium,
2150 3734 2215 3790 ad
2251 3741 2430 3788 mores
2471 3731 2609 3787 alios
2658 3741 2884 3802 repente
2934 3733 3225 3788 convertit.
3272 3733 3478 3799 Quam-

1882 3846 2045 3902 quam
2077 3845 2210 3898 ergo
2241 3829 2351 3890 ille,
2385 3827 2524 3881 sicut
2551 3825 2853 3895 prudenter
2875 3837 2930 3880 et
2956 3825 3234 3878 veraciter
3263 3823 3481 3878 intelle-

1882 3925 2067 3989 xisris,
2107 3939 2215 3977 non
2261 3924 2369 3975 Deo
2399 3920 2564 3976 fuerit
2596 3919 2923 3990 acquisitus',
2956 3919 3057 3974 sed
3090 3929 3296 3973 tantum
3325 3935 3354 3971 a
3385 3919 3484 3972 do-

1884 4021 2097 4076 minatu
2169 4016 2396 4084 luxuriae
2473 4015 2783 4069 liberatos:
2830 4023 3009 4066 tamen
3068 4027 3136 4066 ne
3190 4012 3242 4066 id
3283 4012 3480 4080 ipsum

1881 4111 2127 4181 quidem,
2179 4107 2322 4178 quod
2374 4107 2568 4160 melius
2618 4095 2669 4159 iu
2720 4120 2787 4160 eo
2829 4105 3030 4157 factum
3082 4113 3189 4169 est,
3244 4102 3484 4157 humano

1883 4203 2036 4274 operi
2066 4201 2372 4263 tribuerim,
2402 4197 2495 4253 sed
2521 4197 2724 4252 divino.
2751 4197 2928 4264 Ipsius
2948 4205 3182 4264 namque
3204 4197 3481 4264 corporis.

1883 4293 2030 4366 quod
2065 4304 2149 4348 est
2178 4291 2454 4348 inﬁrmum
2481 4297 2752 4353 nostrum,
2784 4287 2829 4341 si
2857 4302 2960 4355 qua
2995 4286 3134 4339 bona
3167 4295 3316 4352 sunt,
3341 4286 3486 4341 sicut

1884 4385 2060 4441 forma
2091 4393 2143 4438 el
2173 4385 2318 4437 vires
2344 4390 2400 4436 et
2421 4381 2589 4445 salus,
2619 4389 2673 4433 et
2700 4378 2744 4432 si
2777 4377 2908 4447 quid
2937 4377 3213 4444 ejusmodi
3245 4387 3350 4440 est,
3372 4393 3480 4431 non

1884 4481 2016 4535 sunt
2066 4477 2169 4533 nisi
2203 4469 2268 4530 ex
2319 4475 2433 4529 Deo
2475 4484 2730 4528 creatore
2777 4482 2831 4526 et
2872 4468 3196 4540 perfectore
3247 4479 3487 4536 naturte;

1887 4581 2094 4644 quanto
2128 4571 2298 4640 magis
2319 4568 2486 4624 animi
2513 4567 2654 4624 bona
2676 4565 2881 4620 donare
2905 4563 3088 4627 nullus
3113 4563 3258 4618 alius
3278 4564 3487 4638 potest!

207 4730 424 4787 clierius.
463 4727 539 4788 De
581 4741 689 4799 qua
729 4730 962 4801 epistola
998 4730 1312 4796 huiusmodi
1355 4727 1621 4800 judicium
1660 4731 1780 4784 tulit
1812 4735 1866 4796 D
1893 4734 2038 4790 dinis
2070 4732 2356 4786 adhibetur
2387 4747 2399 4783 :
2430 4733 2545 4801 qua:
2569 4735 2651 4780 est
2684 4709 2927 4795 ejusdem
2962 4721 3024 4778 ν.
3058 4709 3122 4780 C.
3149 4721 3482 4789 emendatio,

210 4815 375 4876 noster
403 4804 765 4876 Hieronymus
793 4804 860 4857 de
890 4803 1050 4857 Prato
1079 4802 1133 4856 in
1163 4805 1370 4876 praefat.
1399 4802 1463 4853 ad
1494 4818 1622 4876 opp.
1657 4801 1782 4876 Sui:

211 4873 315 4944 pirii
343 4876 534 4943 Severi,
573 4871 706 4929 tom.
739 4874 779 4938 Ι,
812 4891 934 4944 pag.
968 4877 1038 4930 δί).
1071 4893 1082 4927 :
1125 4894 1142 4924 ι
1167 4871 1325 4944 Ego,
1361 4871 1693 4944 inquit.non
1721 4873 1788 4925 ad

211 4941 492 5007 Paulinum,
519 4941 635 5001 sed
675 4947 741 5000 ad
774 4941 1136 5016 A'ugustinum
1171 4943 1349 5016 datam
1406 4941 1784 5012 deprehendo,

193 5026 303 5072 ‘nou
327 5038 351 5070 a
383 5020 624 5089 Sulpicio
652 5015 880 5082 Severo,
913 5020 1007 5070 sed
1042 5019 1261 5089 nomine
1286 5015 1551 5070 Cirtensis
1575 5017 1784 5089 plebis;

214 5091 287 5143 cui
309 5087 556 5144 nimirum
585 5091 919 5160 Augustinus
940 5088 1235 5157 respondet
1262 5089 1513 5154 epistola,
1534 5105 1667 5160 qua;
1690 5087 1788 5139 Sub

214 5173 341 5216 num.
380 5163 478 5216 Mt
505 5163 560 5217 in
591 5156 723 5216 edit.
759 5160 859 5214 l’P.
897 5156 1124 5214 ltlauriu.
1159 5170 1493 5211 recensetur.
1524 5156 1790 5211 Confera-

217 5238 305 5304 tur,
332 5248 530 5304 qumSo,
564 5245 794 5301 utraque
828 5244 966 5286 inter
991 5248 1052 5285 se
1080 5230 1311 5304 cpi.[0|a
1352 5231 1659 5299 diligenter,
1695 5243 1790 5295 νο-

219 5303 458 5360 ιὶεείιιῖιιιιι
511 5308 562 5358 iu
615 5305 926 5359 Polemonis
978 5303 1277 5370 exemplo;
1331 5311 1384 5354 et
1433 5305 1621 5354 verum
1669 5311 1791 5353 esse

217 5379 336 5442 quod
366 5379 484 5431 dico
507 5379 737 5446 quisque
769 5375 1025 5429 fatebitur
1051 5393 1064 5426 :
1090 5374 1139 5427 id
1167 5373 1460 5435 indicasse,
1489 5370 1618 5446 mihi
1645 5385 1790 5424 nunc

218 5441 444 5502 Sufficiat.
487 5441 760 5504 (Steterunt
810 5447 1041 5516 epistula
1087 5447 1202 5499 hinc
1251 5441 1790 5516 perperatn_Severo

219 5521 448 5589 eseripta,
481 5521 666 5575 tnutila
703 5514 916 5572 videtur
947 5517 1104 5571 initio
1145 5528 1198 5571 et
1242 5516 1292 5569 in
1327 5518 1451 5589 fine,
1496 5534 1514 5565 ι
1550 5514 1673 5567 Ilmc
1711 5516 1793 5567 vir

221 5588 455 5659 eruditus.
487 5592 654 5659 Cujus
677 5592 896 5659 (pridem
929 5591 1287 5659 sententiain
1313 5588 1526 5659 plenius
1552 5592 1789 5659 Constet,

223 5657 327 5715 huic
345 5657 585 5731 epi~tolie
604 5665 635 5717 7
660 5657 888 5715 alteram
913 5663 971 5714 S.
1002 5657 1287 5729 Augustini
1323 5658 1486 5710 modo
1519 5657 1791 5710 laudatam

143 5757 150 5762 -
226 5732 958 5801 sulijiriendamcuravimus.

288 5799 319 5839 λῇ
345 5805 509 5860 Video.
541 5807 650 5861 Ant
696 5805 834 5859 vides
883 5803 1254 5874 reponendum
1302 5807 1394 5853 aut
1440 5799 1715 5874 ridemus;
1745 5800 1795 5853 in

237 5879 337 5932 toto
379 5894 606 5959 namque
650 5878 897 5955 epistolae
945 5871 1205 5933 contextu
1251 5887 1512 5928 numerus
1555 5871 1799 5928 multitu-

1895 4805 2240 4878 anns_ntodo
2269 4800 2633 4878 meminimus.
2672 4869 2722 4878 Μ
2963 4866 2974 4878 1
3217 4865 3230 4878 0

1965 4866 1992 4913 Ῑ³
2025 4875 2329 4931 Credulitati
2358 4874 2636 4926 rusticitas.
2653 4869 2758 4923 .Sic
2781 4866 3076 4923 emendare
3101 4866 3258 4921 libuit
3281 4867 3484 4923 Daclie-

1895 4948 2000 5011 rio,
2039 4963 2160 5000 cum
2187 4955 2342 4999 antea
2375 4945 2649 5012 legeretur
2683 4940 2996 4994 crudelitati.
3026 4939 3270 5012 Clericus
3304 4949 3482 4994 tamen

1895 5033 1998 5072 ms.
2031 5018 2236 5071 codicis
2264 5011 2550 5070 lectionem
2580 5011 2874 5064 cruda/irati
2901 5011 3143 5075 retinuit,
3173 5024 3358 5064 vocem
3388 5026 3479 5065 ex-

1897 5104 2102 5158 ponens
2131 5089 2419 5151 severitati;
2450 5086 2628 5152 aitque
2657 5086 2797 5136 hunc.
2827 5097 3047 5158 sensum
3077 5085 3366 5158 sequentia
3392 5081 3490 5136 do-

1896 5152 2042 5214 cere.
2071 5159 2126 5212 lu
2154 5161 2271 5225 ejus
2297 5169 2474 5210 tamen
2508 5163 2831 5225 sententiam
2862 5152 3001 5206 haud
3035 5155 3282 5221 equalem
3313 5153 3488 5206 ierim.

1971 5241 1992 5268 ο
2032 5224 2306 5299 Pingendi.
2339 5227 2394 5282 lu
2427 5224 2674 5281 Daclici-ii
2707 5225 3000 5299 eiiitiOnem
3027 5239 3127 5299 qua
3159 5236 3303 5289 utor,
3336 5240 3484 5299 tuen.

1894 5300 2022 5356 dum
2057 5293 2302 5368 suspicor
2349 5301 2671 5368 irrepsisse;
2705 5294 2952 5364 adeoque
2994 5295 3177 5349 malim
3209 5309 3329 5348 cum
3358 5293 3476 5348 Cle-

1895 5374 2007 5428 riCti
2033 5371 2255 5441 ﬁngendi
2266 5411 2278 5423 .

1967 5441 1993 5479 ἀ
2027 5435 2128 5497 Cui
2151 5458 2325 5497 revera
2348 5449 2570 5510 caput...
2595 5454 2718 5492 usus
2743 5438 2779 5491 f.
2807 5455 2858 5509 p.
2883 5435 3444 5510 inverterat._Clericns
3467 5451 3481 5487 :

1896 5515 1982 5586 qui
2012 5531 2184 5586 revera
2208 5507 2431 5586 caput...
2450 5529 2554 5586 usu
2580 5511 2617 5565 ι.
2659 5507 3027 5586 p._i‘nverterat.
3057 5509 3163 5562 Sed
3190 5507 3286 5559 hac
3307 5522 3485 5560 emen-

1899 5581 2116 5658 datione
2141 5581 2290 5658 locus
2320 5585 2458 5638 haud
2491 5598 2650 5658 egere
2682 5581 2910 5658 Vidt'lllf-
2939 5651 2949 5658 _
3020 5647 3057 5658 ,,
3134 5649 3144 5658 ,
3234 5646 3244 5656 .
3429 5647 3438 5658 .
3465 5644 3477 5658 .

1977 5665 2000 5694 ε
2025 5656 2267 5710 Conturb.
2299 5647 2551 5727 deposuit:
2592 5654 2663 5708 Ita
2703 5651 2978 5727 rescripsit
3020 5647 3354 5727 Dacherius,
3391 5647 3480 5700 ubi

1905 5737 2022 5784 erat
2049 5738 2302 5799 €1p08utl.
2336 5721 2404 5780 A't
2435 5729 2576 5781 tiler.
2606 5741 2634 5778 a
2664 5739 2764 5778 ms.
2794 5721 2980 5776 codice
3009 5734 3113 5773 non
3139 5721 3383 5771 recessit.
3419 5735 3483 5789 Α

1985 5799 2003 5837 ί
2051 5806 2125 5852 Au
2158 5800 2549 5870 intrinsecus?
2791 5863 2802 5870 _
2861 5861 2873 5870 _
2977 5869 2982 5870 ν

1983 5881 2007 5922 8
2050 5871 2216 5940 Editi,
2247 5887 2310 5927 ex
2333 5871 2498 5926 illius.
2527 5869 2598 5929 At
2626 5879 2758 5922 mss.
2791 5861 2991 5919 habent
3021 5875 3084 5917 ex
3117 5856 3243 5918 illis.
3274 5855 3378 5919 ΒΒ.
