4056 6340
528 286 634 343 947

1559 279 1620 337 S.
1659 275 2111 336 CHROMATIUS
2149 275 2260 334 ΕΡ.
2301 275 2800 347 AQUILEIENSIS.
3714 281 3811 338 ἣδε

521 397 653 470 quid
704 397 850 454 enim
906 397 1158 468 superius
1199 396 1286 452 vel
1331 396 1605 468 ingratius
1659 396 1904 468 cegitare
1949 403 2131 466 potest
2159 393 2352 464 Aipsa
2395 409 2526 451 vero
2555 395 2904 450 dissensione
2946 411 3071 467 qum
3115 397 3264 452 inter
3294 395 3541 452 homines
3570 406 3683 454 orta
3734 410 3810 457 est

524 491 766 546 humana
791 490 1073 557 vecordia,
1101 489 1148 545 si
1173 490 1451 560 putaverit
1475 505 1598 545 cum
1631 504 1798 545 carne
1839 489 2130 561 pulchrum

523 584 694 641 faciat
741 586 883 640 Deus
934 583 1232 647 hominem,
1285 586 1471 639 animo
1516 593 1732 639 eastum
1791 586 1858 641 ab
1909 585 2134 641 homine

526 679 687 734 ﬁeri?
721 677 835 733 Hoc
882 679 936 732 in
971 678 1112 732 libro
1164 675 1495 733 Christiana:
1539 677 1825 748 sapientia:
1869 679 2133 748 scriptum

526 779 652 826 est:
679 768 808 825 Cum
857 772 1062 836 scirem,
1103 771 1300 840 inquit.
1348 771 1469 838 quia
1492 786 1638 825 nemo
1675 787 1784 826 esse
1821 779 1987 843 potest
2011 788 2137 825 con-

529 863 726 928 tinens,
776 863 878 916 nisi
919 860 1062 916 Deus
1089 863 1210 926 det;
1267 861 1445 917 ethoc
1484 864 1661 933 ipsum
1707 875 1816 918 erat
1847 865 2132 936 sapientiae,

530 958 665 1011 scire
692 958 845 1027 cujus
877 965 1009 1011 esset
1032 958 1129 1010 hoc
1157 957 1355 1011 donum
1383 957 1549 1030 (Scip.
1583 975 1701 1024 vttt,
1735 959 1796 1013 2i
1824 960 1868 1030 ).
1914 960 2137 1014 Polemo

528 1066 686 1122 ergo,
731 1051 777 1105 si
825 1066 891 1106 ex
925 1051 1207 1105 luxurioso
1261 1051 1556 1106 continens
1611 1053 1786 1108 factus
1848 1053 1922 1107 ita
1966 1055 2138 1108 sciret

528 1145 689 1214 cujus
720 1158 858 1201 esset
889 1145 991 1200 hoc
1021 1144 1245 1211 donum,
1282 1155 1340 1200 ut
1367 1161 1491 1201 eum
1524 1147 1755 1216 abiectis
1785 1146 2138 1217 superstitio-

531 1238 698 1292 nibus
730 1240 817 1307 pie
844 1239 1084 1305 Coleret;
1129 1255 1239 1294 non
1269 1239 1447 1294 solum
1481 1241 1798 1304 continens,
1843 1240 1938 1294 sed
1966 1241 2135 1296 etiam

530 1333 808 1388 veraciter
839 1335 1062 1404 sapiens
1091 1344 1145 1388 et
1176 1334 1473 1388 salubriter
1495 1333 1788 1403 religiosus
1816 1338 2136 1389 exsisteret:

530 1426 677 1496 quod
711 1426 760 1482 ei
793 1442 900 1480 non
937 1435 1150 1481 tantum
1207 1425 1272 1481 ad
1295 1426 1584 1495 prmsentis
1615 1426 1740 1479 vita:
1769 1426 2138 1492 honestatem,

528 1535 720 1575 verum
750 1529 805 1574 et
834 1519 901 1574 ad
935 1518 1134 1574 futurae
1157 1519 1630 1574 immortalitatem
1655 1519 1896 1574 Valeret.
1922 1518 2140 1586 Quanto

530 1613 716 1669 minus
772 1612 939 1682 igitur
998 1613 1130 1666 mihi
1179 1627 1441 1682 arrogare
1486 1612 1660 1667 debeo
1719 1613 2142 1666 conversionem

531 1711 696 1764 istam
745 1718 985 1764 vestram
1015 1708 1100 1762 vel
1130 1707 1320 1777 potiuli
1351 1706 1545 1774 vestri,
1579 1721 1744 1776 quam
1779 1706 1944 1760 modo
1975 1705 2139 1760 nobis

2239 486 2365 559 (qui
2417 489 2742 559 qualeslibet
2790 487 3022 556 fuerint,
3073 505 3187 545 non
3235 492 3422 562 utique
3469 491 3810 562 prmjudicant

2240 580 2524 649 promissis
2573 579 2690 644 Dei,
2734 582 2825 652 qui
2877 581 3019 636 dixit
3065 581 3131 637 ad
3161 583 3439 638 Abraham
3477 602 3490 642 :
3523 583 3585 639 In
3634 587 3811 644 semine

2241 685 2330 730 tuo
2358 675 2722 730 benedicentur
2748 693 2921 731 omnes
2960 688 3137 747 gentes
3169 677 3337 750 (Gen.
3361 696 3510 744 XXVI,
3540 679 3636 751 4):
3678 684 3811 752 quod

2240 766 2508 824 creditum
2540 777 2625 823 est
2653 784 2774 824 cum
2823 770 3107 825 audiretur
3158 771 3498 842 prardictum,
3525 781 3579 827 et
3605 786 3815 840 negatur

2241 879 2364 920 cum
2395 864 2609 920 videtur
2643 864 2947 935 impletum)
2980 863 3086 920 hoc
3119 875 3333 921 tantum
3369 868 3591 922 interim
3615 869 3816 924 brevis-

2241 957 2464 1025 simum,
2513 967 2568 1013 et
2611 959 2712 1014 nisi
2755 959 2912 1015 fallor
2960 961 3383 1016 invictissimum
3435 962 3693 1030 cogitent,
3734 971 3818 1019 aut

2241 1059 2418 1103 actam
2465 1063 2586 1105 esse
2627 1050 2789 1106 istam
2831 1069 3054 1108 causam
3086 1055 3140 1109 in
3167 1054 3818 1112 ecclesiasucotraosma-

2243 1142 2365 1196 rino
2388 1141 2620 1210 judicio,
2647 1154 2739 1198 aut
2760 1158 2867 1200 non
2894 1161 3016 1202 esse
3045 1157 3246 1204 actam.
3273 1146 3329 1202 Si
3349 1155 3470 1202 acta
3501 1147 3572 1202 ibi
3603 1164 3701 1204 non
3721 1159 3816 1219 est,

2243 1235 2508 1291 innocens
2535 1245 2618 1291 est
2646 1237 2855 1294 Christi
2888 1241 3128 1297 societas
3162 1257 3258 1313 per
3299 1257 3496 1298 omnes
3523 1246 3820 1300 transmari-

2246 1345 2342 1384 nas
2381 1341 2594 1399 gentes,
2645 1332 2803 1403 cujus
2832 1335 3111 1389 societatis
3148 1351 3250 1390 nos
3288 1337 3674 1392 communione
3701 1353 3821 1407 gau-

2245 1422 2472 1486 demus;
2501 1435 2555 1478 et
2587 1423 2711 1480 ideo
2739 1424 2808 1480 ab
2836 1427 2916 1481 eis
2943 1427 3327 1483 innocentibus
3357 1428 3545 1500 utique
3574 1430 3822 1500 sacrilega

2245 1514 2606 1584 diremptione
2656 1527 2999 1586 separantur.
3055 1519 3111 1575 Si
3161 1535 3296 1575 vero
3341 1531 3463 1576 acta
3499 1528 3582 1576 est
3611 1519 3680 1574 ibi
3726 1521 3818 1575 ista

2246 1623 2431 1675 causa,
2467 1609 2588 1678 quis
2633 1625 2741 1664 non
2789 1609 3080 1682 intelligat,
3122 1615 3245 1683 quis
3289 1630 3396 1667 non
3430 1613 3652 1679 sentiat,
3711 1613 3824 1682 quis

2247 1716 2356 1756 non
2383 1701 2584 1767 videat,
2606 1717 2700 1757 eos
2726 1703 2779 1757 in
2803 1719 2865 1758 ea
2887 1705 3081 1770 victos,
3111 1719 3340 1775 quorum
3373 1705 3499 1761 inde
3529 1706 3825 1761 εοιηιιιιιιιίο

533 1803 867 1866 nuntiastis;
916 1818 1040 1872 quae
1073 1817 1160 1856 me
1191 1816 1292 1856 nec
1335 1800 1614 1871 loquente,
1647 1815 1747 1867 nec
1775 1801 1967 1856 saltem
2001 1817 2139 1871 pra:-
2170 1801 2215 1860 B
2245 1804 2495 1866 separata
2527 1796 2653 1850 est?
2699 1795 2919 1866 Eligant
2949 1813 3078 1868 ergo
3112 1807 3292 1853 utrum
3347 1799 3542 1853 malint
3585 1797 3816 1866 credere,

534 1905 718 1960 sente,
770 1895 964 1964 procul
1017 1894 1184 1950 dubio
1231 1893 1496 1950 divinitus
1547 1895 1688 1950 facta
1717 1905 1821 1960 est,
1850 1895 1902 1949 in
1944 1895 2139 1964 quibus

533 1987 808 2043 veraciter
829 1987 970 2043 facta
996 1988 1113 2042 est!
1153 1988 1265 2043 lloc
1285 1988 1467 2058 itaque
1488 1989 1773 2060 praecipue
1797 1989 2138 2058 cognoscite,

532 2079 642 2134 hoc
689 2084 774 2150 pie
819 2079 1210 2150 humiliterque
1259 2081 1520 2151 cogitate.
1578 2080 1710 2143 Deo,
1768 2080 1993 2146 fratres,
2031 2081 2140 2135 Deo

535 2174 741 2244 gratias
787 2174 962 2242 agite;
1015 2173 1187 2228 Deum
1223 2172 1430 2240 timete,
1466 2187 1534 2228 ne
1567 2172 1875 2239 deficiatis;
1930 2182 2135 2240 amate,

538 2275 600 2322 ut
626 2264 950 2338 proﬁciatis.

610 2358 705 2414 ΙΙΙ.
749 2357 809 2414 Si
835 2366 1020 2413 autem
1055 2357 1237 2413 adhuc
1268 2357 1540 2427 quosdam
1569 2373 1727 2413 amor
1769 2357 2008 2412 hominis
2049 2371 2142 2413 oc-

539 2451 692 2508 culte
718 2459 993 2521 segregat,
1018 2459 1074 2506 et
1091 2451 1254 2505 timor
1281 2450 1518 2504 hominis
1542 2449 1809 2504 fallaciter
1825 2460 2137 2520 congregat;

2243 1887 2386 1958 quod
2434 1889 2927 1958 pronuntiaverunt
2971 1891 3325 1948 ecclesiastici
3386 1894 3715 1963 cognitores,
3764 1906 3826 1947 an

2244 1980 2390 2052 quod
2441 1991 2783 2038 murmurant
2812 1984 2942 2038 victi
2993 1983 3325 2053 litigatores.
3371 1985 3653 2040 Adversus
3684 1986 3827 2038 istam

2245 2075 2678 2144 complexionem
2709 2074 2854 2130 dictu
2889 2075 3293 2140 brevissimam,
3331 2079 3626 2135 intelleetu
3651 2078 3829 2133 facilli-

2245 2183 2412 2234 mam,
2457 2167 2724 2224 attendite
2785 2184 2883 2239 pro
2932 2178 3113 2226 vestra
3173 2171 3468 2242 prudentia
3522 2173 3824 2243 diligenter,

2242 2277 2404 2332 quam
2436 2260 2567 2315 nihil
2591 2261 2832 2316 sobrium
2861 2262 3182 2333 responderi
3217 2266 3419 2333 possit;
3454 2274 3510 2320 et
3534 2273 3708 2320 tamen
3729 2281 3827 2320 nta-

2245 2356 2332 2411 lus
2359 2355 2584 2411 Polemo
2611 2357 2788 2426 magis
2817 2354 3088 2412 ebrietate
3118 2357 3404 2411 inveterati
3438 2357 3646 2413 erroris
3692 2372 3831 2412 ever-

2246 2450 2402 2503 titur.
2428 2448 2562 2502 Date
2589 2448 2800 2502 veniam
2823 2446 3109 2516 prolixiori
3140 2446 3392 2502 fortassis
3417 2450 3664 2519 epistola:
3684 2460 3828 2519 quam

536 2546 837 2602 observent
865 2543 959 2614 qui
1002 2543 1143 2598 tales
1178 2553 1332 2609 sunt,
1365 2543 1628 2613 quoniam
1678 2543 1850 2598 Deum
1879 2544 1967 2598 cui
1995 2543 2142 2598 nuda
2242 2541 2579 2614 jucundiori,
2612 2551 3024 2608 verumtamen,
3056 2551 3112 2595 ut
3139 2541 3402 2604 arbitror,
3435 2544 3644 2598 utiliori
3686 2557 3829 2612 quam

539 2647 625 2694 est
655 2641 888 2692 lnnnana
916 2636 1284 2703 conscientia,
1320 2651 1424 2691 nec
1454 2646 1649 2692 testem
1682 2636 1900 2703 fallunt,
1934 2637 2143 2705 necju-

541 2729 724 2786 dicem
774 2728 1005 2800 fugiunt.
1059 2727 1118 2783 Si
1169 2727 1297 2798 quid
1343 2737 1523 2783 autem
1578 2728 1701 2782 illos
1732 2728 1799 2784 de
1844 2729 2146 2799 quaestione

542 2824 716 2892 ipsius
744 2823 993 2899 unitatjs,
1027 2837 1126 2892 pro
1153 2837 1265 2877 sua:
1297 2823 1493 2877 salutis
1519 2823 1889 2878 sollicitudine
1927 2839 2148 2894 permo-

545 2924 668 2982 vet;
704 2915 808 2972 hoc
839 2915 940 2969 sibi
969 2924 1231 2986 quantum
1265 2915 1525 2972 existimo
1551 2916 1923 2985 iustissimum
1957 2913 2141 2971 extor-

547 3017 773 3077 queant,
827 3015 888 3062 ut
914 3006 982 3062 de
1027 3008 1295 3062 catholica
1331 3007 1600 3074 Ecclesia,
1653 3008 1706 3062 id
1757 3019 1840 3063 est
1868 3015 1988 3063 toto
2015 3009 2148 3065 orbe

542 3099 767 3166 diffusa,
795 3101 976 3168 potius
1002 3099 1054 3153 id
1085 3099 1317 3154 credant
1337 3100 1480 3170 quod
1502 3099 1703 3154 divinae
1735 3100 2038 3170 Scriptura:
2067 3102 2148 3156 di-

543 3200 695 3259 cunt,
749 3205 859 3246 non
910 3192 1055 3262 quod
1106 3191 1304 3263 lingua:
1359 3193 1611 3248 humanae
1664 3193 2013 3250 maledicunt.
2065 3193 2215 3268 Dec

2247 2634 2540 2700 blandiori,
2569 2633 2776 2688 domini
2801 2633 3156 2689 lmnorabiles
3180 2642 3235 2689 et
3259 2635 3460 2689 merito
3489 2634 3829 2705 suscipiendi,

2249 2729 2557 2784 charissimi
2607 2736 2663 2781 et
2715 2726 3169 2782 dcsideratissimi
3225 2726 3446 2782 fratres.
3482 2727 3562 2782 De
3613 2727 3834 2782 adventu

2250 2829 2432 2875 autem
2466 2829 2654 2874 nostro
2685 2819 2751 2873 ad
2785 2835 2906 2885 vos,
2941 2829 3302 2888 utrorumque
3331 2817 3674 2875 desiderium
3705 2820 3832 2873 Deus

2253 2914 2498 2982 impleat.
2533 2912 2749 2980 Quanto
2775 2911 2924 2966 enim
2952 2911 3238 2967 charitatis
3265 2913 3463 2967 ardore
3487 2912 3835 2968 accendamur

2252 3004 2318 3058 ad
2343 3003 2601 3059 visendos
2629 3017 2746 3071 vos,
2772 3003 2955 3059 verbis
2981 3003 3257 3072 explicare
3285 3019 3394 3058 non
3420 3017 3731 3074 possumus,
3752 3002 3836 3058 sed

2251 3112 2350 3153 vos
2381 3099 2613 3170 benigne
2641 3097 2867 3154 credere
2897 3113 3004 3153 non
3033 3096 3370 3153 dubitamus.

2835 3337 3155 3348 .——-—.-

653 3338 658 3341 '
2043 3342 2192 3350 _—I—
2245 3339 2652 3350 ’Μ
2835 3337 3155 3348 ’-“η

593 3333 3802 3392 W

2529 3377 3398 3389 ~——_—--‘

1847 3462 2018 3507 ANNO
2065 3462 2301 3507 DOMINI
2346 3461 2564 3506 CCCCV.

605 3611 2103 3779 SECUNDINUS
2237 3610 3788 3779 MANICH/EUS.

1914 3887 2480 3920 ———-==———-

1345 4007 1912 4093 EPISTOLA
1985 4010 2146 4094 AD
2222 4006 3057 4095 AUGUSTINUM.

629 4164 788 4227 (Hanc
813 4165 1070 4230 epistolam
1091 4167 1204 4217 vide
1222 4169 1357 4218 inter
1379 4180 1530 4230 opera
1552 4168 1604 4218 S.
1629 4167 1889 4232 Augustini
1914 4177 2031 4220 tom.
2057 4169 2193 4235 VIII,
2219 4170 2312 4222 col.
2336 4171 2449 4234 57!,
2469 4171 2560 4220 ubi
2587 4184 2697 4221 eam
2719 4168 2908 4221 refellit
2929 4168 2982 4219 S.
3002 4168 3186 4219 Doctor
3209 4170 3412 4233 prolatis
3431 4171 3776 4233 argumentis.)

2257 4303 3746 4316 a———————.——-—-——-————.——_—

553 4298 3831 4355 Μ

1823 4422 1992 4468 ANNO
2037 4423 2271 4467 DOMINI
2316 4423 2588 4468 CCCCVII.

768 4564 1851 4730 SANCTUS
1989 4565 3636 4757 CHROMATIUS,

1417 4823 2059 4909 EPISCOPUS
2133 4827 2982 4938 AQUILEIENSIS.

1629 4988 1831 5054 (Editio,
1859 5002 1976 5040 cura
1996 4989 2192 5054 Braida,
2219 4989 2353 5042 Utini
2379 4989 2521 5051 1816,
2549 4997 2775 5054 excusa.)

1591 5231 2166 5310 PBHZFATIO
2240 5230 2790 5306 EDITOBIS.

613 5504 692 5578 [ν]
717 5504 859 5560 Nihil
885 5505 1010 5561 n0vi
1039 5505 1318 5563 litterariae
1339 5508 1660 5578 reipublicze
1683 5509 1984 5576 atferimns,
2008 5511 2135 5566 dum
2167 5515 2221 5578 D
2245 5511 2517 5582 publicam
2542 5510 2828 5567 Chromatii
2854 5512 3064 5584 Scripta
3087 5526 3445 5585 aspexerunt,
3481 5518 3694 5587 pluries
3717 5519 3837 5582 hmo.

544 5601 631 5656 hic
657 5602 856 5657 SANCTI
881 5601 1189 5656 CIIBOMATII
1222 5602 1592 5672 Aquileiensis
1613 5604 1854 5676 episcopi
1878 5605 2136 5671 Semen,

544 5712 665 5764 qua:
712 5706 1034 5768 supersunt,
1079 5711 1176 5751 seu
1211 5700 1379 5751 mavis
1428 5698 1729 5759 Oruscuu,
1782 5699 2134 5754 exhibemus.

545 5790 628 5844 Ab
674 5806 818 5845 anno
866 5791 1010 5848 cnim
1049 5789 1210 5855 1528,
1252 5807 1358 5860 quo
1405 5791 1642 5860 primum
1690 5791 1918 5846 Basilerc
1969 5792 2142 5845 lucem

2249 5616 2360 5659 tum
2405 5605 2634 5657 seorsim
2675 5604 2992 5674 aliquando,
3034 5614 3147 5660 tum
3189 5609 3422 5665 maxime
3457 5609 3511 5665 in
3555 5609 3840 5667 Collectio-

2247 5698 2406 5750 nibus
2439 5694 2692 5759 Patrum,
2735 5696 2877 5752 edita
2921 5697 3145 5754 fuerunt
3178 5717 3192 5754 :
3225 5715 3290 5754 ac
3334 5702 3636 5759 novissime
3679 5705 3730 5759 in
3763 5702 3838 5757 Bi-

2243 5789 2498 5844 bliotheca
2561 5785 2778 5844 Patrum
2846 5790 3284 5862 Scriptorumque
3349 5793 3833 5854 Erclesiosticornitt
