  <div class='ocr_page' id='page_1' title='image "/cluster/home/n/w/nwhite01/storage/ocr_20150623/20/hvd.32044015471352/130.png"; bbox 0 0 4056 6340; ppageno 0'>
   <div class='ocr_carea' id='block_1_1' title="bbox 191 329 2222 396">
    <p class='ocr_par' dir='ltr' id='par_1_1' title="bbox 191 329 2222 396">
     <span class='ocr_line' id='line_1_1' title="bbox 191 329 2222 396; baseline 0.004 -9"><span class='ocrx_word' id='word_1_1' title='bbox 191 329 278 388; x_wconf 63' lang='grc'><strong>249</strong></span> <span class='ocrx_word' id='word_1_2' title='bbox 1462 333 1838 393; x_wconf 68' lang='grc' dir='ltr'><strong>ΡΗᾸΞΡΑΤῘΟ</strong></span> <span class='ocrx_word' id='word_1_3' title='bbox 1878 335 2222 396; x_wconf 79' lang='lat' dir='ltr'><strong>EDITORIS.</strong></span> 
     </span>
    </p>
   </div>
   <div class='ocr_carea' id='block_1_2' title="bbox 3372 349 3480 408">
    <p class='ocr_par' dir='ltr' id='par_1_2' title="bbox 3372 349 3480 408">
     <span class='ocr_line' id='line_1_2' title="bbox 3372 349 3480 408; baseline 0.019 -2"><span class='ocrx_word' id='word_1_4' title='bbox 3372 349 3480 408; x_wconf 75' lang='lat'><strong>250</strong></span> 
     </span>
    </p>
   </div>
   <div class='ocr_carea' id='block_1_3' title="bbox 188 446 3486 533">
    <p class='ocr_par' dir='ltr' id='par_1_3' title="bbox 188 446 3486 533">
     <span class='ocr_line' id='line_1_3' title="bbox 188 446 3486 533; baseline 0.007 -27"><span class='ocrx_word' id='word_1_5' title='bbox 188 447 386 506; x_wconf 68' lang='lat' dir='ltr'><strong>Andrere</strong></span> <span class='ocrx_word' id='word_1_6' title='bbox 409 446 730 518; x_wconf 84' lang='lat' dir='ltr'><strong>Gallandii,</strong></span> <span class='ocrx_word' id='word_1_7' title='bbox 759 461 879 520; x_wconf 70' lang='lat' dir='ltr'><strong>qum</strong></span> <span class='ocrx_word' id='word_1_8' title='bbox 910 451 1156 508; x_wconf 83' lang='lat' dir='ltr'><strong>Venetiis</strong></span> <span class='ocrx_word' id='word_1_9' title='bbox 1189 451 1427 523; x_wconf 89' lang='lat' dir='ltr'><strong>prodiit,</strong></span> <span class='ocrx_word' id='word_1_10' title='bbox 1459 454 1638 510; x_wconf 90' lang='lat' dir='ltr'><strong>locum</strong></span> <span class='ocrx_word' id='word_1_11' title='bbox 1671 455 1772 509; x_wconf 87' lang='lat' dir='ltr'><strong>ob-</strong></span> <span class='ocrx_word' id='word_1_12' title='bbox 1799 456 1855 518; x_wconf 78' lang='grc' dir='ltr'><strong>Α</strong></span> <span class='ocrx_word' id='word_1_13' title='bbox 1948 457 2023 514; x_wconf 92' lang='lat' dir='ltr'><strong>Ut</strong></span> <span class='ocrx_word' id='word_1_14' title='bbox 2052 473 2186 516; x_wconf 90' lang='lat' dir='ltr'><strong>vero</strong></span> <span class='ocrx_word' id='word_1_15' title='bbox 2213 459 2350 527; x_wconf 78' lang='lat' dir='ltr'><strong>haec,</strong></span> <span class='ocrx_word' id='word_1_16' title='bbox 2383 475 2505 532; x_wconf 87' lang='lat' dir='ltr'><strong>quae</strong></span> <span class='ocrx_word' id='word_1_17' title='bbox 2531 461 2848 533; x_wconf 82' lang='lat' dir='ltr'><strong>scribimus,</strong></span> <span class='ocrx_word' id='word_1_18' title='bbox 2878 465 2948 522; x_wconf 89' lang='lat' dir='ltr'><strong>ad</strong></span> <span class='ocrx_word' id='word_1_19' title='bbox 2985 465 3275 525; x_wconf 86' lang='lat' dir='ltr'><strong>Chromatii</strong></span> <span class='ocrx_word' id='word_1_20' title='bbox 3310 473 3486 529; x_wconf 89' lang='lat' dir='ltr'><strong>nostri</strong></span> 
     </span>
    </p>
   </div>
   <div class='ocr_carea' id='block_1_4' title="bbox 191 543 1766 619">
    <p class='ocr_par' dir='ltr' id='par_1_4' title="bbox 191 543 1766 619">
     <span class='ocr_line' id='line_1_4' title="bbox 191 543 1766 619; baseline 0.004 -21"><span class='ocrx_word' id='word_1_21' title='bbox 191 543 439 600; x_wconf 90' lang='lat' dir='ltr'><strong>tinueruut</strong></span> <span class='ocrx_word' id='word_1_22' title='bbox 493 554 656 600; x_wconf 80' lang='lat' dir='ltr'><strong>torno</strong></span> <span class='ocrx_word' id='word_1_23' title='bbox 702 545 856 612; x_wconf 87' lang='lat' dir='ltr'><strong>VIII;</strong></span> <span class='ocrx_word' id='word_1_24' title='bbox 903 547 1115 602; x_wconf 89' lang='lat' dir='ltr'><strong>meliori</strong></span> <span class='ocrx_word' id='word_1_25' title='bbox 1162 558 1316 602; x_wconf 89' lang='lat' dir='ltr'><strong>certe</strong></span> <span class='ocrx_word' id='word_1_26' title='bbox 1361 556 1526 619; x_wconf 89' lang='lat' dir='ltr'><strong>atque</strong></span> <span class='ocrx_word' id='word_1_27' title='bbox 1571 551 1766 616; x_wconf 90' lang='lat' dir='ltr'><strong>aptiori</strong></span> 
     </span>
    </p>
   </div>
   <div class='ocr_carea' id='block_1_5' title="bbox 184 635 1770 709">
    <p class='ocr_par' dir='ltr' id='par_1_5' title="bbox 184 635 1770 709">
     <span class='ocr_line' id='line_1_5' title="bbox 184 635 1770 709; baseline 0.004 -19"><span class='ocrx_word' id='word_1_28' title='bbox 184 635 353 698; x_wconf 76' lang='lat' dir='ltr'><strong>forma,</strong></span> <span class='ocrx_word' id='word_1_29' title='bbox 391 652 564 706; x_wconf 87' lang='lat' dir='ltr'><strong>quam</strong></span> <span class='ocrx_word' id='word_1_30' title='bbox 610 653 867 709; x_wconf 88' lang='lat' dir='ltr'><strong>umquam</strong></span> <span class='ocrx_word' id='word_1_31' title='bbox 910 651 1068 695; x_wconf 89' lang='lat' dir='ltr'><strong>antea</strong></span> <span class='ocrx_word' id='word_1_32' title='bbox 1119 639 1430 695; x_wconf 89' lang='lat' dir='ltr'><strong>habuerint.</strong></span> <span class='ocrx_word' id='word_1_33' title='bbox 1477 640 1770 697; x_wconf 84' lang='lat' dir='ltr'><strong>Nihilomi-</strong></span> 
     </span>
    </p>
   </div>
   <div class='ocr_carea' id='block_1_6' title="bbox 185 729 1770 803">
    <p class='ocr_par' dir='ltr' id='par_1_6' title="bbox 185 729 1770 803">
     <span class='ocr_line' id='line_1_6' title="bbox 185 729 1770 803; baseline 0.004 -18"><span class='ocrx_word' id='word_1_34' title='bbox 185 745 270 785; x_wconf 86' lang='lat' dir='ltr'><strong>nus</strong></span> <span class='ocrx_word' id='word_1_35' title='bbox 297 744 319 780; x_wconf 88' lang='lat' dir='ltr'><strong>a</strong></span> <span class='ocrx_word' id='word_1_36' title='bbox 340 729 508 796; x_wconf 75' lang='lat' dir='ltr'><strong>jusxis</strong></span> <span class='ocrx_word' id='word_1_37' title='bbox 541 746 735 786; x_wconf 90' lang='lat' dir='ltr'><strong>rerum</strong></span> <span class='ocrx_word' id='word_1_38' title='bbox 767 734 1191 788; x_wconf 59' lang='lat' dir='ltr'><strong>a&#39;stimatoribus</strong></span> <span class='ocrx_word' id='word_1_39' title='bbox 1222 733 1520 803; x_wconf 87' lang='lat' dir='ltr'><strong>probatum</strong></span> <span class='ocrx_word' id='word_1_40' title='bbox 1545 736 1606 792; x_wconf 91' lang='lat' dir='ltr'><strong>iri</strong></span> <span class='ocrx_word' id='word_1_41' title='bbox 1639 751 1770 791; x_wconf 86' lang='lat' dir='ltr'><strong>eon-</strong></span> 
     </span>
    </p>
   </div>
   <div class='ocr_carea' id='block_1_7' title="bbox 187 822 1769 897">
    <p class='ocr_par' dir='ltr' id='par_1_7' title="bbox 187 822 1769 897">
     <span class='ocr_line' id='line_1_7' title="bbox 187 822 1769 897; baseline 0.004 -22"><span class='ocrx_word' id='word_1_42' title='bbox 187 822 339 876; x_wconf 86' lang='lat' dir='ltr'><strong>silium</strong></span> <span class='ocrx_word' id='word_1_43' title='bbox 382 834 650 877; x_wconf 88' lang='lat' dir='ltr'><strong>nostrum</strong></span> <span class='ocrx_word' id='word_1_44' title='bbox 684 824 1032 892; x_wconf 82' lang='lat' dir='ltr'><strong>conﬁdimus,</strong></span> <span class='ocrx_word' id='word_1_45' title='bbox 1080 842 1235 880; x_wconf 65' lang='lat' dir='ltr'><strong>novae</strong></span> <span class='ocrx_word' id='word_1_46' title='bbox 1268 826 1433 897; x_wconf 82' lang='lat' dir='ltr'><strong>hujus</strong></span> <span class='ocrx_word' id='word_1_47' title='bbox 1478 826 1769 896; x_wconf 74' lang='lat' dir='ltr'><strong>peculiaris</strong></span> 
     </span>
    </p>
   </div>
   <div class='ocr_carea' id='block_1_8' title="bbox 191 915 1767 994">
    <p class='ocr_par' dir='ltr' id='par_1_8' title="bbox 191 915 1767 994">
     <span class='ocr_line' id='line_1_8' title="bbox 191 915 1767 994; baseline 0.005 -26"><span class='ocrx_word' id='word_1_48' title='bbox 191 915 515 970; x_wconf 72' lang='lat' dir='ltr'><strong>inSIitueudae</strong></span> <span class='ocrx_word' id='word_1_49' title='bbox 557 915 853 973; x_wconf 85' lang='lat' dir='ltr'><strong>Chromatii</strong></span> <span class='ocrx_word' id='word_1_50' title='bbox 885 919 1214 988; x_wconf 75' lang='lat' dir='ltr'><strong>Scriptorum</strong></span> <span class='ocrx_word' id='word_1_51' title='bbox 1247 938 1344 976; x_wconf 76' lang='lat' dir='ltr'><strong>sru</strong></span> <span class='ocrx_word' id='word_1_52' title='bbox 1381 921 1767 994; x_wconf 73' lang='lat' dir='ltr'><strong>Opusculorum</strong></span> 
     </span>
    </p>
   </div>
   <div class='ocr_carea' id='block_1_9' title="bbox 182 1007 1770 1088">
    <p class='ocr_par' dir='ltr' id='par_1_9' title="bbox 182 1007 1770 1088">
     <span class='ocr_line' id='line_1_9' title="bbox 182 1007 1770 1088; baseline 0.006 -24"><span class='ocrx_word' id='word_1_53' title='bbox 182 1007 428 1076; x_wconf 73' lang='lat' dir='ltr'><strong>editionis,</strong></span> <span class='ocrx_word' id='word_1_54' title='bbox 469 1011 517 1064; x_wconf 92' lang='lat' dir='ltr'><strong>si</strong></span> <span class='ocrx_word' id='word_1_55' title='bbox 547 1027 655 1077; x_wconf 53' lang='lat' dir='ltr'><strong>eae,</strong></span> <span class='ocrx_word' id='word_1_56' title='bbox 686 1028 807 1083; x_wconf 67' lang='lat' dir='ltr'><strong>quae</strong></span> <span class='ocrx_word' id='word_1_57' title='bbox 831 1028 928 1068; x_wconf 93' lang='lat' dir='ltr'><strong>nos</strong></span> <span class='ocrx_word' id='word_1_58' title='bbox 955 1014 1019 1069; x_wconf 90' lang='lat' dir='ltr'><strong>ad</strong></span> <span class='ocrx_word' id='word_1_59' title='bbox 1054 1016 1104 1070; x_wconf 91' lang='lat' dir='ltr'><strong>id</strong></span> <span class='ocrx_word' id='word_1_60' title='bbox 1137 1017 1497 1085; x_wconf 86' lang='lat' dir='ltr'><strong>impulerunt,</strong></span> <span class='ocrx_word' id='word_1_61' title='bbox 1533 1027 1643 1072; x_wconf 90' lang='lat' dir='ltr'><strong>tum</strong></span> <span class='ocrx_word' id='word_1_62' title='bbox 1676 1034 1770 1088; x_wconf 88' lang='lat' dir='ltr'><strong>ge-</strong></span> 
     </span>
    </p>
   </div>
   <div class='ocr_carea' id='block_1_10' title="bbox 183 1102 1766 1180">
    <p class='ocr_par' dir='ltr' id='par_1_10' title="bbox 183 1102 1766 1180">
     <span class='ocr_line' id='line_1_10' title="bbox 183 1102 1766 1180; baseline 0.006 -24"><span class='ocrx_word' id='word_1_63' title='bbox 183 1102 367 1157; x_wconf 89' lang='lat' dir='ltr'><strong>nerales</strong></span> <span class='ocrx_word' id='word_1_64' title='bbox 389 1113 509 1156; x_wconf 89' lang='lat' dir='ltr'><strong>tum</strong></span> <span class='ocrx_word' id='word_1_65' title='bbox 531 1103 849 1175; x_wconf 82' lang='lat' dir='ltr'><strong>singulares</strong></span> <span class='ocrx_word' id='word_1_66' title='bbox 873 1109 1108 1162; x_wconf 75' lang='lat' dir='ltr'><strong>rationes</strong></span> <span class='ocrx_word' id='word_1_67' title='bbox 1128 1109 1310 1164; x_wconf 91' lang='lat' dir='ltr'><strong>animo</strong></span> <span class='ocrx_word' id='word_1_68' title='bbox 1336 1111 1766 1180; x_wconf 78' lang='lat' dir='ltr'><strong>perpendantur.</strong></span> 
     </span>
    </p>
   </div>
   <div class='ocr_carea' id='block_1_11' title="bbox 238 1195 1770 1269">
    <p class='ocr_par' dir='ltr' id='par_1_11' title="bbox 238 1195 1770 1269">
     <span class='ocr_line' id='line_1_11' title="bbox 238 1195 1770 1269; baseline 0.004 -16"><span class='ocrx_word' id='word_1_69' title='bbox 238 1195 588 1266; x_wconf 73' lang='lat' dir='ltr'><strong>Compertum</strong></span> <span class='ocrx_word' id='word_1_70' title='bbox 645 1200 920 1269; x_wconf 86' lang='lat' dir='ltr'><strong>imprimis</strong></span> <span class='ocrx_word' id='word_1_71' title='bbox 964 1211 1064 1268; x_wconf 88' lang='lat' dir='ltr'><strong>est,</strong></span> <span class='ocrx_word' id='word_1_72' title='bbox 1109 1203 1162 1257; x_wconf 88' lang='lat' dir='ltr'><strong>in</strong></span> <span class='ocrx_word' id='word_1_73' title='bbox 1207 1203 1642 1261; x_wconf 90' lang='lat' dir='ltr'><strong>Collectionibus</strong></span> <span class='ocrx_word' id='word_1_74' title='bbox 1667 1205 1770 1260; x_wconf 87' lang='lat' dir='ltr'><strong>Pa-</strong></span> 
     </span>
    </p>
   </div>
   <div class='ocr_carea' id='block_1_12' title="bbox 183 1293 1770 1362">
    <p class='ocr_par' dir='ltr' id='par_1_12' title="bbox 183 1293 1770 1362">
     <span class='ocr_line' id='line_1_12' title="bbox 183 1293 1770 1362; baseline 0.006 -18"><span class='ocrx_word' id='word_1_75' title='bbox 183 1298 321 1349; x_wconf 89' lang='lat' dir='ltr'><strong>trum.</strong></span> <span class='ocrx_word' id='word_1_76' title='bbox 346 1307 526 1360; x_wconf 89' lang='lat' dir='ltr'><strong>neque</strong></span> <span class='ocrx_word' id='word_1_77' title='bbox 561 1293 849 1348; x_wconf 72' lang='lat' dir='ltr'><strong>veteribus</strong></span> <span class='ocrx_word' id='word_1_78' title='bbox 875 1304 1104 1362; x_wconf 90' lang='lat' dir='ltr'><strong>tantum,</strong></span> <span class='ocrx_word' id='word_1_79' title='bbox 1129 1296 1223 1352; x_wconf 87' lang='lat' dir='ltr'><strong>sed</strong></span> <span class='ocrx_word' id='word_1_80' title='bbox 1249 1298 1415 1353; x_wconf 91' lang='lat' dir='ltr'><strong>etiam</strong></span> <span class='ocrx_word' id='word_1_81' title='bbox 1439 1301 1770 1355; x_wconf 88' lang='lat' dir='ltr'><strong>recentioris</strong></span> 
     </span>
    </p>
   </div>
   <div class='ocr_carea' id='block_1_13' title="bbox 185 1385 1770 1464">
    <p class='ocr_par' dir='ltr' id='par_1_13' title="bbox 185 1385 1770 1464">
     <span class='ocr_line' id='line_1_13' title="bbox 185 1385 1770 1464; baseline 0.008 -27"><span class='ocrx_word' id='word_1_82' title='bbox 185 1396 308 1438; x_wconf 65' lang='lat' dir='ltr'><strong>cura:</strong></span> <span class='ocrx_word' id='word_1_83' title='bbox 351 1398 411 1438; x_wconf 89' lang='lat' dir='ltr'><strong>ac</strong></span> <span class='ocrx_word' id='word_1_84' title='bbox 465 1385 708 1453; x_wconf 85' lang='lat' dir='ltr'><strong>laboris,</strong></span> <span class='ocrx_word' id='word_1_85' title='bbox 765 1404 870 1442; x_wconf 92' lang='lat' dir='ltr'><strong>non</strong></span> <span class='ocrx_word' id='word_1_86' title='bbox 919 1404 1090 1459; x_wconf 82' lang='lat' dir='ltr'><strong>pauca</strong></span> <span class='ocrx_word' id='word_1_87' title='bbox 1142 1391 1470 1457; x_wconf 85' lang='lat' dir='ltr'><strong>desiderari,</strong></span> <span class='ocrx_word' id='word_1_88' title='bbox 1528 1409 1650 1464; x_wconf 75' lang='lat' dir='ltr'><strong>qua:</strong></span> <span class='ocrx_word' id='word_1_89' title='bbox 1702 1394 1770 1450; x_wconf 89' lang='lat' dir='ltr'><strong>ad</strong></span> 
     </span>
    </p>
   </div>
   <div class='ocr_carea' id='block_1_14' title="bbox 182 1480 1768 1558">
    <p class='ocr_par' dir='ltr' id='par_1_14' title="bbox 182 1480 1768 1558">
     <span class='ocr_line' id='line_1_14' title="bbox 182 1480 1768 1558; baseline 0.008 -28"><span class='ocrx_word' id='word_1_90' title='bbox 182 1485 435 1530; x_wconf 88' lang='lat' dir='ltr'><strong>auctorum</strong></span> <span class='ocrx_word' id='word_1_91' title='bbox 476 1488 534 1533; x_wconf 87' lang='lat' dir='ltr'><strong>et</strong></span> <span class='ocrx_word' id='word_1_92' title='bbox 583 1495 815 1549; x_wconf 87' lang='lat' dir='ltr'><strong>operum</strong></span> <span class='ocrx_word' id='word_1_93' title='bbox 856 1480 1284 1540; x_wconf 80' lang='lat' dir='ltr'><strong>iliustrationetn</strong></span> <span class='ocrx_word' id='word_1_94' title='bbox 1327 1488 1636 1558; x_wconf 83' lang='lat' dir='ltr'><strong>pertinent;</strong></span> <span class='ocrx_word' id='word_1_95' title='bbox 1672 1504 1768 1544; x_wconf 92' lang='lat' dir='ltr'><strong>seu</strong></span> 
     </span>
    </p>
   </div>
   <div class='ocr_carea' id='block_1_15' title="bbox 181 1567 1769 1647">
    <p class='ocr_par' dir='ltr' id='par_1_15' title="bbox 181 1567 1769 1647">
     <span class='ocr_line' id='line_1_15' title="bbox 181 1567 1769 1647; baseline 0.011 -27"><span class='ocrx_word' id='word_1_96' title='bbox 181 1567 282 1638; x_wconf 82' lang='lat' dir='ltr'><strong>quia</strong></span> <span class='ocrx_word' id='word_1_97' title='bbox 310 1570 654 1627; x_wconf 85' lang='lat' dir='ltr'><strong>collectores</strong></span> <span class='ocrx_word' id='word_1_98' title='bbox 699 1574 750 1627; x_wconf 92' lang='lat' dir='ltr'><strong>id</strong></span> <span class='ocrx_word' id='word_1_99' title='bbox 781 1575 884 1630; x_wconf 88' lang='lat' dir='ltr'><strong>sibi</strong></span> <span class='ocrx_word' id='word_1_100' title='bbox 931 1591 1354 1647; x_wconf 90' lang='lat' dir='ltr'><strong>proposuerunt,</strong></span> <span class='ocrx_word' id='word_1_101' title='bbox 1393 1590 1450 1635; x_wconf 89' lang='lat' dir='ltr'><strong>ut</strong></span> <span class='ocrx_word' id='word_1_102' title='bbox 1479 1579 1769 1638; x_wconf 81' lang='lat' dir='ltr'><strong>brevitatis</strong></span> 
     </span>
    </p>
   </div>
   <div class='ocr_carea' id='block_1_16' title="bbox 183 1663 1769 1741">
    <p class='ocr_par' dir='ltr' id='par_1_16' title="bbox 183 1663 1769 1741">
     <span class='ocr_line' id='line_1_16' title="bbox 183 1663 1769 1741; baseline 0.011 -27"><span class='ocrx_word' id='word_1_103' title='bbox 183 1673 320 1715; x_wconf 85' lang='lat' dir='ltr'><strong>causa</strong></span> <span class='ocrx_word' id='word_1_104' title='bbox 351 1663 517 1717; x_wconf 88' lang='lat' dir='ltr'><strong>multa</strong></span> <span class='ocrx_word' id='word_1_105' title='bbox 540 1665 804 1722; x_wconf 84' lang='lat' dir='ltr'><strong>consulto</strong></span> <span class='ocrx_word' id='word_1_106' title='bbox 832 1669 1170 1736; x_wconf 66' lang='lat' dir='ltr'><strong>omitterent,</strong></span> <span class='ocrx_word' id='word_1_107' title='bbox 1196 1689 1316 1741; x_wconf 76' lang='lat' dir='ltr'><strong>qua:</strong></span> <span class='ocrx_word' id='word_1_108' title='bbox 1341 1671 1534 1728; x_wconf 82' lang='lat' dir='ltr'><strong>fusiori</strong></span> <span class='ocrx_word' id='word_1_109' title='bbox 1557 1675 1769 1731; x_wconf 87' lang='lat' dir='ltr'><strong>calamo</strong></span> 
     </span>
    </p>
   </div>
   <div class='ocr_carea' id='block_1_17' title="bbox 184 1754 1768 1840">
    <p class='ocr_par' dir='ltr' id='par_1_17' title="bbox 184 1754 1768 1840">
     <span class='ocr_line' id='line_1_17' title="bbox 184 1754 1768 1840; baseline 0.011 -33"><span class='ocrx_word' id='word_1_110' title='bbox 184 1754 239 1808; x_wconf 89' lang='lat' dir='ltr'><strong>ab</strong></span> <span class='ocrx_word' id='word_1_111' title='bbox 262 1755 485 1811; x_wconf 84' lang='lat' dir='ltr'><strong>eruditis</strong></span> <span class='ocrx_word' id='word_1_112' title='bbox 515 1759 729 1826; x_wconf 80' lang='lat' dir='ltr'><strong>scripta</strong></span> <span class='ocrx_word' id='word_1_113' title='bbox 765 1774 980 1829; x_wconf 81' lang='lat' dir='ltr'><strong>essent;</strong></span> <span class='ocrx_word' id='word_1_114' title='bbox 1013 1779 1109 1820; x_wconf 89' lang='lat' dir='ltr'><strong>seu</strong></span> <span class='ocrx_word' id='word_1_115' title='bbox 1146 1767 1269 1835; x_wconf 86' lang='lat' dir='ltr'><strong>quia</strong></span> <span class='ocrx_word' id='word_1_116' title='bbox 1297 1768 1537 1822; x_wconf 89' lang='lat' dir='ltr'><strong>nondum</strong></span> <span class='ocrx_word' id='word_1_117' title='bbox 1573 1784 1768 1840; x_wconf 80' lang='lat' dir='ltr'><strong>reapse</strong></span> 
     </span>
    </p>
   </div>
   <div class='ocr_carea' id='block_1_18' title="bbox 185 1846 1842 1928">
    <p class='ocr_par' dir='ltr' id='par_1_18' title="bbox 185 1846 1842 1928">
     <span class='ocr_line' id='line_1_18' title="bbox 185 1846 1842 1928; baseline 0.011 -29"><span class='ocrx_word' id='word_1_118' title='bbox 185 1846 357 1915; x_wconf 89' lang='lat' dir='ltr'><strong>aliquid</strong></span> <span class='ocrx_word' id='word_1_119' title='bbox 396 1849 737 1908; x_wconf 82' lang='lat' dir='ltr'><strong>eruditionis</strong></span> <span class='ocrx_word' id='word_1_120' title='bbox 769 1867 1108 1922; x_wconf 73' lang='lat' dir='ltr'><strong>emerserat,</strong></span> <span class='ocrx_word' id='word_1_121' title='bbox 1137 1859 1282 1928; x_wconf 86' lang='lat' dir='ltr'><strong>quod</strong></span> <span class='ocrx_word' id='word_1_122' title='bbox 1330 1862 1516 1916; x_wconf 91' lang='lat' dir='ltr'><strong>recudi</strong></span> <span class='ocrx_word' id='word_1_123' title='bbox 1558 1862 1762 1918; x_wconf 89' lang='lat' dir='ltr'><strong>ibidem</strong></span> <span class='ocrx_word' id='word_1_124' title='bbox 1800 1850 1842 1908; x_wconf 81' lang='grc' dir='ltr'><strong>Β</strong></span> 
     </span>
    </p>
   </div>
   <div class='ocr_carea' id='block_1_19' title="bbox 182 1945 1765 2024">
    <p class='ocr_par' dir='ltr' id='par_1_19' title="bbox 182 1945 1765 2024">
     <span class='ocr_line' id='line_1_19' title="bbox 182 1945 1765 2024; baseline 0.011 -32"><span class='ocrx_word' id='word_1_125' title='bbox 182 1949 494 2007; x_wconf 66' lang='lat' dir='ltr'><strong>mereretur;</strong></span> <span class='ocrx_word' id='word_1_126' title='bbox 523 1959 622 1998; x_wconf 80' lang='lat' dir='ltr'><strong>seu</strong></span> <span class='ocrx_word' id='word_1_127' title='bbox 647 1945 891 2013; x_wconf 89' lang='lat' dir='ltr'><strong>detnmn,</strong></span> <span class='ocrx_word' id='word_1_128' title='bbox 915 1951 1039 2019; x_wconf 85' lang='lat' dir='ltr'><strong>quia</strong></span> <span class='ocrx_word' id='word_1_129' title='bbox 1066 1951 1392 2008; x_wconf 84' lang='lat' dir='ltr'><strong>collectorcs</strong></span> <span class='ocrx_word' id='word_1_130' title='bbox 1416 1954 1516 2024; x_wconf 86' lang='lat' dir='ltr'><strong>ipsi</strong></span> <span class='ocrx_word' id='word_1_131' title='bbox 1545 1955 1765 2010; x_wconf 80' lang='lat' dir='ltr'><strong>Patrum</strong></span> 
     </span>
    </p>
   </div>
   <div class='ocr_carea' id='block_1_20' title="bbox 187 2031 1765 2117">
    <p class='ocr_par' dir='ltr' id='par_1_20' title="bbox 187 2031 1765 2117">
     <span class='ocr_line' id='line_1_20' title="bbox 187 2031 1765 2117; baseline 0.013 -33"><span class='ocrx_word' id='word_1_132' title='bbox 187 2031 418 2100; x_wconf 86' lang='lat' dir='ltr'><strong>Operibus</strong></span> <span class='ocrx_word' id='word_1_133' title='bbox 465 2034 708 2091; x_wconf 86' lang='lat' dir='ltr'><strong>edendis</strong></span> <span class='ocrx_word' id='word_1_134' title='bbox 750 2039 967 2106; x_wconf 83' lang='lat' dir='ltr'><strong>intenti,</strong></span> <span class='ocrx_word' id='word_1_135' title='bbox 1017 2051 1072 2097; x_wconf 93' lang='lat' dir='ltr'><strong>et</strong></span> <span class='ocrx_word' id='word_1_136' title='bbox 1101 2059 1326 2113; x_wconf 89' lang='lat' dir='ltr'><strong>operum</strong></span> <span class='ocrx_word' id='word_1_137' title='bbox 1360 2061 1424 2102; x_wconf 92' lang='lat' dir='ltr'><strong>ac</strong></span> <span class='ocrx_word' id='word_1_138' title='bbox 1469 2049 1765 2117; x_wconf 86' lang='lat' dir='ltr'><strong>Opusculo-</strong></span> 
     </span>
    </p>
   </div>
   <div class='ocr_carea' id='block_1_21' title="bbox 183 2127 1769 2205">
    <p class='ocr_par' dir='ltr' id='par_1_21' title="bbox 183 2127 1769 2205">
     <span class='ocr_line' id='line_1_21' title="bbox 183 2127 1769 2205; baseline 0.014 -27"><span class='ocrx_word' id='word_1_139' title='bbox 183 2138 284 2179; x_wconf 84' lang='lat' dir='ltr'><strong>rum</strong></span> <span class='ocrx_word' id='word_1_140' title='bbox 339 2127 703 2186; x_wconf 89' lang='lat' dir='ltr'><strong>multitudine</strong></span> <span class='ocrx_word' id='word_1_141' title='bbox 757 2133 924 2188; x_wconf 90' lang='lat' dir='ltr'><strong>veluti</strong></span> <span class='ocrx_word' id='word_1_142' title='bbox 977 2137 1200 2205; x_wconf 85' lang='lat' dir='ltr'><strong>obruti,</strong></span> <span class='ocrx_word' id='word_1_143' title='bbox 1257 2141 1390 2194; x_wconf 89' lang='lat' dir='ltr'><strong>satis</strong></span> <span class='ocrx_word' id='word_1_144' title='bbox 1453 2141 1769 2200; x_wconf 86' lang='lat' dir='ltr'><strong>habuerunt</strong></span> 
     </span>
    </p>
   </div>
   <div class='ocr_carea' id='block_1_22' title="bbox 186 2223 1764 2308">
    <p class='ocr_par' dir='ltr' id='par_1_22' title="bbox 186 2223 1764 2308">
     <span class='ocr_line' id='line_1_22' title="bbox 186 2223 1764 2308; baseline 0.012 -35"><span class='ocrx_word' id='word_1_145' title='bbox 186 2223 538 2279; x_wconf 86' lang='lat' dir='ltr'><strong>communiora</strong></span> <span class='ocrx_word' id='word_1_146' title='bbox 568 2226 859 2296; x_wconf 85' lang='lat' dir='ltr'><strong>colligere,</strong></span> <span class='ocrx_word' id='word_1_147' title='bbox 905 2238 962 2284; x_wconf 89' lang='lat' dir='ltr'><strong>et</strong></span> <span class='ocrx_word' id='word_1_148' title='bbox 992 2240 1173 2285; x_wconf 75' lang='lat' dir='ltr'><strong>textus</strong></span> <span class='ocrx_word' id='word_1_149' title='bbox 1210 2233 1427 2289; x_wconf 90' lang='lat' dir='ltr'><strong>interim</strong></span> <span class='ocrx_word' id='word_1_150' title='bbox 1467 2236 1764 2308; x_wconf 80' lang='lat' dir='ltr'><strong>integritati</strong></span> 
     </span>
    </p>
   </div>
   <div class='ocr_carea' id='block_1_23' title="bbox 187 2313 1771 2392">
    <p class='ocr_par' dir='ltr' id='par_1_23' title="bbox 187 2313 1771 2392">
     <span class='ocr_line' id='line_1_23' title="bbox 187 2313 1771 2392; baseline 0.011 -27"><span class='ocrx_word' id='word_1_151' title='bbox 187 2313 483 2379; x_wconf 77' lang='lat' dir='ltr'><strong>coiisulere;</strong></span> <span class='ocrx_word' id='word_1_152' title='bbox 521 2317 671 2386; x_wconf 92' lang='lat' dir='ltr'><strong>quod</strong></span> <span class='ocrx_word' id='word_1_153' title='bbox 704 2329 856 2374; x_wconf 90' lang='lat' dir='ltr'><strong>certe</strong></span> <span class='ocrx_word' id='word_1_154' title='bbox 897 2323 1226 2392; x_wconf 70' lang='lat' dir='ltr'><strong>prtecipuum</strong></span> <span class='ocrx_word' id='word_1_155' title='bbox 1263 2327 1314 2380; x_wconf 89' lang='lat' dir='ltr'><strong>in</strong></span> <span class='ocrx_word' id='word_1_156' title='bbox 1351 2327 1630 2383; x_wconf 87' lang='lat' dir='ltr'><strong>laboribus</strong></span> <span class='ocrx_word' id='word_1_157' title='bbox 1670 2329 1771 2383; x_wconf 84' lang='lat' dir='ltr'><strong>litt-</strong></span> 
     </span>
    </p>
   </div>
   <div class='ocr_carea' id='block_1_24' title="bbox 180 2401 1766 2491">
    <p class='ocr_par' dir='ltr' id='par_1_24' title="bbox 180 2401 1766 2491">
     <span class='ocr_line' id='line_1_24' title="bbox 180 2401 1766 2491; baseline 0.016 -38"><span class='ocrx_word' id='word_1_158' title='bbox 180 2401 461 2470; x_wconf 77' lang='lat' dir='ltr'><strong>jusceaiodi</strong></span> <span class='ocrx_word' id='word_1_159' title='bbox 493 2423 718 2479; x_wconf 81' lang='lat' dir='ltr'><strong>semper</strong></span> <span class='ocrx_word' id='word_1_160' title='bbox 741 2410 864 2467; x_wconf 80' lang='lat' dir='ltr'><strong>fuit.</strong></span> <span class='ocrx_word' id='word_1_161' title='bbox 898 2412 1168 2470; x_wconf 78' lang='lat' dir='ltr'><strong>Prtutcrea</strong></span> <span class='ocrx_word' id='word_1_162' title='bbox 1203 2434 1369 2488; x_wconf 85' lang='lat' dir='ltr'><strong>opera</strong></span> <span class='ocrx_word' id='word_1_163' title='bbox 1400 2421 1674 2491; x_wconf 66' lang='lat' dir='ltr'><strong>qumdam,</strong></span> <span class='ocrx_word' id='word_1_164' title='bbox 1702 2440 1766 2478; x_wconf 92' lang='lat' dir='ltr'><strong>ac</strong></span> 
     </span>
    </p>
   </div>
   <div class='ocr_carea' id='block_1_25' title="bbox 182 2499 1763 2586">
    <p class='ocr_par' dir='ltr' id='par_1_25' title="bbox 182 2499 1763 2586">
     <span class='ocr_line' id='line_1_25' title="bbox 182 2499 1763 2586; baseline 0.017 -40"><span class='ocrx_word' id='word_1_165' title='bbox 182 2509 238 2582; x_wconf 74' lang='lat' dir='ltr'><strong>ea</strong></span> <span class='ocrx_word' id='word_1_166' title='bbox 276 2499 503 2554; x_wconf 78' lang='lat' dir='ltr'><strong>maxime</strong></span> <span class='ocrx_word' id='word_1_167' title='bbox 545 2516 672 2572; x_wconf 62' lang='lat' dir='ltr'><strong>quae</strong></span> <span class='ocrx_word' id='word_1_168' title='bbox 718 2519 826 2558; x_wconf 91' lang='lat' dir='ltr'><strong>non</strong></span> <span class='ocrx_word' id='word_1_169' title='bbox 869 2507 1056 2562; x_wconf 91' lang='lat' dir='ltr'><strong>multis</strong></span> <span class='ocrx_word' id='word_1_170' title='bbox 1098 2522 1352 2567; x_wconf 88' lang='lat' dir='ltr'><strong>constant</strong></span> <span class='ocrx_word' id='word_1_171' title='bbox 1389 2516 1599 2586; x_wconf 83' lang='lat' dir='ltr'><strong>paginis</strong></span> <span class='ocrx_word' id='word_1_172' title='bbox 1625 2561 1638 2583; x_wconf 93' lang='lat'><strong>,</strong></span> <span class='ocrx_word' id='word_1_173' title='bbox 1671 2518 1763 2575; x_wconf 83' lang='lat' dir='ltr'><strong>vix</strong></span> 
     </span>
    </p>
   </div>
   <div class='ocr_carea' id='block_1_26' title="bbox 181 2593 1760 2680">
    <p class='ocr_par' dir='ltr' id='par_1_26' title="bbox 181 2593 1760 2680">
     <span class='ocr_line' id='line_1_26' title="bbox 181 2593 1760 2680; baseline 0.017 -40"><span class='ocrx_word' id='word_1_174' title='bbox 181 2602 409 2661; x_wconf 88' lang='lat' dir='ltr'><strong>umquam</strong></span> <span class='ocrx_word' id='word_1_175' title='bbox 445 2593 594 2649; x_wconf 91' lang='lat' dir='ltr'><strong>edita</strong></span> <span class='ocrx_word' id='word_1_176' title='bbox 643 2595 860 2652; x_wconf 81' lang='lat' dir='ltr'><strong>fuerunt</strong></span> <span class='ocrx_word' id='word_1_177' title='bbox 902 2613 1055 2656; x_wconf 74' lang='lat' dir='ltr'><strong>extra</strong></span> <span class='ocrx_word' id='word_1_178' title='bbox 1103 2603 1472 2664; x_wconf 85' lang='lat' dir='ltr'><strong>Bibliotliecas</strong></span> <span class='ocrx_word' id='word_1_179' title='bbox 1517 2611 1760 2680; x_wconf 86' lang='lat' dir='ltr'><strong>Patrum,</strong></span> 
     </span>
    </p>
   </div>
   <div class='ocr_carea' id='block_1_27' title="bbox 182 2683 1765 2770">
    <p class='ocr_par' dir='ltr' id='par_1_27' title="bbox 182 2683 1765 2770">
     <span class='ocr_line' id='line_1_27' title="bbox 182 2683 1765 2770; baseline 0.016 -36"><span class='ocrx_word' id='word_1_180' title='bbox 182 2692 260 2735; x_wconf 83' lang='lat' dir='ltr'><strong>seu</strong></span> <span class='ocrx_word' id='word_1_181' title='bbox 287 2683 414 2737; x_wconf 86' lang='lat' dir='ltr'><strong>alias</strong></span> <span class='ocrx_word' id='word_1_182' title='bbox 440 2699 931 2746; x_wconf 87' lang='lat' dir='ltr'><strong>monumentorum</strong></span> <span class='ocrx_word' id='word_1_183' title='bbox 957 2704 1204 2751; x_wconf 85' lang='lat' dir='ltr'><strong>veterum</strong></span> <span class='ocrx_word' id='word_1_184' title='bbox 1237 2698 1640 2770; x_wconf 76' lang='lat' dir='ltr'><strong>Collectioncs;</strong></span> <span class='ocrx_word' id='word_1_185' title='bbox 1673 2715 1765 2760; x_wconf 88' lang='lat' dir='ltr'><strong>aut</strong></span> 
     </span>
    </p>
   </div>
   <div class='ocr_carea' id='block_1_28' title="bbox 180 2773 1760 2861">
    <p class='ocr_par' dir='ltr' id='par_1_28' title="bbox 180 2773 1760 2861">
     <span class='ocr_line' id='line_1_28' title="bbox 180 2773 1760 2861; baseline 0.018 -37"><span class='ocrx_word' id='word_1_186' title='bbox 180 2773 218 2825; x_wconf 83' lang='lat' dir='ltr'><strong>si</strong></span> <span class='ocrx_word' id='word_1_187' title='bbox 259 2776 470 2843; x_wconf 86' lang='lat' dir='ltr'><strong>quando</strong></span> <span class='ocrx_word' id='word_1_188' title='bbox 516 2782 822 2850; x_wconf 90' lang='lat' dir='ltr'><strong>separatim</strong></span> <span class='ocrx_word' id='word_1_189' title='bbox 871 2787 1014 2856; x_wconf 83' lang='lat' dir='ltr'><strong>typis</strong></span> <span class='ocrx_word' id='word_1_190' title='bbox 1057 2783 1181 2843; x_wconf 78' lang='lat' dir='ltr'><strong>data</strong></span> <span class='ocrx_word' id='word_1_191' title='bbox 1235 2789 1474 2861; x_wconf 82' lang='lat' dir='ltr'><strong>fuerunt,</strong></span> <span class='ocrx_word' id='word_1_192' title='bbox 1509 2797 1598 2850; x_wconf 85' lang='lat' dir='ltr'><strong>vix</strong></span> <span class='ocrx_word' id='word_1_193' title='bbox 1642 2797 1760 2852; x_wconf 89' lang='lat' dir='ltr'><strong>edi-</strong></span> 
     </span>
    </p>
   </div>
   <div class='ocr_carea' id='block_1_29' title="bbox 183 2863 1764 2946">
    <p class='ocr_par' dir='ltr' id='par_1_29' title="bbox 183 2863 1764 2946">
     <span class='ocr_line' id='line_1_29' title="bbox 183 2863 1764 2946; baseline 0.018 -29"><span class='ocrx_word' id='word_1_194' title='bbox 183 2863 335 2922; x_wconf 87' lang='lat' dir='ltr'><strong>tiones</strong></span> <span class='ocrx_word' id='word_1_195' title='bbox 381 2870 518 2940; x_wconf 68' lang='lat' dir='ltr'><strong>ipsae</strong></span> <span class='ocrx_word' id='word_1_196' title='bbox 569 2874 774 2943; x_wconf 65' lang='lat' dir='ltr'><strong>perviae</strong></span> <span class='ocrx_word' id='word_1_197' title='bbox 824 2887 994 2931; x_wconf 92' lang='lat' dir='ltr'><strong>sunt:</strong></span> <span class='ocrx_word' id='word_1_198' title='bbox 1029 2889 1085 2934; x_wconf 92' lang='lat' dir='ltr'><strong>et</strong></span> <span class='ocrx_word' id='word_1_199' title='bbox 1131 2882 1351 2938; x_wconf 87' lang='lat' dir='ltr'><strong>interim</strong></span> <span class='ocrx_word' id='word_1_200' title='bbox 1397 2886 1764 2946; x_wconf 83' lang='lat' dir='ltr'><strong>Bibliotliecas</strong></span> 
     </span>
    </p>
   </div>
   <div class='ocr_carea' id='block_1_30' title="bbox 180 2959 1762 3047">
    <p class='ocr_par' dir='ltr' id='par_1_30' title="bbox 180 2959 1762 3047">
     <span class='ocr_line' id='line_1_30' title="bbox 180 2959 1762 3047; baseline 0.018 -37"><span class='ocrx_word' id='word_1_201' title='bbox 180 2959 398 3026; x_wconf 83' lang='lat' dir='ltr'><strong>easdem,</strong></span> <span class='ocrx_word' id='word_1_202' title='bbox 434 2975 530 3018; x_wconf 89' lang='lat' dir='ltr'><strong>aut</strong></span> <span class='ocrx_word' id='word_1_203' title='bbox 558 2967 961 3039; x_wconf 85' lang='lat' dir='ltr'><strong>cujuscumque</strong></span> <span class='ocrx_word' id='word_1_204' title='bbox 990 2974 1229 3030; x_wconf 90' lang='lat' dir='ltr'><strong>nominis</strong></span> <span class='ocrx_word' id='word_1_205' title='bbox 1261 2977 1497 3047; x_wconf 89' lang='lat' dir='ltr'><strong>plurium</strong></span> <span class='ocrx_word' id='word_1_206' title='bbox 1530 2983 1762 3037; x_wconf 84' lang='lat' dir='ltr'><strong>volumi-</strong></span> 
     </span>
    </p>
   </div>
   <div class='ocr_carea' id='block_1_31' title="bbox 181 3053 1764 3144">
    <p class='ocr_par' dir='ltr' id='par_1_31' title="bbox 181 3053 1764 3144">
     <span class='ocr_line' id='line_1_31' title="bbox 181 3053 1764 3144; baseline 0.016 -38"><span class='ocrx_word' id='word_1_207' title='bbox 181 3065 293 3108; x_wconf 90' lang='lat' dir='ltr'><strong>num</strong></span> <span class='ocrx_word' id='word_1_208' title='bbox 328 3053 697 3115; x_wconf 89' lang='lat' dir='ltr'><strong>Collectiones</strong></span> <span class='ocrx_word' id='word_1_209' title='bbox 746 3063 850 3116; x_wconf 84' lang='lat' dir='ltr'><strong>sibi</strong></span> <span class='ocrx_word' id='word_1_210' title='bbox 894 3079 1238 3136; x_wconf 84' lang='lat' dir='ltr'><strong>comparare,</strong></span> <span class='ocrx_word' id='word_1_211' title='bbox 1289 3087 1587 3140; x_wconf 91' lang='lat' dir='ltr'><strong>paucorum</strong></span> <span class='ocrx_word' id='word_1_212' title='bbox 1636 3092 1764 3144; x_wconf 88' lang='lat' dir='ltr'><strong>pro-</strong></span> 
     </span>
    </p>
   </div>
   <div class='ocr_carea' id='block_1_32' title="bbox 179 3145 1756 3236">
    <p class='ocr_par' dir='ltr' id='par_1_32' title="bbox 179 3145 1756 3236">
     <span class='ocr_line' id='line_1_32' title="bbox 179 3145 1756 3236; baseline 0.016 -38"><span class='ocrx_word' id='word_1_213' title='bbox 179 3145 301 3200; x_wconf 82' lang='lat' dir='ltr'><strong>iecto</strong></span> <span class='ocrx_word' id='word_1_214' title='bbox 321 3164 538 3220; x_wconf 88' lang='lat' dir='ltr'><strong>semper</strong></span> <span class='ocrx_word' id='word_1_215' title='bbox 568 3151 690 3208; x_wconf 84' lang='lat' dir='ltr'><strong>fuit.</strong></span> <span class='ocrx_word' id='word_1_216' title='bbox 717 3153 882 3210; x_wconf 85' lang='lat' dir='ltr'><strong>Multa</strong></span> <span class='ocrx_word' id='word_1_217' title='bbox 910 3158 1134 3214; x_wconf 89' lang='lat' dir='ltr'><strong>demum</strong></span> <span class='ocrx_word' id='word_1_218' title='bbox 1160 3172 1482 3219; x_wconf 85' lang='lat' dir='ltr'><strong>sanctorum</strong></span> <span class='ocrx_word' id='word_1_219' title='bbox 1513 3167 1756 3236; x_wconf 88' lang='lat' dir='ltr'><strong>Patrum,</strong></span> 
     </span>
    </p>
   </div>
   <div class='ocr_carea' id='block_1_33' title="bbox 1875 548 3481 634">
    <p class='ocr_par' dir='ltr' id='par_1_33' title="bbox 1875 548 3481 634">
     <span class='ocr_line' id='line_1_33' title="bbox 1875 548 3481 634; baseline 0.009 -29"><span class='ocrx_word' id='word_1_220' title='bbox 1875 548 2087 621; x_wconf 81' lang='lat' dir='ltr'><strong>Scripta</strong></span> <span class='ocrx_word' id='word_1_221' title='bbox 2119 551 2448 620; x_wconf 78' lang='lat' dir='ltr'><strong>referamus,</strong></span> <span class='ocrx_word' id='word_1_222' title='bbox 2479 553 2626 609; x_wconf 86' lang='lat' dir='ltr'><strong>nuda</strong></span> <span class='ocrx_word' id='word_1_223' title='bbox 2658 554 2777 612; x_wconf 83' lang='lat' dir='ltr'><strong>haec</strong></span> <span class='ocrx_word' id='word_1_224' title='bbox 2813 560 3207 628; x_wconf 88' lang='lat' dir='ltr'><strong>propemodum</strong></span> <span class='ocrx_word' id='word_1_225' title='bbox 3239 576 3481 634; x_wconf 84' lang='lat' dir='ltr'><strong>semper,</strong></span> 
     </span>
    </p>
   </div>
   <div class='ocr_carea' id='block_1_34' title="bbox 1873 643 3494 712">
    <p class='ocr_par' dir='ltr' id='par_1_34' title="bbox 1873 643 3494 712">
     <span class='ocr_line' id='line_1_34' title="bbox 1873 643 3494 712; baseline 0.009 -15"><span class='ocrx_word' id='word_1_226' title='bbox 1873 653 1968 697; x_wconf 90' lang='lat' dir='ltr'><strong>aut</strong></span> <span class='ocrx_word' id='word_1_227' title='bbox 2004 643 2138 698; x_wconf 88' lang='lat' dir='ltr'><strong>satis</strong></span> <span class='ocrx_word' id='word_1_228' title='bbox 2177 644 2391 701; x_wconf 89' lang='lat' dir='ltr'><strong>levibus</strong></span> <span class='ocrx_word' id='word_1_229' title='bbox 2420 646 2759 704; x_wconf 81' lang='lat' dir='ltr'><strong>indumentis</strong></span> <span class='ocrx_word' id='word_1_230' title='bbox 2790 650 2988 705; x_wconf 83' lang='lat' dir='ltr'><strong>amicta</strong></span> <span class='ocrx_word' id='word_1_231' title='bbox 3033 651 3088 706; x_wconf 91' lang='lat' dir='ltr'><strong>in</strong></span> <span class='ocrx_word' id='word_1_232' title='bbox 3133 651 3494 712; x_wconf 82' lang='lat' dir='ltr'><strong>Bibliotliecis</strong></span> 
     </span>
    </p>
   </div>
   <div class='ocr_carea' id='block_1_35' title="bbox 1873 738 3489 816">
    <p class='ocr_par' dir='ltr' id='par_1_35' title="bbox 1873 738 3489 816">
     <span class='ocr_line' id='line_1_35' title="bbox 1873 738 3489 816; baseline 0.011 -26"><span class='ocrx_word' id='word_1_233' title='bbox 1873 753 1936 793; x_wconf 91' lang='lat' dir='ltr'><strong>ac</strong></span> <span class='ocrx_word' id='word_1_234' title='bbox 1975 738 2413 796; x_wconf 89' lang='lat' dir='ltr'><strong>Collectionibus</strong></span> <span class='ocrx_word' id='word_1_235' title='bbox 2457 743 2738 798; x_wconf 81' lang='lat' dir='ltr'><strong>veteribus</strong></span> <span class='ocrx_word' id='word_1_236' title='bbox 2781 745 3149 815; x_wconf 88' lang='lat' dir='ltr'><strong>prodierunt:</strong></span> <span class='ocrx_word' id='word_1_237' title='bbox 3183 759 3350 816; x_wconf 89' lang='lat' dir='ltr'><strong>atque</strong></span> <span class='ocrx_word' id='word_1_238' title='bbox 3390 749 3489 806; x_wconf 85' lang='lat' dir='ltr'><strong>de-</strong></span> 
     </span>
    </p>
   </div>
   <div class='ocr_carea' id='block_1_36' title="bbox 1872 833 3492 909">
    <p class='ocr_par' dir='ltr' id='par_1_36' title="bbox 1872 833 3492 909">
     <span class='ocr_line' id='line_1_36' title="bbox 1872 833 3492 909; baseline 0.009 -22"><span class='ocrx_word' id='word_1_239' title='bbox 1872 847 2021 887; x_wconf 91' lang='lat' dir='ltr'><strong>mum</strong></span> <span class='ocrx_word' id='word_1_240' title='bbox 2057 833 2402 889; x_wconf 89' lang='lat' dir='ltr'><strong>clarissimus</strong></span> <span class='ocrx_word' id='word_1_241' title='bbox 2445 835 2563 905; x_wconf 89' lang='lat' dir='ltr'><strong>ipse</strong></span> <span class='ocrx_word' id='word_1_242' title='bbox 2595 835 2964 905; x_wconf 87' lang='lat' dir='ltr'><strong>Gallandius,</strong></span> <span class='ocrx_word' id='word_1_243' title='bbox 2996 842 3086 909; x_wconf 86' lang='lat' dir='ltr'><strong>qui</strong></span> <span class='ocrx_word' id='word_1_244' title='bbox 3128 843 3305 897; x_wconf 89' lang='lat' dir='ltr'><strong>multo</strong></span> <span class='ocrx_word' id='word_1_245' title='bbox 3337 853 3492 901; x_wconf 89' lang='lat' dir='ltr'><strong>certe</strong></span> 
     </span>
    </p>
   </div>
   <div class='ocr_carea' id='block_1_37' title="bbox 1872 926 3493 1006">
    <p class='ocr_par' dir='ltr' id='par_1_37' title="bbox 1872 926 3493 1006">
     <span class='ocr_line' id='line_1_37' title="bbox 1872 926 3493 1006; baseline 0.009 -26"><span class='ocrx_word' id='word_1_246' title='bbox 1872 926 2074 981; x_wconf 86' lang='lat' dir='ltr'><strong>decore</strong></span> <span class='ocrx_word' id='word_1_247' title='bbox 2123 937 2320 983; x_wconf 84' lang='lat' dir='ltr'><strong>ornata</strong></span> <span class='ocrx_word' id='word_1_248' title='bbox 2367 928 2486 984; x_wconf 75' lang='lat' dir='ltr'><strong>bzec</strong></span> <span class='ocrx_word' id='word_1_249' title='bbox 2534 930 2726 986; x_wconf 82' lang='lat' dir='ltr'><strong>eadem</strong></span> <span class='ocrx_word' id='word_1_250' title='bbox 2769 930 3061 990; x_wconf 87' lang='lat' dir='ltr'><strong>Chromatii</strong></span> <span class='ocrx_word' id='word_1_251' title='bbox 3098 935 3313 1006; x_wconf 82' lang='lat' dir='ltr'><strong>Scripta</strong></span> <span class='ocrx_word' id='word_1_252' title='bbox 3357 940 3493 996; x_wconf 89' lang='lat' dir='ltr'><strong>dare</strong></span> 
     </span>
    </p>
   </div>
   <div class='ocr_carea' id='block_1_38' title="bbox 1874 1019 3492 1093">
    <p class='ocr_par' dir='ltr' id='par_1_38' title="bbox 1874 1019 3492 1093">
     <span class='ocr_line' id='line_1_38' title="bbox 1874 1019 3492 1093; baseline 0.011 -22"><span class='ocrx_word' id='word_1_253' title='bbox 1874 1019 2139 1088; x_wconf 86' lang='lat' dir='ltr'><strong>potuisset</strong></span> <span class='ocrx_word' id='word_1_254' title='bbox 2182 1021 2376 1093; x_wconf 92' lang='lat' dir='ltr'><strong>(prout</strong></span> <span class='ocrx_word' id='word_1_255' title='bbox 2426 1029 2506 1077; x_wconf 90' lang='lat' dir='ltr'><strong>tot</strong></span> <span class='ocrx_word' id='word_1_256' title='bbox 2547 1025 2653 1078; x_wconf 90' lang='lat' dir='ltr'><strong>alia</strong></span> <span class='ocrx_word' id='word_1_257' title='bbox 2698 1025 2929 1081; x_wconf 90' lang='lat' dir='ltr'><strong>minoris</strong></span> <span class='ocrx_word' id='word_1_258' title='bbox 2977 1030 3142 1083; x_wconf 90' lang='lat' dir='ltr'><strong>etiam</strong></span> <span class='ocrx_word' id='word_1_259' title='bbox 3191 1030 3492 1088; x_wconf 88' lang='lat' dir='ltr'><strong>voluminis</strong></span> 
     </span>
    </p>
   </div>
   <div class='ocr_carea' id='block_1_39' title="bbox 1871 1111 3491 1196">
    <p class='ocr_par' dir='ltr' id='par_1_39' title="bbox 1871 1111 3491 1196">
     <span class='ocr_line' id='line_1_39' title="bbox 1871 1111 3491 1196; baseline 0.009 -29"><span class='ocrx_word' id='word_1_260' title='bbox 1871 1111 2066 1184; x_wconf 85' lang='lat' dir='ltr'><strong>dedit),</strong></span> <span class='ocrx_word' id='word_1_261' title='bbox 2103 1115 2487 1172; x_wconf 89' lang='lat' dir='ltr'><strong>contractione</strong></span> <span class='ocrx_word' id='word_1_262' title='bbox 2530 1118 2770 1188; x_wconf 90' lang='lat' dir='ltr'><strong>quadam</strong></span> <span class='ocrx_word' id='word_1_263' title='bbox 2813 1119 3142 1190; x_wconf 85' lang='lat' dir='ltr'><strong>delectatus,</strong></span> <span class='ocrx_word' id='word_1_264' title='bbox 3186 1124 3240 1180; x_wconf 92' lang='lat' dir='ltr'><strong>in</strong></span> <span class='ocrx_word' id='word_1_265' title='bbox 3269 1141 3376 1196; x_wconf 89' lang='lat' dir='ltr'><strong>qua</strong></span> <span class='ocrx_word' id='word_1_266' title='bbox 3410 1136 3491 1182; x_wconf 87' lang='lat' dir='ltr'><strong>ta-</strong></span> 
     </span>
    </p>
   </div>
   <div class='ocr_carea' id='block_1_40' title="bbox 1873 1207 3490 1284">
    <p class='ocr_par' dir='ltr' id='par_1_40' title="bbox 1873 1207 3490 1284">
     <span class='ocr_line' id='line_1_40' title="bbox 1873 1207 3490 1284; baseline 0.009 -25"><span class='ocrx_word' id='word_1_267' title='bbox 1873 1220 1996 1260; x_wconf 92' lang='lat' dir='ltr'><strong>men</strong></span> <span class='ocrx_word' id='word_1_268' title='bbox 2026 1217 2080 1260; x_wconf 90' lang='lat' dir='ltr'><strong>ct</strong></span> <span class='ocrx_word' id='word_1_269' title='bbox 2109 1207 2219 1260; x_wconf 88' lang='lat' dir='ltr'><strong>viri</strong></span> <span class='ocrx_word' id='word_1_270' title='bbox 2257 1207 2538 1275; x_wconf 82' lang='lat' dir='ltr'><strong>ingenium</strong></span> <span class='ocrx_word' id='word_1_271' title='bbox 2572 1217 2628 1264; x_wconf 93' lang='lat' dir='ltr'><strong>et</strong></span> <span class='ocrx_word' id='word_1_272' title='bbox 2655 1211 2999 1282; x_wconf 79' lang='lat' dir='ltr'><strong>diligentiam</strong></span> <span class='ocrx_word' id='word_1_273' title='bbox 3031 1215 3339 1284; x_wconf 88' lang='lat' dir='ltr'><strong>admireris,</strong></span> <span class='ocrx_word' id='word_1_274' title='bbox 3382 1233 3490 1274; x_wconf 91' lang='lat' dir='ltr'><strong>non</strong></span> 
     </span>
    </p>
   </div>
   <div class='ocr_carea' id='block_1_41' title="bbox 1873 1297 3492 1374">
    <p class='ocr_par' dir='ltr' id='par_1_41' title="bbox 1873 1297 3492 1374">
     <span class='ocr_line' id='line_1_41' title="bbox 1873 1297 3492 1374; baseline 0.009 -22"><span class='ocrx_word' id='word_1_275' title='bbox 1873 1312 2046 1368; x_wconf 90' lang='lat' dir='ltr'><strong>pauca</strong></span> <span class='ocrx_word' id='word_1_276' title='bbox 2084 1297 2393 1355; x_wconf 89' lang='lat' dir='ltr'><strong>desiderari</strong></span> <span class='ocrx_word' id='word_1_277' title='bbox 2430 1303 2712 1370; x_wconf 90' lang='lat' dir='ltr'><strong>permisit,</strong></span> <span class='ocrx_word' id='word_1_278' title='bbox 2745 1319 2868 1374; x_wconf 73' lang='lat' dir='ltr'><strong>qua:</strong></span> <span class='ocrx_word' id='word_1_279' title='bbox 2906 1322 3014 1361; x_wconf 92' lang='lat' dir='ltr'><strong>non</strong></span> <span class='ocrx_word' id='word_1_280' title='bbox 3046 1309 3245 1364; x_wconf 87' lang='lat' dir='ltr'><strong>eruditi</strong></span> <span class='ocrx_word' id='word_1_281' title='bbox 3282 1310 3492 1366; x_wconf 55' lang='lat' dir='ltr'><strong>solum.</strong></span> 
     </span>
    </p>
   </div>
   <div class='ocr_carea' id='block_1_42' title="bbox 1871 1393 3487 1467">
    <p class='ocr_par' dir='ltr' id='par_1_42' title="bbox 1871 1393 3487 1467">
     <span class='ocr_line' id='line_1_42' title="bbox 1871 1393 3487 1467; baseline 0.007 -19"><span class='ocrx_word' id='word_1_282' title='bbox 1871 1393 2056 1458; x_wconf 90' lang='lat' dir='ltr'><strong>modo,</strong></span> <span class='ocrx_word' id='word_1_283' title='bbox 2098 1393 2194 1448; x_wconf 92' lang='lat' dir='ltr'><strong>sed</strong></span> <span class='ocrx_word' id='word_1_284' title='bbox 2226 1408 2443 1460; x_wconf 90' lang='lat' dir='ltr'><strong>omnes,</strong></span> <span class='ocrx_word' id='word_1_285' title='bbox 2475 1403 2534 1449; x_wconf 89' lang='lat' dir='ltr'><strong>ut</strong></span> <span class='ocrx_word' id='word_1_286' title='bbox 2565 1397 2637 1450; x_wconf 89' lang='lat' dir='ltr'><strong>ita</strong></span> <span class='ocrx_word' id='word_1_287' title='bbox 2680 1397 2884 1463; x_wconf 89' lang='lat' dir='ltr'><strong>dicam,</strong></span> <span class='ocrx_word' id='word_1_288' title='bbox 2919 1399 3179 1467; x_wconf 64' lang='lat' dir='ltr'><strong>lectores,</strong></span> <span class='ocrx_word' id='word_1_289' title='bbox 3215 1402 3267 1457; x_wconf 91' lang='lat' dir='ltr'><strong>in</strong></span> <span class='ocrx_word' id='word_1_290' title='bbox 3317 1419 3487 1459; x_wconf 91' lang='lat' dir='ltr'><strong>unum</strong></span> 
     </span>
    </p>
   </div>
   <div class='ocr_carea' id='block_1_43' title="bbox 1871 1488 3487 1565">
    <p class='ocr_par' dir='ltr' id='par_1_43' title="bbox 1871 1488 3487 1565">
     <span class='ocr_line' id='line_1_43' title="bbox 1871 1488 3487 1565; baseline 0.006 -22"><span class='ocrx_word' id='word_1_291' title='bbox 1871 1488 2102 1544; x_wconf 90' lang='lat' dir='ltr'><strong>collecta</strong></span> <span class='ocrx_word' id='word_1_292' title='bbox 2142 1497 2383 1559; x_wconf 87' lang='lat' dir='ltr'><strong>apteque</strong></span> <span class='ocrx_word' id='word_1_293' title='bbox 2421 1489 2689 1560; x_wconf 80' lang='lat' dir='ltr'><strong>disposita</strong></span> <span class='ocrx_word' id='word_1_294' title='bbox 2735 1492 2976 1550; x_wconf 88' lang='lat' dir='ltr'><strong>libenter</strong></span> <span class='ocrx_word' id='word_1_295' title='bbox 3014 1495 3304 1552; x_wconf 88' lang='lat' dir='ltr'><strong>vidissent.</strong></span> <span class='ocrx_word' id='word_1_296' title='bbox 3345 1498 3487 1565; x_wconf 89' lang='lat' dir='ltr'><strong>Quin</strong></span> 
     </span>
    </p>
   </div>
   <div class='ocr_carea' id='block_1_44' title="bbox 1873 1581 3558 1661">
    <p class='ocr_par' dir='ltr' id='par_1_44' title="bbox 1873 1581 3558 1661">
     <span class='ocr_line' id='line_1_44' title="bbox 1873 1581 3558 1661; baseline 0.005 -26"><span class='ocrx_word' id='word_1_297' title='bbox 1873 1581 1988 1651; x_wconf 81' lang='lat' dir='ltr'><strong>ipse</strong></span> <span class='ocrx_word' id='word_1_298' title='bbox 2014 1596 2258 1651; x_wconf 88' lang='lat' dir='ltr'><strong>quoque,</strong></span> <span class='ocrx_word' id='word_1_299' title='bbox 2289 1595 2392 1652; x_wconf 90' lang='lat' dir='ltr'><strong>pro</strong></span> <span class='ocrx_word' id='word_1_300' title='bbox 2421 1583 2720 1654; x_wconf 86' lang='lat' dir='ltr'><strong>multigcna</strong></span> <span class='ocrx_word' id='word_1_301' title='bbox 2749 1586 3059 1642; x_wconf 84' lang='lat' dir='ltr'><strong>eruditione</strong></span> <span class='ocrx_word' id='word_1_302' title='bbox 3085 1604 3205 1656; x_wconf 89' lang='lat' dir='ltr'><strong>sua,</strong></span> <span class='ocrx_word' id='word_1_303' title='bbox 3233 1605 3335 1660; x_wconf 88' lang='lat' dir='ltr'><strong>qua</strong></span> <span class='ocrx_word' id='word_1_304' title='bbox 3363 1590 3482 1661; x_wconf 64' lang='lat' dir='ltr'><strong>pluo</strong></span> <span class='ocrx_word' id='word_1_305' title='bbox 3554 1642 3558 1644; x_wconf 84' lang='lat'><strong><em>.</em></strong></span> 
     </span>
    </p>
   </div>
   <div class='ocr_carea' id='block_1_45' title="bbox 1873 1668 3474 1756">
    <p class='ocr_par' dir='ltr' id='par_1_45' title="bbox 1873 1668 3474 1756">
     <span class='ocr_line' id='line_1_45' title="bbox 1873 1668 3474 1756; baseline 0.005 -21"><span class='ocrx_word' id='word_1_306' title='bbox 1873 1679 2068 1735; x_wconf 90' lang='lat' dir='ltr'><strong>rimum</strong></span> <span class='ocrx_word' id='word_1_307' title='bbox 2107 1679 2306 1745; x_wconf 90' lang='lat' dir='ltr'><strong>valuit,</strong></span> <span class='ocrx_word' id='word_1_308' title='bbox 2361 1680 2534 1735; x_wconf 92' lang='lat' dir='ltr'><strong>multa</strong></span> <span class='ocrx_word' id='word_1_309' title='bbox 2573 1696 2639 1735; x_wconf 80' lang='lat' dir='ltr'><strong>ex</strong></span> <span class='ocrx_word' id='word_1_310' title='bbox 2685 1682 2908 1750; x_wconf 85' lang='lat' dir='ltr'><strong>preprio</strong></span> <span class='ocrx_word' id='word_1_311' title='bbox 2935 1668 3091 1753; x_wconf 37' lang='lat' dir='ltr'><strong>fpenu</strong></span> <span class='ocrx_word' id='word_1_312' title='bbox 3137 1700 3337 1742; x_wconf 89' lang='lat' dir='ltr'><strong>eruere</strong></span> <span class='ocrx_word' id='word_1_313' title='bbox 3378 1701 3474 1756; x_wconf 89' lang='lat' dir='ltr'><strong>po-</strong></span> 
     </span>
    </p>
   </div>
   <div class='ocr_carea' id='block_1_46' title="bbox 1874 1771 3481 1848">
    <p class='ocr_par' dir='ltr' id='par_1_46' title="bbox 1874 1771 3481 1848">
     <span class='ocr_line' id='line_1_46' title="bbox 1874 1771 3481 1848; baseline 0.005 -22"><span class='ocrx_word' id='word_1_314' title='bbox 1874 1773 2112 1838; x_wconf 83' lang='lat' dir='ltr'><strong>tuisset,</strong></span> <span class='ocrx_word' id='word_1_315' title='bbox 2182 1771 2330 1827; x_wconf 91' lang='lat' dir='ltr'><strong>unde</strong></span> <span class='ocrx_word' id='word_1_316' title='bbox 2403 1771 2597 1827; x_wconf 88' lang='lat' dir='ltr'><strong>borum</strong></span> <span class='ocrx_word' id='word_1_317' title='bbox 2662 1773 2994 1845; x_wconf 86' lang='lat' dir='ltr'><strong>Scriptorum</strong></span> <span class='ocrx_word' id='word_1_318' title='bbox 3067 1776 3237 1832; x_wconf 91' lang='lat' dir='ltr'><strong>editio</strong></span> <span class='ocrx_word' id='word_1_319' title='bbox 3308 1779 3481 1848; x_wconf 86' lang='lat' dir='ltr'><strong>magis</strong></span> 
     </span>
    </p>
   </div>
   <div class='ocr_carea' id='block_1_47' title="bbox 1873 1854 3483 1940">
    <p class='ocr_par' dir='ltr' id='par_1_47' title="bbox 1873 1854 3483 1940">
     <span class='ocr_line' id='line_1_47' title="bbox 1873 1854 3483 1940; baseline 0.004 -20"><span class='ocrx_word' id='word_1_320' title='bbox 1873 1868 2153 1937; x_wconf 81' lang='lat' dir='ltr'><strong>magisque</strong></span> <span class='ocrx_word' id='word_1_321' title='bbox 2200 1867 2534 1933; x_wconf 86' lang='lat' dir='ltr'><strong>uilesceret,</strong></span> <span class='ocrx_word' id='word_1_322' title='bbox 2584 1875 2641 1922; x_wconf 91' lang='lat' dir='ltr'><strong>et</strong></span> <span class='ocrx_word' id='word_1_323' title='bbox 2673 1854 2890 1938; x_wconf 76' lang='lat' dir='ltr'><strong>gratior</strong></span> <span class='ocrx_word' id='word_1_324' title='bbox 2936 1877 3102 1940; x_wconf 87' lang='lat' dir='ltr'><strong>atque</strong></span> <span class='ocrx_word' id='word_1_325' title='bbox 3152 1870 3338 1925; x_wconf 88' lang='lat' dir='ltr'><strong>utilior</strong></span> <span class='ocrx_word' id='word_1_326' title='bbox 3385 1870 3483 1926; x_wconf 80' lang='lat' dir='ltr'><strong>tie-</strong></span> 
     </span>
    </p>
   </div>
   <div class='ocr_carea' id='block_1_48' title="bbox 1871 1958 3486 2034">
    <p class='ocr_par' dir='ltr' id='par_1_48' title="bbox 1871 1958 3486 2034">
     <span class='ocr_line' id='line_1_48' title="bbox 1871 1958 3486 2034; baseline 0.001 -20"><span class='ocrx_word' id='word_1_327' title='bbox 1871 1969 1974 2014; x_wconf 90' lang='lat' dir='ltr'><strong>ret.</strong></span> <span class='ocrx_word' id='word_1_328' title='bbox 2027 1958 2170 2027; x_wconf 83' lang='lat' dir='ltr'><strong>Quid</strong></span> <span class='ocrx_word' id='word_1_329' title='bbox 2209 1958 2360 2013; x_wconf 91' lang='lat' dir='ltr'><strong>enim</strong></span> <span class='ocrx_word' id='word_1_330' title='bbox 2413 1958 2684 2028; x_wconf 89' lang='lat' dir='ltr'><strong>dicimus,</strong></span> <span class='ocrx_word' id='word_1_331' title='bbox 2729 1963 2857 2014; x_wconf 86' lang='lat' dir='ltr'><strong>dum</strong></span> <span class='ocrx_word' id='word_1_332' title='bbox 2911 1958 3272 2016; x_wconf 82' lang='lat' dir='ltr'><strong>Chromatium</strong></span> <span class='ocrx_word' id='word_1_333' title='bbox 3313 1962 3486 2034; x_wconf 82' lang='lat' dir='ltr'><strong>Aqui-</strong></span> 
     </span>
    </p>
   </div>
   <div class='ocr_carea' id='block_1_49' title="bbox 1872 2052 3481 2128">
    <p class='ocr_par' dir='ltr' id='par_1_49' title="bbox 1872 2052 3481 2128">
     <span class='ocr_line' id='line_1_49' title="bbox 1872 2052 3481 2128; baseline 0.005 -21"><span class='ocrx_word' id='word_1_334' title='bbox 1872 2053 2135 2107; x_wconf 88' lang='lat' dir='ltr'><strong>lcieusem</strong></span> <span class='ocrx_word' id='word_1_335' title='bbox 2197 2052 2520 2122; x_wconf 89' lang='lat' dir='ltr'><strong>episcopum</strong></span> <span class='ocrx_word' id='word_1_336' title='bbox 2581 2052 2967 2108; x_wconf 78' lang='lat' dir='ltr'><strong>nominamus?</strong></span> <span class='ocrx_word' id='word_1_337' title='bbox 3030 2054 3219 2110; x_wconf 79' lang='lat' dir='ltr'><strong>Virum</strong></span> <span class='ocrx_word' id='word_1_338' title='bbox 3284 2072 3481 2128; x_wconf 85' lang='lat' dir='ltr'><strong>nempe</strong></span> 
     </span>
    </p>
   </div>
   <div class='ocr_carea' id='block_1_50' title="bbox 1871 2144 3482 2220">
    <p class='ocr_par' dir='ltr' id='par_1_50' title="bbox 1871 2144 3482 2220">
     <span class='ocr_line' id='line_1_50' title="bbox 1871 2144 3482 2220; baseline 0.004 -21"><span class='ocrx_word' id='word_1_339' title='bbox 1871 2159 1982 2199; x_wconf 69' lang='lat' dir='ltr'><strong>sua:</strong></span> <span class='ocrx_word' id='word_1_340' title='bbox 2018 2145 2196 2199; x_wconf 68' lang='lat' dir='ltr'><strong>artatis</strong></span> <span class='ocrx_word' id='word_1_341' title='bbox 2230 2146 2377 2200; x_wconf 88' lang='lat' dir='ltr'><strong>inter</strong></span> <span class='ocrx_word' id='word_1_342' title='bbox 2422 2144 2742 2201; x_wconf 87' lang='lat' dir='ltr'><strong>Occidentis</strong></span> <span class='ocrx_word' id='word_1_343' title='bbox 2789 2148 3082 2219; x_wconf 79' lang='lat' dir='ltr'><strong>episcopos</strong></span> <span class='ocrx_word' id='word_1_344' title='bbox 3121 2149 3482 2220; x_wconf 67' lang='lat' dir='ltr'><strong>praeclarissi-</strong></span> 
     </span>
    </p>
   </div>
   <div class='ocr_carea' id='block_1_51' title="bbox 1871 2240 3476 2314">
    <p class='ocr_par' dir='ltr' id='par_1_51' title="bbox 1871 2240 3476 2314">
     <span class='ocr_line' id='line_1_51' title="bbox 1871 2240 3476 2314; baseline 0.003 -20"><span class='ocrx_word' id='word_1_345' title='bbox 1871 2255 2050 2306; x_wconf 92' lang='lat' dir='ltr'><strong>mum;</strong></span> <span class='ocrx_word' id='word_1_346' title='bbox 2082 2240 2246 2308; x_wconf 79' lang='lat' dir='ltr'><strong>cujus</strong></span> <span class='ocrx_word' id='word_1_347' title='bbox 2275 2248 2508 2294; x_wconf 76' lang='lat' dir='ltr'><strong>sanctam</strong></span> <span class='ocrx_word' id='word_1_348' title='bbox 2545 2250 2763 2295; x_wconf 75' lang='lat' dir='ltr'><strong>mentem</strong></span> <span class='ocrx_word' id='word_1_349' title='bbox 2797 2243 2850 2295; x_wconf 89' lang='lat' dir='ltr'><strong>in</strong></span> <span class='ocrx_word' id='word_1_350' title='bbox 2881 2241 3194 2296; x_wconf 90' lang='lat' dir='ltr'><strong>divinorum</strong></span> <span class='ocrx_word' id='word_1_351' title='bbox 3227 2243 3476 2314; x_wconf 86' lang='lat' dir='ltr'><strong>eloquio-</strong></span> 
     </span>
    </p>
   </div>
   <div class='ocr_carea' id='block_1_52' title="bbox 1869 2331 3476 2404">
    <p class='ocr_par' dir='ltr' id='par_1_52' title="bbox 1869 2331 3476 2404">
     <span class='ocr_line' id='line_1_52' title="bbox 1869 2331 3476 2404; baseline 0.004 -18"><span class='ocrx_word' id='word_1_352' title='bbox 1869 2347 1989 2386; x_wconf 91' lang='lat' dir='ltr'><strong>rum</strong></span> <span class='ocrx_word' id='word_1_353' title='bbox 2041 2333 2227 2386; x_wconf 91' lang='lat' dir='ltr'><strong>studio</strong></span> <span class='ocrx_word' id='word_1_354' title='bbox 2273 2331 2431 2386; x_wconf 89' lang='lat' dir='ltr'><strong>divus</strong></span> <span class='ocrx_word' id='word_1_355' title='bbox 2480 2333 2803 2388; x_wconf 85' lang='lat' dir='ltr'><strong>Ambrosius</strong></span> <span class='ocrx_word' id='word_1_356' title='bbox 2849 2333 3260 2400; x_wconf 89' lang='lat' dir='ltr'><strong>admirabatur;</strong></span> <span class='ocrx_word' id='word_1_357' title='bbox 3310 2351 3476 2404; x_wconf 83' lang='lat' dir='ltr'><strong>quem</strong></span> 
     </span>
    </p>
   </div>
   <div class='ocr_carea' id='block_1_53' title="bbox 1869 2423 3474 2497">
    <p class='ocr_par' dir='ltr' id='par_1_53' title="bbox 1869 2423 3474 2497">
     <span class='ocr_line' id='line_1_53' title="bbox 1869 2423 3474 2497; baseline 0.002 -17"><span class='ocrx_word' id='word_1_358' title='bbox 1869 2425 2026 2480; x_wconf 92' lang='lat' dir='ltr'><strong>divus</strong></span> <span class='ocrx_word' id='word_1_359' title='bbox 2053 2425 2425 2497; x_wconf 79' lang='lat' dir='ltr'><strong>Hieronymus</strong></span> <span class='ocrx_word' id='word_1_360' title='bbox 2457 2424 2563 2496; x_wconf 90' lang='lat' dir='ltr'><strong>(cui</strong></span> <span class='ocrx_word' id='word_1_361' title='bbox 2593 2423 2928 2480; x_wconf 89' lang='lat' dir='ltr'><strong>adulationis</strong></span> <span class='ocrx_word' id='word_1_362' title='bbox 2970 2435 3098 2482; x_wconf 90' lang='lat' dir='ltr'><strong>nota</strong></span> <span class='ocrx_word' id='word_1_363' title='bbox 3133 2427 3274 2482; x_wconf 91' lang='lat' dir='ltr'><strong>inuri</strong></span> <span class='ocrx_word' id='word_1_364' title='bbox 3322 2435 3474 2483; x_wconf 89' lang='lat' dir='ltr'><strong>certe</strong></span> 
     </span>
    </p>
   </div>
   <div class='ocr_carea' id='block_1_54' title="bbox 1871 2518 3476 2590">
    <p class='ocr_par' dir='ltr' id='par_1_54' title="bbox 1871 2518 3476 2590">
     <span class='ocr_line' id='line_1_54' title="bbox 1871 2518 3476 2590; baseline -0.001 -17"><span class='ocrx_word' id='word_1_365' title='bbox 1871 2534 1978 2574; x_wconf 86' lang='lat' dir='ltr'><strong>non</strong></span> <span class='ocrx_word' id='word_1_366' title='bbox 2017 2518 2224 2588; x_wconf 76' lang='lat' dir='ltr'><strong>potest)</strong></span> <span class='ocrx_word' id='word_1_367' title='bbox 2259 2518 2621 2590; x_wconf 81' lang='lat' dir='ltr'><strong>episcoporum</strong></span> <span class='ocrx_word' id='word_1_368' title='bbox 2661 2520 3044 2573; x_wconf 83' lang='lat' dir='ltr'><strong>sanctissimum</strong></span> <span class='ocrx_word' id='word_1_369' title='bbox 3083 2529 3242 2582; x_wconf 85' lang='lat' dir='ltr'><strong>atque</strong></span> <span class='ocrx_word' id='word_1_370' title='bbox 3279 2519 3476 2572; x_wconf 84' lang='lat' dir='ltr'><strong>doctis-</strong></span> 
     </span>
    </p>
   </div>
   <div class='ocr_carea' id='block_1_55' title="bbox 1867 2613 3471 2684">
    <p class='ocr_par' dir='ltr' id='par_1_55' title="bbox 1867 2613 3471 2684">
     <span class='ocr_line' id='line_1_55' title="bbox 1867 2613 3471 2684; baseline -0.002 -14"><span class='ocrx_word' id='word_1_371' title='bbox 1867 2616 2055 2671; x_wconf 85' lang='lat' dir='ltr'><strong>simum</strong></span> <span class='ocrx_word' id='word_1_372' title='bbox 2087 2614 2383 2684; x_wconf 87' lang='lat' dir='ltr'><strong>appellavit</strong></span> <span class='ocrx_word' id='word_1_373' title='bbox 2413 2632 2424 2667; x_wconf 94' lang='lat'>:</span> <span class='ocrx_word' id='word_1_374' title='bbox 2450 2630 2608 2684; x_wconf 88' lang='lat' dir='ltr'><strong>quem</strong></span> <span class='ocrx_word' id='word_1_375' title='bbox 2631 2613 2858 2669; x_wconf 82' lang='lat' dir='ltr'><strong>Rulinus</strong></span> <span class='ocrx_word' id='word_1_376' title='bbox 2885 2614 3122 2670; x_wconf 86' lang='lat' dir='ltr'><strong>alterum</strong></span> <span class='ocrx_word' id='word_1_377' title='bbox 3153 2613 3237 2668; x_wconf 89' lang='lat' dir='ltr'><strong>sui</strong></span> <span class='ocrx_word' id='word_1_378' title='bbox 3272 2623 3471 2683; x_wconf 85' lang='lat' dir='ltr'><strong>tempo-</strong></span> 
     </span>
    </p>
   </div>
   <div class='ocr_carea' id='block_1_56' title="bbox 1867 2707 3472 2778">
    <p class='ocr_par' dir='ltr' id='par_1_56' title="bbox 1867 2707 3472 2778">
     <span class='ocr_line' id='line_1_56' title="bbox 1867 2707 3472 2778; baseline 0.001 -15"><span class='ocrx_word' id='word_1_379' title='bbox 1867 2711 1939 2764; x_wconf 86' lang='lat' dir='ltr'><strong>ris</strong></span> <span class='ocrx_word' id='word_1_380' title='bbox 1992 2707 2344 2763; x_wconf 79' lang='lat' dir='ltr'><strong>Beselelielem</strong></span> <span class='ocrx_word' id='word_1_381' title='bbox 2396 2708 2566 2774; x_wconf 84' lang='lat' dir='ltr'><strong>dixit;</strong></span> <span class='ocrx_word' id='word_1_382' title='bbox 2620 2709 2709 2764; x_wconf 89' lang='lat' dir='ltr'><strong>cui</strong></span> <span class='ocrx_word' id='word_1_383' title='bbox 2763 2709 3014 2764; x_wconf 90' lang='lat' dir='ltr'><strong>scribens</strong></span> <span class='ocrx_word' id='word_1_384' title='bbox 3078 2709 3194 2778; x_wconf 90' lang='lat' dir='ltr'><strong>ipse</strong></span> <span class='ocrx_word' id='word_1_385' title='bbox 3249 2722 3472 2778; x_wconf 88' lang='lat' dir='ltr'><strong>quoque</strong></span> 
     </span>
    </p>
   </div>
   <div class='ocr_carea' id='block_1_57' title="bbox 1867 2788 3545 2874">
    <p class='ocr_par' dir='ltr' id='par_1_57' title="bbox 1867 2788 3545 2874">
     <span class='ocr_line' id='line_1_57' title="bbox 1867 2788 3545 2874; baseline -0.002 -16"><span class='ocrx_word' id='word_1_386' title='bbox 1867 2811 2095 2859; x_wconf 87' lang='lat' dir='ltr'><strong>sanctus</strong></span> <span class='ocrx_word' id='word_1_387' title='bbox 2135 2802 2377 2858; x_wconf 84' lang='lat' dir='ltr'><strong>Joannes</strong></span> <span class='ocrx_word' id='word_1_388' title='bbox 2421 2801 2868 2874; x_wconf 83' lang='lat' dir='ltr'><strong>Cltrysostonuts,</strong></span> <span class='ocrx_word' id='word_1_389' title='bbox 2909 2801 3032 2874; x_wconf 80' lang='lat' dir='ltr'><strong>[vti]</strong></span> <span class='ocrx_word' id='word_1_390' title='bbox 3079 2801 3470 2856; x_wconf 76' lang='lat' dir='ltr'><strong>vrhementisai-</strong></span> <span class='ocrx_word' id='word_1_391' title='bbox 3529 2788 3545 2796; x_wconf 64' lang='grc'><strong>’</strong></span> 
     </span>
    </p>
   </div>
   <div class='ocr_carea' id='block_1_58' title="bbox 1866 2895 3471 2967">
    <p class='ocr_par' dir='ltr' id='par_1_58' title="bbox 1866 2895 3471 2967">
     <span class='ocr_line' id='line_1_58' title="bbox 1866 2895 3471 2967; baseline -0.001 -17"><span class='ocrx_word' id='word_1_392' title='bbox 1866 2913 2024 2963; x_wconf 89' lang='lat' dir='ltr'><strong>mam,</strong></span> <span class='ocrx_word' id='word_1_393' title='bbox 2075 2905 2225 2966; x_wconf 86' lang='lat' dir='ltr'><strong>atque</strong></span> <span class='ocrx_word' id='word_1_394' title='bbox 2257 2897 2372 2967; x_wconf 84' lang='lat' dir='ltr'><strong>igne</strong></span> <span class='ocrx_word' id='word_1_395' title='bbox 2413 2895 2620 2965; x_wconf 84' lang='lat' dir='ltr'><strong>plenam</strong></span> <span class='ocrx_word' id='word_1_396' title='bbox 2662 2895 3398 2963; x_wconf 78' lang='lat' dir='ltr'><strong>cliaritatem,.sinceramqite</strong></span> <span class='ocrx_word' id='word_1_397' title='bbox 3422 2903 3471 2949; x_wconf 85' lang='lat' dir='ltr'><strong>et</strong></span> 
     </span>
    </p>
   </div>
   <div class='ocr_carea' id='block_1_59' title="bbox 1864 2989 3474 3061">
    <p class='ocr_par' dir='ltr' id='par_1_59' title="bbox 1864 2989 3474 3061">
     <span class='ocr_line' id='line_1_59' title="bbox 1864 2989 3474 3061; baseline -0.001 -17"><span class='ocrx_word' id='word_1_398' title='bbox 1864 2989 2061 3060; x_wconf 77' lang='lat' dir='ltr'><strong>ingenti</strong></span> <span class='ocrx_word' id='word_1_399' title='bbox 2109 2990 2348 3044; x_wconf 83' lang='lat' dir='ltr'><strong>libertate</strong></span> <span class='ocrx_word' id='word_1_400' title='bbox 2383 3006 2443 3042; x_wconf 86' lang='lat' dir='ltr'><strong>ac</strong></span> <span class='ocrx_word' id='word_1_401' title='bbox 2489 2989 2683 3056; x_wconf 82' lang='lat' dir='ltr'><strong>ﬁducia</strong></span> <span class='ocrx_word' id='word_1_402' title='bbox 2721 2993 2990 3059; x_wconf 80' lang='lat' dir='ltr'><strong>perfusam</strong></span> <span class='ocrx_word' id='word_1_403' title='bbox 3031 2989 3284 3061; x_wconf 83' lang='lat' dir='ltr'><strong>linguam.</strong></span> <span class='ocrx_word' id='word_1_404' title='bbox 3319 2999 3474 3058; x_wconf 80' lang='lat' dir='ltr'><strong>atque</strong></span> 
     </span>
    </p>
   </div>
   <div class='ocr_carea' id='block_1_60' title="bbox 1866 3081 3469 3152">
    <p class='ocr_par' dir='ltr' id='par_1_60' title="bbox 1866 3081 3469 3152">
     <span class='ocr_line' id='line_1_60' title="bbox 1866 3081 3469 3152; baseline 0 -16"><span class='ocrx_word' id='word_1_405' title='bbox 1866 3082 2261 3136; x_wconf 85' lang='lat' dir='ltr'><strong>adamantinam</strong></span> <span class='ocrx_word' id='word_1_406' title='bbox 2291 3082 2666 3135; x_wconf 79' lang='lat' dir='ltr'><strong>contentionem</strong></span> <span class='ocrx_word' id='word_1_407' title='bbox 2707 3081 3072 3152; x_wconf 62' lang='lat' dir='ltr'><strong>praedicabat;</strong></span> <span class='ocrx_word' id='word_1_408' title='bbox 3115 3083 3308 3149; x_wconf 87' lang='lat' dir='ltr'><strong>cuique</strong></span> <span class='ocrx_word' id='word_1_409' title='bbox 3345 3089 3469 3136; x_wconf 84' lang='lat' dir='ltr'><strong>tan-</strong></span> 
     </span>
    </p>
   </div>
   <div class='ocr_carea' id='block_1_61' title="bbox 1867 3171 3470 3244">
    <p class='ocr_par' dir='ltr' id='par_1_61' title="bbox 1867 3171 3470 3244">
     <span class='ocr_line' id='line_1_61' title="bbox 1867 3171 3470 3244; baseline -0.002 -15"><span class='ocrx_word' id='word_1_410' title='bbox 1867 3175 1989 3230; x_wconf 90' lang='lat' dir='ltr'><strong>dem</strong></span> <span class='ocrx_word' id='word_1_411' title='bbox 2040 3174 2334 3244; x_wconf 89' lang='lat' dir='ltr'><strong>plurimum</strong></span> <span class='ocrx_word' id='word_1_412' title='bbox 2369 3187 2502 3228; x_wconf 82' lang='lat' dir='ltr'><strong>Sane</strong></span> <span class='ocrx_word' id='word_1_413' title='bbox 2535 3173 2830 3237; x_wconf 88' lang='lat' dir='ltr'><strong>debemus,</strong></span> <span class='ocrx_word' id='word_1_414' title='bbox 2863 3171 3006 3240; x_wconf 90' lang='lat' dir='ltr'><strong>quod</strong></span> <span class='ocrx_word' id='word_1_415' title='bbox 3049 3172 3164 3238; x_wconf 86' lang='lat' dir='ltr'><strong>ipse</strong></span> <span class='ocrx_word' id='word_1_416' title='bbox 3201 3171 3470 3243; x_wconf 84' lang='lat' dir='ltr'><strong>Hierony-</strong></span> 
     </span>
    </p>
   </div>
   <div class='ocr_carea' id='block_1_62' title="bbox 181 3237 3469 3336">
    <p class='ocr_par' dir='ltr' id='par_1_62' title="bbox 181 3237 3469 3336">
     <span class='ocr_line' id='line_1_62' title="bbox 181 3237 3469 3336; baseline 0.008 -45"><span class='ocrx_word' id='word_1_417' title='bbox 181 3251 264 3293; x_wconf 81' lang='lat' dir='ltr'><strong>seu</strong></span> <span class='ocrx_word' id='word_1_418' title='bbox 303 3257 492 3312; x_wconf 86' lang='lat' dir='ltr'><strong>opera,</strong></span> <span class='ocrx_word' id='word_1_419' title='bbox 521 3261 617 3302; x_wconf 89' lang='lat' dir='ltr'><strong>seu</strong></span> <span class='ocrx_word' id='word_1_420' title='bbox 662 3251 946 3318; x_wconf 88' lang='lat' dir='ltr'><strong>opuscula,</strong></span> <span class='ocrx_word' id='word_1_421' title='bbox 983 3263 1111 3308; x_wconf 92' lang='lat' dir='ltr'><strong>sunt</strong></span> <span class='ocrx_word' id='word_1_422' title='bbox 1149 3255 1504 3314; x_wconf 74' lang='lat' dir='ltr'><strong>Bililiotbecis</strong></span> <span class='ocrx_word' id='word_1_423' title='bbox 1533 3262 1761 3332; x_wconf 91' lang='lat' dir='ltr'><strong>aliisque</strong></span> <span class='ocrx_word' id='word_1_424' title='bbox 1791 3237 1836 3300; x_wconf 78' lang='lat' dir='ltr'>C</span> <span class='ocrx_word' id='word_1_425' title='bbox 1871 3281 2012 3330; x_wconf 91' lang='lat' dir='ltr'><strong>mus,</strong></span> <span class='ocrx_word' id='word_1_426' title='bbox 2037 3266 2092 3320; x_wconf 93' lang='lat' dir='ltr'><strong>in</strong></span> <span class='ocrx_word' id='word_1_427' title='bbox 2117 3263 2456 3336; x_wconf 84' lang='lat' dir='ltr'><strong>exponendis</strong></span> <span class='ocrx_word' id='word_1_428' title='bbox 2482 3265 2651 3319; x_wconf 89' lang='lat' dir='ltr'><strong>sacris</strong></span> <span class='ocrx_word' id='word_1_429' title='bbox 2675 3264 2966 3332; x_wconf 88' lang='lat' dir='ltr'><strong>Scripturis</strong></span> <span class='ocrx_word' id='word_1_430' title='bbox 2985 3263 3178 3317; x_wconf 82' lang='lat' dir='ltr'><strong>ductor</strong></span> <span class='ocrx_word' id='word_1_431' title='bbox 3197 3265 3469 3317; x_wconf 83' lang='lat' dir='ltr'><strong>maximus</strong></span> 
     </span>
    </p>
   </div>
   <div class='ocr_carea' id='block_1_63' title="bbox 177 3330 1761 3422">
    <p class='ocr_par' dir='ltr' id='par_1_63' title="bbox 177 3330 1761 3422">
     <span class='ocr_line' id='line_1_63' title="bbox 177 3330 1761 3422; baseline 0.015 -35"><span class='ocrx_word' id='word_1_432' title='bbox 177 3330 584 3395; x_wconf 88' lang='lat' dir='ltr'><strong>Collectionibus</strong></span> <span class='ocrx_word' id='word_1_433' title='bbox 630 3342 876 3413; x_wconf 86' lang='lat' dir='ltr'><strong>inserta,</strong></span> <span class='ocrx_word' id='word_1_434' title='bbox 929 3357 985 3401; x_wconf 93' lang='lat' dir='ltr'><strong>ct</strong></span> <span class='ocrx_word' id='word_1_435' title='bbox 1044 3348 1133 3402; x_wconf 82' lang='lat' dir='ltr'><strong>vix</strong></span> <span class='ocrx_word' id='word_1_436' title='bbox 1185 3351 1486 3422; x_wconf 90' lang='lat' dir='ltr'><strong>aliquando</strong></span> <span class='ocrx_word' id='word_1_437' title='bbox 1533 3330 1761 3411; x_wconf 81' lang='lat' dir='ltr'><strong>seorsim</strong></span> 
     </span>
    </p>
   </div>
   <div class='ocr_carea' id='block_1_64' title="bbox 179 3428 1766 3515">
    <p class='ocr_par' dir='ltr' id='par_1_64' title="bbox 179 3428 1766 3515">
     <span class='ocr_line' id='line_1_64' title="bbox 179 3428 1766 3515; baseline 0.015 -34"><span class='ocrx_word' id='word_1_438' title='bbox 179 3428 324 3498; x_wconf 87' lang='lat' dir='ltr'><strong>edita,</strong></span> <span class='ocrx_word' id='word_1_439' title='bbox 357 3447 478 3502; x_wconf 72' lang='lat' dir='ltr'><strong>qum</strong></span> <span class='ocrx_word' id='word_1_440' title='bbox 526 3451 637 3489; x_wconf 91' lang='lat' dir='ltr'><strong>non</strong></span> <span class='ocrx_word' id='word_1_441' title='bbox 671 3452 860 3506; x_wconf 85' lang='lat' dir='ltr'><strong>parum</strong></span> <span class='ocrx_word' id='word_1_442' title='bbox 896 3439 1120 3496; x_wconf 87' lang='lat' dir='ltr'><strong>honoris</strong></span> <span class='ocrx_word' id='word_1_443' title='bbox 1159 3452 1214 3499; x_wconf 88' lang='lat' dir='ltr'><strong>et</strong></span> <span class='ocrx_word' id='word_1_444' title='bbox 1242 3445 1436 3515; x_wconf 63' lang='lat' dir='ltr'><strong>gloriae</strong></span> <span class='ocrx_word' id='word_1_445' title='bbox 1472 3452 1766 3505; x_wconf 78' lang='lat' dir='ltr'><strong>conferunt</strong></span> 
     </span>
    </p>
   </div>
   <div class='ocr_carea' id='block_1_65' title="bbox 180 3526 1765 3611">
    <p class='ocr_par' dir='ltr' id='par_1_65' title="bbox 180 3526 1765 3611">
     <span class='ocr_line' id='line_1_65' title="bbox 180 3526 1765 3611; baseline 0.016 -37"><span class='ocrx_word' id='word_1_446' title='bbox 180 3529 276 3577; x_wconf 91' lang='lat' dir='ltr'><strong>tum</strong></span> <span class='ocrx_word' id='word_1_447' title='bbox 315 3526 624 3596; x_wconf 87' lang='lat' dir='ltr'><strong>provinciis,</strong></span> <span class='ocrx_word' id='word_1_448' title='bbox 658 3528 762 3604; x_wconf 76' lang='grc' dir='ltr'><strong>[γι]</strong></span> <span class='ocrx_word' id='word_1_449' title='bbox 799 3542 853 3586; x_wconf 92' lang='lat' dir='ltr'><strong>et</strong></span> <span class='ocrx_word' id='word_1_450' title='bbox 888 3535 1228 3604; x_wconf 84' lang='lat' dir='ltr'><strong>regionibus,</strong></span> <span class='ocrx_word' id='word_1_451' title='bbox 1265 3548 1375 3594; x_wconf 93' lang='lat' dir='ltr'><strong>tum</strong></span> <span class='ocrx_word' id='word_1_452' title='bbox 1423 3541 1765 3611; x_wconf 89' lang='lat' dir='ltr'><strong>civitatibus,</strong></span> 
     </span>
    </p>
   </div>
   <div class='ocr_carea' id='block_1_66' title="bbox 180 3616 1760 3706">
    <p class='ocr_par' dir='ltr' id='par_1_66' title="bbox 180 3616 1760 3706">
     <span class='ocr_line' id='line_1_66' title="bbox 180 3616 1760 3706; baseline 0.014 -37"><span class='ocrx_word' id='word_1_453' title='bbox 180 3616 387 3689; x_wconf 78' lang='lat' dir='ltr'><strong>aliisque</strong></span> <span class='ocrx_word' id='word_1_454' title='bbox 430 3621 588 3690; x_wconf 93' lang='lat' dir='ltr'><strong>locis,</strong></span> <span class='ocrx_word' id='word_1_455' title='bbox 633 3627 686 3679; x_wconf 90' lang='lat' dir='ltr'><strong>in</strong></span> <span class='ocrx_word' id='word_1_456' title='bbox 741 3626 941 3696; x_wconf 80' lang='lat' dir='ltr'><strong>quibus</strong></span> <span class='ocrx_word' id='word_1_457' title='bbox 989 3639 1272 3701; x_wconf 89' lang='lat' dir='ltr'><strong>auctores,</strong></span> <span class='ocrx_word' id='word_1_458' title='bbox 1312 3633 1440 3689; x_wconf 91' lang='lat' dir='ltr'><strong>dum</strong></span> <span class='ocrx_word' id='word_1_459' title='bbox 1493 3636 1760 3706; x_wconf 84' lang='lat' dir='ltr'><strong>viverent,</strong></span> 
     </span>
    </p>
   </div>
   <div class='ocr_carea' id='block_1_67' title="bbox 180 3711 1762 3800">
    <p class='ocr_par' dir='ltr' id='par_1_67' title="bbox 180 3711 1762 3800">
     <span class='ocr_line' id='line_1_67' title="bbox 180 3711 1762 3800; baseline 0.016 -37"><span class='ocrx_word' id='word_1_460' title='bbox 180 3711 570 3784; x_wconf 85' lang='lat' dir='ltr'><strong>inclaruerunt;</strong></span> <span class='ocrx_word' id='word_1_461' title='bbox 606 3736 954 3792; x_wconf 87' lang='lat' dir='ltr'><strong>quorumque</strong></span> <span class='ocrx_word' id='word_1_462' title='bbox 999 3727 1246 3782; x_wconf 88' lang='lat' dir='ltr'><strong>omnium</strong></span> <span class='ocrx_word' id='word_1_463' title='bbox 1285 3739 1579 3800; x_wconf 86' lang='lat' dir='ltr'><strong>propterea</strong></span> <span class='ocrx_word' id='word_1_464' title='bbox 1622 3731 1762 3788; x_wconf 90' lang='lat' dir='ltr'><strong>inte-</strong></span> 
     </span>
    </p>
   </div>
   <div class='ocr_carea' id='block_1_68' title="bbox 181 3812 1762 3890">
    <p class='ocr_par' dir='ltr' id='par_1_68' title="bbox 181 3812 1762 3890">
     <span class='ocr_line' id='line_1_68' title="bbox 181 3812 1762 3890; baseline 0.015 -32"><span class='ocrx_word' id='word_1_465' title='bbox 181 3818 354 3873; x_wconf 59' lang='lat' dir='ltr'><strong>resset,</strong></span> <span class='ocrx_word' id='word_1_466' title='bbox 397 3821 451 3864; x_wconf 91' lang='lat' dir='ltr'><strong>ut</strong></span> <span class='ocrx_word' id='word_1_467' title='bbox 480 3812 793 3882; x_wconf 82' lang='lat' dir='ltr'><strong>vulgatiora</strong></span> <span class='ocrx_word' id='word_1_468' title='bbox 822 3855 836 3880; x_wconf 95' lang='lat'><strong>,</strong></span> <span class='ocrx_word' id='word_1_469' title='bbox 880 3818 1074 3872; x_wconf 87' lang='lat' dir='ltr'><strong>saltem</strong></span> <span class='ocrx_word' id='word_1_470' title='bbox 1119 3837 1292 3887; x_wconf 89' lang='lat' dir='ltr'><strong>penes</strong></span> <span class='ocrx_word' id='word_1_471' title='bbox 1322 3839 1472 3890; x_wconf 88' lang='lat' dir='ltr'><strong>suos,</strong></span> <span class='ocrx_word' id='word_1_472' title='bbox 1515 3839 1762 3882; x_wconf 88' lang='lat' dir='ltr'><strong>commu-</strong></span> 
     </span>
    </p>
   </div>
   <div class='ocr_carea' id='block_1_69' title="bbox 179 3901 1756 3991">
    <p class='ocr_par' dir='ltr' id='par_1_69' title="bbox 179 3901 1756 3991">
     <span class='ocr_line' id='line_1_69' title="bbox 179 3901 1756 3991; baseline 0.016 -38"><span class='ocrx_word' id='word_1_473' title='bbox 179 3901 438 3974; x_wconf 74' lang='lat' dir='ltr'><strong>nior-isque</strong></span> <span class='ocrx_word' id='word_1_474' title='bbox 465 3904 648 3991; x_wconf 79' lang='lat' dir='ltr'><strong>forent</strong></span> <span class='ocrx_word' id='word_1_475' title='bbox 675 3924 830 3966; x_wconf 91' lang='lat' dir='ltr'><strong>usus.</strong></span> <span class='ocrx_word' id='word_1_476' title='bbox 862 3911 956 3967; x_wconf 92' lang='lat' dir='ltr'><strong>llis</strong></span> <span class='ocrx_word' id='word_1_477' title='bbox 993 3913 1160 3970; x_wconf 90' lang='lat' dir='ltr'><strong>addas</strong></span> <span class='ocrx_word' id='word_1_478' title='bbox 1191 3918 1481 3990; x_wconf 86' lang='lat' dir='ltr'><strong>religionis</strong></span> <span class='ocrx_word' id='word_1_479' title='bbox 1523 3937 1756 3991; x_wconf 65' lang='lat' dir='ltr'><strong>praescr-</strong></span> 
     </span>
    </p>
   </div>
   <div class='ocr_carea' id='block_1_70' title="bbox 180 3987 1760 4082">
    <p class='ocr_par' dir='ltr' id='par_1_70' title="bbox 180 3987 1760 4082">
     <span class='ocr_line' id='line_1_70' title="bbox 180 3987 1760 4082; baseline 0.016 -39"><span class='ocrx_word' id='word_1_480' title='bbox 180 3989 263 4045; x_wconf 79' lang='lat' dir='ltr'><strong>tim</strong></span> <span class='ocrx_word' id='word_1_481' title='bbox 309 3987 549 4066; x_wconf 83' lang='lat' dir='ltr'><strong>causam,</strong></span> <span class='ocrx_word' id='word_1_482' title='bbox 590 3999 644 4055; x_wconf 93' lang='lat' dir='ltr'><strong>in</strong></span> <span class='ocrx_word' id='word_1_483' title='bbox 701 4002 767 4056; x_wconf 92' lang='lat' dir='ltr'><strong>iis</strong></span> <span class='ocrx_word' id='word_1_484' title='bbox 811 4003 1048 4060; x_wconf 81' lang='lat' dir='ltr'><strong>maxime</strong></span> <span class='ocrx_word' id='word_1_485' title='bbox 1091 3987 1621 4079; x_wconf 30' lang='lat' dir='ltr'><strong>sattctistatrib&#39;us,</strong></span> <span class='ocrx_word' id='word_1_486' title='bbox 1667 4015 1760 4082; x_wconf 92' lang='lat' dir='ltr'><strong>qui</strong></span> 
     </span>
    </p>
   </div>
   <div class='ocr_carea' id='block_1_71' title="bbox 179 4085 1754 4177">
    <p class='ocr_par' dir='ltr' id='par_1_71' title="bbox 179 4085 1754 4177">
     <span class='ocr_line' id='line_1_71' title="bbox 179 4085 1754 4177; baseline 0.015 -39"><span class='ocrx_word' id='word_1_487' title='bbox 179 4085 353 4154; x_wconf 88' lang='lat' dir='ltr'><strong>priscis</strong></span> <span class='ocrx_word' id='word_1_488' title='bbox 376 4090 632 4150; x_wconf 72' lang='lat' dir='ltr'><strong>Ecclesia:</strong></span> <span class='ocrx_word' id='word_1_489' title='bbox 655 4096 875 4152; x_wconf 67' lang='lat' dir='ltr'><strong>saeculis</strong></span> <span class='ocrx_word' id='word_1_490' title='bbox 902 4097 1236 4170; x_wconf 83' lang='lat' dir='ltr'><strong>ﬂoruerunt;</strong></span> <span class='ocrx_word' id='word_1_491' title='bbox 1263 4122 1605 4177; x_wconf 90' lang='lat' dir='ltr'><strong>quorumque</strong></span> <span class='ocrx_word' id='word_1_492' title='bbox 1627 4123 1754 4162; x_wconf 85' lang='lat' dir='ltr'><strong>cura</strong></span> 
     </span>
    </p>
   </div>
   <div class='ocr_carea' id='block_1_72' title="bbox 180 4185 1754 4270">
    <p class='ocr_par' dir='ltr' id='par_1_72' title="bbox 180 4185 1754 4270">
     <span class='ocr_line' id='line_1_72' title="bbox 180 4185 1754 4270; baseline 0.015 -37"><span class='ocrx_word' id='word_1_493' title='bbox 180 4189 227 4234; x_wconf 92' lang='lat' dir='ltr'><strong>et</strong></span> <span class='ocrx_word' id='word_1_494' title='bbox 248 4197 402 4253; x_wconf 91' lang='lat' dir='ltr'><strong>opere</strong></span> <span class='ocrx_word' id='word_1_495' title='bbox 433 4185 742 4244; x_wconf 86' lang='lat' dir='ltr'><strong>Christiana</strong></span> <span class='ocrx_word' id='word_1_496' title='bbox 779 4207 869 4247; x_wconf 91' lang='lat' dir='ltr'><strong>res</strong></span> <span class='ocrx_word' id='word_1_497' title='bbox 903 4193 1011 4249; x_wconf 91' lang='lat' dir='ltr'><strong>illis</strong></span> <span class='ocrx_word' id='word_1_498' title='bbox 1038 4194 1093 4249; x_wconf 91' lang='lat' dir='ltr'><strong>in</strong></span> <span class='ocrx_word' id='word_1_499' title='bbox 1142 4200 1484 4268; x_wconf 83' lang='lat' dir='ltr'><strong>regionibus,</strong></span> <span class='ocrx_word' id='word_1_500' title='bbox 1528 4202 1754 4270; x_wconf 89' lang='lat' dir='ltr'><strong>provin-</strong></span> 
     </span>
    </p>
   </div>
   <div class='ocr_carea' id='block_1_73' title="bbox 177 4273 1752 4362">
    <p class='ocr_par' dir='ltr' id='par_1_73' title="bbox 177 4273 1752 4362">
     <span class='ocr_line' id='line_1_73' title="bbox 177 4273 1752 4362; baseline 0.013 -35"><span class='ocrx_word' id='word_1_501' title='bbox 177 4273 284 4338; x_wconf 77' lang='lat' dir='ltr'><strong>ciis,</strong></span> <span class='ocrx_word' id='word_1_502' title='bbox 313 4278 651 4350; x_wconf 91' lang='lat' dir='ltr'><strong>civitatibus,</strong></span> <span class='ocrx_word' id='word_1_503' title='bbox 695 4284 946 4354; x_wconf 90' lang='lat' dir='ltr'><strong>locisque</strong></span> <span class='ocrx_word' id='word_1_504' title='bbox 977 4287 1096 4343; x_wconf 90' lang='lat' dir='ltr'><strong>aliis</strong></span> <span class='ocrx_word' id='word_1_505' title='bbox 1134 4303 1225 4344; x_wconf 91' lang='lat' dir='ltr'><strong>aut</strong></span> <span class='ocrx_word' id='word_1_506' title='bbox 1259 4292 1470 4347; x_wconf 90' lang='lat' dir='ltr'><strong>initium</strong></span> <span class='ocrx_word' id='word_1_507' title='bbox 1502 4293 1752 4362; x_wconf 88' lang='lat' dir='ltr'><strong>sumpsit,</strong></span> 
     </span>
    </p>
   </div>
   <div class='ocr_carea' id='block_1_74' title="bbox 178 4375 1754 4453">
    <p class='ocr_par' dir='ltr' id='par_1_74' title="bbox 178 4375 1754 4453">
     <span class='ocr_line' id='line_1_74' title="bbox 178 4375 1754 4453; baseline 0.013 -33"><span class='ocrx_word' id='word_1_508' title='bbox 178 4377 258 4422; x_wconf 88' lang='lat' dir='ltr'><strong>aut</strong></span> <span class='ocrx_word' id='word_1_509' title='bbox 293 4383 472 4440; x_wconf 90' lang='lat' dir='ltr'><strong>postea</strong></span> <span class='ocrx_word' id='word_1_510' title='bbox 503 4375 767 4444; x_wconf 91' lang='lat' dir='ltr'><strong>adolevit,</strong></span> <span class='ocrx_word' id='word_1_511' title='bbox 815 4395 1193 4453; x_wconf 88' lang='lat' dir='ltr'><strong>prospereque</strong></span> <span class='ocrx_word' id='word_1_512' title='bbox 1235 4399 1295 4440; x_wconf 89' lang='lat' dir='ltr'><strong>se</strong></span> <span class='ocrx_word' id='word_1_513' title='bbox 1336 4386 1550 4440; x_wconf 88' lang='lat' dir='ltr'><strong>habuit.</strong></span> <span class='ocrx_word' id='word_1_514' title='bbox 1584 4385 1754 4441; x_wconf 80' lang='lat' dir='ltr'><strong>Nemo</strong></span> 
     </span>
    </p>
   </div>
   <div class='ocr_carea' id='block_1_75' title="bbox 179 4461 1750 4549">
    <p class='ocr_par' dir='ltr' id='par_1_75' title="bbox 179 4461 1750 4549">
     <span class='ocr_line' id='line_1_75' title="bbox 179 4461 1750 4549; baseline 0.013 -36"><span class='ocrx_word' id='word_1_515' title='bbox 179 4461 309 4517; x_wconf 91' lang='lat' dir='ltr'><strong>enim</strong></span> <span class='ocrx_word' id='word_1_516' title='bbox 361 4467 444 4535; x_wconf 91' lang='lat' dir='ltr'><strong>qui</strong></span> <span class='ocrx_word' id='word_1_517' title='bbox 488 4467 694 4524; x_wconf 89' lang='lat' dir='ltr'><strong>Cbristi</strong></span> <span class='ocrx_word' id='word_1_518' title='bbox 741 4473 1065 4542; x_wconf 82' lang='lat' dir='ltr'><strong>religionem</strong></span> <span class='ocrx_word' id='word_1_519' title='bbox 1109 4491 1297 4533; x_wconf 90' lang='lat' dir='ltr'><strong>amore</strong></span> <span class='ocrx_word' id='word_1_520' title='bbox 1338 4478 1526 4534; x_wconf 89' lang='lat' dir='ltr'><strong>debito</strong></span> <span class='ocrx_word' id='word_1_521' title='bbox 1557 4494 1750 4549; x_wconf 50' lang='lat' dir='ltr'><strong>prose.</strong></span> 
     </span>
    </p>
   </div>
   <div class='ocr_carea' id='block_1_76' title="bbox 178 4566 1753 4645">
    <p class='ocr_par' dir='ltr' id='par_1_76' title="bbox 178 4566 1753 4645">
     <span class='ocr_line' id='line_1_76' title="bbox 178 4566 1753 4645; baseline 0.013 -36"><span class='ocrx_word' id='word_1_522' title='bbox 178 4567 390 4628; x_wconf 91' lang='lat' dir='ltr'><strong>quatur;</strong></span> <span class='ocrx_word' id='word_1_523' title='bbox 420 4578 578 4620; x_wconf 91' lang='lat' dir='ltr'><strong>nemo</strong></span> <span class='ocrx_word' id='word_1_524' title='bbox 609 4580 719 4620; x_wconf 87' lang='lat' dir='ltr'><strong>non</strong></span> <span class='ocrx_word' id='word_1_525' title='bbox 745 4566 1150 4636; x_wconf 90' lang='lat' dir='ltr'><strong>jucundissime</strong></span> <span class='ocrx_word' id='word_1_526' title='bbox 1183 4573 1417 4629; x_wconf 90' lang='lat' dir='ltr'><strong>suismet</strong></span> <span class='ocrx_word' id='word_1_527' title='bbox 1445 4573 1619 4628; x_wconf 82' lang='lat' dir='ltr'><strong>oculis</strong></span> <span class='ocrx_word' id='word_1_528' title='bbox 1656 4590 1753 4645; x_wconf 89' lang='lat' dir='ltr'><strong>pro</strong></span> 
     </span>
    </p>
   </div>
   <div class='ocr_carea' id='block_1_77' title="bbox 1869 3355 3468 3427">
    <p class='ocr_par' dir='ltr' id='par_1_77' title="bbox 1869 3355 3468 3427">
     <span class='ocr_line' id='line_1_77' title="bbox 1869 3355 3468 3427; baseline -0.003 -11"><span class='ocrx_word' id='word_1_529' title='bbox 1869 3377 1899 3416; x_wconf 93' lang='lat' dir='ltr'><strong>a</strong></span> <span class='ocrx_word' id='word_1_530' title='bbox 1933 3363 2040 3416; x_wconf 84' lang='lat' dir='ltr'><strong>Deo</strong></span> <span class='ocrx_word' id='word_1_531' title='bbox 2070 3361 2232 3416; x_wconf 90' lang='lat' dir='ltr'><strong>datus</strong></span> <span class='ocrx_word' id='word_1_532' title='bbox 2263 3360 2528 3417; x_wconf 68' lang='lat' dir='ltr'><strong>Ecclesiae</strong></span> <span class='ocrx_word' id='word_1_533' title='bbox 2559 3375 2694 3426; x_wconf 71' lang='lat' dir='ltr'><strong>sure,</strong></span> <span class='ocrx_word' id='word_1_534' title='bbox 2735 3368 3020 3427; x_wconf 87' lang='lat' dir='ltr'><strong>tantopere</strong></span> <span class='ocrx_word' id='word_1_535' title='bbox 3061 3358 3113 3412; x_wconf 93' lang='lat' dir='ltr'><strong>in</strong></span> <span class='ocrx_word' id='word_1_536' title='bbox 3147 3357 3352 3412; x_wconf 88' lang='lat' dir='ltr'><strong>eisdem</strong></span> <span class='ocrx_word' id='word_1_537' title='bbox 3384 3355 3468 3411; x_wconf 90' lang='lat' dir='ltr'><strong>al-</strong></span> 
     </span>
    </p>
   </div>
   <div class='ocr_carea' id='block_1_78' title="bbox 1870 3443 3465 3522">
    <p class='ocr_par' dir='ltr' id='par_1_78' title="bbox 1870 3443 3465 3522">
     <span class='ocr_line' id='line_1_78' title="bbox 1870 3443 3465 3522; baseline -0.004 -10"><span class='ocrx_word' id='word_1_538' title='bbox 1870 3455 2222 3522; x_wconf 89' lang='lat' dir='ltr'><strong>laboraverit,</strong></span> <span class='ocrx_word' id='word_1_539' title='bbox 2256 3464 2314 3508; x_wconf 91' lang='lat' dir='ltr'><strong>ut</strong></span> <span class='ocrx_word' id='word_1_540' title='bbox 2354 3466 2541 3509; x_wconf 90' lang='lat' dir='ltr'><strong>notum</strong></span> <span class='ocrx_word' id='word_1_541' title='bbox 2584 3464 2668 3509; x_wconf 89' lang='lat' dir='ltr'><strong>est</strong></span> <span class='ocrx_word' id='word_1_542' title='bbox 2702 3443 2976 3508; x_wconf 86' lang='lat' dir='ltr'><strong>omnibus.</strong></span> <span class='ocrx_word' id='word_1_543' title='bbox 3027 3451 3231 3520; x_wconf 83' lang='lat' dir='ltr'><strong>Dignus</strong></span> <span class='ocrx_word' id='word_1_544' title='bbox 3279 3451 3465 3519; x_wconf 88' lang='lat' dir='ltr'><strong>itaque</strong></span> 
     </span>
    </p>
   </div>
   <div class='ocr_carea' id='block_1_79' title="bbox 1869 3545 3465 3618">
    <p class='ocr_par' dir='ltr' id='par_1_79' title="bbox 1869 3545 3465 3618">
     <span class='ocr_line' id='line_1_79' title="bbox 1869 3545 3465 3618; baseline -0.004 -12"><span class='ocrx_word' id='word_1_545' title='bbox 1869 3558 1985 3607; x_wconf 90' lang='lat' dir='ltr'><strong>erat</strong></span> <span class='ocrx_word' id='word_1_546' title='bbox 2027 3549 2383 3614; x_wconf 85' lang='lat' dir='ltr'><strong>Chromatius,</strong></span> <span class='ocrx_word' id='word_1_547' title='bbox 2435 3549 2527 3618; x_wconf 93' lang='lat' dir='ltr'><strong>qui</strong></span> <span class='ocrx_word' id='word_1_548' title='bbox 2577 3547 2630 3603; x_wconf 93' lang='lat' dir='ltr'><strong>in</strong></span> <span class='ocrx_word' id='word_1_549' title='bbox 2672 3546 2772 3600; x_wconf 86' lang='lat' dir='ltr'><strong>bac</strong></span> <span class='ocrx_word' id='word_1_550' title='bbox 2811 3547 3120 3601; x_wconf 87' lang='lat' dir='ltr'><strong>litterarum</strong></span> <span class='ocrx_word' id='word_1_551' title='bbox 3162 3545 3279 3600; x_wconf 90' lang='lat' dir='ltr'><strong>luce</strong></span> <span class='ocrx_word' id='word_1_552' title='bbox 3313 3545 3465 3600; x_wconf 92' lang='lat' dir='ltr'><strong>omni</strong></span> 
     </span>
    </p>
   </div>
   <div class='ocr_carea' id='block_1_80' title="bbox 1867 3636 3464 3714">
    <p class='ocr_par' dir='ltr' id='par_1_80' title="bbox 1867 3636 3464 3714">
     <span class='ocr_line' id='line_1_80' title="bbox 1867 3636 3464 3714; baseline -0.006 -14"><span class='ocrx_word' id='word_1_553' title='bbox 1867 3645 2014 3700; x_wconf 89' lang='lat' dir='ltr'><strong>cultu</strong></span> <span class='ocrx_word' id='word_1_554' title='bbox 2051 3653 2277 3698; x_wconf 90' lang='lat' dir='ltr'><strong>ornatus</strong></span> <span class='ocrx_word' id='word_1_555' title='bbox 2316 3641 2582 3714; x_wconf 90' lang='lat' dir='ltr'><strong>prodiret,</strong></span> <span class='ocrx_word' id='word_1_556' title='bbox 2612 3641 2746 3696; x_wconf 89' lang='lat' dir='ltr'><strong>licet</strong></span> <span class='ocrx_word' id='word_1_557' title='bbox 2771 3640 3106 3709; x_wconf 63' lang='lat' dir='ltr'><strong>cmtcroquin</strong></span> <span class='ocrx_word' id='word_1_558' title='bbox 3151 3653 3320 3709; x_wconf 87' lang='lat' dir='ltr'><strong>pauca</strong></span> <span class='ocrx_word' id='word_1_559' title='bbox 3352 3636 3464 3692; x_wconf 83' lang='lat' dir='ltr'><strong>sint</strong></span> 
     </span>
    </p>
   </div>
   <div class='ocr_carea' id='block_1_81' title="bbox 1864 3731 3462 3812">
    <p class='ocr_par' dir='ltr' id='par_1_81' title="bbox 1864 3731 3462 3812">
     <span class='ocr_line' id='line_1_81' title="bbox 1864 3731 3462 3812; baseline -0.005 -18"><span class='ocrx_word' id='word_1_560' title='bbox 1864 3756 1986 3812; x_wconf 85' lang='lat' dir='ltr'><strong>quae</strong></span> <span class='ocrx_word' id='word_1_561' title='bbox 2012 3739 2080 3794; x_wconf 90' lang='lat' dir='ltr'><strong>de</strong></span> <span class='ocrx_word' id='word_1_562' title='bbox 2121 3738 2214 3793; x_wconf 90' lang='lat' dir='ltr'><strong>illo</strong></span> <span class='ocrx_word' id='word_1_563' title='bbox 2241 3745 2542 3807; x_wconf 90' lang='lat' dir='ltr'><strong>supersunt</strong></span> <span class='ocrx_word' id='word_1_564' title='bbox 2569 3754 2582 3789; x_wconf 90' lang='lat'>:</span> <span class='ocrx_word' id='word_1_565' title='bbox 2613 3751 2733 3805; x_wconf 71' lang='lat' dir='ltr'><strong>quae</strong></span> <span class='ocrx_word' id='word_1_566' title='bbox 2772 3743 2950 3790; x_wconf 91' lang='lat' dir='ltr'><strong>tamen</strong></span> <span class='ocrx_word' id='word_1_567' title='bbox 2985 3747 3178 3802; x_wconf 87' lang='lat' dir='ltr'><strong>pauca,</strong></span> <span class='ocrx_word' id='word_1_568' title='bbox 3202 3731 3362 3786; x_wconf 91' lang='lat' dir='ltr'><strong>simul</strong></span> <span class='ocrx_word' id='word_1_569' title='bbox 3396 3746 3462 3786; x_wconf 90' lang='lat' dir='ltr'><strong>ac</strong></span> 
     </span>
    </p>
   </div>
   <div class='ocr_carea' id='block_1_82' title="bbox 1865 3824 3461 3901">
    <p class='ocr_par' dir='ltr' id='par_1_82' title="bbox 1865 3824 3461 3901">
     <span class='ocr_line' id='line_1_82' title="bbox 1865 3824 3461 3901; baseline -0.007 -12"><span class='ocrx_word' id='word_1_570' title='bbox 1865 3849 1894 3889; x_wconf 92' lang='lat' dir='ltr'><strong>e</strong></span> <span class='ocrx_word' id='word_1_571' title='bbox 1935 3831 2175 3889; x_wconf 90' lang='lat' dir='ltr'><strong>tenebris</strong></span> <span class='ocrx_word' id='word_1_572' title='bbox 2203 3845 2471 3901; x_wconf 90' lang='lat' dir='ltr'><strong>erupere,</strong></span> <span class='ocrx_word' id='word_1_573' title='bbox 2507 3827 2731 3883; x_wconf 80' lang='lat' dir='ltr'><strong>maximi</strong></span> <span class='ocrx_word' id='word_1_574' title='bbox 2759 3841 2978 3896; x_wconf 85' lang='lat' dir='ltr'><strong>semper</strong></span> <span class='ocrx_word' id='word_1_575' title='bbox 3013 3827 3150 3880; x_wconf 80' lang='lat' dir='ltr'><strong>facta</strong></span> <span class='ocrx_word' id='word_1_576' title='bbox 3186 3824 3402 3879; x_wconf 82' lang='lat' dir='ltr'><strong>fuerunt</strong></span> <span class='ocrx_word' id='word_1_577' title='bbox 3430 3839 3461 3878; x_wconf 84' lang='lat' dir='ltr'><strong>a</strong></span> 
     </span>
    </p>
   </div>
   <div class='ocr_carea' id='block_1_83' title="bbox 1862 3920 3459 3991">
    <p class='ocr_par' dir='ltr' id='par_1_83' title="bbox 1862 3920 3459 3991">
     <span class='ocr_line' id='line_1_83' title="bbox 1862 3920 3459 3991; baseline -0.008 -8"><span class='ocrx_word' id='word_1_578' title='bbox 1862 3929 1992 3984; x_wconf 90' lang='lat' dir='ltr'><strong>viris</strong></span> <span class='ocrx_word' id='word_1_579' title='bbox 2037 3926 2394 3991; x_wconf 88' lang='lat' dir='ltr'><strong>doctissimis,</strong></span> <span class='ocrx_word' id='word_1_580' title='bbox 2437 3932 2550 3978; x_wconf 92' lang='lat' dir='ltr'><strong>tum</strong></span> <span class='ocrx_word' id='word_1_581' title='bbox 2603 3923 2673 3978; x_wconf 93' lang='lat' dir='ltr'><strong>ob</strong></span> <span class='ocrx_word' id='word_1_582' title='bbox 2715 3920 2986 3976; x_wconf 86' lang='lat' dir='ltr'><strong>oratiOnis</strong></span> <span class='ocrx_word' id='word_1_583' title='bbox 3035 3920 3294 3982; x_wconf 88' lang='lat' dir='ltr'><strong>nitorem,</strong></span> <span class='ocrx_word' id='word_1_584' title='bbox 3344 3924 3459 3971; x_wconf 92' lang='lat' dir='ltr'><strong>tum</strong></span> 
     </span>
    </p>
   </div>
   <div class='ocr_carea' id='block_1_84' title="bbox 1862 4010 3459 4090">
    <p class='ocr_par' dir='ltr' id='par_1_84' title="bbox 1862 4010 3459 4090">
     <span class='ocr_line' id='line_1_84' title="bbox 1862 4010 3459 4090; baseline -0.009 -14"><span class='ocrx_word' id='word_1_585' title='bbox 1862 4022 1933 4078; x_wconf 92' lang='lat' dir='ltr'><strong>ob</strong></span> <span class='ocrx_word' id='word_1_586' title='bbox 1964 4037 2144 4076; x_wconf 86' lang='lat' dir='ltr'><strong>rerum</strong></span> <span class='ocrx_word' id='word_1_587' title='bbox 2161 4019 2484 4090; x_wconf 81' lang='lat' dir='ltr'><strong>gravitatem</strong></span> <span class='ocrx_word' id='word_1_588' title='bbox 2510 4014 2881 4084; x_wconf 80' lang='lat' dir='ltr'><strong>doctrinaeque</strong></span> <span class='ocrx_word' id='word_1_589' title='bbox 2921 4010 3319 4083; x_wconf 63' lang='lat' dir='ltr'><strong>praestantiam,</strong></span> <span class='ocrx_word' id='word_1_590' title='bbox 3345 4016 3459 4062; x_wconf 90' lang='lat' dir='ltr'><strong>tum</strong></span> 
     </span>
    </p>
   </div>
   <div class='ocr_carea' id='block_1_85' title="bbox 1862 4103 3461 4184">
    <p class='ocr_par' dir='ltr' id='par_1_85' title="bbox 1862 4103 3461 4184">
     <span class='ocr_line' id='line_1_85' title="bbox 1862 4103 3461 4184; baseline -0.01 -13"><span class='ocrx_word' id='word_1_591' title='bbox 1862 4115 1931 4170; x_wconf 93' lang='lat' dir='ltr'><strong>ob</strong></span> <span class='ocrx_word' id='word_1_592' title='bbox 1959 4128 2025 4168; x_wconf 90' lang='lat' dir='ltr'><strong>ca</strong></span> <span class='ocrx_word' id='word_1_593' title='bbox 2055 4129 2176 4184; x_wconf 75' lang='lat' dir='ltr'><strong>qua:</strong></span> <span class='ocrx_word' id='word_1_594' title='bbox 2211 4112 2409 4181; x_wconf 88' lang='lat' dir='ltr'><strong>passim</strong></span> <span class='ocrx_word' id='word_1_595' title='bbox 2433 4109 2785 4179; x_wconf 89' lang='lat' dir='ltr'><strong>suppeditant</strong></span> <span class='ocrx_word' id='word_1_596' title='bbox 2805 4107 2870 4161; x_wconf 91' lang='lat' dir='ltr'><strong>ad</strong></span> <span class='ocrx_word' id='word_1_597' title='bbox 2898 4105 3218 4160; x_wconf 59' lang='lat' dir='ltr'><strong>christiana;</strong></span> <span class='ocrx_word' id='word_1_598' title='bbox 3243 4103 3461 4159; x_wconf 64' lang='lat' dir='ltr'><strong>institu-</strong></span> 
     </span>
    </p>
   </div>
   <div class='ocr_carea' id='block_1_86' title="bbox 1863 4198 3460 4276">
    <p class='ocr_par' dir='ltr' id='par_1_86' title="bbox 1863 4198 3460 4276">
     <span class='ocr_line' id='line_1_86' title="bbox 1863 4198 3460 4276; baseline -0.008 -14"><span class='ocrx_word' id='word_1_599' title='bbox 1863 4208 2026 4262; x_wconf 85' lang='lat' dir='ltr'><strong>tinnis</strong></span> <span class='ocrx_word' id='word_1_600' title='bbox 2056 4207 2318 4276; x_wconf 87' lang='lat' dir='ltr'><strong>vigorem,</strong></span> <span class='ocrx_word' id='word_1_601' title='bbox 2358 4210 2414 4258; x_wconf 87' lang='lat' dir='ltr'><strong>ct</strong></span> <span class='ocrx_word' id='word_1_602' title='bbox 2451 4202 2516 4256; x_wconf 90' lang='lat' dir='ltr'><strong>ad</strong></span> <span class='ocrx_word' id='word_1_603' title='bbox 2555 4201 2950 4256; x_wconf 87' lang='lat' dir='ltr'><strong>catholicorum</strong></span> <span class='ocrx_word' id='word_1_604' title='bbox 2985 4198 3298 4267; x_wconf 86' lang='lat' dir='ltr'><strong>dogmatum</strong></span> <span class='ocrx_word' id='word_1_605' title='bbox 3324 4210 3460 4250; x_wconf 84' lang='lat' dir='ltr'><strong>con-</strong></span> 
     </span>
    </p>
   </div>
   <div class='ocr_carea' id='block_1_87' title="bbox 1861 4299 2244 4354">
    <p class='ocr_par' dir='ltr' id='par_1_87' title="bbox 1861 4299 2244 4354">
     <span class='ocr_line' id='line_1_87' title="bbox 1861 4299 2244 4354; baseline -0.013 0"><span class='ocrx_word' id='word_1_606' title='bbox 1861 4299 2244 4354; x_wconf 84' lang='lat' dir='ltr'><strong>lirmationem.</strong></span> 
     </span>
    </p>
   </div>
   <div class='ocr_carea' id='block_1_88' title="bbox 1934 4384 3465 4460">
    <p class='ocr_par' dir='ltr' id='par_1_88' title="bbox 1934 4384 3465 4460">
     <span class='ocr_line' id='line_1_88' title="bbox 1934 4384 3465 4460; baseline -0.006 -14"><span class='ocrx_word' id='word_1_607' title='bbox 1934 4393 2128 4448; x_wconf 87' lang='lat' dir='ltr'><strong>Nostra</strong></span> <span class='ocrx_word' id='word_1_608' title='bbox 2150 4406 2279 4445; x_wconf 89' lang='lat' dir='ltr'><strong>vero</strong></span> <span class='ocrx_word' id='word_1_609' title='bbox 2301 4389 2446 4460; x_wconf 87' lang='lat' dir='ltr'><strong>quod</strong></span> <span class='ocrx_word' id='word_1_610' title='bbox 2466 4389 2714 4453; x_wconf 81' lang='lat' dir='ltr'><strong>interest,</strong></span> <span class='ocrx_word' id='word_1_611' title='bbox 2738 4387 2828 4457; x_wconf 92' lang='lat' dir='ltr'><strong>qui</strong></span> <span class='ocrx_word' id='word_1_612' title='bbox 2850 4384 3224 4456; x_wconf 77' lang='lat' dir='ltr'><strong>Aquileienses</strong></span> <span class='ocrx_word' id='word_1_613' title='bbox 3245 4397 3432 4438; x_wconf 88' lang='lat' dir='ltr'><strong>sumus</strong></span> <span class='ocrx_word' id='word_1_614' title='bbox 3450 4426 3465 4450; x_wconf 93' lang='lat'><strong>,</strong></span> 
     </span>
    </p>
   </div>
   <div class='ocr_carea' id='block_1_89' title="bbox 1858 4477 3455 4560">
    <p class='ocr_par' dir='ltr' id='par_1_89' title="bbox 1858 4477 3455 4560">
     <span class='ocr_line' id='line_1_89' title="bbox 1858 4477 3455 4560; baseline -0.007 -17"><span class='ocrx_word' id='word_1_615' title='bbox 1858 4499 2018 4560; x_wconf 90' lang='lat' dir='ltr'><strong>atque</strong></span> <span class='ocrx_word' id='word_1_616' title='bbox 2063 4488 2131 4541; x_wconf 92' lang='lat' dir='ltr'><strong>de</strong></span> <span class='ocrx_word' id='word_1_617' title='bbox 2180 4493 2329 4539; x_wconf 89' lang='lat' dir='ltr'><strong>tanto</strong></span> <span class='ocrx_word' id='word_1_618' title='bbox 2373 4483 2514 4548; x_wconf 91' lang='lat' dir='ltr'><strong>viro,</strong></span> <span class='ocrx_word' id='word_1_619' title='bbox 2561 4497 2597 4536; x_wconf 88' lang='lat' dir='ltr'><strong>a</strong></span> <span class='ocrx_word' id='word_1_620' title='bbox 2641 4480 3027 4536; x_wconf 63' lang='lat' dir='ltr'><strong>laudatissimis</strong></span> <span class='ocrx_word' id='word_1_621' title='bbox 3069 4485 3181 4532; x_wconf 89' lang='lat' dir='ltr'><strong>tum</strong></span> <span class='ocrx_word' id='word_1_622' title='bbox 3222 4477 3302 4532; x_wconf 92' lang='lat' dir='ltr'><strong>sui</strong></span> <span class='ocrx_word' id='word_1_623' title='bbox 3342 4486 3455 4532; x_wconf 92' lang='lat' dir='ltr'><strong>tum</strong></span> 
     </span>
    </p>
   </div>
   <div class='ocr_carea' id='block_1_90' title="bbox 1862 4572 3457 4653">
    <p class='ocr_par' dir='ltr' id='par_1_90' title="bbox 1862 4572 3457 4653">
     <span class='ocr_line' id='line_1_90' title="bbox 1862 4572 3457 4653; baseline -0.006 -16"><span class='ocrx_word' id='word_1_624' title='bbox 1862 4581 2183 4653; x_wconf 87' lang='lat' dir='ltr'><strong>posterioris</strong></span> <span class='ocrx_word' id='word_1_625' title='bbox 2209 4579 2308 4634; x_wconf 75' lang='lat' dir='ltr'><strong>aevi</strong></span> <span class='ocrx_word' id='word_1_626' title='bbox 2338 4587 2620 4646; x_wconf 88' lang='lat' dir='ltr'><strong>tant0pere</strong></span> <span class='ocrx_word' id='word_1_627' title='bbox 2643 4575 2882 4636; x_wconf 86' lang='lat' dir='ltr'><strong>laudato,</strong></span> <span class='ocrx_word' id='word_1_628' title='bbox 2907 4573 3107 4629; x_wconf 91' lang='lat' dir='ltr'><strong>merito</strong></span> <span class='ocrx_word' id='word_1_629' title='bbox 3127 4572 3457 4644; x_wconf 85' lang='lat' dir='ltr'><strong>gloriamur;</strong></span> 
     </span>
    </p>
   </div>
   <div class='ocr_carea' id='block_1_91' title="bbox 177 4635 3460 4747">
    <p class='ocr_par' dir='ltr' id='par_1_91' title="bbox 177 4635 3460 4747">
     <span class='ocr_line' id='line_1_91' title="bbox 177 4635 3460 4747; baseline 0.007 -47"><span class='ocrx_word' id='word_1_630' title='bbox 177 4647 322 4706; x_wconf 91' lang='lat' dir='ltr'><strong>libito</strong></span> <span class='ocrx_word' id='word_1_631' title='bbox 352 4655 544 4723; x_wconf 89' lang='lat' dir='ltr'><strong>videat,</strong></span> <span class='ocrx_word' id='word_1_632' title='bbox 570 4668 665 4714; x_wconf 88' lang='lat' dir='ltr'><strong>aut</strong></span> <span class='ocrx_word' id='word_1_633' title='bbox 704 4635 897 4715; x_wconf 80' lang='lat' dir='ltr'><strong>saltem</strong></span> <span class='ocrx_word' id='word_1_634' title='bbox 926 4662 992 4716; x_wconf 91' lang='lat' dir='ltr'><strong>ab</strong></span> <span class='ocrx_word' id='word_1_635' title='bbox 1023 4662 1148 4718; x_wconf 82' lang='lat' dir='ltr'><strong>aliis</strong></span> <span class='ocrx_word' id='word_1_636' title='bbox 1184 4667 1274 4735; x_wconf 91' lang='lat' dir='ltr'><strong>qui</strong></span> <span class='ocrx_word' id='word_1_637' title='bbox 1304 4666 1468 4724; x_wconf 77' lang='lat' dir='ltr'><strong>facile</strong></span> <span class='ocrx_word' id='word_1_638' title='bbox 1511 4635 1752 4723; x_wconf 67' lang='lat' dir='ltr'><strong>viderint</strong></span> <span class='ocrx_word' id='word_1_639' title='bbox 1781 4635 1834 4695; x_wconf 69' lang='grc' dir='ltr'>Β</span> <span class='ocrx_word' id='word_1_640' title='bbox 1859 4635 2062 4747; x_wconf 39' lang='lat' dir='ltr'><strong>(rp—iique</strong></span> <span class='ocrx_word' id='word_1_641' title='bbox 2092 4672 2342 4730; x_wconf 90' lang='lat' dir='ltr'><strong>eumdem</strong></span> <span class='ocrx_word' id='word_1_642' title='bbox 2373 4714 2388 4738; x_wconf 91' lang='lat'><strong>,</strong></span> <span class='ocrx_word' id='word_1_643' title='bbox 2419 4635 2540 4742; x_wconf 78' lang='lat' dir='ltr'><strong>post</strong></span> <span class='ocrx_word' id='word_1_644' title='bbox 2569 4679 2814 4725; x_wconf 85' lang='lat' dir='ltr'><strong>sanctum</strong></span> <span class='ocrx_word' id='word_1_645' title='bbox 2845 4666 3187 4722; x_wconf 77' lang='lat' dir='ltr'><strong>Valerianum</strong></span> <span class='ocrx_word' id='word_1_646' title='bbox 3213 4710 3228 4735; x_wconf 95' lang='lat'><strong>,</strong></span> <span class='ocrx_word' id='word_1_647' title='bbox 3264 4673 3460 4736; x_wconf 83' lang='lat' dir='ltr'><strong>quarto</strong></span> 
     </span>
    </p>
   </div>
   <div class='ocr_carea' id='block_1_92' title="bbox 177 4749 1752 4824">
    <p class='ocr_par' dir='ltr' id='par_1_92' title="bbox 177 4749 1752 4824">
     <span class='ocr_line' id='line_1_92' title="bbox 177 4749 1752 4824; baseline 0.013 -29"><span class='ocrx_word' id='word_1_648' title='bbox 177 4754 367 4808; x_wconf 90' lang='lat' dir='ltr'><strong>pronus</strong></span> <span class='ocrx_word' id='word_1_649' title='bbox 399 4749 681 4820; x_wconf 84' lang='lat' dir='ltr'><strong>intelligat,</strong></span> <span class='ocrx_word' id='word_1_650' title='bbox 717 4753 845 4822; x_wconf 90' lang='lat' dir='ltr'><strong>quid</strong></span> <span class='ocrx_word' id='word_1_651' title='bbox 894 4756 1128 4824; x_wconf 85' lang='lat' dir='ltr'><strong>majores</strong></span> <span class='ocrx_word' id='word_1_652' title='bbox 1165 4758 1293 4813; x_wconf 92' lang='lat' dir='ltr'><strong>olim</strong></span> <span class='ocrx_word' id='word_1_653' title='bbox 1340 4761 1426 4814; x_wconf 88' lang='lat' dir='ltr'><strong>sui</strong></span> <span class='ocrx_word' id='word_1_654' title='bbox 1474 4761 1752 4816; x_wconf 88' lang='lat' dir='ltr'><strong>audierint</strong></span> 
     </span>
    </p>
   </div>
   <div class='ocr_carea' id='block_1_93' title="bbox 176 4836 1750 4914">
    <p class='ocr_par' dir='ltr' id='par_1_93' title="bbox 176 4836 1750 4914">
     <span class='ocr_line' id='line_1_93' title="bbox 176 4836 1750 4914; baseline 0.014 -27"><span class='ocrx_word' id='word_1_655' title='bbox 176 4836 236 4890; x_wconf 89' lang='lat' dir='ltr'><strong>ab</strong></span> <span class='ocrx_word' id='word_1_656' title='bbox 263 4837 326 4893; x_wconf 92' lang='lat' dir='ltr'><strong>iis</strong></span> <span class='ocrx_word' id='word_1_657' title='bbox 353 4844 704 4901; x_wconf 88' lang='lat' dir='ltr'><strong>sanctissimis</strong></span> <span class='ocrx_word' id='word_1_658' title='bbox 745 4847 906 4914; x_wconf 92' lang='lat' dir='ltr'><strong>viris,</strong></span> <span class='ocrx_word' id='word_1_659' title='bbox 943 4864 1130 4904; x_wconf 89' lang='lat' dir='ltr'><strong>eorum</strong></span> <span class='ocrx_word' id='word_1_660' title='bbox 1164 4851 1216 4904; x_wconf 93' lang='lat' dir='ltr'><strong>in</strong></span> <span class='ocrx_word' id='word_1_661' title='bbox 1257 4852 1554 4908; x_wconf 84' lang='lat' dir='ltr'><strong>christiana</strong></span> <span class='ocrx_word' id='word_1_662' title='bbox 1584 4853 1750 4908; x_wconf 87' lang='lat' dir='ltr'><strong>disci-</strong></span> 
     </span>
    </p>
   </div>
   <div class='ocr_carea' id='block_1_94' title="bbox 176 4929 1750 5017">
    <p class='ocr_par' dir='ltr' id='par_1_94' title="bbox 176 4929 1750 5017">
     <span class='ocr_line' id='line_1_94' title="bbox 176 4929 1750 5017; baseline 0.013 -36"><span class='ocrx_word' id='word_1_663' title='bbox 176 4929 312 4997; x_wconf 86' lang='lat' dir='ltr'><strong>plina</strong></span> <span class='ocrx_word' id='word_1_664' title='bbox 357 4938 674 5008; x_wconf 84' lang='lat' dir='ltr'><strong>pra-positis,</strong></span> <span class='ocrx_word' id='word_1_665' title='bbox 708 4941 800 5017; x_wconf 83' lang='lat' dir='ltr'><strong>qui</strong></span> <span class='ocrx_word' id='word_1_666' title='bbox 847 4941 1027 5010; x_wconf 89' lang='lat' dir='ltr'><strong>primi,</strong></span> <span class='ocrx_word' id='word_1_667' title='bbox 1075 4952 1170 4997; x_wconf 91' lang='lat' dir='ltr'><strong>aut</strong></span> <span class='ocrx_word' id='word_1_668' title='bbox 1213 4959 1320 4999; x_wconf 94' lang='lat' dir='ltr'><strong>non</strong></span> <span class='ocrx_word' id='word_1_669' title='bbox 1367 4946 1439 4999; x_wconf 89' lang='lat' dir='ltr'><strong>ita</strong></span> <span class='ocrx_word' id='word_1_670' title='bbox 1483 4947 1673 5015; x_wconf 89' lang='lat' dir='ltr'><strong>procul</strong></span> <span class='ocrx_word' id='word_1_671' title='bbox 1721 4962 1750 5001; x_wconf 94' lang='lat' dir='ltr'><strong>a</strong></span> 
     </span>
    </p>
   </div>
   <div class='ocr_carea' id='block_1_95' title="bbox 175 5022 1749 5109">
    <p class='ocr_par' dir='ltr' id='par_1_95' title="bbox 175 5022 1749 5109">
     <span class='ocr_line' id='line_1_95' title="bbox 175 5022 1749 5109; baseline 0.013 -34"><span class='ocrx_word' id='word_1_672' title='bbox 175 5022 371 5092; x_wconf 88' lang='lat' dir='ltr'><strong>primis,</strong></span> <span class='ocrx_word' id='word_1_673' title='bbox 395 5029 535 5086; x_wconf 89' lang='lat' dir='ltr'><strong>inter</strong></span> <span class='ocrx_word' id='word_1_674' title='bbox 563 5046 662 5087; x_wconf 88' lang='lat' dir='ltr'><strong>eos</strong></span> <span class='ocrx_word' id='word_1_675' title='bbox 695 5032 862 5087; x_wconf 89' lang='lat' dir='ltr'><strong>locuti</strong></span> <span class='ocrx_word' id='word_1_676' title='bbox 894 5043 1019 5089; x_wconf 89' lang='lat' dir='ltr'><strong>sunt</strong></span> <span class='ocrx_word' id='word_1_677' title='bbox 1056 5036 1294 5091; x_wconf 69' lang='lat' dir='ltr'><strong>\‘erbmn</strong></span> <span class='ocrx_word' id='word_1_678' title='bbox 1322 5037 1454 5106; x_wconf 88' lang='lat' dir='ltr'><strong>Dei;</strong></span> <span class='ocrx_word' id='word_1_679' title='bbox 1487 5055 1749 5109; x_wconf 90' lang='lat' dir='ltr'><strong>quorum-</strong></span> 
     </span>
    </p>
   </div>
   <div class='ocr_carea' id='block_1_96' title="bbox 174 5123 1750 5204">
    <p class='ocr_par' dir='ltr' id='par_1_96' title="bbox 174 5123 1750 5204">
     <span class='ocr_line' id='line_1_96' title="bbox 174 5123 1750 5204; baseline 0.013 -34"><span class='ocrx_word' id='word_1_680' title='bbox 174 5130 273 5184; x_wconf 91' lang='lat' dir='ltr'><strong>que</strong></span> <span class='ocrx_word' id='word_1_681' title='bbox 301 5123 517 5188; x_wconf 90' lang='lat' dir='ltr'><strong>proinde</strong></span> <span class='ocrx_word' id='word_1_682' title='bbox 555 5126 904 5184; x_wconf 89' lang='lat' dir='ltr'><strong>institutione</strong></span> <span class='ocrx_word' id='word_1_683' title='bbox 931 5139 1096 5198; x_wconf 90' lang='lat' dir='ltr'><strong>atque</strong></span> <span class='ocrx_word' id='word_1_684' title='bbox 1122 5131 1313 5188; x_wconf 91' lang='lat' dir='ltr'><strong>labore</strong></span> <span class='ocrx_word' id='word_1_685' title='bbox 1344 5133 1398 5188; x_wconf 89' lang='lat' dir='ltr'><strong>in</strong></span> <span class='ocrx_word' id='word_1_686' title='bbox 1429 5143 1654 5204; x_wconf 90' lang='lat' dir='ltr'><strong>accepto</strong></span> <span class='ocrx_word' id='word_1_687' title='bbox 1682 5136 1750 5191; x_wconf 90' lang='lat' dir='ltr'><strong>ab</strong></span> 
     </span>
    </p>
   </div>
   <div class='ocr_carea' id='block_1_97' title="bbox 175 5205 1756 5293">
    <p class='ocr_par' dir='ltr' id='par_1_97' title="bbox 175 5205 1756 5293">
     <span class='ocr_line' id='line_1_97' title="bbox 175 5205 1756 5293; baseline 0.015 -33"><span class='ocrx_word' id='word_1_688' title='bbox 175 5205 370 5264; x_wconf 85' lang='lat' dir='ltr'><strong>eisdem</strong></span> <span class='ocrx_word' id='word_1_689' title='bbox 400 5213 546 5271; x_wconf 85' lang='lat' dir='ltr'><strong>Fidei</strong></span> <span class='ocrx_word' id='word_1_690' title='bbox 577 5217 836 5287; x_wconf 90' lang='lat' dir='ltr'><strong>deposito</strong></span> <span class='ocrx_word' id='word_1_691' title='bbox 866 5221 983 5290; x_wconf 90' lang='lat' dir='ltr'><strong>ipse</strong></span> <span class='ocrx_word' id='word_1_692' title='bbox 1020 5236 1239 5293; x_wconf 90' lang='lat' dir='ltr'><strong>quoque</strong></span> <span class='ocrx_word' id='word_1_693' title='bbox 1268 5223 1445 5280; x_wconf 86' lang='lat' dir='ltr'><strong>adhuc</strong></span> <span class='ocrx_word' id='word_1_694' title='bbox 1483 5225 1670 5282; x_wconf 74' lang='lat' dir='ltr'><strong>firmus</strong></span> <span class='ocrx_word' id='word_1_695' title='bbox 1701 5237 1756 5284; x_wconf 91' lang='lat' dir='ltr'><strong>et</strong></span> 
     </span>
    </p>
   </div>
   <div class='ocr_carea' id='block_1_98' title="bbox 178 5297 1751 5387">
    <p class='ocr_par' dir='ltr' id='par_1_98' title="bbox 178 5297 1751 5387">
     <span class='ocr_line' id='line_1_98' title="bbox 178 5297 1751 5387; baseline 0.017 -37"><span class='ocrx_word' id='word_1_696' title='bbox 178 5297 468 5376; x_wconf 86' lang='lat' dir='ltr'><strong>incolumis,</strong></span> <span class='ocrx_word' id='word_1_697' title='bbox 511 5310 703 5365; x_wconf 86' lang='lat' dir='ltr'><strong>Divina</strong></span> <span class='ocrx_word' id='word_1_698' title='bbox 755 5311 974 5369; x_wconf 81' lang='lat' dir='ltr'><strong>favente</strong></span> <span class='ocrx_word' id='word_1_699' title='bbox 1016 5315 1217 5384; x_wconf 78' lang='lat' dir='ltr'><strong>gratia,</strong></span> <span class='ocrx_word' id='word_1_700' title='bbox 1267 5327 1386 5387; x_wconf 89' lang='lat' dir='ltr'><strong>post</strong></span> <span class='ocrx_word' id='word_1_701' title='bbox 1427 5328 1507 5374; x_wconf 89' lang='lat' dir='ltr'><strong>tot</strong></span> <span class='ocrx_word' id='word_1_702' title='bbox 1554 5323 1751 5376; x_wconf 61' lang='lat' dir='ltr'><strong>saecula</strong></span> 
     </span>
    </p>
   </div>
   <div class='ocr_carea' id='block_1_99' title="bbox 177 5404 1780 5479">
    <p class='ocr_par' dir='ltr' id='par_1_99' title="bbox 177 5404 1780 5479">
     <span class='ocr_line' id='line_1_99' title="bbox 177 5404 1780 5479; baseline 0.015 -31"><span class='ocrx_word' id='word_1_703' title='bbox 177 5407 492 5462; x_wconf 84' lang='lat' dir='ltr'><strong>perseverat.</strong></span> <span class='ocrx_word' id='word_1_704' title='bbox 526 5404 660 5473; x_wconf 85' lang='lat' dir='ltr'><strong>Quis</strong></span> <span class='ocrx_word' id='word_1_705' title='bbox 685 5405 852 5476; x_wconf 89' lang='lat' dir='ltr'><strong>igitur</strong></span> <span class='ocrx_word' id='word_1_706' title='bbox 883 5408 1093 5464; x_wconf 86' lang='lat' dir='ltr'><strong>inﬁcias</strong></span> <span class='ocrx_word' id='word_1_707' title='bbox 1122 5411 1283 5479; x_wconf 92' lang='lat' dir='ltr'><strong>ierit,</strong></span> <span class='ocrx_word' id='word_1_708' title='bbox 1313 5414 1496 5469; x_wconf 88' lang='lat' dir='ltr'><strong>multis</strong></span> <span class='ocrx_word' id='word_1_709' title='bbox 1532 5414 1600 5471; x_wconf 91' lang='lat' dir='ltr'><strong>de</strong></span> <span class='ocrx_word' id='word_1_710' title='bbox 1627 5431 1780 5471; x_wconf 82' lang='lat' dir='ltr'><strong>cau-.</strong></span> 
     </span>
    </p>
   </div>
   <div class='ocr_carea' id='block_1_100' title="bbox 177 5485 1752 5577">
    <p class='ocr_par' dir='ltr' id='par_1_100' title="bbox 177 5485 1752 5577">
     <span class='ocr_line' id='line_1_100' title="bbox 177 5485 1752 5577; baseline 0.015 -39"><span class='ocrx_word' id='word_1_711' title='bbox 177 5485 248 5541; x_wconf 85' lang='lat' dir='ltr'><strong>sis</strong></span> <span class='ocrx_word' id='word_1_712' title='bbox 277 5502 413 5558; x_wconf 56' lang='lat' dir='ltr'><strong>saepe</strong></span> <span class='ocrx_word' id='word_1_713' title='bbox 441 5493 555 5550; x_wconf 79' lang='lat' dir='ltr'><strong>ﬁeri</strong></span> <span class='ocrx_word' id='word_1_714' title='bbox 589 5512 777 5566; x_wconf 88' lang='lat' dir='ltr'><strong>posse,</strong></span> <span class='ocrx_word' id='word_1_715' title='bbox 809 5506 868 5552; x_wconf 93' lang='lat' dir='ltr'><strong>ut</strong></span> <span class='ocrx_word' id='word_1_716' title='bbox 908 5510 1087 5556; x_wconf 89' lang='lat' dir='ltr'><strong>aetum</strong></span> <span class='ocrx_word' id='word_1_717' title='bbox 1124 5517 1316 5571; x_wconf 88' lang='lat' dir='ltr'><strong>reapse</strong></span> <span class='ocrx_word' id='word_1_718' title='bbox 1358 5505 1580 5563; x_wconf 89' lang='lat' dir='ltr'><strong>minime</strong></span> <span class='ocrx_word' id='word_1_719' title='bbox 1607 5519 1752 5577; x_wconf 84' lang='lat' dir='ltr'><strong>agat,</strong></span> 
     </span>
    </p>
   </div>
   <div class='ocr_carea' id='block_1_101' title="bbox 182 5578 1758 5672">
    <p class='ocr_par' dir='ltr' id='par_1_101' title="bbox 182 5578 1758 5672">
     <span class='ocr_line' id='line_1_101' title="bbox 182 5578 1758 5672; baseline 0.017 -41"><span class='ocrx_word' id='word_1_720' title='bbox 182 5578 348 5635; x_wconf 86' lang='lat' dir='ltr'><strong>immo</strong></span> <span class='ocrx_word' id='word_1_721' title='bbox 378 5595 432 5640; x_wconf 92' lang='lat' dir='ltr'><strong>ut</strong></span> <span class='ocrx_word' id='word_1_722' title='bbox 463 5590 676 5644; x_wconf 85' lang='lat' dir='ltr'><strong>laudem</strong></span> <span class='ocrx_word' id='word_1_723' title='bbox 719 5607 942 5662; x_wconf 88' lang='lat' dir='ltr'><strong>quoque</strong></span> <span class='ocrx_word' id='word_1_724' title='bbox 973 5605 1253 5651; x_wconf 91' lang='lat' dir='ltr'><strong>mereatur</strong></span> <span class='ocrx_word' id='word_1_725' title='bbox 1287 5608 1342 5653; x_wconf 89' lang='lat' dir='ltr'><strong>et</strong></span> <span class='ocrx_word' id='word_1_726' title='bbox 1379 5601 1632 5669; x_wconf 87' lang='lat' dir='ltr'><strong>gratiam,</strong></span> <span class='ocrx_word' id='word_1_727' title='bbox 1666 5604 1758 5672; x_wconf 92' lang='lat' dir='ltr'><strong>qui</strong></span> 
     </span>
    </p>
   </div>
   <div class='ocr_carea' id='block_1_102' title="bbox 180 5671 1756 5751">
    <p class='ocr_par' dir='ltr' id='par_1_102' title="bbox 180 5671 1756 5751">
     <span class='ocr_line' id='line_1_102' title="bbox 180 5671 1756 5751; baseline 0.018 -29"><span class='ocrx_word' id='word_1_728' title='bbox 180 5671 298 5736; x_wconf 82' lang='lat' dir='ltr'><strong>sibi,</strong></span> <span class='ocrx_word' id='word_1_729' title='bbox 340 5677 474 5733; x_wconf 86' lang='lat' dir='ltr'><strong>edita</strong></span> <span class='ocrx_word' id='word_1_730' title='bbox 523 5684 693 5738; x_wconf 90' lang='lat' dir='ltr'><strong>etiam</strong></span> <span class='ocrx_word' id='word_1_731' title='bbox 735 5683 787 5737; x_wconf 88' lang='lat' dir='ltr'><strong>in</strong></span> <span class='ocrx_word' id='word_1_732' title='bbox 833 5684 1261 5748; x_wconf 83' lang='lat' dir='ltr'><strong>Collectionibus</strong></span> <span class='ocrx_word' id='word_1_733' title='bbox 1311 5701 1366 5745; x_wconf 91' lang='lat' dir='ltr'><strong>et</strong></span> <span class='ocrx_word' id='word_1_734' title='bbox 1406 5671 1756 5751; x_wconf 87' lang='lat' dir='ltr'><strong>Bibliotbccis</strong></span> 
     </span>
    </p>
   </div>
   <div class='ocr_carea' id='block_1_103' title="bbox 183 5773 1753 5856">
    <p class='ocr_par' dir='ltr' id='par_1_103' title="bbox 183 5773 1753 5856">
     <span class='ocr_line' id='line_1_103' title="bbox 183 5773 1753 5856; baseline 0.019 -43"><span class='ocrx_word' id='word_1_735' title='bbox 183 5773 475 5854; x_wconf 81' lang='lat' dir='ltr'><strong>sanctorum</strong></span> <span class='ocrx_word' id='word_1_736' title='bbox 508 5773 735 5854; x_wconf 79' lang='lat' dir='ltr'><strong>Patrum</strong></span> <span class='ocrx_word' id='word_1_737' title='bbox 768 5775 982 5854; x_wconf 78' lang='lat' dir='ltr'><strong>Scripta</strong></span> <span class='ocrx_word' id='word_1_738' title='bbox 1010 5779 1290 5848; x_wconf 86' lang='lat' dir='ltr'><strong>qua-libet,</strong></span> <span class='ocrx_word' id='word_1_739' title='bbox 1329 5797 1422 5839; x_wconf 91' lang='lat' dir='ltr'><strong>seu</strong></span> <span class='ocrx_word' id='word_1_740' title='bbox 1464 5784 1753 5856; x_wconf 85' lang='lat' dir='ltr'><strong>Opuscula,</strong></span> 
     </span>
    </p>
   </div>
   <div class='ocr_carea' id='block_1_104' title="bbox 186 5856 1333 5944">
    <p class='ocr_par' dir='ltr' id='par_1_104' title="bbox 186 5856 1333 5944">
     <span class='ocr_line' id='line_1_104' title="bbox 186 5856 1333 5944; baseline 0.021 -39"><span class='ocrx_word' id='word_1_741' title='bbox 186 5867 316 5910; x_wconf 83' lang='lat' dir='ltr'><strong>nova</strong></span> <span class='ocrx_word' id='word_1_742' title='bbox 347 5857 453 5921; x_wconf 85' lang='lat' dir='ltr'><strong>luce</strong></span> <span class='ocrx_word' id='word_1_743' title='bbox 479 5858 777 5940; x_wconf 80' lang='lat' dir='ltr'><strong>separatim</strong></span> <span class='ocrx_word' id='word_1_744' title='bbox 805 5869 1010 5926; x_wconf 79' lang='lat' dir='ltr'><strong>donare</strong></span> <span class='ocrx_word' id='word_1_745' title='bbox 1035 5856 1333 5944; x_wconf 82' lang='lat' dir='ltr'><strong>proponat?</strong></span> 
     </span>
    </p>
   </div>
   <div class='ocr_carea' id='block_1_105' title="bbox 1859 4760 3457 4837">
    <p class='ocr_par' dir='ltr' id='par_1_105' title="bbox 1859 4760 3457 4837">
     <span class='ocr_line' id='line_1_105' title="bbox 1859 4760 3457 4837; baseline -0.006 -16"><span class='ocrx_word' id='word_1_746' title='bbox 1859 4766 2072 4822; x_wconf 89' lang='lat' dir='ltr'><strong>labente</strong></span> <span class='ocrx_word' id='word_1_747' title='bbox 2098 4765 2394 4837; x_wconf 88' lang='lat' dir='ltr'><strong>quintoque.</strong></span> <span class='ocrx_word' id='word_1_748' title='bbox 2424 4765 2642 4819; x_wconf 89' lang='lat' dir='ltr'><strong>ineunte</strong></span> <span class='ocrx_word' id='word_1_749' title='bbox 2673 4760 2908 4826; x_wconf 73' lang='lat' dir='ltr'><strong>sa&#39;culo,</strong></span> <span class='ocrx_word' id='word_1_750' title='bbox 2936 4775 3215 4815; x_wconf 88' lang='lat' dir='ltr'><strong>sacrorum</strong></span> <span class='ocrx_word' id='word_1_751' title='bbox 3249 4774 3457 4828; x_wconf 64' lang='lat' dir='ltr'><strong>praesu-</strong></span> 
     </span>
    </p>
   </div>
   <div class='ocr_carea' id='block_1_106' title="bbox 1858 4851 3455 4930">
    <p class='ocr_par' dir='ltr' id='par_1_106' title="bbox 1858 4851 3455 4930">
     <span class='ocr_line' id='line_1_106' title="bbox 1858 4851 3455 4930; baseline -0.006 -16"><span class='ocrx_word' id='word_1_752' title='bbox 1858 4861 1987 4924; x_wconf 91' lang='lat' dir='ltr'><strong>lem,</strong></span> <span class='ocrx_word' id='word_1_753' title='bbox 2015 4859 2293 4930; x_wconf 87' lang='lat' dir='ltr'><strong>religionis</strong></span> <span class='ocrx_word' id='word_1_754' title='bbox 2309 4859 2651 4928; x_wconf 87' lang='lat' dir='ltr'><strong>magistrum,</strong></span> <span class='ocrx_word' id='word_1_755' title='bbox 2676 4854 2987 4910; x_wconf 78' lang='lat' dir='ltr'><strong>christiana:</strong></span> <span class='ocrx_word' id='word_1_756' title='bbox 3007 4853 3130 4908; x_wconf 74' lang='lat' dir='ltr'><strong>vita:</strong></span> <span class='ocrx_word' id='word_1_757' title='bbox 3145 4851 3455 4917; x_wconf 90' lang='lat' dir='ltr'><strong>ductorem,</strong></span> 
     </span>
    </p>
   </div>
   <div class='ocr_carea' id='block_1_107' title="bbox 1859 4947 3456 5021">
    <p class='ocr_par' dir='ltr' id='par_1_107' title="bbox 1859 4947 3456 5021">
     <span class='ocr_line' id='line_1_107' title="bbox 1859 4947 3456 5021; baseline -0.005 -15"><span class='ocrx_word' id='word_1_758' title='bbox 1859 4952 2091 5021; x_wconf 82' lang='lat' dir='ltr'><strong>ﬁdeique</strong></span> <span class='ocrx_word' id='word_1_759' title='bbox 2139 4952 2206 5006; x_wconf 89' lang='lat' dir='ltr'><strong>ab</strong></span> <span class='ocrx_word' id='word_1_760' title='bbox 2257 4950 2514 5021; x_wconf 90' lang='lat' dir='ltr'><strong>apostolis</strong></span> <span class='ocrx_word' id='word_1_761' title='bbox 2557 4947 2765 5003; x_wconf 78' lang='lat' dir='ltr'><strong>tradita:</strong></span> <span class='ocrx_word' id='word_1_762' title='bbox 2801 4954 3130 5003; x_wconf 82' lang='lat' dir='ltr'><strong>assertorem</strong></span> <span class='ocrx_word' id='word_1_763' title='bbox 3174 4953 3456 5000; x_wconf 89' lang='lat' dir='ltr'><strong>strenuum</strong></span> 
     </span>
    </p>
   </div>
   <div class='ocr_carea' id='block_1_108' title="bbox 1859 5036 3458 5110">
    <p class='ocr_par' dir='ltr' id='par_1_108' title="bbox 1859 5036 3458 5110">
     <span class='ocr_line' id='line_1_108' title="bbox 1859 5036 3458 5110; baseline -0.004 -12"><span class='ocrx_word' id='word_1_764' title='bbox 1859 5044 2060 5100; x_wconf 90' lang='lat' dir='ltr'><strong>habere</strong></span> <span class='ocrx_word' id='word_1_765' title='bbox 2091 5036 2390 5099; x_wconf 86' lang='lat' dir='ltr'><strong>meruimus</strong></span> <span class='ocrx_word' id='word_1_766' title='bbox 2421 5059 2434 5096; x_wconf 89' lang='lat'><strong>:</strong></span> <span class='ocrx_word' id='word_1_767' title='bbox 2467 5052 2652 5095; x_wconf 89' lang='lat' dir='ltr'><strong>nostra</strong></span> <span class='ocrx_word' id='word_1_768' title='bbox 2680 5081 2695 5105; x_wconf 93' lang='lat'><strong>,</strong></span> <span class='ocrx_word' id='word_1_769' title='bbox 2735 5039 2985 5108; x_wconf 91' lang='lat' dir='ltr'><strong>inquam,</strong></span> <span class='ocrx_word' id='word_1_770' title='bbox 3019 5037 3163 5110; x_wconf 91' lang='lat' dir='ltr'><strong>quod</strong></span> <span class='ocrx_word' id='word_1_771' title='bbox 3191 5037 3417 5094; x_wconf 87' lang='lat' dir='ltr'><strong>interest</strong></span> <span class='ocrx_word' id='word_1_772' title='bbox 3443 5078 3458 5102; x_wconf 93' lang='lat'><strong>,</strong></span> 
     </span>
    </p>
   </div>
   <div class='ocr_carea' id='block_1_109' title="bbox 1862 5129 3457 5207">
    <p class='ocr_par' dir='ltr' id='par_1_109' title="bbox 1862 5129 3457 5207">
     <span class='ocr_line' id='line_1_109' title="bbox 1862 5129 3457 5207; baseline -0.006 -15"><span class='ocrx_word' id='word_1_773' title='bbox 1862 5138 1974 5207; x_wconf 83' lang='lat' dir='ltr'><strong>pati</strong></span> <span class='ocrx_word' id='word_1_774' title='bbox 2004 5136 2248 5206; x_wconf 80' lang='lat' dir='ltr'><strong>profecm</strong></span> <span class='ocrx_word' id='word_1_775' title='bbox 2281 5134 2508 5190; x_wconf 87' lang='lat' dir='ltr'><strong>ulterius</strong></span> <span class='ocrx_word' id='word_1_776' title='bbox 2540 5133 2620 5188; x_wconf 80' lang='lat' dir='ltr'><strong>fas</strong></span> <span class='ocrx_word' id='word_1_777' title='bbox 2650 5147 2756 5186; x_wconf 93' lang='lat' dir='ltr'><strong>non</strong></span> <span class='ocrx_word' id='word_1_778' title='bbox 2786 5139 2925 5197; x_wconf 90' lang='lat' dir='ltr'><strong>erat,</strong></span> <span class='ocrx_word' id='word_1_779' title='bbox 2949 5139 3008 5185; x_wconf 90' lang='lat' dir='ltr'><strong>ut</strong></span> <span class='ocrx_word' id='word_1_780' title='bbox 3035 5130 3230 5199; x_wconf 88' lang='lat' dir='ltr'><strong>ipsein</strong></span> <span class='ocrx_word' id='word_1_781' title='bbox 3255 5129 3457 5184; x_wconf 88' lang='lat' dir='ltr'><strong>Biblio-</strong></span> 
     </span>
    </p>
   </div>
   <div class='ocr_carea' id='block_1_110' title="bbox 1864 5223 3457 5295">
    <p class='ocr_par' dir='ltr' id='par_1_110' title="bbox 1864 5223 3457 5295">
     <span class='ocr_line' id='line_1_110' title="bbox 1864 5223 3457 5295; baseline -0.006 -12"><span class='ocrx_word' id='word_1_782' title='bbox 1864 5229 2025 5284; x_wconf 80' lang='lat' dir='ltr'><strong>thecis</strong></span> <span class='ocrx_word' id='word_1_783' title='bbox 2071 5227 2332 5293; x_wconf 86' lang='lat' dir='ltr'><strong>Patrum,</strong></span> <span class='ocrx_word' id='word_1_784' title='bbox 2383 5225 2614 5295; x_wconf 89' lang='lat' dir='ltr'><strong>aliisque</strong></span> <span class='ocrx_word' id='word_1_785' title='bbox 2655 5223 2931 5278; x_wconf 90' lang='lat' dir='ltr'><strong>veteribus</strong></span> <span class='ocrx_word' id='word_1_786' title='bbox 2982 5232 3457 5278; x_wconf 90' lang='lat' dir='ltr'><strong>monumentorum</strong></span> 
     </span>
    </p>
   </div>
   <div class='ocr_carea' id='block_1_111' title="bbox 1863 5316 3464 5379">
    <p class='ocr_par' dir='ltr' id='par_1_111' title="bbox 1863 5316 3464 5379">
     <span class='ocr_line' id='line_1_111' title="bbox 1863 5316 3464 5379; baseline -0.007 0"><span class='ocrx_word' id='word_1_787' title='bbox 1863 5322 2234 5379; x_wconf 88' lang='lat' dir='ltr'><strong>consimilium</strong></span> <span class='ocrx_word' id='word_1_788' title='bbox 2289 5317 2705 5374; x_wconf 90' lang='lat' dir='ltr'><strong>collectionibus</strong></span> <span class='ocrx_word' id='word_1_789' title='bbox 2751 5316 2917 5371; x_wconf 89' lang='lat' dir='ltr'><strong>veluti</strong></span> <span class='ocrx_word' id='word_1_790' title='bbox 2968 5316 3354 5379; x_wconf 89' lang='lat' dir='ltr'><strong>delitesceret;</strong></span> <span class='ocrx_word' id='word_1_791' title='bbox 3405 5322 3464 5368; x_wconf 89' lang='lat' dir='ltr'><strong>et</strong></span> 
     </span>
    </p>
   </div>
   <div class='ocr_carea' id='block_1_112' title="bbox 1866 5405 3459 5482">
    <p class='ocr_par' dir='ltr' id='par_1_112' title="bbox 1866 5405 3459 5482">
     <span class='ocr_line' id='line_1_112' title="bbox 1866 5405 3459 5482; baseline -0.007 -13"><span class='ocrx_word' id='word_1_792' title='bbox 1866 5414 2033 5472; x_wconf 90' lang='lat' dir='ltr'><strong>iidem</strong></span> <span class='ocrx_word' id='word_1_793' title='bbox 2066 5414 2174 5482; x_wconf 93' lang='lat' dir='ltr'><strong>illi,</strong></span> <span class='ocrx_word' id='word_1_794' title='bbox 2207 5413 2404 5482; x_wconf 88' lang='lat' dir='ltr'><strong>quibus</strong></span> <span class='ocrx_word' id='word_1_795' title='bbox 2431 5409 2734 5480; x_wconf 86' lang='lat' dir='ltr'><strong>bujusmodi</strong></span> <span class='ocrx_word' id='word_1_796' title='bbox 2772 5408 3138 5464; x_wconf 83' lang='lat' dir='ltr'><strong>voluminibus</strong></span> <span class='ocrx_word' id='word_1_797' title='bbox 3169 5407 3330 5475; x_wconf 90' lang='lat' dir='ltr'><strong>potiri</strong></span> <span class='ocrx_word' id='word_1_798' title='bbox 3359 5405 3459 5460; x_wconf 64' lang='lat' dir='ltr'><strong>dae</strong></span> 
     </span>
    </p>
   </div>
   <div class='ocr_carea' id='block_1_113' title="bbox 1867 5499 3461 5574">
    <p class='ocr_par' dir='ltr' id='par_1_113' title="bbox 1867 5499 3461 5574">
     <span class='ocr_line' id='line_1_113' title="bbox 1867 5499 3461 5574; baseline -0.008 -10"><span class='ocrx_word' id='word_1_799' title='bbox 1867 5517 1981 5564; x_wconf 92' lang='lat' dir='ltr'><strong>tum</strong></span> <span class='ocrx_word' id='word_1_800' title='bbox 2012 5519 2159 5562; x_wconf 80' lang='lat' dir='ltr'><strong>esset</strong></span> <span class='ocrx_word' id='word_1_801' title='bbox 2191 5505 2315 5561; x_wconf 90' lang='lat' dir='ltr'><strong>hinc</strong></span> <span class='ocrx_word' id='word_1_802' title='bbox 2349 5517 2403 5561; x_wconf 90' lang='lat' dir='ltr'><strong>et</strong></span> <span class='ocrx_word' id='word_1_803' title='bbox 2438 5505 2585 5560; x_wconf 88' lang='lat' dir='ltr'><strong>illine</strong></span> <span class='ocrx_word' id='word_1_804' title='bbox 2615 5507 2802 5573; x_wconf 83' lang='lat' dir='ltr'><strong>petere</strong></span> <span class='ocrx_word' id='word_1_805' title='bbox 2849 5512 3192 5574; x_wconf 85' lang='lat' dir='ltr'><strong>cogerentur,</strong></span> <span class='ocrx_word' id='word_1_806' title='bbox 3234 5514 3352 5570; x_wconf 72' lang='lat' dir='ltr'><strong>qua:</strong></span> <span class='ocrx_word' id='word_1_807' title='bbox 3391 5499 3461 5553; x_wconf 92' lang='lat' dir='ltr'><strong>ad</strong></span> 
     </span>
    </p>
   </div>
   <div class='ocr_carea' id='block_1_114' title="bbox 1863 5591 3462 5674">
    <p class='ocr_par' dir='ltr' id='par_1_114' title="bbox 1863 5591 3462 5674">
     <span class='ocr_line' id='line_1_114' title="bbox 1863 5591 3462 5674; baseline -0.008 -17"><span class='ocrx_word' id='word_1_808' title='bbox 1863 5603 2038 5674; x_wconf 90' lang='lat' dir='ltr'><strong>ipsius</strong></span> <span class='ocrx_word' id='word_1_809' title='bbox 2075 5600 2499 5658; x_wconf 90' lang='lat' dir='ltr'><strong>illustrationctn</strong></span> <span class='ocrx_word' id='word_1_810' title='bbox 2534 5599 2888 5668; x_wconf 88' lang='lat' dir='ltr'><strong>pertinerent.</strong></span> <span class='ocrx_word' id='word_1_811' title='bbox 2924 5595 3063 5662; x_wconf 77' lang='lat' dir='ltr'><strong>Quid</strong></span> <span class='ocrx_word' id='word_1_812' title='bbox 3086 5603 3288 5658; x_wconf 90' lang='lat' dir='ltr'><strong>autem,</strong></span> <span class='ocrx_word' id='word_1_813' title='bbox 3313 5591 3462 5658; x_wconf 87' lang='lat' dir='ltr'><strong>quod</strong></span> 
     </span>
    </p>
   </div>
   <div class='ocr_carea' id='block_1_115' title="bbox 1860 5684 3462 5766">
    <p class='ocr_par' dir='ltr' id='par_1_115' title="bbox 1860 5684 3462 5766">
     <span class='ocr_line' id='line_1_115' title="bbox 1860 5684 3462 5766; baseline -0.009 -13"><span class='ocrx_word' id='word_1_814' title='bbox 1860 5712 1926 5753; x_wconf 88' lang='lat' dir='ltr'><strong>ea</strong></span> <span class='ocrx_word' id='word_1_815' title='bbox 1970 5711 2091 5766; x_wconf 73' lang='lat' dir='ltr'><strong>qua:</strong></span> <span class='ocrx_word' id='word_1_816' title='bbox 2123 5693 2190 5750; x_wconf 89' lang='lat' dir='ltr'><strong>ad</strong></span> <span class='ocrx_word' id='word_1_817' title='bbox 2229 5693 2518 5748; x_wconf 84' lang='lat' dir='ltr'><strong>Cltromalii</strong></span> <span class='ocrx_word' id='word_1_818' title='bbox 2550 5693 2717 5746; x_wconf 86' lang='lat' dir='ltr'><strong>nostri</strong></span> <span class='ocrx_word' id='word_1_819' title='bbox 2758 5689 3174 5744; x_wconf 87' lang='lat' dir='ltr'><strong>illustrationem</strong></span> <span class='ocrx_word' id='word_1_820' title='bbox 3218 5684 3421 5739; x_wconf 76' lang='lat' dir='ltr'><strong>faciunt</strong></span> <span class='ocrx_word' id='word_1_821' title='bbox 3445 5727 3462 5752; x_wconf 94' lang='lat'><strong>,</strong></span> 
     </span>
    </p>
   </div>
   <div class='ocr_carea' id='block_1_116' title="bbox 1863 5775 3465 5860">
    <p class='ocr_par' dir='ltr' id='par_1_116' title="bbox 1863 5775 3465 5860">
     <span class='ocr_line' id='line_1_116' title="bbox 1863 5775 3465 5860; baseline -0.01 -12"><span class='ocrx_word' id='word_1_822' title='bbox 1863 5791 1966 5849; x_wconf 86' lang='lat' dir='ltr'><strong>etsi</strong></span> <span class='ocrx_word' id='word_1_823' title='bbox 1993 5791 2060 5844; x_wconf 90' lang='lat' dir='ltr'><strong>ab</strong></span> <span class='ocrx_word' id='word_1_824' title='bbox 2089 5789 2215 5846; x_wconf 90' lang='lat' dir='ltr'><strong>aliis</strong></span> <span class='ocrx_word' id='word_1_825' title='bbox 2243 5803 2457 5860; x_wconf 89' lang='lat' dir='ltr'><strong>quoque</strong></span> <span class='ocrx_word' id='word_1_826' title='bbox 2486 5785 2711 5842; x_wconf 89' lang='lat' dir='ltr'><strong>eruditis</strong></span> <span class='ocrx_word' id='word_1_827' title='bbox 2739 5783 2886 5848; x_wconf 88' lang='lat' dir='ltr'><strong>viris,</strong></span> <span class='ocrx_word' id='word_1_828' title='bbox 2913 5795 2974 5835; x_wconf 90' lang='lat' dir='ltr'><strong>ac</strong></span> <span class='ocrx_word' id='word_1_829' title='bbox 3002 5778 3274 5848; x_wconf 65' lang='lat' dir='ltr'><strong>praecipue</strong></span> <span class='ocrx_word' id='word_1_830' title='bbox 3295 5775 3465 5859; x_wconf 38' lang='lat' dir='ltr'><strong>Tillc:</strong></span> 
     </span>
    </p>
   </div>
   <div class='ocr_carea' id='block_1_117' title="bbox 1863 5865 3470 5950">
    <p class='ocr_par' dir='ltr' id='par_1_117' title="bbox 1863 5865 3470 5950">
     <span class='ocr_line' id='line_1_117' title="bbox 1863 5865 3470 5950; baseline -0.009 -11"><span class='ocrx_word' id='word_1_831' title='bbox 1863 5881 2077 5941; x_wconf 83' lang='lat' dir='ltr'><strong>mentio</strong></span> <span class='ocrx_word' id='word_1_832' title='bbox 2109 5892 2278 5950; x_wconf 76' lang='lat' dir='ltr'><strong>aIQue</strong></span> <span class='ocrx_word' id='word_1_833' title='bbox 2303 5880 2559 5938; x_wconf 87' lang='lat' dir='ltr'><strong>Ceilliero</strong></span> <span class='ocrx_word' id='word_1_834' title='bbox 2585 5917 2599 5943; x_wconf 90' lang='lat'><strong>,</strong></span> <span class='ocrx_word' id='word_1_835' title='bbox 2642 5879 2866 5932; x_wconf 88' lang='lat' dir='ltr'><strong>tractata</strong></span> <span class='ocrx_word' id='word_1_836' title='bbox 2902 5873 3030 5929; x_wconf 87' lang='lat' dir='ltr'><strong>sunt</strong></span> <span class='ocrx_word' id='word_1_837' title='bbox 3056 5912 3070 5940; x_wconf 96' lang='lat'><strong>,</strong></span> <span class='ocrx_word' id='word_1_838' title='bbox 3109 5865 3218 5927; x_wconf 83' lang='lat' dir='ltr'><strong>non</strong></span> <span class='ocrx_word' id='word_1_839' title='bbox 3249 5870 3470 5927; x_wconf 67' lang='lat' dir='ltr'><strong>aliunde</strong></span> 
     </span>
    </p>
   </div>
  </div>
