4056 6340
494 375 595 435 251

1507 372 1566 430 s.
1608 363 2057 428 CIIROMATIUS
2097 355 2207 425 ΕΡ.
2249 357 2758 439 AQUILEIENSIS.

3685 368 3792 427 252

493 502 671 548 tamen
703 503 860 561 quam
886 505 912 543 a
944 487 1315 559 Scriptoribns
1348 486 1549 541 nosuis
1588 484 1801 555 plenius
1837 498 1901 537 ac
1937 483 2091 537 lttcu-
2117 485 2169 544 Α
2195 482 2306 538 dite
2336 483 2586 538 disseruit
2613 525 2628 545 .
2678 498 2742 538 ex
2774 482 2841 537 iis
2870 480 3120 538 delibans
3159 497 3282 554 qua:
3323 482 3593 539 duumviri
3625 489 3793 543 nostri

497 586 701 642 lentius
733 583 844 655 peti
888 591 1144 654 possunt;
1185 600 1212 635 a
1255 581 1383 637 viris
1425 580 1681 634 nimirum
1729 576 2051 632 clarissimis
2077 618 2091 642 ,

497 679 755 743 omnique
799 675 1106 732 eruditione
1147 673 1424 745 prtcditis,
1474 671 1782 726 Fontanino
1820 679 1980 740 atque
2021 669 2098 724 De

499 771 725 838 Rttbcis,
761 772 848 840 qui
881 783 945 825 ex
975 769 1256 839 preposito
1286 768 1336 820 itt
1369 768 1483 820 suis
1512 763 1794 835 operibus,
1823 764 2099 832 multoque

498 879 682 920 rerum
714 864 953 916 omnium
998 869 1256 930 apparatu
1294 859 1360 914 de
1394 857 1696 914 Chrontatio
1727 859 2099 928 scripserunt,

499 971 670 1026 eaque
691 955 872 1010 omnia
895 953 1249 1010 enuclearunt
1270 968 1483 1007 summo
1505 950 1686 1007 studio
1708 961 1868 1021 atque
1890 950 2098 1016 labore,

500 1061 623 1120 quae
653 1047 718 1102 ad
749 1048 889 1102 illius
919 1057 1128 1102 aetatem
1151 1087 1165 1112 ,
1194 1045 1423 1118 patriam
1449 1087 1463 1111 ,
1497 1046 1899 1115 episcopatum,
1934 1043 2104 1096 virtu-

506 1150 588 1196 tes
613 1183 627 1206 ,
674 1141 862 1194 merita
889 1181 903 1204 ,
946 1147 1000 1196 et
1027 1141 1228 1208 scripta
1259 1147 1548 1206 spectant;
1595 1138 1722 1192 licet
1753 1153 1856 1190 nott
1887 1149 2104 1204 semper

501 1235 605 1290 sibi
658 1235 707 1287 in
757 1234 1007 1288 omnibus
1057 1233 1403 1288 consentiant
1447 1229 1608 1286 ambo
1661 1248 1674 1284 :
1729 1229 1870 1300 quod
1925 1239 2102 1284 tamen

503 1328 804 1385 lcetoribus
837 1344 942 1384 non
982 1328 1385 1383 incommodum
1413 1343 1428 1392 ;
1474 1325 1776 1397 qttinimmo
1806 1324 2102 1395 jucundum

502 1421 830 1491 quandoque
857 1420 1098 1475 l'ttturutn
1139 1422 1241 1486 sit,
1276 1420 1408 1488 ipsis
1451 1421 1556 1476 lioe
1582 1429 1741 1489 pacto
1770 1418 1936 1474 veluti
1963 1418 2106 1487 judi-

504 1513 659 1567 cibus
689 1515 1003 1568 constitutis
1049 1514 1191 1567 inter
1237 1522 1416 1566 tantos
1445 1510 1591 1566 viros
1620 1509 1689 1567 de
1721 1511 1917 1567 eodem
1949 1525 2108 1583 argu-

506 1613 693 1661 mento
725 1608 774 1660 in
807 1622 865 1661 re
891 1606 1074 1675 aliqua
1107 1606 1515 1674 discrepantes?

579 1700 655 1755 Ett
701 1701 884 1769 igitur,
933 1699 1166 1769 benigne
1203 1699 1397 1764 lector,
1431 1697 1575 1768 quod
1609 1697 1703 1752 tibi
1737 1697 1788 1752 in
1824 1697 1927 1752 hoc
1955 1699 2110 1752 volu-

504 1795 652 1849 mine
698 1792 1042 1847 exhibemus.
1097 1791 1213 1846 Divi
1259 1790 1547 1845 Cltrotnatii
1591 1790 1952 1861 Aquileiensis
1996 1793 2109 1862 epi-

2200 580 2451 647 superius
2479 575 2699 643 laudati,
2729 576 3065 633 Fontaninus
3093 585 3256 649 atque
3285 578 3361 632 De
3384 575 3612 644 Rnbeis,
3643 579 3797 636 uber-

2198 668 2338 726 rime
2366 671 2723 742 scripserunt.
2759 669 2884 725 litec
2912 679 3069 737 sunt,
3103 687 3223 741 qua:
3256 671 3305 724 in
3344 671 3443 725 bac
3475 680 3655 726 nostra
3683 673 3798 728 edi-

2202 764 2350 820 tione
2387 765 2599 836 Scripta
2629 765 2740 819 sive
2773 761 3038 835 Opnscala
3068 765 3246 820 sancti
3278 762 3565 818 Chromatii
3591 777 3804 822 antece-

2202 858 2381 924 dunt;
2439 875 2560 929 quae
2613 869 2724 912 tum
2783 875 3016 924 eorum,
3071 868 3183 913 tum
3237 856 3493 912 Auctoris
3552 861 3801 914 meritum

2205 953 2536 1022 prtedicant;
2572 968 2802 1023 qumque
2843 951 3161 1008 earumdem
3206 949 3561 1023 legendorum
3593 952 3805 1009 deside-

2205 1047 2343 1102 rium
2374 1048 2547 1117 magis
2582 1050 2862 1117 magisque
2889 1047 3208 1100 incendunt.

2277 1140 2590 1210 Sequuntur
2623 1139 2836 1208 Scripta
2866 1141 3003 1209 ipsa,
3037 1155 3161 1210 qua:
3193 1137 3257 1193 ad
3287 1157 3386 1194 nos
3417 1151 3802 1211 pervenerunt,

2205 1248 2436 1304 quaeque
2470 1247 2574 1286 non
2609 1231 2862 1294 aliunde,
2894 1247 3058 1304 quam
3097 1248 3164 1287 ex
3193 1231 3360 1288 citato
3392 1242 3542 1286 torno
3577 1221 3687 1287 VIII
3719 1231 3809 1287 Bi-

2207 1325 2470 1380 biiotltccte
2514 1321 2787 1381 Gallandii
2839 1321 2939 1398 [ix]
2988 1317 3254 1381 sumenda
3301 1326 3672 1392 decrevimus,
3716 1327 3808 1382 ubi

2210 1420 2443 1487 primum
2493 1417 2780 1490 dispertita
2812 1425 3080 1487 apparent
3128 1417 3180 1472 in
3233 1427 3309 1471 tot
3350 1415 3648 1482 Tractatus,
3683 1429 3810 1488 quot

2206 1520 2332 1565 sunt
2365 1525 2594 1565 numero
2626 1507 2960 1581 Doxologite,
2993 1523 3091 1563 seu
3119 1506 3577 1578 Gloriﬁcationes,
3611 1525 3729 1577 qute
3754 1511 3806 1564 in

2209 1601 2415 1658 eisdem
2442 1601 2694 1673 leguntur
2727 1620 2740 1656 :
2769 1618 2892 1655 nam
2919 1611 3078 1655 antea
3105 1617 3200 1656 seu
3233 1603 3284 1656 itt
3317 1612 3502 1672 partes
3530 1601 3665 1656 duas
3697 1613 3810 1655 tan-

2209 1695 2523 1760 tummodo,
2575 1703 2630 1748 ut
2683 1695 2736 1749 in
2786 1694 2957 1765 prima
3007 1693 3328 1749 eornmdem
3375 1693 3617 1748 editione
3666 1693 3810 1748 Basi-

2211 1785 2420 1852 leensi;
2451 1801 2545 1842 seu
2573 1786 2626 1840 in
2653 1795 2786 1852 tres,
2819 1796 2875 1840 ut
2906 1786 2957 1840 in
2989 1784 3311 1840 Bibliotheca
3341 1783 3568 1840 Patrum
3598 1785 3806 1858 Lugdu-

503 1890 654 1951 scopt
685 1884 895 1956 Scripta
936 1899 1031 1937 seti
1067 1884 1338 1953 Opuscuta
1366 1887 1558 1937 damus
1587 1924 1601 1948 ,
1631 1897 1754 1953 qua:
1786 1893 2100 1953 supersunt.
2136 1872 2182 1932 B
2211 1880 2396 1944 nensi,
2445 1879 2674 1951 aliisque
2704 1878 2936 1934 fortasse
2965 1878 3336 1934 anterioribus
3362 1922 3376 1947 ,
3409 1878 3805 1935 dividebantur.

507 1975 724 2045 Scripta
757 1993 885 2030 vero
907 1991 1000 2032 seu
1028 1976 1300 2046 Opascttla
1323 1992 1386 2031 ea
1417 1977 1674 2042 diximus,
1702 1991 1808 2030 non
1843 1975 2111 2043 Opuscula

509 2069 787 2124 absolute.
811 2069 1017 2125 Prmter
1038 2071 1182 2124 enim
1211 2068 1447 2138 primum
1479 2069 1782 2124 Sermonem
1813 2067 1948 2141 [rm]
1974 2069 2111 2140 (sive

513 2161 836 2228 Tractatum,
867 2174 960 2216 aut
981 2163 1299 2216 'Concionem
1325 2159 1556 2233 dixeris)
1580 2161 1643 2216 tle
1671 2170 1782 2215 octo
1814 2159 2111 2215 Beatitadi-

509 2255 661 2309 nibus
689 2272 708 2322 ;
743 2255 885 2325 quod
919 2269 1049 2310 rere
1083 2254 1407 2324 Opuscutum
1438 2255 1707 2324 integrum
1743 2260 1904 2324 atque
1938 2257 2109 2324 perte—

509 2358 655 2404 cmm
686 2357 769 2404 est
798 2366 812 2403 :
844 2359 1041 2404 caetera
1071 2350 1252 2404 omnia
1273 2392 1286 2414 ,
1317 2363 1493 2418 neque
1522 2364 1717 2413 unum,
1755 2363 1929 2416 neque
1955 2351 2109 2419 plura

515 2441 782 2514 Opttscula
815 2457 1007 2512 reapse
1032 2450 1182 2506 sunt,
1213 2441 1307 2496 sed
1327 2443 1558 2512 reliquie
1589 2445 1768 2511 potius
1795 2444 1954 2494 unius
1977 2440 2110 2509 justi

515 2536 724 2607 Operis,
749 2537 891 2607 quod
923 2536 1360 2591 Commentariun:
1388 2539 1721 2591 constituere
1752 2536 2030 2589 debuisset
2059 2535 2110 2588 in

513 2635 684 2683 t‘otttm
715 2628 951 2683 Matthtei
985 2628 1360 2698 Evangeliutn,
1395 2637 1452 2681 nt.
1482 2627 1614 2681 inl'ra
1644 2627 1932 2682 dicendum
1965 2629 2108 2691 erit;

515 2721 744 2792 ideoque
779 2726 956 2792 potius
987 2736 1149 2794 quam
1185 2721 1458 2794 Opusrula
1500 2721 1852 2790 simpliciter,
1895 2733 2015 2787 qua:
2044 2718 2112 2774 de

517 2815 712 2872 eodem
740 2827 930 2871 sancto
954 2817 1184 2886 prazsnle
1213 2831 1352 2871 nunc
1380 2815 1659 2878 habemus,
1687 2829 1750 2869 ea
1778 2815 2111 2868 convenien-

514 2911 656 2977 tius,
691 2921 748 2965 ut
777 2920 1032 2982 putamus
1054 2952 1068 2976 ,
1105 2909 1321 2978 Scripta
1363 2925 1457 2965 seu
1483 2908 1749 2981 Opuscula
1781 2907 2113 2977 nuncupavi-

515 3020 656 3060 mus.
698 3004 1086 3060 Animadverte
1109 3021 1241 3060 vero
1268 3021 1375 3073 quo
1405 3003 1634 3071 ordine,
1667 3017 1843 3074 quove
1869 3003 2016 3059 eultu
2050 3018 2112 3059 ea

519 3098 741 3170 prodire
766 3098 1044 3168 jubemus.

585 3188 714 3244 Post
745 3189 1118 3259 prielatlonem
1153 3189 1292 3245 lianc
1324 3198 1564 3244 nostram
1589 3231 1602 3255 ,
1639 3190 1689 3244 in
1719 3203 1822 3260 qua
1851 3187 2113 3243 nonnulla

2218 1971 2484 2026 Tractatas
2533 1973 2744 2025 titulutn
2797 1972 2850 2026 in
2901 1971 3130 2041 singulis
3174 1971 3414 2026 libenter
3464 1973 3805 2040 retinnitnus,

2213 2079 2373 2130 quem
2398 2062 2712 2118 Gallandins
2735 2063 2867 2130 ipsis
2885 2064 3162 2134 imposuit,
3183 2063 3394 2118 etiamsi
3413 2064 3806 2133 existimemus,

2215 2164 2271 2211 ut
2301 2156 2439 2211 infra
2473 2158 2646 2227 palam
2677 2157 2736 2212 llt
2760 2200 2775 2223 ,
2806 2160 2903 2212 bos
2931 2173 3151 2224 omnes,
3193 2159 3237 2213 si
3271 2174 3435 2213 unum
3470 2159 3716 2230 excipias
3738 2202 3750 2226 ,
3777 2150 3808 2215 ιι

2214 2256 2404 2304 sancto
2449 2249 2566 2304 viro
2608 2265 2714 2304 non
2762 2249 2930 2304 fuisse
2976 2255 3028 2305 in
3065 2265 3218 2305 usum
3255 2249 3658 2321 pra'diealionis
3687 2266 3811 2306 con-

2213 2343 2466 2412 scriptos.
2505 2341 2775 2396 Tractatus
2805 2343 3081 2414 singularis
3101 2385 3116 2409 ,
3148 2345 3239 2414 qui
3273 2345 3324 2397 in
3355 2355 3541 2398 nostra
3575 2344 3673 2398 bac
3695 2345 3776 2398 edi
3798 2377 3810 2386 -

2217 2436 2365 2490 tione
2399 2437 2604 2505 primus
2631 2446 2714 2490 est
2739 2479 2753 2502 ,
2786 2451 2944 2504 quem
2980 2434 3283 2492 Sermonem
3312 2437 3476 2490 etiam
3509 2437 3805 2509 appellavi-

2217 2542 2334 2582 mus
2359 2527 2460 2582 snb
2494 2528 2650 2582 titulo
2683 2528 2747 2582 de
2786 2541 2898 2581 octo
2926 2526 3362 2592 Beatitadinibus,
3399 2538 3588 2598 utpote
3624 2535 3809 2600 "reapse

2215 2641 2243 2678 ιι
2276 2637 2464 2678 sancto
2489 2625 2745 2692 episeopo
2770 2626 2820 2678 itt
2851 2625 3160 2678 auditorum
3193 2624 3502 2693 frequentia
3535 2623 3806 2689 habitum,

2216 2719 2268 2772 in
2293 2717 2531 2772 editione
2555 2717 2850 2772 Ba~i|censi
2877 2718 3150 2788 praecitata
3173 2717 3466 2772 admodum
3492 2718 3806 2788 incongrue,

2219 2820 2327 2864 ttttn
2358 2810 2532 2877 quoad
2574 2812 2896 2878 materiam,
2943 2821 3054 2865 tum
3086 2811 3261 2882 quoad
3301 2809 3516 2866 dicendi
3550 2813 3808 2880 modum,

2219 2901 2543 2956 Declamatio
2570 2912 2932 2973 nuncupatur.
2957 2903 3170 2974 Reliqui
3198 2919 3388 2958 outncs
3414 2903 3618 2959 ibidem
3643 2904 3812 2960 centi-

2220 3008 2412 3050 ncntcr
2457 2995 2612 3061 editi,
2658 2998 2835 3051 minus
2877 2995 3094 3066 quidem
3149 2997 3463 3068 improprie,
3515 2996 3610 3051 sed
3650 2997 3809 3052 etiam

2221 3093 2401 3144 minus
2444 3101 2567 3160 apta
2617 3091 2969 3156 indicatione,
3019 3090 3273 3145 dicuntur
3315 3092 3366 3144 in
3409 3107 3436 3142 ν
3479 3099 3528 3143 et
3573 3107 3622 3144 ιι
3663 3091 3813 3161 caput

2223 3181 2456 3238 Ματαιωὲ
2497 3181 2835 3237 Dissertatio.

513 3281 676 3336 etiam
708 3295 806 3335 suo
839 3281 958 3336 loco
987 3281 1341 3348 ventilamus,
1371 3297 1492 3353 quae
1523 3281 1866 3337 eruditorum
1901 3289 2117 3336 nnstro-
2142 3260 2186 3322 C
2293 3277 2514 3331 Etiamsi
2544 3292 2670 3332 vero
2693 3273 3636 3331 tractatusvocabulutnaGallandio
3659 3290 3814 3329 usur-

517 3385 635 3429 rum
669 3385 762 3429 aut
789 3375 1126 3444 diligentiam
1154 3374 1498 3439 effugerunt,
1531 3382 1626 3428 aut
1653 3381 1872 3428 aetatem
1897 3387 2119 3442 snpera-

518 3477 664 3529 runt.
701 3467 898 3522 adsunt
931 3468 1105 3536 primo
1136 3478 1360 3538 aspectu
1394 3467 1458 3520 de
1483 3475 1664 3522 sancto
1689 3465 1991 3521 Cttromatt'o
2013 3466 2121 3535 epl-

517 3577 674 3632 scopo
728 3561 1042 3629 Aquileieusi
1105 3561 1350 3616 Veterum
1398 3559 1712 3615 Testimonia
1770 3560 2010 3624 selecto;
2065 3561 2118 3614 in

519 3655 718 3724 quibus
747 3654 1058 3723 gratissime
1100 3654 1405 3723 praesertim
1436 3655 1624 3708 videns
1653 3655 1780 3724 quitl
1814 3653 1968 3707 divus
1999 3654 2119 3708 Hie-

520 3760 779 3816 ronymus
808 3757 899 3798 aut
938 3746 1005 3800 de
1044 3746 1342 3800 Cltromatio
1369 3759 1457 3800 aut
1491 3746 1557 3800 ad
1588 3745 1949 3800 Chromatium
1982 3747 2120 3801 seri-

523 3837 716 3908 pserit,
759 3837 887 3906 quid
928 3837 1086 3893 divus
1132 3838 1476 3906 Ambrosius,
1520 3837 1645 3909 quid
1687 3837 1916 3893 Ruﬁnus
1957 3838 2126 3908 Aqui-

521 3931 767 3997 leiensis,
783 3929 910 4001 quid
933 3930 1209 3985 sanctitth
1233 3945 1404 3986 annes
1420 3930 1862 4002 Chrys-ostentus.
1879 3931 2122 3997 Quantos

523 4038 708 4095 porro,
730 4023 1404 4094 qttantwqueauctoritatis
1420 4025 1596 4080 viros!
1620 4023 1868 4093 Accipias
1883 4023 2124 4078 secundo

524 4118 646 4172 loco
675 4115 944 4171 Lectiones
973 4119 1214 4189 praprias
1235 4159 1250 4180 ,
1290 4135 1316 4171 a
1358 4119 1474 4172 viro
1501 4117 1803 4173 clarissimo
1833 4117 2124 4172 Francisco

522 4211 707 4269 Florio
733 4216 962 4280 comite,
994 4213 1136 4270 sacri
1170 4214 1394 4270 Ordinis
1425 4215 1600 4270 nostri
1630 4215 1960 4285 praeposito,
1988 4229 2122 4270 con-

521 4304 698 4374 ditas,
752 4317 808 4362 et
861 4307 932 4361 ab
976 4309 1271 4378 apostolica
1325 4307 1454 4363 sede
1499 4309 1857 4380 approbatas,
1905 4323 2024 4378 qua:
2067 4308 2118 4362 itt

521 4398 740 4455 dioecesi
784 4398 1031 4456 Utinensi
1075 4401 1373 4456 recitantur
1413 4401 1478 4456 ad
1519 4401 1842 4456 matutinum
1883 4400 2120 4456 ofﬁcium

520 4491 574 4547 in
627 4495 756 4560 festo
799 4495 963 4546 sancti
1017 4491 1306 4546 Chromatii
1361 4493 1589 4564 episcopi
1637 4491 1981 4563 Aquileiensis
2040 4493 2127 4548 die

517 4584 554 4638 3
609 4583 970 4649 Decembris;
1038 4599 1268 4654 quaeque
1328 4599 1450 4638 cum
1525 4585 1785 4639 hactenus
1848 4585 2123 4654 patuerint

518 4677 804 4734 dumtaxat
861 4678 910 4730 in
965 4675 1162 4731 Libello
1213 4678 1429 4746 proprio
1472 4676 1788 4730 Sanctorum
1837 4674 2078 4730 Ditecesis
2107 4719 2121 4744 ,
2152 4656 2206 4717 D

516 4785 834 4826 Communes
864 4786 1004 4824 nunc
1038 4773 1172 4824 liunt
1202 4770 1432 4825 eruditis
1461 4809 1476 4834 ,
1516 4771 1603 4840 qui
1639 4784 1732 4825 eas
1762 4771 2001 4826 libenter
2026 4787 2123 4828 ex-

517 4863 744 4933 cipient.
781 4871 889 4914 tum
920 4863 989 4915 ob
1011 4861 1262 4915 dictionis
1300 4865 1690 4932 ρι-ειξειειιιιὶιιιιι,
1714 4873 1826 4916 tum
1851 4862 1920 4916 ob
1951 4862 2120 4916 histo-

517 4955 659 5012 riam
697 4954 870 5009 s:tncti
921 4953 1022 5007 viri
1079 4953 1381 5022 purissimis
1439 4969 1470 5009 e
1535 4953 1774 5010 futilibus
1833 4955 2121 5024 haustam,

525 5058 583 5105 et
639 5045 788 5101 brct'i
845 5061 1104 5102 sermone
1159 5057 1514 5102 contractam.
1569 5050 1791 5104 Accedit
1859 5052 2017 5106 tertio
2062 5053 2127 5107 ti-

523 5141 664 5196 tulus
718 5142 898 5209 prima:
945 5139 1183 5195 editionis
1225 5141 1550 5212 Scriptorum
1592 5145 1764 5200 sancti
1817 5144 2125 5214 Chromatii,

522 5233 754 5291 Basilete
789 5245 1020 5302 peractae
1047 5249 1191 5288 anno
1223 5235 1384 5305 159.8,
1420 5237 1647 5308 ejusque
1675 5241 1990 5310 rarissimae,
2023 5257 2126 5297 una

524 5349 649 5390 cum
684 5332 916 5405 Epistola
946 5335 1336 5404 nuncupatttria
1366 5333 1592 5391 Joannis
1621 5334 1892 5402 Sicltardi,
1922 5352 1990 5392 ex
2023 5353 2126 5408 qua

523 5427 787 5484 discimus
818 5426 1005 5496 quanti
1059 5425 1174 5481 lucc
1221 5426 1431 5499 Scripta
1469 5427 1610 5483 facta
1643 5429 1839 5485 fuerint
1882 5442 1912 5484 ιι
1952 5432 2131 5501 primo

521 5523 647 5593 ipso
694 5529 940 5586 tempore
981 5533 1090 5589 quo
1132 5519 1362 5587 detecta,
1411 5529 1466 5576 et
1507 5521 1628 5578 luce
1669 5523 1881 5592 publica
1929 5525 2127 5579 donata

522 5615 764 5673 fuerunt.
800 5612 1007 5681 Quarto
1040 5612 1166 5666 loco
1199 5613 1445 5669 Andreas
1473 5614 1793 5670 Gallandins
1824 5617 2005 5683 venit,
2037 5615 2130 5686 qui

524 5713 580 5768 in
615 5707 1007 5776 Prolegomenis
1030 5705 1095 5758 ad
1126 5715 1329 5759 tomum
1363 5704 1478 5760 VIII
1508 5721 1618 5761 Sttzt:
1645 5707 1977 5762 Bibliotheca:
1999 5719 2131 5762 vete-

532 5819 650 5860 rum
697 5802 935 5869 Patrum,
981 5811 1087 5856 etc.
1115 5842 1130 5866 ,
1165 5799 1252 5854 cui
1286 5804 1484 5856 insctta
1515 5803 1623 5856 diti
1655 5803 1941 5858 C/iromatii
1969 5803 2136 5858 nostri

530 5893 744 5966 Scripta
771 5906 924 5966 sunt,
950 5894 1240 5970 diligenter
1263 5895 1330 5958 de
1357 5895 1550 5957 eodem
1584 5910 1778 5960 sancto
1803 5897 1921 5956 viro
1941 5904 2138 5956 eleru-

2225 3379 2405 3438 patum
2440 3368 2855 3432 retinuerimtts,
2891 3367 2959 3420 ab
3000 3367 3192 3421 ordine
3233 3365 3611 3432 nihilominus,
3658 3381 3811 3435 quem

2223 3461 2278 3517 bi
2328 3461 2600 3516 Tractatus
2633 3464 2687 3516 in
2735 3476 2830 3516 sua
2875 3460 3195 3514 Bibliotheca
3243 3458 3513 3525 obtinent,
3560 3457 3813 3514 recttdere

2223 3556 2395 3609 enacti
2421 3555 2640 3608 luimus.
2661 3553 2793 3608 Nam
2817 3564 3016 3622 ιιι-λειω·
3037 3551 3332 3606 Tractatum
3347 3551 3692 3623 singularem,
3723 3567 3813 3606 seu

2227 3648 2531 3703 Sermonem
2562 3649 2625 3703 de
2653 3658 2767 3703 octo
2818 3645 3256 3710 Bcatitudinibus,
3287 3662 3447 3716 quem
3494 3649 3674 3717 primo
3703 3645 3816 3716 qui-

2225 3743 2347 3798 dem
2380 3745 2498 3799 loco
2529 3752 2585 3799 ut
2614 3743 2930 3800 Gallandins
2982 3745 3120 3813 ipse,
3156 3742 3250 3796 sed
3299 3757 3328 3794 a
3358 3755 3686 3796 cancrorum
3717 3756 3814 3794 nn-

2226 3846 2380 3891 mero
2393 3845 2728 3906 separatum,
2753 3849 2805 3891 et
2824 3848 2975 3893 extra
3001 3837 3248 3891 ordinem
3271 3837 3494 3890 omnino
3519 3835 3812 3907 posuimus,

2228 3940 2415 4001 utpote
2456 3932 2588 3985 nibil
2620 3931 2912 3985 habentem
2958 3944 3246 3985 commune
3297 3944 3421 3984 cum
3481 3929 3636 4000 ipsis,
3665 3945 3818 3984 exce-

2230 4034 2318 4096 pta
2349 4025 2598 4089 materia,
2645 4038 2787 4091 quae,
2821 4023 2893 4077 ita
2941 4019 3197 4091 exigente
3230 4022 3510 4092 EVttllgclll
3564 4022 3819 4090 explana-

2230 4120 2398 4184 tione,
2432 4119 2484 4172 in
2513 4118 2625 4173 alio
2653 4116 2872 4186 quidem
2909 4115 3153 4172 Tractata
3187 4133 3320 4186 pene
3366 4115 3558 4171 eadem
3593 4126 3697 4181 est,
3725 4111 3818 4170 sed

2227 4212 2336 4266 alio
2384 4211 2568 4275 modo,
2624 4209 2732 4264 alio
2781 4211 2945 4264 etiam
2978 4209 3140 4280 stylo,
3185 4209 3400 4278 alioque
3451 4223 3689 4263 nexuum
3725 4223 3820 4263 usu

2231 4306 2436 4376 prolata
2460 4321 2473 4359 :
2497 4313 2695 4375 printer
2714 4303 2856 4360 hunc
2874 4304 3172 4358 Tractatum
3191 4320 3285 4360 seu
3307 4305 3633 4371 Sermonem,
3659 4324 3754 4361 nos
3771 4308 3818 4361 itt

2228 4400 2450 4470 reliquis
2480 4400 2691 4454 initium
2711 4398 2962 4454 duximus
2987 4415 3013 4454 a
3038 4399 3308 4462 Tractatu,
3331 4401 3419 4470 qui
3445 4400 3589 4471 apud
3608 4401 3822 4459 Callan-

2227 4491 2374 4547 ditttn
2402 4501 2485 4546 est
2521 4492 2618 4556 l7,
2652 4505 2884 4561 eumque
2937 4494 3159 4563 primum
3200 4491 3436 4546 diximus
3485 4495 3538 4546 in
3586 4506 3739 4564 caput
3769 4511 3822 4549 ιιι

2234 4584 2501 4654 Evangelii
2519 4582 2682 4638 sancti
2714 4583 2972 4649 Matthxi,
3005 4595 3162 4655 prout
3187 4586 3349 4639 etiam
3382 4587 3670 4641 secundum
3693 4587 3823 4642 dixi-

2233 4693 2351 4730 mus
2380 4680 2432 4728 in
2472 4685 2626 4746 caput
2655 4691 2711 4730 ιιι
2737 4679 2900 4731 sancti
2932 4676 3192 4743 Matt/tati,
3241 4677 3329 4748 qui
3379 4676 3523 4746 apud
3574 4680 3820 4732 eumdem

2231 4768 2577 4825 Gallandium
2618 4781 2695 4824 εει
2741 4770 2807 4826 l8
2837 4777 2894 4825 et
2925 4770 3148 4823 ultimus
3173 4785 3187 4835 ;
3217 4781 3266 4823 et
3307 4770 3516 4823 tertium
3551 4785 3824 4840 nuncupa-

2233 4862 2405 4916 vimus
2439 4864 2490 4914 in
2517 4871 2666 4933 caput
2718 4879 2747 4917 ν
2778 4865 2944 4916 sancti
2975 4861 3232 4925 Matt/tati,
3264 4861 3353 4931 qni
3399 4861 3604 4916 ibidem
3635 4877 3822 4917 Imme-

2230 4965 2380 5012 ratur
2409 4958 2680 5010 secundus
2711 4972 2725 5020 ;
2757 4965 2813 5009 et
2846 4957 2914 5008 ita
2964 4955 3125 5008 etiam
3156 4955 3390 5021 reliquos
3414 4953 3611 5008 eodem
3638 4953 3824 5008 ordine

2232 5051 2284 5106 in
2316 5052 2455 5106 idem
2503 5059 2658 5120 caput
2690 5063 2718 5102 ν
2763 5059 2806 5102 et
2841 5048 2893 5101 in
2926 5055 3080 5116 caput
3130 5061 3202 5112 ιιι,
3231 5059 3402 5118 usque
3433 5047 3500 5100 ad
3521 5045 3823 5102 Tractatum

2235 5145 2326 5211 l7,
2357 5145 2445 5215 qtti
2480 5145 2619 5214 apud
2665 5157 2763 5197 nos
2819 5142 3038 5195 ultimus
3068 5149 3171 5206 est,
3205 5141 3403 5211 quique
3432 5141 3575 5210 apud
3607 5141 3824 5198 Gallon—

2234 5239 2404 5304 dium,
2428 5241 2518 5310 qui
2546 5238 2683 5292 duos
2703 5245 2921 5290 nostros
2951 5235 3158 5304 priores
3189 5231 3378 5288 ultimo
3401 5232 3523 5289 loco
3545 5243 3821 5306 posuerat,

2235 5345 2318 5392 est
2353 5334 2438 5388 16.

2304 5428 2473 5498 Hujus
2505 5425 2673 5480 nostri
2697 5421 2908 5478 consilii
2929 5421 3067 5476 ratio
3088 5421 3202 5490 ipse
3227 5427 3403 5474 textus
3424 5415 3701 5492 Evangelii
3718 5431 3792 5477 est
3812 5437 3822 5474 :

2234 5535 2358 5580 nam
2391 5520 2756 5590 t’XpOSillOHCS
2805 5515 2861 5570 in
2904 5521 3068 5583 caput
3118 5516 3336 5570 tertium
3375 5513 3636 5582 Mattbari,
3687 5534 3826 5586 quae-

2235 5630 2466 5686 cumque
2495 5613 2716 5667 demum
2750 5625 2828 5666 etc
2852 5606 2984 5675 sint,
3015 5619 3111 5664 seu
3140 5609 3364 5671 mutilrc,
3399 5623 3495 5662 seu
3529 5607 3719 5663 lacuna
3743 5607 3832 5661 ali-

2237 5724 2339 5779 qua
2373 5722 2402 5761 a
2455 5705 2678 5776 reliquis
2725 5703 2996 5758 intercism
3029 5743 3043 5766 ,
3099 5702 3220 5770 jure
3260 5700 3460 5757 debere
3514 5705 3832 5758 antecedere

2241 5801 2671 5859 existimavimus
2693 5813 2815 5870 qua:
2839 5805 2965 5851 sunt
2990 5795 3215 5866 iucaput
3239 5798 3486 5868 quintum
3515 5805 3572 5851 et
3602 5809 3830 5852 sextum.

2253 5893 2570 5954 Gallandius
2598 5908 2729 5952 vero
2758 5888 2852 5964 qui
2880 5889 2984 5945 boc
3015 5903 3119 5944 non
3149 5888 3592 5947 animadvertere
3621 5890 3837 5954 minimi:
