4056 6340
184 365 285 423 253

1484 350 1860 419 PRALFATIO
1890 352 2244 439 patronis.

3392 352 3432 413 Ξ
3439 354 3505 411 51

184 482 371 551 ptiittil,
400 479 482 553 [χ]
540 479 779 536 nimium
830 480 1053 536 fortasse
1083 481 1275 537 tribuit
1327 477 1667 543 auctoritati,
1696 491 1795 531 seu
1829 468 1872 536 Α
1905 490 1955 544 p.
1979 473 2222 529 1199..ῐύ
2246 474 2445 530 veroin
2468 474 2567 528 hac
2589 488 2718 527 cura
2742 481 2923 528 nostra
2954 474 3108 529 nobis
3135 474 3328 542 obtigit
3352 483 3509 544 opta—

185 577 362 647 potius
394 575 573 630 errori
610 576 1037 644 praecedentium
1097 575 1427 638 editionum,
1460 584 1516 627 et
1567 573 1802 625 maxime

188 669 522 725 Bibliothecte
544 668 778 724 Patrum
803 669 1201 740 Lugdunensis,
1232 669 1323 724 ubi
1350 676 1547 736 reapse
1576 664 1683 719 duo
1706 680 1805 717 no-

188 766 279 820 stri
308 762 588 817 Tractatus
623 765 841 831 priores
893 765 945 819 in
977 779 1143 819 unum
1177 765 1473 832 compacti,
1505 760 1605 815 sub
1637 757 1807 830 Frag-

189 856 341 910 utenti
385 855 664 921 nomine,
721 857 910 912 ultimo
967 858 1083 913 loco
1132 863 1261 911 sunt
1312 854 1498 925 positi.
1532 852 1803 907 Cmterum

190 949 370 1005 Sixtus
394 948 699 1011 Senensis,
734 950 887 1018 cuius
913 949 1175 1005 articulus
1214 948 1282 1004 de
1320 954 1512 1001 sancto
1555 943 1807 999 Chroma-

190 1046 256 1098 tio
274 1043 324 1098 in
346 1041 690 1098 Bibliotheca
712 1044 1059 1121 Lugdunensi
1092 1045 1313 1115 legitur,
1341 1044 1459 1097 hinc
1488 1043 1635 1096 illius
1661 1040 1808 1096 Scri-

191 1146 273 1205 pta
296 1138 505 1207 optime
532 1146 921 1203 recensuerat,
972 1152 1284 1193 memorans
1312 1137 1487 1203 primo
1536 1135 1655 1189 loco
1684 1148 1806 1197 tltli’c

192 1229 345 1296 hujus
387 1231 571 1284 sancti
642 1232 898 1299 priesnlis
952 1231 1214 1286 habemus
1267 1231 1317 1284 in
1369 1235 1537 1296 caput
1585 1228 1802 1282 tertium

192 1320 451 1383 Matthxi,
472 1322 732 1377 secundo
758 1338 886 1377 vero
923 1339 1044 1393 quae
1072 1333 1362 1392 supersunt
1389 1322 1442 1374 in
1467 1328 1629 1390 caput
1650 1320 1808 1389 quin-

192 1421 298 1467 tum
324 1422 379 1467 et
437 1423 697 1481 sextum,
732 1428 795 1469 ac
826 1416 986 1469 tertio
1028 1415 1312 1474 Itomili'am,
1346 1428 1509 1482 quam
1540 1413 1661 1479 jure
1707 1411 1810 1464 ele-

192 1516 389 1577 gentem
417 1508 591 1561 etiam
625 1508 892 1577 appellat,
942 1507 1006 1560 de
1050 1514 1161 1560 octo
1204 1503 1646 1558 Beatitudinibus.
1682 1500 1808 1556 Hart:

194 1599 458 1653 editorem
494 1597 851 1653 Bibliatltecw
904 1597 1124 1653 Patrum
1156 1594 1536 1669 Lugdunensis
1582 1610 1813 1652 monere

195 1689 539 1756 debuissent,
576 1701 639 1745 nt
672 1693 817 1747 hunc
848 1694 1039 1747 saltem
1069 1701 1124 1746 et
1163 1694 1279 1761 ipse
1307 1700 1555 1748 servaret
1589 1690 1809 1745 modum

198 1785 246 1838 in
277 1784 609 1839 ordinandis
643 1783 933 1840 Chromatii
963 1785 1188 1857 Scriptis
1215 1802 1309 1841 seu
1352 1786 1657 1859 Opusculis,
1686 1801 1806 1855 qua:

1909 566 2205 632 tissimutn,
2230 573 2287 618 ut
2314 566 2563 635 genuina:
2591 575 2865 633 rectchue
2897 566 3118 620 lectioni
3153 566 3513 622 redderemus

1908 668 2113 712 textum
2171 659 2441 729 insignem
2486 659 2665 713 sancti
2692 660 2852 729 hujus
2898 659 3163 729 episcopi,
3203 660 3298 730 qui
3330 660 3515 717 estde

1906 749 2196 805 Trinitatis
2248 751 2536 819 mysterio,
2573 760 2625 804 et
2656 761 2833 805 exstat
2866 762 3089 805 tractatu
3119 752 3155 806 2
3182 794 3193 812 .
3226 768 3459 807 numero
3484 752 3522 809 Ξ

1910 843 2070 912 hujus
2102 857 2303 898 nostra:
2327 844 2585 899 editionis
2614 861 2627 907 ;
2654 847 2853 914 quique
2884 845 3403 912 depravatissimus,
3438 862 3525 903 cr-

1910 950 2208 1003 roncteque
2236 938 2526 991 sententia:
2581 939 2783 1009 legitur
2806 947 2918 992 tum
2963 942 3016 993 in
3058 938 3386 994 Btbliothera
3412 940 3523 996 Pa-

1910 1038 2045 1081 trum
2079 1027 2453 1097 Lugtlunensi,
2489 1040 2601 1083 tum
2628 1032 2885 1087 similiter
2936 1032 2989 1086 in
3044 1037 3322 1087 novissima
3348 1035 3524 1105 ipsius

1910 1121 2226 1186 Gailandii;
2261 1125 2509 1191 quamvis
2560 1126 2668 1191 hic,
2716 1132 2775 1179 ttt
2825 1127 2942 1196 ipse
2978 1136 3238 1194 testatur,
3271 1146 3385 1184 non
3427 1147 3523 1199 pa-

1914 1231 2032 1270 rum
2082 1215 2491 1279 allabnraverit,
2534 1234 2640 1288 ope
2675 1221 2911 1275 maxime
2937 1220 3317 1291 Excerplorum
3369 1224 3525 1280 Cam-

1914 1308 2323 1377 bcﬁsianorttm,
2360 1316 2420 1362 ut
2474 1311 2768 1366 mendosas
2826 1314 2991 1367 etiam
3063 1314 3332 1371 lectiones
3382 1319 3524 1374 alio-

1915 1416 2033 1454 rum
2082 1400 2476 1469 exemplarium
2523 1403 2574 1455 in
2618 1402 2903 1457 Chromatii
2937 1406 3161 1475 Scriptis
3192 1412 3519 1479 corrigeret.

1987 1491 2277 1545 Prmcitata
2326 1494 2493 1546 editio
2524 1492 2857 1549 Basilcensis
2908 1497 3101 1565 prima,
3137 1500 3296 1553 siculi
3351 1504 3517 1557 etiam

1914 1585 2256 1653 subsequens
2284 1586 2453 1639 altera
2483 1584 2712 1641 Joannis
2743 1586 2985 1659 Gryna:i,
3033 1591 3172 1645 viam
3204 1593 3362 1647 nobis
3390 1609 3519 1665 ape-

1914 1688 2144 1732 ruerunt
2172 1678 2238 1732 ad
2274 1688 2478 1733 textum
2505 1678 2653 1734 hunc
2684 1681 2980 1751 integritati
3017 1685 3352 1741 reddendum
3383 1706 3395 1742 :
3423 1689 3521 1744 ad-

1908 1769 2142 1836 jutrices
2172 1770 2371 1825 dehinc
2402 1786 2596 1826 manus
2628 1772 2786 1827 nobis
2817 1774 3012 1829 obtulit
3038 1776 3301 1832 Alcuinus
3326 1780 3518 1847 abbas,

196 1876 501 1933 etillcctinni
522 1893 646 1932 sum
678 1879 980 1935 inserebat.
1011 1879 1120 1933 N05
1147 1888 1325 1933 autem
1370 1896 1397 1933 ε
1426 1878 1676 1933 fractam
1707 1893 1805 1933 seu
1838 1864 1893 1924 Br
1914 1882 2009 1921 seu
2042 1865 2269 1922 Flaccus
2295 1868 2544 1933 Albinus,
2586 1870 2676 1938 qui
2712 1879 2916 1925 textum
2950 1873 3203 1928 emndem
3232 1877 3518 1943 retulerat,

198 1970 443 2025 Sermone
471 1972 747 2043 singulari
789 1971 854 2026 de
882 1982 994 2026 octo
1021 1970 1439 2027 Beatitttdinibus
1469 1972 1685 2026 initium
1717 1986 1806 2025 sn-

198 2078 342 2123 mere
370 2065 700 2131 maluimus,
736 2076 847 2119 tum
880 2075 935 2118 ut
984 2079 1015 2118 a
1048 2067 1411 2135 pra-stautiori
1457 2076 1510 2119 et
1559 2063 1805 2129 absoluta

203 2154 378 2211 Sancti
416 2156 529 2211 Viri
566 2157 961 2212 lucubratione
994 2158 1376 2227 inciperemus,
1413 2165 1523 2211 tum
1558 2166 1611 2211 ut
1642 2157 1811 2211 evita-

201 2263 376 2303 remus
435 2252 735 2305 exordium
786 2250 985 2305 ducere
1026 2266 1055 2303 a
1092 2266 1149 2305 re
1198 2249 1602 2321 quodammodo
1630 2248 1809 2317 capite

203 2350 444 2397 truncata
482 2380 496 2409 ,
544 2352 719 2411 prout
765 2352 850 2397 est
902 2341 1195 2407 Tractatus,
1244 2343 1333 2412 qui
1390 2343 1443 2396 in
1498 2342 1595 2395 hac
1626 2350 1810 2395 nostta

204 2434 441 2490 editione
473 2476 488 2497 ,
540 2436 622 2490 uti
668 2435 782 2505 jam
832 2435 1092 2502 diximus,
1145 2450 1374 2490 numero
1428 2435 1597 2505 primo
1647 2434 1808 2489 exhi-

206 2526 381 2581 betur.

273 2620 470 2675 Curam
507 2622 743 2689 insuper
767 2631 1006 2677 nostram
1027 2622 1079 2675 in
1099 2621 1202 2676 hac
1226 2620 1465 2677 edittOne
1498 2622 1549 2675 in
1583 2636 1648 2676 eo
1676 2636 1811 2690 prm-

207 2713 359 2783 cipue
386 2716 700 2783 posuimus,
727 2722 789 2769 ut
829 2730 991 2785 quam
1040 2715 1413 2770 emendatiura
1445 2716 1616 2770 sancti
1650 2714 1813 2769 Chro-

207 2808 347 2859 ntatii
376 2809 548 2861 nostri
583 2808 801 2879 Scripta
825 2808 1083 2863 daremus
1118 2827 1129 2861 :
1161 2794 1304 2879 quod
1355 2808 1550 2862 factum
1580 2810 1815 2863 maxime

208 2896 306 2953 fuit
350 2901 650 2956 collatione
706 2903 890 2956 habita
946 2904 1263 2958 eormndem
1315 2903 1641 2973 Scriptorum
1693 2919 1813 2958 cum

212 2993 379 3058 prima
416 2994 724 3049 Basiieensi
760 2996 1001 3050 editione
1046 2996 1299 3064 snperius
1344 3007 1664 3062 memorata,
1697 3012 1817 3065 quae

216 3098 372 3151 nutic,
413 3087 800 3145 delicieutibus
855 3092 1241 3159 manuscriptis
1301 3092 1605 3157 codicibus,
1636 3092 1700 3145 ad
1736 3091 1819 3143 iu-

212 3188 321 3232 star
353 3184 797 3250 prmstantissimi
821 3183 1023 3238 codicis
1053 3192 1174 3250 est;
1206 3199 1414 3239 necnon
1442 3200 1562 3237 cum
1580 3184 1820 3239 editione

1912 1978 2015 2015 uua
2044 1977 2165 2015 cum
2222 1961 2347 2016 aliis
2396 1962 2758 2031 piurimornni
2818 1966 3144 2021 Sanctorum
3192 1969 3435 2037 Patrum,
3467 1971 3521 2025 in

1911 2054 2088 2109 libello
2110 2070 2207 2108 suo
2237 2056 2484 2109 adversus
2516 2056 2771 2111 llwresim
2796 2056 2991 2113 Felicis
3012 2062 3240 2130 epist-api
3261 2080 3279 2129 ;
3312 2080 3523 2135 nosque

1912 2150 1995 2203 usi
2025 2164 2209 2202 sumus
2241 2158 2353 2201 tmn
2391 2160 2539 2204 textu
2598 2147 2699 2221 [xl]
2748 2150 2816 2205 ab
2847 2152 3039 2207 eodem
3076 2159 3273 2220 rrlato,
3307 2157 3398 2226 qui
3429 2174 3527 2212 ex-

1912 2256 2018 2300 stat
2050 2246 2193 2301 inter
2225 2261 2387 2315 opera
2436 2246 2648 2300 Alcuini
2679 2246 2939 2301 editionis
2968 2250 3259 2305 clarissimi
3308 2253 3522 2310 abbatis

1914 2339 2173 2395 Frobenii
2218 2351 2370 2395 tomo
2399 2339 2438 2406 I,
2493 2340 2601 2394 vol.
2656 2355 2716 2405 tt,
2764 2356 2816 2411 p.
2850 2342 2975 2407 767;
3013 2356 3124 2397 tum
3166 2361 3231 2399 eo
3271 2362 3512 2416 quoque,

1913 2450 2074 2506 quem
2107 2450 2175 2490 ex
2216 2436 2587 2504 manuscripto
2616 2435 2808 2490 codice
2856 2435 3121 2491 Vaticano
3150 2439 3395 2506 ejusdem
3433 2440 3524 2497 Ai-

1914 2528 2061 2583 cnini
2096 2528 2239 2581 eruit
2269 2527 2610 2581 clarissimus
2638 2527 3003 2593 Fontaninus,
3038 2530 3383 2601 inseruitque
3414 2531 3518 2586 Hi-

1915 2625 2091 2677 storiw
2108 2637 2219 2675 suze
2246 2621 2517 2677 litterariw
2543 2622 2862 2693 Aquileiensi
2887 2624 2979 2677 lib.
3010 2639 3090 2690 tu,
3121 2640 3242 2694 cap.
3286 2628 3343 2693 4,
3368 2644 3519 2683 nutu.

1916 2721 1971 2776 2.
2000 2720 2089 2773 ubi
2113 2719 2181 2775 de
2210 2731 2399 2773 sancto
2428 2717 2732 2773 Cltromatio
2781 2721 3030 2788 apposite
3070 2720 3318 2786 disserit,
3360 2737 3521 2790 quem

1920 2810 2056 2864 intra
2081 2826 2182 2865 suo
2210 2810 2331 2865 loco
2354 2810 2538 2865 videre
2564 2812 2760 2878 poterit
2779 2812 2968 2865 lector.
3003 2811 3081 2865 En
3112 2821 3291 2867 autem
3311 2824 3519 2868 textum

1920 2902 2120 2971 ipsum,
2180 2913 2288 2956 tum
2350 2902 2733 2973 depravatum,
2767 2912 2882 2957 tum
2935 2905 3232 2973 integrum,
3276 2913 3335 2958 ut
3380 2906 3518 2959 facta

1920 2996 2216 3051 collatione
2242 2997 2471 3066 quisque
2521 3007 2833 3063 cognoscat,
2861 2996 2989 3065 quid
3032 2997 3229 3050 lcctnm
3260 2997 3523 3053 hactenus

1923 3090 2083 3142 fuerit
2114 3090 2164 3143 in
2215 3088 2533 3142 Bibliotheca
2573 3088 2790 3142 Patrum
2822 3090 3194 3159 Lugdunensi,
3235 3106 3296 3144 ac
3349 3091 3399 3144 in
3432 3108 3524 3144 na-

1923 3184 2135 3237 vissima
2187 3198 2404 3253 quoque
2431 3182 2737 3247 Gailandii;
2779 3184 2976 3252 quidve
3006 3183 3293 3252 legendum
3344 3187 3524 3254 potius

209 3267 436 3325 Joannis
463 3272 683 3345 (ἔγγιιωί
711 3275 854 3329 inter
882 3289 977 3329 sua
1013 3274 1349 3329 Monumenta
1381 3288 1678 3330 sanctorum
1706 3276 1809 3329 Pa-
1842 3256 1886 3319 ί)
1923 3278 2130 3337 luisset,
2169 3284 2330 3345 prout
2361 3274 2411 3327 in
2446 3272 2546 3327 hac
2593 3284 2776 3327 nostra
2811 3275 3034 3328 editione
3066 3274 3352 3345 legendum
3388 3292 3525 3345 pra!-

214 3370 343 3417 trum
402 3366 928 3437 art/todoxographu,
988 3367 1215 3423 Basilete
1280 3367 1459 3433 1569,
1529 3376 1677 3423 tutuo
1734 3370 1809 3435 ll,

1921 3370 2131 3425 bemus.

461 3479 688 3537 Celebris
732 3491 901 3536 textus
944 3485 1109 3537 sancti
1157 3482 1582 3539 CHROMATII
1627 3486 1858 3557 episcopi
1887 3485 2227 3557 Aquileiensis
2267 3485 2330 3537 de
2368 3484 2694 3538 sanctissimo
2716 3482 2981 3537 Trinitatis
3013 3484 3272 3555 mysterio.

218 3595 312 3659 (£1:
340 3597 637 3649 Bibliotheca
671 3600 878 3665 Palrtmt
916 3598 1227 3665 Lugtiu‘nensi
1266 3610 1414 3665 atque
1460 3616 1522 3651 ex
1557 3600 1815 3651 llOt‘issitlta

757 3663 967 3711 Andreae.
993 3662 1275 3727 Gallandii.)

290 3764 307 3796 ι
347 3744 501 3801 Unde
550 3748 715 3817 igitur
748 3749 907 3817 quale
958 3750 1131 3801 Patris
1161 3748 1229 3804 de
1278 3748 1415 3805 Filio
1449 3748 1817 3803 testimonium

216 3843 305 3907 sit,
338 3842 570 3896 dicentis
596 3860 608 3894 :
639 3841 743 3895 Hic
769 3853 844 3897 est
879 3841 1049 3895 Filius
1078 3856 1239 3897 meus.
1286 3842 1428 3899 Suus
1462 3844 1671 3912 utique.
1710 3856 1815 3897 non

222 3949 313 4003 per
342 3935 690 4001 adomiouem
741 3935 950 4004 gratiae,
988 3950 1162 4005 neque
1193 3951 1289 4003 per
1319 3936 1634 4004 religionem
1668 3949 1820 3988 crea-

222 4034 375 4092 turae,
408 4038 463 4080 ut
489 4025 733 4081 hmretici
762 4026 975 4091 volunt,
1007 4029 1100 4081 sed
1126 4027 1211 4083 sui
1244 4030 1572 4097 proprietate
1601 4028 1818 4097 generis

220 4130 273 4173 ct
301 4122 529 4175 veritate
574 4128 807 4175 naturte.
856 4120 1008 4175 Multi
1052 4124 1197 4176 enim
1240 4135 1551 4175 sanctorum
1590 4120 1681 4173 lilii
1719 4119 1814 4173 Dei

221 4212 494 4278 dicuntur,
542 4223 593 4267 et
641 4222 772 4266 sunt
802 4230 815 4266 ε
850 4212 946 4267 sed
998 4214 1084 4267 hic
1113 4214 1234 4268 sine
1264 4213 1645 4285 compassionc
1680 4226 1820 4266 unus

223 4307 331 4360 Deo
360 4306 509 4361 Patri
555 4306 726 4361 Filius
759 4308 1097 4374 unigenitus.
1131 4316 1188 4363 et
1212 4322 1374 4362 verus
1396 4351 1410 4374 ,
1443 4318 1496 4361 et
1528 4306 1781 4375 proprius
1802 4348 1816 4371 ,

224 4411 325 4451 non
374 4397 597 4452 aliunde
624 4413 787 4467 quam
816 4398 883 4452 de
925 4397 1087 4451 Patre
1130 4408 1308 4453 natus.
1353 4399 1488 4466 Quia
1521 4406 1625 4451 tam
1661 4410 1821 4451 verus

224 4486 401 4555 Pater,
448 4490 612 4545 Pater
651 4498 765 4555 est,
808 4500 865 4543 et
917 4489 1061 4545 Deus
1104 4503 1192 4545 est
1228 4508 1240 4543 :
1273 4491 1434 4546 sicuti
1463 4490 1823 4544 etiam‘verus

2014 3600 2099 3664 (In
2126 3600 2213 3650 hac
2236 3607 2398 3649 nostra
2436 3599 2651 3648 editione
2677 3613 2779 3649 sua)
2804 3600 3078 3661 integritati
3116 3601 3424 3663 restitutus.)

2002 3768 2021 3801 ι
2060 3748 2189 3802 Vide
2230 3748 2392 3817 igitur
2432 3747 2592 3818 quale
2644 3747 2818 3800 i‘atris
2861 3746 2927 3800 de
2981 3745 3120 3800 Filio
3153 3745 3519 3801 testimonium

1921 3843 2009 3905 sit,
2053 3840 2323 3895 dicentis:
2354 3840 2457 3893 Hic
2492 3849 2563 3893 est
2592 3836 2765 3893 Filius
2793 3855 2952 3892 mens.
2988 3838 3138 3894 Suus
3170 3840 3378 3909 utique,
3416 3854 3520 3894 non

1924 3952 2020 4005 per
2046 3934 2387 4005 adoptionem
2418 3937 2635 4005 gratim,
2681 3949 2858 4003 neque
2888 3949 2982 4003 per
3019 3933 3336 4001 religionem
3367 3949 3520 3987 crea-

1923 4040 2080 4096 turzc,
2109 4040 2163 4084 ut
2206 4031 2445 4083 hmrcticl
2478 4029 2680 4089 volunt.
2717 4028 2811 4081 sed
2851 4028 2935 4081 sui
2984 4028 3317 4096 proprietate
3358 4041 3523 4095 gene-

1921 4130 2018 4191 ris,
2052 4138 2106 4181 et
2151 4128 2383 4181 veritate
2426 4133 2651 4179 naturae.
2692 4124 2843 4178 Multi
2874 4123 3020 4177 enim
3068 4131 3380 4175 sanctorum
3428 4117 3525 4172 lilii

1923 4217 2018 4272 Dei
2062 4218 2339 4278 dicuntur,
2388 4224 2440 4269 et
2479 4225 2644 4269 Sunt:
2677 4215 2770 4269 sed
2818 4214 2905 4267 hic
2953 4214 3071 4268 sine
3112 4212 3524 4279 comparatione

1922 4326 2064 4365 unus
2102 4311 2213 4365 Deo
2240 4309 2384 4363 Patri
2417 4309 2585 4362 Filius
2616 4309 2943 4376 ttuigenitus.
2979 4317 3031 4360 et
3065 4320 3224 4360 verus
3247 4347 3260 4369 ,
3286 4314 3340 4359 et
3389 4320 3519 4373 pro-

1925 4405 2098 4475 prius,
2136 4418 2239 4456 non
2268 4401 2483 4456 aliunde
2513 4414 2672 4470 quant
2718 4399 2784 4453 de
2828 4398 2990 4452 Patre
3036 4405 3214 4451 nattts.
3246 4396 3378 4463 Quia
3411 4402 3520 4448 tam

1926 4513 2085 4554 verus
2115 4498 2293 4558 Pater,
2327 4496 2491 4550 Pater
2519 4504 2619 4555 est.
2647 4509 2807 4564 quam
2839 4501 3072 4547 vetuset
3100 4491 3239 4546 Deus
3263 4498 3348 4544 est
3374 4508 3385 4541 :
3418 4489 3523 4543 sic-

226 4582 385 4637 Filius
406 4626 420 4647 ,
455 4584 628 4638 Filius
658 4595 742 4637 est
781 4583 1063 4640 Trinitatis
1091 4596 1343 4641 ostensus
1373 4628 1386 4652 ,
1421 4600 1543 4641 cum
1576 4594 1629 4639 et
1660 4586 1819 4640 Pater
1846 4580 1896 4641 D
1925 4594 1999 4647 uti
2033 4594 2197 4647 etiam
2234 4602 2337 4645 tatu
2370 4605 2532 4645 verus
2561 4588 2729 4643 Filius
2753 4632 2766 4655 ,
2792 4588 2962 4643 Filius
2994 4594 3105 4653 est,
3159 4596 3319 4655 quam
3364 4598 3527 4639 verus

226 4671 491 4733 Christum
524 4676 816 4730 Dominum
847 4692 911 4731 ac
944 4676 1112 4731 Deum
1145 4689 1393 4732 nostrum
1425 4677 1621 4731 Filium
1660 4691 1817 4731 suum

225 4781 337 4824 esse
366 4777 632 4833 testatur;
662 4777 718 4823 et
738 4769 993 4838 Spiritus,
1028 4770 1080 4823 id
1109 4781 1193 4825 est
1226 4772 1560 4837 Paraeietus,
1582 4774 1634 4825 in
1670 4782 1819 4826 tanto

228 4862 341 4919 ﬁdei
372 4871 726 4919 sacramento
754 4864 900 4918 Patri
940 4863 1186 4935 Filioque
1214 4865 1563 4936 eonjungitur
1594 4882 1606 4918 :
1643 4874 1699 4920 ttt
1728 4881 1821 4920 ve-

229 4969 335 5011 rum
367 4958 619 5021 Patrem,
654 4972 842 5011 verum
887 4957 1119 5023 Filium,
1149 4974 1336 5013 verum
1362 4961 1524 5013 etiam
1559 4960 1818 5029 Spiritum

228 5048 474 5109 Sanctum
507 5052 862 5106 crederemus
897 5069 910 5105 :
945 5062 1052 5107 tres
1090 5067 1377 5123 personas,
1411 5054 1504 5108 sed
1541 5066 1702 5108 unam
1733 5054 1816 5109 di-

233 5144 503 5204 vinitatem
536 5145 845 5210 Trinitatis,
874 5160 1148 5215 unamque
1175 5147 1554 5201 substantiam.
1598 5161 1617 5197 ι

234 5422 344 5497 [xu]
373 5423 652 5481 Restituto
680 5425 787 5480 hoc
832 5434 981 5481 textu
1015 5427 1185 5481 sancti
1219 5426 1505 5482 Chromatit‘
1528 5471 1540 5493 ,
1574 5428 1663 5497 qni
1698 5428 1821 5484 ﬁdei

232 5519 392 5586 ipsius
422 5522 491 5577 de
534 5522 914 5577 sacratissimo
955 5520 1238 5576 Trinitatis
1287 5522 1545 5592 mysterio
1579 5524 1826 5577 te3timo-

234 5614 371 5669 nium
424 5619 632 5687 praebet
674 5615 1194 5681 luculentissimum,
1248 5617 1475 5687 aliisque
1505 5619 1691 5687 paucis
1725 5619 1825 5670 tui-

235 5710 375 5762 uoris
414 5708 677 5764 momenti
709 5709 1144 5764 correctionibus
1173 5709 1261 5764 hic
1282 5719 1442 5779 atque
1475 5711 1586 5764 illic
1633 5710 1823 5775 factis;

236 5804 627 5859 notatiunculas
652 5810 919 5873 prmterea
942 5813 1139 5858 omnes
1161 5801 1227 5857 ad
1248 5801 1533 5857 Chromatii
1553 5801 1827 5857 Trnctatus

228 5906 302 5953 ρει
323 5893 601 5955 Gallandio
629 5898 963 5967 accepimus;
990 5908 1190 5969 easque
1219 5893 1284 5951 ad
1318 5894 1481 5950 imam
1513 5893 1823 5967 paginarum

1923 4698 1977 4742 et
2022 4686 2279 4742 Dominus
2329 4691 2430 4740 εει.
2487 4684 2730 4739 Perfecta
2766 4699 2896 4753 ergo
2944 4680 3077 4735 lides
3118 4691 3201 4735 est
3242 4678 3528 4734 Trinitatis

1922 4792 2173 4844 ostensa;
2206 4796 2325 4833 cum
2360 4788 2413 4834 et
2445 4778 2606 4832 Pater
2635 4775 2910 4831 Christum
2949 4774 3231 4829 Dominum
3262 4787 3323 4825 ar.
3359 4772 3525 4826 [lenm

1926 4886 2170 4930 nostrum
2197 4873 2395 4928 Filium
2430 4886 2585 4925 suum
2614 4884 2737 4926 esse
2762 4878 3022 4932 testatur;
3053 4878 3105 4921 et
3132 4866 3367 4937 Spiritus
3390 4864 3531 4919 San-

1923 4977 2064 5032 ctus,
2098 4968 2147 5021 id
2197 4977 2274 5020 est
2325 4964 2663 5029 Paracletns,
2726 4964 2777 5015 in
2830 4970 2977 5015 tanto
3026 4960 3148 5013 litiel
3180 4968 3530 5013 sacramento

1926 5061 2071 5115 Patri
2098 5060 2342 5129 Filioque
2369 5058 2750 5126 coniungitur:
2780 5062 2837 5108 ttt
2865 5070 3050 5109 verum
3078 5053 3316 5117 Patrem,
3338 5067 3527 5105 verum

1930 5153 2146 5219 Filium,
2170 5158 2355 5205 verum
2387 5151 2548 5204 etiam
2574 5148 2837 5217 Spiritum
2864 5156 3111 5200 sanetum
3141 5144 3527 5198 crederemus:

1928 5258 2038 5300 tres
2062 5258 2346 5314 personas,
2371 5242 2463 5296 sed
2490 5256 2649 5296 unam
2678 5240 3015 5294 divinitatem
3034 5236 3318 5292 Trinitatis
3340 5251 3529 5291 unam-

1928 5352 2034 5407 que
2064 5337 2443 5390 substantiam.
2476 5352 2495 5387 ι

1932 5440 2141 5499 partem
2175 5427 2592 5491 coiiocavimus;
2639 5425 2835 5495 quibus
2872 5423 3036 5479 etiam
3089 5435 3187 5474 nos
3235 5418 3332 5486 ipsi
3368 5430 3528 5469 unam

1928 5533 2016 5576 aut
2069 5522 2294 5575 alteram
2338 5520 2670 5574 addidimus.
2723 5520 2900 5589 Atque
2950 5517 3064 5568 inec
3114 5522 3273 5573 sunt,
3313 5524 3433 5579 qua‘
3463 5508 3531 5563 de

1930 5614 2155 5683 Scriptis
2196 5613 2313 5668 sive
2348 5611 2628 5681 Opnsculis
2658 5611 2829 5665 sancti
2861 5606 3148 5662 Chromatii
3170 5644 3183 5666 ,
3219 5616 3338 5671 qum
3388 5610 3527 5653 nunc

1924 5708 2105 5763 denuo
2135 5708 2367 5767 edimus.
2413 5709 2554 5761 scire
2600 5709 2861 5760 lectorem
2911 5698 3234 5768 Oportebat,
3265 5705 3320 5747 ιιι
3364 5694 3521 5748 insti-

1931 5786 2230 5858 tuti‘nostri
2263 5803 2405 5857 ratio
2440 5802 2585 5855 illum
2619 5814 2726 5855 non
2760 5800 2972 5853 lateret.

2008 5901 2135 5953 l‘ost
2162 5896 2374 5972 Scripta
2412 5896 2585 5953 sancti
2615 5890 2905 5952 Chromtttii
2936 5886 3177 5961 episcopi
3223 5883 3534 5959 Aquileien-
