4056 6340
523 348 631 411 255

1541 338 1601 394 S.
1640 324 2089 392 CHROMATIUS
2128 322 2237 381 ΕΡ.
2270 320 2781 409 νΑΟυΙιΕΙΕΝΞΙδ.

3709 323 3816 380 256

519 464 620 532 sis,
652 477 760 520 non
789 460 981 518 inutile
1019 457 1381 531 indicavimus
1421 454 1529 511 duo
1558 452 1751 523 ipsius,
1794 442 2113 504 brevissima
2145 441 2199 500 Α
2226 438 2515 493 Probatum
2542 438 2609 493 iri
2646 446 2930 508 proriterea
2957 438 3285 495 confidimus
3315 453 3343 495 a
3373 438 3672 497 lectoribus
3716 442 3815 495 liu-

520 556 741 629 quidem
762 597 777 621 ,
826 554 921 610 sed
969 550 1151 619 magni
1183 549 1440 621 ponderis
1470 545 1621 600 Dicta
1669 541 1931 598 exhibere
1952 581 1967 603 ,
1996 554 2117 609 quae

522 650 748 723 pretulit
777 648 830 704 in
857 647 1197 719 Aquileieusi
1224 643 1457 700 concilio
1487 640 1586 695 sub
1614 647 1803 693 sancto
1829 634 2117 690 Valeriano

527 745 788 817 episcopo
818 741 1037 810 habito,
1075 756 1217 795 anno
1246 740 1344 795 581
1371 780 1384 803 ,
1413 737 1677 792 adversus
1714 733 2015 787 Palladium
2064 739 2118 785 et

522 838 927 896 Secundianum
952 836 1239 906 episcenos
1257 833 1507 896 Arianos,
1528 830 1654 884 dum
1677 829 1791 899 ipse
1812 825 2117 896 Aquileien-

519 933 596 990 sis
626 932 869 1003 ejusdem
902 930 1158 985 Ecelesire
1181 926 1465 998 presbyter
1484 932 1651 980 esset.
1692 922 2005 993 Magnorum
2038 920 2118 973 vi-

520 1040 741 1090 rorum,
771 1024 935 1081 etiam
988 1020 1305 1077 brevissima
1334 1032 1595 1087 quaeque,
1629 1026 1752 1069 sunt
1784 1015 2007 1068 niaximi
2042 1012 2118 1068 fa-

519 1116 712 1173 cienda
740 1133 752 1170 :
784 1127 947 1186 atque
975 1115 1090 1169 baac
1111 1112 1327 1183 quidem
1352 1108 1708 1166 Chromatium
1737 1108 2113 1179 presbyterum

513 1209 624 1281 jam
656 1219 780 1265 tunc
812 1217 977 1263 tanta:
1006 1205 1219 1261 virtutis
1250 1220 1313 1259 ac
1345 1203 1506 1269 fidei,
1546 1202 1790 1272 tantique
1830 1199 2116 1269 apostolici

522 1303 737 1359 roboris
755 1301 1138 1362 ostendebant,
1163 1300 1256 1369 qui
1281 1297 1635 1369 dignissimus
1664 1303 1811 1351 essu
1830 1294 2116 1350 Valeriano

526 1393 738 1449 futurus
765 1394 819 1448 in
852 1392 1171 1464 episcopatu
1203 1406 1511 1453 successor.

584 1488 778 1543 Decem
810 1496 863 1541 et
888 1496 1013 1542 octo
1041 1501 1247 1552 annos,
1295 1497 1390 1539 aut
1418 1484 1581 1541 etiam
1614 1482 2027 1549 novemdecim,
2060 1483 2114 1535 in

509 1580 824 1649 episcopatu
863 1576 1215 1648 Aquileiensi.
1258 1588 1313 1632 ut
1338 1577 1646 1632 communis
1677 1576 1785 1631 fert
1826 1586 2111 1645 computa-

511 1670 607 1737 tio,
631 1670 811 1741 exegit
830 1670 1182 1725 Chromatius.
1206 1671 1372 1725 Multa
1400 1683 1687 1741 propterea
1714 1672 1961 1725 eumdem
1988 1670 2117 1724 scri-

516 1765 688 1834 psisse
710 1764 777 1818 ad
808 1765 985 1835 gregis
1007 1764 1109 1820 sibi
1139 1764 1331 1820 crediti
1362 1765 1823 1828 informationem,
1859 1764 2021 1817 multa
2048 1761 2112 1815 ad

2222 532 2557 588 manissimis
2578 533 2867 588 consilium
2896 535 3037 604 quod
3061 535 3305 605 cepimus
3332 552 3343 587 :
3382 550 3480 604 pro
3516 535 3581 589 iis
3609 535 3815 591 scilicet

2220 645 2342 698 qua:
2370 628 2499 683 dare
2528 628 2793 697 potuisset
2824 643 2986 697 super
3013 628 3116 684 hac
3143 646 3200 683 re
3227 629 3577 684 imbecillitas
3608 642 3811 697 nosna,

2221 722 2623 778 Lucubrationes
2658 724 2893 793 integras
2920 723 3214 779 exhibendi
3246 724 3521 780 clarorum
3558 724 3815 782 horumce

2221 817 2485 883 virorum,
2506 835 2625 887 qure
2657 818 2780 873 licet
2806 818 3037 873 antehac
3064 817 3223 872 edite
3257 818 3399 874 inter
3424 833 3590 888 opera
3618 822 3817 873 utrius—

2220 927 2347 981 que,
2382 927 2502 981 quae
2534 912 2817 980 amplioris
2846 912 3151 981 argumenti
3186 920 3329 973 sunt,
3364 910 3449 965 hic-
3484 920 3664 965 tamen
3700 911 3815 967 vel-

2222 1006 2297 1059 uti
2343 1020 2442 1059 suo
2472 1008 2692 1075 proprio
2726 1005 2843 1061 leco
2870 1046 2885 1073 ,
2922 1018 3043 1075 post
3091 1006 3301 1074 Scripta
3333 1004 3595 1059 videliCtrt
3632 1003 3817 1060 Sancti

2220 1096 2477 1152 Praesulis
2508 1138 2523 1163 ,
2559 1096 2626 1152 de
2658 1114 2763 1167 quo
2793 1100 3040 1169 apposite
3072 1108 3277 1167 agunt,
3328 1096 3517 1153 recudi
3551 1096 3816 1168 quodam-

2222 1190 2385 1243 modo
2414 1190 2749 1260 gaudebunt.

2292 1285 2494 1339 Damus
2525 1287 2710 1357 itaque
2756 1286 3021 1356 imprimis
3053 1286 3485 1340 Lttcnbrationem
3526 1285 3817 1341 clarissimi

2220 1380 2513 1435 Fontanini
2542 1395 2703 1450 quam
2737 1381 2853 1450 ipse
2883 1380 3069 1435 Roma:
3116 1381 3321 1450 degens
3369 1380 3635 1436 exarabat
3676 1394 3816 1435 anno

2222 1480 2390 1546 1715,
2430 1487 2487 1533 ιιι
2515 1479 2712 1534 ibidem
2740 1482 2855 1549 ipse
2888 1489 3143 1544 testatur,
3174 1497 3405 1550 quicque
3431 1490 3613 1537 exstat
3644 1483 3695 1536 in
3722 1496 3813 1537 sua

2224 1572 2461 1626 Historia
2489 1572 2764 1627 Littrrariu
2794 1574 3104 1643 Aquileiensi
3149 1574 3288 1630 libro
3333 1592 3427 1639 ut;
3459 1575 3605 1634 quod
3638 1586 3813 1632 tamen

2219 1668 2369 1738 Opus
2398 1668 2614 1722 nonnisi
2652 1676 2773 1737 post
2801 1668 2919 1738 ejus
2942 1670 3152 1724 obitum
3184 1671 3356 1724 lucem
3388 1668 3525 1723 vidit
3554 1670 3814 1726 Romanis

2222 1762 2386 1833 typi<,
2402 1778 2545 1817 anno
2570 1763 2728 1817 17H.
2745 1761 2996 1817 Omnium
3016 1764 3222 1831 primus
3238 1771 3358 1833 post
3382 1762 3807 1829 Tilletnnntium,

518 1856 643 1911 ﬁdei
666 1856 1040 1912 defensionem
1072 1859 1337 1914 adversus
1367 1858 1609 1913 maxime
1629 1856 1953 1911 Arianorum
1983 1858 2115 1911 alio-
2147 1836 2195 1895 B
2226 1858 2395 1909 multo
2441 1856 2768 1911 eruditionis
2809 1866 2864 1911 et
2908 1856 3132 1911 critices
3168 1866 3429 1927 apparatu
3457 1901 3473 1922 ,
3508 1855 3618 1910 hoc
3644 1856 3811 1911 Sancti

514 1964 751 2019 rumque
796 1950 1039 2020 vigentes
1068 1965 1313 2014 errores,
1359 1965 1571 2005 necnon
1625 1966 1956 2019 paganorum
2007 1950 2118 2005 late

516 2043 693 2099 adhuc
727 2053 997 2114 patentem
1047 2046 1513 2115 superstitionem,
1535 2062 1641 2099 non
1671 2047 1971 2116 incongrue
2002 2046 2119 2100 exi-

517 2140 821 2194 stimamus.
851 2139 990 2204 Quid
1034 2155 1164 2195 vero
1195 2142 1309 2211 ipse
1340 2142 1651 2210 scripserit,
1686 2151 1884 2211 praeter
1904 2158 1965 2195 ea
1996 2156 2119 2211 qum

522 2227 808 2296 habemus,
832 2232 1035 2301 absque
1064 2240 1223 2299 teste,
1247 2241 1298 2288 et
1328 2234 1533 2304 absque
1560 2232 1755 2288 idonea
1787 2233 1999 2289 ratione
2032 2249 2118 2288 as-

520 2336 704 2378 serere
730 2340 838 2379 non
887 2326 1033 2381 licet.
1060 2326 1352 2383 lnterimet
1378 2338 1545 2383 testes
1565 2328 1795 2393 adsunt,
1824 2339 1878 2383 et
1908 2328 2119 2383 idonea:

519 2434 625 2473 non
655 2418 850 2474 desunt
877 2420 1115 2476 rationes
1162 2437 1284 2491 quae
1317 2422 1468 2476 illum
1498 2422 1603 2475 alia
1632 2438 1850 2492 quoque
1883 2422 2122 2489 peculia-

520 2513 622 2577 ria,
645 2528 767 2583 qnie
792 2514 1136 2581 interierunt,
1161 2517 1452 2586 scripsisse
1475 2514 1750 2569 affirmant
1779 2524 1834 2568 et
1856 2513 2117 2569 suadent:

520 2604 753 2676 ideoque
780 2607 1004 2663 brevem
1043 2609 1332 2664 elenchum
1367 2606 1561 2662 horum
1599 2607 1792 2662 saltem
1820 2607 2119 2677 deperdita-

521 2716 663 2764 rum,
696 2712 815 2770 post
841 2702 1008 2769 edita,
1042 2704 1380 2773 subjicimus.

596 2793 749 2862 QUod
778 2798 986 2867 magnis
1032 2798 1193 2862 viris,
1243 2798 1433 2867 prima:
1466 2797 1769 2867 prrsertim
1790 2839 1803 2862 ,
1836 2796 2123 2867 eidemque

527 2891 787 2960 proximae
827 2890 1199 2959 antiquitatis,
1235 2908 1339 2945 non
1388 2891 1557 2947 semel
1588 2893 1846 2963 contigit,
1899 2902 1955 2945 ut
1988 2908 2125 2946 non-

527 2983 670 3037 nulla
702 2984 803 3039 sub
831 3001 1019 3038 eorum
1053 2985 1368 3039 nominibus
1396 2987 1976 3055 scripta‘apparerent,
2002 3001 2124 3056 qua:

528 3073 669 3130 fetus
699 3088 886 3132 essent
917 3078 1200 3132 hominum
1225 3078 1607 3139 obscurorum,
1638 3090 1692 3134 et
1726 3080 1945 3150 indigna
1970 3095 2124 3151 pror-

527 3184 621 3223 sus
655 3186 777 3240 qtue
828 3181 975 3223 tanta
1018 3171 1345 3226 auctoritate
1387 3172 1725 3241 gauderent;
1776 3173 1827 3228 id
1880 3175 2124 3241 profecto

2225 1950 2508 2005 Chromatii
2551 1962 2930 2021 argumentum
2976 1953 3123 2007 omni
3168 1968 3232 2006 ex
3278 1965 3429 2022 parte
3472 1952 3812 2007 tractandum

2224 2045 2427 2101 ibidem
2468 2048 2710 2117 suscepit
2756 2045 3097 2101 Fontaninns
3121 2088 3138 2113 ,
3168 2062 3344 2117 eoque
3375 2062 3491 2101 rem
3527 2048 3811 2116 perduxit,

2225 2150 2283 2195 ut
2308 2182 2323 2207 ,
2356 2157 2452 2207 pro
2480 2156 2547 2196 eo
2571 2151 2815 2211 tempore
2841 2157 2949 2210 quo
2974 2142 3285 2208 scribebat,
3317 2141 3625 2196 absolutius
3656 2142 3812 2207 nihil,

2224 2232 2357 2287 nihil
2389 2232 2704 2301 diligentius
2737 2234 3036 2288 desiderari
3072 2242 3277 2304 posset,
3305 2233 3424 2301 ipso
3450 2236 3617 2287 etiam
3638 2234 3815 2302 judice

2225 2326 2444 2380 Audrea
2492 2326 2777 2381 Gallaudio
2821 2325 2873 2379 in
2924 2326 3075 2381 brevi
3131 2326 3219 2379 illa
3268 2327 3569 2395 scriptione
3612 2341 3706 2380 sua
3750 2326 3815 2381 de

2226 2417 2555 2481 Chromatio,
2585 2434 2746 2486 quam
2776 2418 3027 2488 superius
3060 2418 3511 2479 memoravimus.
3547 2432 3815 2489 quamque

2226 2510 2364 2565 infra
2402 2512 2743 2581 subjicimus.
2776 2512 3190 2568 Notat-uncnlas
3224 2511 3582 2566 nihilominus
3611 2524 3817 2565 nosnos

2226 2620 2333 2659 non
2364 2620 2563 2674 paucas
2596 2607 2721 2662 huic
2767 2606 3134 2661 Lucubrationi
3182 2606 3597 2661 Fontaninianm
3624 2621 3819 2677 suppo-

2228 2716 2360 2754 nere
2385 2702 2558 2756 coacti
2590 2702 2811 2768 fuimus,
2849 2711 2960 2756 tum
2995 2712 3051 2755 nt
3079 2701 3343 2756 nonnulla
3374 2701 3812 2771 explanaremus,

2226 2810 2347 2864 qua:
2378 2811 2486 2849 non
2533 2796 2667 2850 satis
2715 2796 2948 2850 fortasse
2992 2797 3234 2851 dilucide
3280 2812 3311 2849 a
3356 2797 3477 2851 viro
3517 2798 3818 2852 clarissimo

2228 2893 2507 2941 enuntiata
2541 2888 2782 2953 fuerunt,
2808 2898 2918 2943 tum
2949 2899 3007 2943 ut
3042 2891 3148 2945 alia
3191 2902 3506 2944 netaremus
3534 2906 3655 2959 qua-
3688 2890 3820 2945 Eru-

2229 2979 2357 3035 ditis
2385 2982 2704 3049 posterioris
2744 2982 2923 3036 aetatis
2957 2998 3064 3036 non
3093 2982 3445 3051 placuerunt:
3474 2991 3587 3037 tum
3610 2982 3820 3037 demum

2229 3068 2289 3128 ut
2315 3075 2489 3145 aliqua
2537 3092 2726 3147 reapse
2774 3078 3176 3147 corrigerenius
3205 3120 3220 3143 ,
3263 3079 3345 3133 vel
3374 3095 3495 3149 qna:
3539 3080 3657 3147 ipse
3699 3080 3820 3133 dum

2231 3168 2497 3223 scriberet
2525 3184 2685 3223 nosse
2716 3184 2824 3225 non
2852 3180 3085 3239 poterat,
3117 3169 3249 3242 [xiv]
3276 3170 3361 3223 vel
3392 3186 3513 3241 qn:e
3536 3174 3698 3225 etiam
3729 3172 3825 3224 alio

528 3263 723 3317 accidit.
769 3272 823 3317 et
866 3276 1053 3317 sancto
1102 3274 1285 3319 nostro
1322 3262 1623 3320 Chromalio
1645 3308 1659 3330 ,
1701 3266 1802 3321 sub
1844 3266 2001 3337 cujus
2031 3284 2125 3321 ηο-
2156 3231 2202 3295 C
2231 3261 2451 3331 quando
2472 3263 2591 3316 aliis
2620 3270 2768 3317 certe
2793 3262 3239 3334 gravissimisque
3265 3263 3411 3317 curis
3437 3264 3709 3333 implexus
3735 3263 3825 3318 ini-

530 3355 699 3421 mine,
736 3370 948 3409 necnon
981 3358 1141 3410 simul
1170 3366 1224 3411 et
1251 3359 1424 3411 sancti
1453 3358 1729 3413 fleliodori
1760 3362 2001 3431 episcopi
2036 3362 2128 3415 Al-

531 3450 737 3512 tinatis.
773 3449 1007 3503 amicitia
1039 3448 1335 3506 Chromatio
1362 3454 1815 3520 coniunctissimi,
1845 3455 1966 3509 dum
2012 3456 2129 3524 epi-

530 3541 684 3594 stola:
715 3541 1035 3610 prodierunt
1056 3543 1122 3596 ad
1154 3554 1400 3599 sanctum
1432 3544 1844 3618 Hieronymum,
1870 3564 1973 3601 una
2005 3564 2126 3602 cum

531 3630 746 3686 duabus
774 3632 1015 3701 ejn~dem
1042 3634 1354 3708 llierouyini
1384 3638 1450 3691 ad
1483 3640 1630 3708 ipsos
1659 3641 2127 3707 reSponsionibns,

531 3741 653 3796 qua:
686 3726 891 3796 pluries
922 3728 1274 3800 pluribusque
1304 3730 1356 3783 in
1390 3732 1522 3786 locis
1549 3731 1709 3786 edita:
1738 3732 1977 3794 fuerunt,
2009 3749 2131 3803 qum

532 3820 783 3888 genuina:
806 3820 975 3874 etiam
999 3821 1289 3891 aliquando
1313 3834 1437 3878 sunt
1466 3823 1683 3889 habitae,
1709 3841 1938 3895 quaeque
1963 3842 2128 3893 nunc,

531 3922 694 3982 atque
740 3911 1090 3983 jampridem.
1135 3919 1411 3971 comnmni
1458 3920 1794 3974 eruditorum
1837 3920 2127 3992 suffragio,

537 4006 679 4061 inter
706 4021 868 4077 opera
896 4019 1006 4061 tum
1031 4006 1335 4076 Chromatii,
1364 4010 1501 4083 [xm]
1536 4021 1645 4066 tum
1673 4013 1985 4085 Hieronymi
2012 4031 2131 4083 spu-

534 4099 614 4153 ria
660 4112 1037 4157 recensentur.
1071 4102 1179 4159 Has
1226 4106 1486 4174 epistolas
1532 4106 1920 4174 nihilominus,
1970 4108 2133 4163 simul

534 4206 655 4246 eum
688 4193 799 4249 divi
851 4194 1093 4265 ejusdem
1130 4197 1443 4270 llierooymi
1477 4200 1617 4254 fictis
1646 4202 2128 4271 responsionibus,

535 4300 714 4357 operte
764 4289 997 4359 pretium
1055 4290 1309 4347 duximus
1361 4293 1448 4348 hic
1495 4294 1684 4348 ultimo
1736 4295 1857 4350 loco
1890 4294 2134 4365 praebere

530 4380 849 4451 lectoribus,
879 4400 983 4439 una
1015 4399 1139 4440 cum
1167 4386 1739 4442 animadversionibus
1769 4388 1979 4443 criticis
2000 4387 2135 4443 dno-

536 4489 655 4527 rum
689 4474 981 4530 illustrium
1014 4477 1287 4543 virorum;
1321 4489 1379 4532 ut
1422 4479 1557 4532 nihil
1600 4478 1982 4533 Chromatiana:
2009 4479 2135 4534 huic

2232 3354 2377 3407 nime
2401 3353 2805 3410 animadvertit.

2304 3444 2417 3499 Hoc
2445 3446 2590 3501 idem
2613 3460 2993 3519 argumentum
3016 3448 3188 3503 sancti
3219 3448 3508 3503 Chromatii
3536 3458 3656 3519 post
3688 3449 3826 3505 Fon-

2236 3542 2479 3595 taninutn
2512 3585 2527 3605 ,
2561 3544 2655 3597 sed
2690 3554 2980 3615 antequam
3016 3544 3303 3599 Fontanini
3340 3544 3622 3600 Litteraria
3667 3546 3827 3615 Aqui-

2235 3631 2438 3687 leiensis
2468 3633 2701 3688 Historia
2723 3637 3092 3705 evulgaretur.
3110 3639 3466 3706 pertractavit
3494 3639 3828 3691 clarissimus

2236 3723 2313 3780 De
2362 3725 2564 3779 Rubris
2594 3742 2621 3780 ει
2654 3728 2832 3796 capite
2865 3730 2933 3783 10
2963 3744 3132 3797 usque
3176 3729 3242 3783 ad
3280 3730 3345 3783 15
3381 3744 3609 3784 suorum
3649 3730 3829 3783 Morm-

2236 3828 2523 3872 mentorum
2553 3820 2801 3875 Ecclesia!
2826 3821 3171 3891 Aquileiensis
3204 3863 3219 3887 ,
3267 3837 3389 3891 quae
3418 3823 3569 3876 edita
3618 3822 3831 3877 fuerttnt

2236 3912 2549 3981 Argentina:
2574 3916 2688 3982 (seu
2717 3913 2980 3983 Venetiis)
3011 3929 3155 3968 anno
3185 3915 3341 3969 1740.
3376 3915 3503 3969 ll.cc
3534 3916 3717 3986 itaque
3743 3931 3830 3969 ca-

2238 4004 2346 4075 pita
2378 4004 2783 4059 Fontaniniana:
2806 4004 3173 4060 Lucubrationi
3203 4006 3591 4077 subjunxinius
3622 4050 3637 4067 .
3677 4009 3828 4079 quasi

2238 4098 2467 4153 alteram
2521 4098 2680 4169 hujus
2711 4100 2909 4154 eruditi
2941 4101 3039 4153 viri
3073 4098 3141 4155 de
3169 4100 3359 4155 eadem
3387 4115 3445 4154 re
3487 4099 3832 4155 Lucubrotio—

2238 4210 2387 4259 nem;
2415 4194 2467 4248 in
2501 4209 2605 4263 qua
2637 4194 2804 4249 multa
2834 4196 3054 4265 quidem
3086 4194 3369 4249 desideres
3390 4194 3459 4250 de
3491 4194 3790 4249 Chromatio
3815 4237 3829 4262 ,

2238 4303 2359 4356 quin
2386 4286 2727 4341 Fontaninns
2754 4287 3005 4356 ampliori
3038 4287 3361 4341 eruditionis
3386 4296 3664 4357 apparatu
3706 4301 3830 4341 con-

2240 4381 2409 4449 gessit
2434 4425 2448 4444 ,
2482 4380 2576 4435 sed
2602 4380 2656 4434 in
2688 4395 2791 4449 qua
2822 4379 2985 4447 etiam
3021 4380 3187 4435 multa
3217 4379 3498 4443 invenias,
3532 4397 3654 4449 quae
3684 4393 3834 4450 pres—

2241 4472 2354 4527 sius
2381 4472 2473 4527 ille
2499 4472 2773 4540 absolvit;
2807 4488 2870 4527 ac
2900 4474 3207 4543 praesertim
3239 4486 3361 4543 quae
3388 4472 3453 4526 ad
3490 4473 3833 4545 Origeniano-

534 4567 761 4623 editioni
798 4568 940 4624 desit
974 4584 1189 4634 eorum,
1224 4587 1345 4640 qua:
1389 4582 1444 4625 et
1473 4571 1771 4626 desiderari
1808 4580 1864 4626 et
1906 4571 2134 4640 prrcberi
2161 4584 2215 4643 ι)
2241 4580 2357 4617 Tum
2385 4580 2598 4633 operum
2628 4566 2781 4620 ViceS
2814 4566 3088 4635 [νενιίηθηι
3116 4605 3131 4631 ο
3164 4581 3392 4635 quaque
3434 4565 3502 4619 ad
3550 4580 3834 4635 llers‘mﬂm

536 4660 713 4714 solent
745 4661 798 4713 in
832 4670 1147 4715 sanctorum
1180 4662 1400 4716 Patrum
1445 4662 1754 4717 novissimis
1780 4662 2132 4717 editionibus.

539 4753 715 4820 Atque
747 4750 862 4805 haec
884 4751 952 4805 de
980 4752 1265 4805 Chromatii
1298 4752 1547 4822 Scriptis,
1576 4769 1697 4824 qua:
1729 4754 1833 4808 hoc
1863 4754 2136 4811 volumine

540 4844 889 4911 exhibentur,
916 4844 1094 4915 deque
1123 4856 1386 4915 apparatu
1415 4856 1469 4901 et
1494 4846 1686 4901 ordine
1714 4863 1821 4916 quo
1846 4847 2133 4917 prodeunt.

612 4934 720 4990 Sed
745 4934 872 5004 quid
901 4935 970 4990 de
994 4936 1167 4991 sancti
1192 4936 1479 4991 Chromatii
1511 4940 1655 5004 vita;
1687 4939 1752 4993 de
1782 4948 1941 4994 astate
1974 4941 2139 4995 nimi-

544 5044 663 5083 rum
694 5044 797 5098 qua
828 5028 1012 5083 floruit
1042 5072 1055 5096 ,
1090 5029 1158 5085 de
1193 5030 1359 5085 rebus
1399 5033 1467 5085 ab
1497 5032 1615 5100 ipso
1644 5032 1814 5101 geSIis
1838 5074 1853 5098 ,
1883 5032 1951 5087 de
1982 5036 2139 5090 annis

545 5136 643 5176 seu
687 5123 812 5175 vita:
856 5137 950 5177 seu
995 5123 1346 5194 episcopatus
1390 5124 1572 5179 illius:
1603 5126 1731 5196 quid
1763 5125 1830 5181 de
1875 5127 2141 5184 Ecclesia:

547 5214 915 5283 Aquileiensis
953 5230 1019 5271 eo
1052 5226 1296 5286 tempore
1326 5226 1468 5272 statu
1498 5262 1513 5285 ,
1548 5220 1779 5289 aliisque
1818 5220 2089 5276 similibus
2119 5264 2133 5288 ,

545 5325 665 5378 qua:
711 5308 764 5363 in
813 5310 1055 5379 quolibet
1107 5320 1327 5367 vetusto
1376 5324 1603 5369 auctore
1653 5313 1850 5384 inquiri
1902 5314 2080 5370 solent
2120 5358 2133 5381 ,

546 5410 709 5471 atque
750 5401 1011 5457 illustrari
1042 5402 1243 5458 debent
1273 5403 1340 5457 ab
1371 5420 1436 5459 eo
1466 5446 1481 5470 ,
1511 5405 1604 5475 qni
1631 5406 1875 5475 ejusdem
1912 5406 2138 5478 Operam

546 5496 805 5552 editionis
836 5511 1025 5551 curam
1068 5497 1369 5568 suscipiat?
1411 5498 1557 5554 Hanc
1590 5509 1832 5570 spartam
1865 5499 2140 5556 duumviri

550 5601 826 5648 nostrates
872 5592 1233 5647 eruditissimi
1273 5632 1289 5658 ,
1340 5593 1484 5649 inter
1543 5595 1842 5664 scriptores
1898 5597 2149 5665 proxime

546 5686 840 5756 praterita:
881 5685 1062 5741 aetatis
1106 5684 1264 5755 primi
1304 5686 1567 5751 subsellii,
1619 5688 1921 5743 ornandam
1960 5704 2148 5746 susce-

547 5790 768 5851 perunt,
783 5780 969 5836 Justus
990 5779 2145 5853 Fontaninnsarchiepisc0pnsAncyranus,

543 5880 601 5927 et
624 5864 935 5931 Bernardus
961 5872 1126 5931 Maria
1142 5868 1217 5931 De
1233 5874 1433 5932 linbeis
1455 5874 1673 5931 Ordinis
1698 5868 2142 5932 Prmdicatorum.

2243 4656 2418 4726 Ruﬁni
2450 4660 2755 4729 presbyteri
2786 4660 3177 4728 Aquileiensis,
3211 4661 3403 4714 horum
3430 4678 3647 4732 operum
3672 4675 3831 4716 causa

2242 4749 2378 4803 adeo
2408 4751 2702 4821 exagitati;
2748 4768 2912 4823 quem
2951 4752 3314 4807 nihilominus
3363 4752 3602 4807 Sanctus
3652 4762 3836 4808 noster

2244 4842 2572 4900 Chromatius
2604 4886 2621 4911 ,
2669 4846 2845 4917 quoad
2898 4846 3031 4900 vixit
3062 4888 3077 4910 ,
3123 4860 3339 4915 semper
3367 4845 3613 4915 impense
3644 4847 3830 4902 coluit.

2241 4938 2519 5009 Capitibus
2551 4939 2704 4995 hisce
2733 4939 3184 4995 Monumentorum
3208 4940 3611 5010 Aquileiensium
3637 4940 3836 5013 aliquid

2244 5029 2391 5085 aliud
2422 5046 2486 5085 ex
2518 5031 2710 5087 eodem
2744 5032 2820 5087 De
2849 5032 3052 5087 Rubeis
3091 5032 3435 5098 addidimus;
3487 5049 3612 5104 quae
3645 5047 3838 5103 nempe

2246 5123 2362 5195 ipse
2393 5126 2612 5196 scripsit
2650 5140 2881 5181 numero
2909 5126 2944 5181 5
2973 5134 3028 5179 et
3061 5124 3093 5180 6
3121 5126 3317 5195 capitis
3360 5126 3427 5180 18
3469 5142 3694 5181 suarum
3738 5128 3841 5180 dis-

2244 5222 2579 5277 sertationum
2610 5222 2767 5275 varia:
2786 5220 3113 5285 eruditionis,
3137 5229 3271 5285 etc.,
3304 5236 3426 5290 quas
3448 5220 3696 5276 Venetiis
3726 5235 3843 5290 pro-

2246 5315 2467 5371 dierunt
2482 5331 2625 5369 anno
2660 5313 2823 5377 1762,
2841 5324 3124 5383 pOSIquam
3151 5314 3367 5368 scilicet
3381 5312 3845 5390 Fontaniniannm

2246 5424 2372 5479 opus
2403 5408 2706 5477 perlegerat
2737 5406 3033 5461 Litterariw
3076 5408 3420 5477 Aquileiensis
3449 5406 3728 5473 llistorite;
3755 5408 3841 5461 tibi

2251 5500 2755 5555 animadversiones
2774 5500 2916 5554 illius
2949 5502 3219 5571 intelliges
3249 5518 3510 5572 snperea,
3531 5520 3653 5574 qua:
3678 5504 3847 5574 scrip-

2255 5604 2403 5651 serat
2431 5594 2770 5649 Fontaninns
2798 5602 2908 5648 tum
2957 5594 3026 5649 de
3076 5593 3359 5649 Chromatii
3404 5596 3746 5653 ordinatione
3792 5598 3843 5651 in

2256 5688 2571 5759 episcOpum
2623 5687 3026 5758 Aquileiensem
3059 5729 3074 5753 ,
3128 5697 3242 5743 tum
3273 5690 3342 5744 de
3371 5688 3596 5745 Romani
3625 5691 3845 5759 erist'opt'

2258 5780 2626 5851 appellatione
2652 5821 2668 5845 ,
2699 5796 2802 5850 qua
2832 5776 3162 5833 Chromatius
3189 5780 3425 5836 donatus
3454 5780 3557 5835 fitit
3596 5785 3647 5837 in
3676 5796 3843 5848 prima

2259 5875 2375 5943 ejus
2406 5872 2729 5941 Scriptorum
2760 5871 3058 5929 Basileensi
3091 5871 3354 5929 editione.
3384 5874 3460 5929 En
3496 5872 3679 5946 itaque
3708 5872 3797 5929 tibi
3827 5906 3843 5939 ρ
