4056 6340
180 331 275 394 257
1460 328 1830 418 Damnata
1872 327 2206 387 EDITORIS.
2904 402 2917 415 .
3369 332 3477 392 ass

180 451 392 521 benigue
416 448 617 516 lector,
648 448 1185 520 prospectumhujus
1212 456 1416 505 nostra:
1443 448 1770 522 Scriptorum
1797 454 1850 515 Α
1875 448 2091 519 quando
2141 449 2378 503 fortasse
2428 446 2687 517 coniugio
2735 447 2974 513 vacavit,
3022 446 3101 502 ttli
3146 448 3361 504 eruitur
3411 466 3481 505 ex

177 561 256 601 seu
283 541 664 613 Upusculorum
691 541 867 597 sancti
904 541 1185 596 Chromatii
1237 541 1608 612 Aquileiensis
1638 541 1758 611 epi.
1864 549 2055 595 sancto
2122 539 2447 605 Ambrosio;
2504 538 2652 610 quod
2704 539 2815 594 dici
2871 541 3065 611 nequit
3118 540 3187 597 de
3256 540 3483 597 East-bin

176 650 309 703 scopi
332 634 588 690 editionis
617 653 633 690 :
658 650 728 690 en
756 636 914 690 simul
945 636 1208 702 rationes,
1236 650 1359 706 quae
1384 633 1624 689 fortasse
1652 648 1761 689 non
1864 630 2151 687 Chromatii
2196 632 2371 688 nostri
2414 631 2609 698 fratre,
2640 633 3092 704 quandoquidem
3144 635 3255 689 duo
3289 635 3341 690 hi
3372 634 3485 690 fra-

177 728 403 788 inutilem
447 744 678 797 operam
716 738 957 785 nostram
982 730 1274 786 ostendent
1300 729 1352 783 in
1385 728 1489 783 hac
1519 727 1762 783 editione
1865 736 1978 783 tres
2002 744 2029 780 a
2058 727 2186 783 diro
2219 728 2565 800 Hieronymo
2596 728 2978 798 appellantur.
3009 730 3243 801 geminus
3272 730 3487 787 Samuel

178 822 506 889 adornanda;
558 837 799 893 quaeque
847 823 972 877 novi
1030 822 1233 893 aliquid
1282 818 1692 893 quodammodo
1730 835 1760 875 a
1862 821 2085 875 nutritus
2113 821 2163 874 in
2188 821 2400 892 templo,
2431 820 2674 891 Epistola
2705 822 2820 887 \‘ll,
2856 822 2910 877 in
2934 822 3176 879 editione
3199 822 3481 891 Vallarsii,

178 917 318 975 nobis
346 918 530 973 datum
566 915 745 973 fuisse
776 916 1191 987 significabant,
1228 915 1446 973 etiamsi
1480 930 1585 971 non
1619 928 1761 970 nova
1863 914 1933 969 ad
1973 912 2355 979 Chromatium,
2390 913 2661 983 Juvinum,
2697 926 2743 970 et
2773 914 3076 985 Eusebium,
3120 933 3242 989 quae
3287 918 3355 975 ad
3388 934 3486 975 an-

178 1012 457 1067 ωιετίιηυε,
1864 1024 1992 1063 num
2027 1008 2267 1064 refertur
2296 1009 2421 1065 “573.
2449 1009 2600 1066 Duos
2631 1010 2886 1067 Eusebius
2918 1013 3305 1070 Bononienses
3331 1015 3485 1085 ejus-
3514 1032 3521 1037 ’

238 1104 326 1159 llic
350 1103 555 1159 exitum
590 1103 801 1160 habere
827 1112 1012 1176 posset
1038 1105 1153 1160 haec
1186 1101 1509 1174 prmlocutio
1540 1109 1758 1156 nostra:
1864 1100 1989 1157 dem
2036 1103 2215 1157 aetatis
2263 1113 2561 1158 numerant
2597 1104 2799 1161 eruditi
2854 1106 3199 1164 Benedictini
3237 1109 3486 1167 editores

177 1198 259 1255 sed
306 1213 371 1254 ne
416 1214 649 1268 prorsus
675 1216 706 1251 a
738 1200 902 1254 nobis
948 1176 1208 1254 intactum
1241 1205 1621 1267 argumentum
1655 1194 1764 1250 hoc
1870 1192 2099 1266 Operum
2123 1196 2296 1251 saneti
2323 1196 2601 1251 Ambrosii
2636 1199 3066 1256 Mediolanensis
3111 1202 3381 1275 episcopi,
3406 1204 3488 1260 al-

176 1290 435 1357 videatur;
467 1301 520 1347 et
548 1292 703 1360 quia,
742 1302 864 1362 post
889 1306 949 1346 ea
980 1306 1101 1361 quae
1132 1288 1473 1344 Fontauiuus
1495 1296 1660 1358 atque
1688 1288 1763 1343 De
1867 1297 2045 1344 terum
2072 1291 2309 1345 nobilem
2339 1290 2515 1347 civem
2546 1305 2843 1350 uxoratum
2877 1311 3003 1351 eum
3038 1297 3215 1368 prole,
3247 1314 3483 1370 quocum

178 1384 361 1442 Rubeis
384 1386 901 1441 adillustrationcm
927 1386 1070 1448 illius
1097 1384 1478 1447 contulerunt,
1499 1381 1762 1437 nonnulla
1866 1380 2297 1438 familiaritatem
2326 1384 2550 1440 colebat
2590 1385 2708 1453 ipse
2730 1386 2967 1444 Sanctus
2995 1388 3214 1458 doctor,
3246 1392 3483 1448 alterum

175 1496 367 1552 quoque
387 1493 712 1550 supersunt,
746 1495 867 1550 qua:
899 1479 1085 1550 aliquo
1117 1477 1281 1532 modo
1314 1475 1578 1547 perpendi
1601 1486 1764 1545 atque
1868 1492 2001 1533 vero
2050 1477 2461 1533 Bononicusem
2510 1477 2853 1550 episc0pum.
2907 1482 2965 1537 ln
3031 1484 3136 1539 hac
3189 1484 3486 1556 hypothesi

176 1573 414 1628 illustrari
446 1584 773 1638 merentur;
802 1588 909 1626 non
931 1582 1155 1642 gravate
1184 1572 1324 1625 leras
1351 1610 1365 1635 ,
1393 1569 1437 1622 si
1468 1610 1483 1633 ,
1514 1569 1764 1634 quntnvis
1868 1580 2119 1626 cessaret
2172 1570 2309 1643 [xu]
2347 1571 2689 1627 Tillemontii
2741 1574 3068 1642 difficultas;
3120 1589 3174 1632 et
3225 1576 3483 1634 Eusebius

178 1668 318 1719 tantis
345 1666 500 1736 longe
534 1667 780 1736 impares
814 1665 942 1718 viris
983 1664 1073 1733 qui
1113 1679 1215 1717 nos
1247 1663 1300 1716 in
1344 1663 1443 1716 hac
1472 1662 1589 1715 alea
1620 1676 1763 1731 prat-
1869 1667 2161 1735 episcopus
2211 1666 2579 1721 Boiioniensis
2635 1677 2825 1736 posset
2877 1683 3000 1724 esse
3054 1668 3309 1726 Eusebius
3366 1671 3487 1743 ipse

175 1765 455 1825 cesserunt,
492 1757 704 1829 aliquid
743 1772 841 1810 nos
864 1772 1083 1827 quoque
1112 1756 1441 1825 arripiamus
1464 1797 1477 1821 ,
1504 1754 1590 1809 vel
1618 1751 1763 1825 quod
1870 1760 2160 1816 C/trontatit'
2205 1763 2379 1817 nostri
2413 1763 2602 1817 frater.
2644 1763 2777 1831 Quis
2813 1772 2995 1820 tamen
3036 1764 3139 1821 hoc
3170 1766 3332 1823 unico
3363 1766 3490 1823 fun-

176 1866 341 1906 eorum
373 1848 628 1920 effugerit
653 1850 1025 1922 diligentiam,
1061 1850 1144 1904 vel
1176 1848 1318 1918 quod
1350 1849 1418 1904 ab
1452 1848 1586 1918 ipsis
1609 1888 1625 1914 ,
1662 1864 1763 1918 pro
1794 1850 1843 1911 B
1870 1855 2128 1911 damento
2165 1865 2383 1910 asserat
2425 1855 2680 1912 eumdem
2724 1872 2921 1928 reapse
2955 1857 3126 1914 fuisse
3160 1860 3488 1932 episcopum

176 1950 399 2011 tempore
427 1960 540 2015 quo
571 1943 894 1999 scribebant
919 1984 933 2008 ,
979 1952 1069 1997 aut
1094 1958 1202 1998 non
1228 1942 1391 2010 satis,
1418 1952 1511 1997 aut
1538 1942 1765 1998 minime
1871 1948 2322 2005 Bononieuscm?

177 2051 380 2106 prorsus
416 2041 747 2107 pertractari
778 2039 1042 2109 potuerit.
1941 2040 2293 2096 Clarissimus
2358 2054 2547 2100 noster
2598 2044 2930 2100 Franciscus
2989 2059 3176 2101 comes
3234 2043 3484 2116 Florius,

237 2129 345 2187 Uta
373 2130 663 2187 Chromatii
690 2132 893 2187 familia
924 2133 1262 2203 incipiamus,
1290 2134 1344 2189 in
1374 2149 1476 2203 qua
1507 2133 1615 2189 duo
1642 2144 1765 2188 tan-
1870 2150 2034 2205 quem
2059 2136 2310 2202 superius
2335 2138 2779 2203 memoravimus,
2824 2138 2876 2191 in
2925 2138 3157 2207 quadam
3195 2137 3488 2196 Notatione

182 2233 277 2281 tum
320 2228 517 2282 fratres
549 2269 563 2293 ,
614 2224 948 2282 Chromatius
975 2237 1031 2284 et
1059 2227 1316 2283 Eusebius
1342 2270 1356 2293 ,
1410 2229 1616 2300 absque
1654 2228 1767 2283 ullo
1872 2228 1941 2284 ad
1975 2228 2321 2284 Bachiarium
2351 2230 2419 2285 ab
2459 2232 2577 2301 ipso
2618 2230 2808 2285 Roma:
2858 2230 3093 2295 editum,
3126 2247 3275 2286 atauo
3322 2230 3487 2301 1748,

181 2321 321 2377 tertio
339 2338 619 2395 anonymo
638 2339 806 2393 quem
831 2322 943 2395 [sv]
958 2324 1211 2379 voluerat
1240 2322 1583 2378 Fontaninns
1601 2339 1614 2389 ;
1633 2321 1765 2394 quid
1871 2340 1997 2396 pag.
2022 2327 2111 2389 57,
2140 2325 2535 2393 proclivitatcm
2558 2326 2852 2396 quamdam
2877 2326 3123 2380 Ostendit
3144 2327 3482 2396 agnoscendi

180 2416 493 2471 censendum
549 2416 619 2471 de
676 2414 927 2480 Eusebio,
983 2432 1147 2487 quem
1201 2426 1419 2472 constat
1468 2416 1766 2471 diaconum
1874 2420 1927 2474 in
1963 2418 2186 2473 Eusebio
2216 2420 2477 2491 episcopo
2506 2420 2835 2475 Bononiensi
2870 2418 3156 2474 Eusebium
3191 2417 3485 2473 Cliromatii

1874 2516 2050 2570 nostri
2085 2516 2334 2584 fratrem,
2362 2516 2643 2572 scribens:
2684 2535 2702 2569 ι
2734 2515 3083 2571 Chromatius
3110 2514 3483 2586 Aquileiensis

1872 2610 2142 2666 Ecclesiae
2172 2612 2482 2683 presbyter,
2507 2621 2561 2666 et
2590 2609 2861 2665 Eusebius
2890 2610 3034 2665 illius
3065 2610 3236 2664 frater
3264 2608 3481 2664 diaconi

1872 2719 2104 2759 munere
2134 2702 2523 2775 ittsigtiitlts....
2551 2712 2882 2774 uterque....
2906 2702 3278 2772 episcopalem
3302 2700 3481 2771 digni-

1873 2806 2042 2852 tatem
2066 2797 2296 2866 adeptus
2327 2805 2447 2853 est:
2482 2796 2635 2867 prior
2666 2797 2927 2851 nimirum
2962 2794 3251 2851 Valeriano
3290 2806 3481 2849 nostro

1874 2890 2173 2954 succeSsit;
2204 2891 2345 2945 alter
2372 2905 2508 2945 vero
2537 2890 2731 2945 incerti
2766 2890 3005 2944 nominis
3033 2889 3331 2944 Ecclesium
3350 2887 3479 2959 (nisi

1873 2980 2243 3036 Bononiensis
2289 2980 2476 3053 fuerit)
2514 2982 2862 3036 sanctissime
2897 2980 3058 3066 rexit.
3099 3000 3118 3033 ι
3162 2977 3481 3047 Quinimmo

186 3076 317 3132 viros
345 3077 754 3142 Chromatium,
778 3077 1057 3143 Jovinum,
1081 3078 1480 3145 etEusebinm,
1506 3078 1772 3147 opinatis-
1876 3091 1943 3130 ex
1971 3076 2190 3131 schedis
2228 3076 2421 3147 ipsius,
2453 3091 2576 3145 qua:
2620 3087 2916 3146 supersunt
2954 3074 3095 3146 apud
3128 3074 3368 3129 nobilem
3400 3074 3480 3129 vi-

186 3170 342 3226 simos
380 3181 435 3227 et
477 3170 906 3242 probatissimos
953 3172 1002 3225 in
1046 3170 1301 3226 Ecclesia
1332 3171 1425 3226 Dei
1459 3173 1769 3243 episeopos,
1873 3184 1999 3224 rum
2033 3169 2289 3225 comitem
2322 3170 2628 3240 Philippum
2677 3171 2949 3233 Florium,
2996 3170 3242 3239 ejusdem
3292 3168 3480 3225 fratris

188 3279 397 3334 quorum
428 3267 572 3321 alter
604 3275 733 3318 tunc
769 3264 1055 3336 presbyter
1085 3265 1254 3320 beatae
1300 3268 1579 3322 inemoria:
1612 3267 1771 3322 Vulc-
1800 3249 1847 3313 C
1882 3262 2048 3315 lilium
2082 3262 2441 3331 ejusdemque
2470 3262 2799 3317 eruditionis
2832 3261 3135 3327 hacredem,
3173 3275 3335 3330 quem
3374 3259 3477 3315 ho-

181 2506 331 2565 fuisse
367 2510 810 2581 Aquileiensem,
842 2512 971 2566 dum
1005 2512 1296 2583 presbyter
1336 2519 1483 2567 esset
1521 2511 1770 2567 Chroma-

184 2604 292 2669 tius,
332 2620 392 2660 ac
422 2617 615 2674 postea
656 2608 1010 2677 episcopatus
1049 2608 1258 2662 honore
1296 2608 1673 2663 cumulatum?
1710 2606 1769 2662 Id

184 2712 362 2768 nempe
396 2709 638 2755 testatur
669 2700 897 2754 Rufinus
921 2700 1191 2773 Apoloyiw
1217 2702 1271 2755 in
1310 2713 1548 2756 sanctum
1583 2700 1770 2755 Hiero-

185 2813 376 2867 nymum
416 2799 563 2853 libro
610 2814 650 2862 ι⁹
695 2813 848 2852 num.
882 2798 936 2865 4,
968 2798 1216 2853 scribens
1261 2815 1273 2853 :
1322 2817 1339 2850 ι
1392 2798 1604 2868 Ego....
1639 2806 1770 2853 ante

186 2905 341 2946 annos
364 2892 485 2947 fere
515 2892 841 2963 triginta....
874 2906 970 2959 per
989 2892 1219 2962 gratiam
1248 2891 1501 2962 baptismi
1535 2906 1771 2962 regene-

185 2992 342 3049 ratus,
372 2984 717 3055 SigtIaCttltlln
752 2983 879 3039 fidei
910 2995 1241 3039 consecutus
1270 3000 1387 3039 sum
1424 3000 1522 3055 per
1550 2995 1771 3040 sanctos

188 3359 313 3413 riani
334 3401 347 3425 ,
370 3362 518 3415 alter
539 3360 991 3422 archidiaconus,
1020 3361 1158 3414 altus
1183 3361 1473 3426 diaconus,
1500 3363 1776 3432 simulque

188 3463 329 3521 pater
357 3454 493 3508 mihi
537 3465 591 3509 et
632 3453 827 3507 doctor
855 3453 1103 3525 Symboli
1145 3470 1207 3511 ac
1238 3456 1395 3512 Fidei
1440 3457 1561 3511 fuit.
1601 3457 1778 3513 »1ῙὶΕο

188 3547 451 3601 scribebat
480 3545 711 3601 Rufinus
742 3562 891 3600 anno
934 3548 1151 3603 circiter
1179 3550 1287 3605 400
1324 3561 1413 3605 aut
1449 3550 1577 3618 401,
1613 3552 1778 3622 juxta

190 3637 257 3693 De
283 3640 489 3696 Ruheis
516 3639 572 3693 in
607 3639 1003 3695 dissertatione
1034 3640 1097 3695 de
1126 3641 1339 3712 Ruﬁno,
1364 3646 1541 3714 capite
1572 3645 1606 3698 5
1636 3652 1691 3700 et
1719 3645 1775 3699 4.

190 3730 398 3788 Factqu
430 3732 643 3789 idcirco
671 3734 1019 3802 baptismatis
1049 3736 1154 3799 sui,
1202 3737 1347 3804 quod
1398 3738 1670 3809 Aquileia:
1703 3738 1783 3794 lo-

190 3842 299 3881 cum
353 3829 617 3883 habuisse
657 3827 856 3883 scribit
889 3837 1006 3882 ante
1042 3844 1207 3882 annos
1246 3833 1353 3900 fere
1393 3831 1626 3901 triginta.
1672 3846 1780 3901 quo

191 3927 429 3990 tempore
487 3920 754 3975 diacomns
811 3932 928 3974 erat
985 3919 1239 3975 Eusebius
1312 3921 1599 3977 Chromatii
1652 3932 1780 3979 tunc

192 4014 491 4085 presbyteri
518 4014 711 4077 frater,
742 4011 807 4066 ad
851 4028 1053 4067 annum
1088 4012 1341 4082 pertinet,
1376 4024 1436 4069 ut
1463 4025 1610 4070 recte
1637 4016 1779 4072 idem

192 4104 262 4160 De
293 4108 497 4162 ltubeis
527 4106 868 4178 Sltppllla\'il,
892 4106 991 4162 57!
1029 4108 1112 4162 vel
1145 4109 1272 4164 372.
1308 4108 1439 4164 Post
1483 4110 1585 4164 hoc
1619 4110 1784 4180 igitur

193 4198 408 4265 factum,
432 4215 561 4255 cum
591 4202 880 4271 episc0pns
903 4211 1123 4255 creatus
1146 4200 1331 4268 fuerit,
1351 4204 1503 4272 juxta
1527 4201 1782 4256 Rufinum

194 4294 384 4365 ipsum,
413 4296 581 4351 etiam
627 4294 878 4349 Eusebius
900 4312 919 4350 :
963 4294 1118 4365 cujus
1148 4296 1319 4362 sedis,
1357 4309 1450 4351 aut
1496 4296 1653 4367 cujus
1684 4296 1785 4352 loci

195 4392 477 4459 episcOpus
508 4391 822 4445 censendus
864 4391 981 4460 ipse
1030 4400 1116 4445 est
1133 4391 1156 4443 ’ἰ
1195 4390 1456 4446 Sanctum
1504 4388 1786 4443 Eusebium

194 4482 593 4539 Bononiensetn
639 4483 957 4553 episcOpum
1000 4482 1316 4538 interfuisse
1346 4481 1585 4538 eonetlio
1616 4481 1785 4552 Aqui.

196 4572 378 4632 leieust
410 4576 602 4630 habito
636 4575 738 4630 sub
768 4585 961 4630 sancto
1000 4574 1291 4632 Valeriano
1336 4576 1600 4647 episcopo
1639 4589 1785 4630 anno

1881 3359 2030 3408 noris
2054 3364 2107 3408 et
2135 3355 2271 3423 grati
2302 3354 2469 3409 animi
2499 3368 2660 3408 causa
2694 3353 2783 3408 hie
2815 3356 3187 3419 nominamus;
3220 3368 3285 3408 ex
3312 3354 3478 3409 sche-

1879 3448 1979 3513 dis,
2009 3448 2249 3519 inquam,
2283 3447 2455 3517 ipsius
2481 3460 2669 3517 aperte
2697 3448 3056 3518 intelligimus
3079 3448 3336 3504 eumdem
3360 3462 3483 3516 pos-

1883 3550 1966 3595 tea
1995 3540 2396 3609 proclivitatem
2430 3539 2575 3595 illam
2601 3555 2756 3594 suam
2784 3543 2855 3594 ita
2882 3538 3226 3603 extendisse,
3256 3549 3310 3594 ut
3341 3555 3481 3612 pene

1882 3650 1981 3705 pro
2013 3645 2164 3689 cortu
2191 3634 2469 3702 habuerit,
2505 3632 2792 3689 Eusebium
2835 3634 3123 3691 C/trouiatii
3153 3636 3326 3690 nostri
3374 3634 3488 3690 fra-

1882 3740 2042 3796 trem,
2074 3730 2240 3785 fuisse
2273 3727 2550 3783 Eusebium
2581 3730 2757 3799 ipsum
2802 3728 3123 3799 episcOpum
3172 3728 3485 3784 Bononien-

1880 3839 2045 3880 sem:
2104 3824 2177 3879 ita
2219 3827 2363 3878 enim
2420 3840 2582 3879 manu
2617 3826 2836 3895 propria
2893 3825 3156 3895 scriptum
3215 3825 3484 3894 reliquit:

1890 3938 1908 3972 ι
1954 3919 2019 3974 Mi
2043 3919 2075 3973 ὁ
2097 3926 2298 3974 venuto
2332 3921 2383 3974 in
2411 3920 2663 3989 pensicro
2693 3920 2747 3974 di
2781 3920 2977 3975 render
3007 3921 3196 3990 palese
3221 3937 3291 3975 un
3318 3936 3486 3975 orna-

1883 4025 2067 4068 mento
2100 4013 2243 4067 della
2295 4013 2486 4069 Chiesa
2534 4012 2587 4067 di
2622 4012 2887 4083 Bologna,
2917 4013 3129 4069 benche
3170 4014 3311 4068 assai
3344 4012 3485 4070 ricca

1883 4106 1937 4161 di
1976 4107 2179 4161 antichi
2232 4123 2263 4163 e
2304 4110 2493 4164 nuovi.
2542 4107 2627 4162 Ma
2674 4110 2759 4163 nel
2802 4119 2987 4178 tempo
3030 4117 3211 4165 stesso
3265 4108 3487 4164 ciascun

1884 4201 2071 4267 vedra,
2098 4202 2197 4255 che
2226 4218 2390 4257 senza
2423 4201 2591 4256 offusa
2620 4201 2706 4257 del
2740 4218 2874 4257 vero
2905 4201 2958 4256 io
2994 4217 3174 4269 servo,
3206 4201 3326 4257 diti)
3347 4203 3482 4269 cesi,

1887 4296 1991 4350 alla
2024 4296 2133 4351 mia
2162 4311 2348 4361 causa,
2375 4296 2440 4351 ed
2473 4295 2819 4365 adempioun
2853 4295 3040 4350 uflicio
3071 4296 3124 4350 di
3148 4295 3295 4365 pieta
3324 4311 3489 4351 verso

1886 4388 2065 4458 quella
2108 4387 2449 4442 nobilissima
2480 4385 2678 4443 Chiesa
2707 4388 2810 4444 che
2838 4388 2904 4443 da
2933 4403 3066 4459 gran
3109 4397 3293 4459 tempo
3327 4388 3400 4443 mi
3432 4389 3487 4441 fu

1888 4479 2100 4546 madre,
2133 4494 2164 4536 e
2192 4479 2293 4535 che
2323 4479 2396 4534 mi
2425 4479 2582 4535 nodr‘t
2615 4480 2793 4537 linché
2820 4480 2985 4538 visse.
3018 4478 3074 4535 In
3105 4480 3279 4551 poche
3303 4482 3489 4550 parole

1890 4572 1941 4627 io
1975 4588 2255 4644 prepongo
2292 4574 2344 4627 la‘
2373 4574 2479 4628 mia
2510 4581 2860 4645 congettura.
2897 4573 3070 4630 Santo
3101 4573 3339 4629 Eusebio
3366 4588 3489 4629 vcs-

196 4667 319 4733 58!,
364 4669 634 4724 adversus
674 4667 975 4723 Palladium
1016 4677 1071 4724 et
1113 4638 1786 4726 Secundianum-Arianos
1813 4638 1867 4699 Ι)
1890 4638 2031 4721 οοζπο
2061 4638 2113 4720 «ιε
2141 4638 2381 4738 Bologna
2410 4665 2441 4723 ὁ
2470 4638 2876 4738 (ιυριιῖευεειιῑο
2904 4666 3491 4739 diacouodiAquileja,

197 4762 501 4837 episcopos,
536 4765 589 4818 in
621 4779 729 4835 quo
766 4762 1100 4818 Chromatius
1142 4779 1367 4835 quoque
1404 4763 1587 4820 adhuc
1634 4780 1790 4835 pres-

197 4853 347 4926 byter
384 4855 759 4927 Aquileiensis
804 4856 1016 4921 aderat,
1069 4867 1284 4912 constat
1326 4872 1393 4913 ex
1435 4856 1588 4913 Aetis
1639 4857 1789 4914 illius

200 4949 428 5015 concilii.
459 4964 585 5021 quae
608 4956 827 5004 exstant
857 4960 1006 5005 tomo
1037 4949 1078 5005 ll
1104 4947 1344 5021 Operam
1370 4950 1788 5007 sanctiAmbro-

200 5039 262 5095 sii
294 5041 545 5097 editionis
570 5040 903 5097 Parisiensis
930 5042 1335 5110 Maurinorum,
1357 5054 1412 5100 et
1442 5044 1497 5098 in
1524 5042 1791 5098 concilio-

202 5149 319 5189 rum
371 5136 826 5192 Collectionibus.
879 5136 1141 5192 Fueritne
1203 5136 1368 5206 igitur
1427 5136 1793 5193 Bononiensis

208 5227 461 5287 Ecclesia:
483 5231 779 5302 episcopus
801 5229 970 5286 frater
986 5230 1273 5287 Chromatii
1296 5232 1469 5288 nostri
1500 5231 1793 5287 Eusebius?

205 5318 259 5375 Si
313 5324 443 5380 ratio
500 5324 764 5393 temporis
813 5323 1098 5391 habeatur,
1152 5325 1334 5395 inquit
1382 5324 1790 5393 Tillemontius,

208 5411 474 5473 Memoires
502 5435 636 5487 pour
668 5418 826 5473 servir
854 5420 886 5472 ὰ
916 5417 1193 5473 l‘llistoire
1220 5418 1621 5489 ccclésiastiquc,
1657 5426 1791 5483 etc.,

208 5516 348 5562 tomo
377 5510 471 5582 Xl,
501 5523 630 5569 nota
656 5516 708 5580 l,
734 5512 801 5568 ad
843 5522 1091 5568 sanctum
1123 5511 1500 5581 Chromatium.
1544 5510 1677 5567 nihil
1710 5520 1796 5569 est

209 5604 344 5670 quod
388 5614 535 5660 vetet
574 5605 678 5661 hoc
706 5605 857 5660 credi
891 5620 1050 5671 posse
1084 5621 1097 5658 :
1126 5604 1245 5675 ipse
1279 5610 1463 5661 tamen
1496 5605 1797 5660 arbitratur

212 5693 485 5752 Chromatii
559 5697 734 5753 nostri
792 5696 1075 5753 Eusebium
1144 5698 1396 5766 fratrem,
1452 5712 1795 5771 nequaquam

214 5788 372 5847 fuisse
399 5791 682 5849 Eusebium
713 5793 1027 5864 cpiscopum
1059 5790 1490 5859 Bononiensem,
1518 5808 1580 5847 ea
1598 5792 1796 5847 ductus

216 5882 438 5959 ratione,
469 5886 613 5959 quod
660 5883 913 5941 Eusebius
959 5884 1323 5943 Bononiensis
1350 5884 1643 5957 episcopus
1682 5884 1797 5941 ali-

1891 4760 1946 4816 di
1974 4761 2059 4815 cui
2087 4762 2337 4831 parlano,
2370 4776 2527 4817 come
2567 4761 2853 4828 vedremo,
2878 4776 2981 4817 con
3021 4760 3189 4817 molta
3223 4760 3349 4817 lode
3391 4777 3490 4818 san

1891 4852 2173 4909 Girolamo
2201 4868 2231 4908 e
2269 4854 2488 4909 Ruﬁno.
2520 4853 2685 4910 Nulla
2723 4854 2777 4909 vi
2825 4854 2918 4923 ha,
2948 4855 3051 4911 che
3080 4856 3126 4911 si
3169 4871 3419 4929 opponga
3461 4873 3492 4913 a

1892 4957 2082 5017 questa
2114 4955 2465 5017 eongettura;
2498 4962 2528 5002 e
2560 4947 2726 5002 molte
2750 4946 3124 5002 osservazioni
3146 4963 3495 5004 concorrouo

1893 5054 1923 5093 a
1951 5039 2208 5096 renderla
2241 5042 2384 5094 assai
2413 5040 2736 5096 verisimile.
2788 5058 2807 5092 ι
2844 5039 2923 5095 En
2964 5040 3153 5112 itaque
3180 5043 3494 5113 opinionem

1893 5132 1994 5188 viri
2029 5132 2325 5188 clarissimi
2355 5133 2563 5202 scripto
2604 5132 2957 5204 patefactam,
2988 5141 3045 5189 et
3088 5134 3161 5189 ita
3207 5135 3496 5204 prolatam,

1896 5236 1958 5283 ut
1980 5228 2111 5283 satis
2139 5226 2526 5293 declaraverit,
2557 5242 2618 5282 se
2642 5241 2757 5283 rem
2787 5224 2897 5297 jam
2932 5238 3063 5284 tunc
3095 5227 3337 5283 funditus
3367 5242 3495 5297 per-

1896 5322 2176 5391 pendisse,
2219 5320 2462 5392 nihilque
2495 5320 2576 5375 illi
2598 5321 2869 5390 reliquum
2894 5322 3083 5386 fuisse,
3108 5337 3267 5393 quam
3290 5338 3353 5376 ea
3372 5334 3497 5391 pro-

1899 5432 2104 5487 ponere
2139 5427 2481 5486 argumenta,
2531 5432 2651 5487 quae
2683 5417 2833 5472 illum
2880 5417 2947 5472 ad
2992 5418 3247 5473 eamdem
3298 5414 3502 5484 ample-

1898 5510 2135 5567 xandam
2169 5508 2520 5575 induxerant;
2550 5509 2695 5581 quod
2739 5509 2893 5565 curis
2931 5509 3053 5564 aliis
3104 5508 3291 5578 procul
3332 5506 3501 5561 dubio

1898 5603 2200 5675 impeditus
2222 5619 2335 5659 non
2362 5604 2511 5669 fecit,
2544 5605 2647 5659 nisi
2682 5604 2860 5674 potius
2882 5604 3229 5659 intercidisse
3256 5600 3506 5656 dicamus

1901 5700 2046 5772 quod
2077 5714 2252 5773 super
2285 5700 2387 5757 hac
2433 5714 2493 5756 re
2520 5699 2920 5755 lucubraverat.
2969 5696 3125 5751 Tanti
3157 5696 3256 5747 viri
3290 5693 3505 5760 Opinio-

1903 5810 2029 5851 nem
2062 5812 2163 5852 nos
2193 5809 2417 5865 quoque
2449 5794 2684 5850 libenter
2710 5790 3107 5861 amplectimur,
3139 5786 3291 5841 ahea
3320 5786 3511 5843 mode-

1904 5888 2118 5945 ratione
2138 5886 2369 5947 miuime
2397 5895 2697 5958 separatam
2728 5897 2835 5954 qua
2864 5891 3056 5937 auctor
3080 5893 3213 5937 usus
3237 5877 3363 5952 fuit,
3391 5894 3515 5939 cou-
