4056 6340
590 275 694 337 259

1594 273 1652 331 8.
1694 267 2143 328 CllROMATlUS
2186 265 2290 324 ΕΡ.
2335 265 2840 338 AQUILEIENSIS.

3761 271 3850 332 Q60

533 368 538 374 ’
581 393 839 463 jectttram
859 389 1001 443 illam
1032 388 1420 459 appellanszet
1444 386 1656 442 interim
1678 384 1977 462 Chromatio
1998 389 2185 436 nostro
2218 384 2268 448 Α
2295 378 2568 434 Eusebium
2603 377 2886 434 Chromatii
2924 376 3152 434 fratrem
3183 376 3582 434 existimemus.
3614 377 3741 450 Quid
3771 383 3852 452 igi-

593 486 858 556 nobi~qtte
879 486 1215 556 gratulamur
1241 483 1307 538 de
1333 481 1537 538 Eusebii
1565 481 1750 550 hujus,
1769 477 2026 533 similiter
2057 490 2184 530 nos-

591 583 682 646 tri,
716 582 1032 646 sanctitate;
1055 580 1196 634 sicut
1221 578 1384 633 etiam
1409 577 1476 631 de
1499 575 1645 629 cultu
1671 588 1828 644 quem
1851 570 1992 642 apud
2008 569 2186 625 Bono-

591 677 810 730 ιιὶυιιευε
845 673 1007 748 [nn]
1041 671 1249 726 obtinet
1275 671 1374 726 sub
1412 671 1500 724 die
1538 667 1610 721 26
1636 666 1994 738 Septembris,
2037 674 2088 718 et
2119 664 2187 719 de

592 785 698 842 quo
729 770 1022 824 admodum
1055 767 1274 823 erudite
1309 767 1458 837 (licet
1493 763 1628 818 nihil
1670 762 1891 817 omnino
1923 761 1988 815 de
2022 759 2188 830 Aqui-

591 864 786 920 leiensi
815 863 976 933 hujus
1004 862 1177 915 sancti
1210 859 1308 914 viri
1338 857 1571 928 origine)
1612 855 1850 927 Prosper
1883 851 2187 908 Lamberti-

591 975 716 1023 nus,
780 969 966 1027 postea
1023 953 1350 1009 licuedit-tns
1391 949 1531 1016 XIV,
1579 951 1628 1004 itt
1672 947 1786 1003 suis
1843 942 2190 1000 Attnotazioni

589 1067 744 1122 sopra
777 1049 847 1120 gli
887 1049 993 1102 Atti
1018 1045 1246 1102 d'alcuui
1274 1045 1450 1109 Santi,
1481 1042 1560 1096 de’
1587 1042 1729 1114 quali
1755 1043 1801 1095 si
1828 1040 2024 1094 celebra
2053 1039 2188 1109 [Ὀτ-

588 1142 706 1211 ﬁzio
729 1158 756 1196 e
785 1141 836 1194 lu
866 1139 1061 1204 Messa,
1097 1155 1188 1206 per
1227 1137 1275 1190 lo
1313 1137 1403 1208 piit
1440 1152 1594 1189 senza
1624 1132 1671 1187 le
1710 1132 1923 1187 Leziom‘
1955 1131 2185 1202 proprie,

591 1233 729 1286 uella
780 1232 972 1284 diocesi
1002 1230 1055 1282 di
1096 1226 1356 1298 Bologtta,
1391 1238 1498 1281 etc.
1531 1224 1767 1300 Bologna
1820 1225 1956 1283 l'MO
1989 1242 2000 1277 :
2041 1223 2186 1294 quod

588 1326 737 1394 Opus
783 1323 978 1379 Latino
1008 1323 1171 1376 etiam
1207 1337 1464 1376 sermone
1493 1320 1756 1374 donatum
1802 1317 1990 1372 videas
2040 1327 2190 1372 tomo

587 1414 636 1470 Χ
676 1415 899 1486 Operam
922 1414 1165 1484 ejusdem
1186 1411 1456 1466 Benedicti
1480 1428 1626 1485 papa:
1642 1409 1803 1478 XIV,
1826 1409 2004 1463 Roma:
2025 1406 2154 1464 1751
2171 1451 2185 1465 .

663 1508 1016 1562 Dissimulare
1051 1506 1137 1561 hic
1171 1517 1372 1570 tamen,
1407 1506 1528 1559 data
1573 1505 1887 1571 occasiOne,
1922 1517 2029 1578 non
2063 1501 2192 1557 licet

584 1605 757 1660 sancti
812 1604 975 1674 hujus
1021 1601 1234 1656 Eusebii
1279 1601 1552 1672 epoehas,
1583 1616 1717 1672 quas
1767 1599 1967 1654 ibidem
2015 1599 2192 1669 signat

583 1695 832 1750 laudatus
864 1694 1246 1750 Lamberlitms
1269 1697 1425 1767 juxta
1446 1693 1836 1758 accuratiorem,
1865 1692 1939 1746 uti
1965 1691 2188 1756 scribit,

2289 479 2377 526 tnr
2408 470 2808 543 conjiciendum
2842 481 2962 541 post
2992 469 3147 528 hsce?

2359 563 2661 619 Accuratior
2706 565 2796 619 illa
2843 562 3218 639 Chronologia,
3250 580 3412 637 quam
3449 566 3681 622 nominat
3707 566 3848 623 Lam-

2289 656 2572 725 bertinus,
2618 659 2991 713 monumentis
3036 660 3273 714 fortasse
3322 660 3555 729 pmpriis
3598 671 3746 732 atque
3785 661 3854 718 in-

2289 753 2602 809 victissimis
2632 754 2890 809 destituta
2911 796 2924 820 ,
2952 752 3194 810 sollicita
3223 751 3446 824 quidem
3481 753 3635 810 fuerit
3659 754 3707 810 in
3738 757 3854 812 assi-

2287 847 2508 916 gnando
2535 847 2725 902 saltem
2765 856 2962 918 praeter
3005 855 3236 916 propter
3274 846 3618 916 episcopatus
3641 856 3856 919 tempore

2291 938 2502 995 Eusebii
2531 941 2922 1007 Bononiensis;
2948 940 3089 1010 quod
3118 952 3335 1010 tempus
3359 940 3564 997 scilicet
3591 940 3859 999 dccttrrerit

2291 1034 2435 1089 inter
2483 1050 2687 1089 annum
2734 1034 2936 1090 Christi
2982 1034 3088 1090 370
3137 1042 3195 1090 et
3230 1033 3370 1099 400;
3402 1037 3530 1105 qttin
3567 1035 3778 1090 strictim
3805 1051 3858 1091 ac

2292 1129 2524 1201 pra-nise
2570 1144 2822 1184 asserere
2868 1128 3141 1195 voluerit,
3175 1144 3273 1184 eos
3303 1127 3455 1200 ipsos
3501 1144 3620 1185 esse
3663 1146 3779 1185 vere
3807 1146 3858 1185 ac

2293 1225 2515 1295 proprie
2544 1240 2737 1285 annos,
2765 1232 2877 1279 tum
2906 1223 3023 1278 initi
3048 1223 3114 1277 ab
3141 1225 3260 1295 ipso
3289 1223 3648 1280 Bononiensis
3675 1228 3859 1296 cpisco-

2294 1331 2471 1390 patus,
2508 1330 2616 1372 tum
2652 1330 2825 1373 morte
2855 1319 3052 1374 relicti.
3090 1319 3156 1374 Et
3189 1335 3337 1385 ecce,
3367 1318 3418 1374 ni
3450 1317 3702 1385 fallimur,
3729 1319 3860 1375 brevi

2294 1413 2547 1484 facilique
2598 1414 2782 1480 modo,
2814 1429 2877 1468 ac
2911 1429 3138 1484 prorsus
3183 1412 3332 1468 hisce
3384 1413 3548 1470 rebus
3593 1429 3770 1484 magna
3801 1429 3858 1469 ex

2297 1518 2452 1578 parte
2481 1508 2711 1563 incertis
2751 1518 3151 1574 consentaneo;
3183 1522 3312 1562 ecce
3339 1507 3605 1562 sublatam
3653 1509 3860 1562 chrono-

2297 1601 2527 1672 logicam
2585 1598 2962 1655 difficultatem
2986 1641 3000 1663 ,
3032 1615 3155 1671 quzn
3202 1599 3430 1654 fortasse
3464 1600 3514 1653 itt
3546 1597 3647 1654 hoc
3675 1598 3864 1671 negotio

2297 1693 2582 1763 potissima
2637 1700 2723 1746 est
2761 1709 2772 1745 :
2811 1702 2867 1746 ιιι
2901 1701 3190 1763 propterea
3221 1692 3273 1745 itt
3309 1689 3532 1746 Eusebio
3562 1690 3862 1770 Bononiensi

583 1786 1028 1860 Chronologiam;
1074 1787 1191 1842 initi
1221 1787 1433 1840 scilicet
1458 1787 1527 1840 ab
1561 1784 1787 1840 Eusebio
1822 1784 2184 1840 Bononiensis
2217 1782 2262 1843 B
2294 1787 2622 1856 propensius
2672 1799 3035 1854 agnoscamus
3087 1783 3368 1839 Eusebium
3407 1785 3579 1856 ipsum
3609 1782 3864 1840 Chromatii

583 1885 934 1952 episcmiatus
965 1897 1110 1935 anno
1136 1879 1339 1936 Christi
1381 1881 1488 1936 570
1513 1923 1526 1947 ,
1558 1880 1820 1936 decessus
1850 1895 1984 1936 vero
2014 1881 2183 1951 ipsius

585 1992 727 2028 anno
753 1976 878 2030 400.
913 1973 1108 2027 Nostra
1141 1974 1358 2044 quidem
1403 1973 1730 2026 documenta
1776 1971 2179 2043 Aquileiensia,

587 2081 643 2124 ut
674 2069 906 2124 candide
950 2071 1238 2135 fateamur,
1265 2083 1387 2123 cum
1421 2066 1648 2138 epochis
1685 2067 1769 2120 his
1801 2083 1904 2120 non
1939 2066 2182 2133 apprime

589 2160 924 2216 conveniunt
969 2159 1273 2214 :diaconus
1323 2159 1591 2229 siquidem
1643 2167 1764 2213 erat
1811 2156 2182 2227 Aquileiensis

584 2253 845 2308 Ecclesia:
885 2251 1136 2306 Eusebius
1183 2250 1471 2304 Chromatti
1519 2251 1706 2316 frater,
1742 2265 1848 2304 non
1885 2250 2070 2316 modo,
2105 2249 2180 2304 uti

583 2348 835 2413 vidimus,
867 2362 1012 2402 anno
1040 2347 1166 2410 571,
1195 2346 1473 2400 autetiam
1499 2343 1625 2407 572,
1657 2360 1762 2414 quo
1791 2344 1982 2398 eodem
2013 2343 2186 2398 admi-

581 2448 755 2502 nistro
803 2447 1131 2510 baptismum
1172 2443 1437 2510 Aquileia:
1485 2441 1724 2510 suscepit
1772 2439 2030 2503 Rufinus,
2085 2437 2182 2493 sed

581 2555 726 2594 anno
751 2541 914 2592 etiam
943 2537 1071 2604 575,
1101 2550 1211 2606 quo
1241 2534 1307 2588 ad
1352 2536 1528 2604 ipsum
1558 2533 1717 2587 simul
1745 2540 1801 2587 et
1828 2529 2183 2586 Chromatium

582 2642 633 2688 et
666 2631 909 2685 Iovinum
939 2630 1203 2699 Aquileia:
1228 2629 1459 2697 positos,
1495 2637 1550 2679 et
1595 2626 1740 2680 nullo
1768 2625 2040 2679 indicatus
2068 2625 2184 2694 epi-

584 2738 838 2798 scojtatns
871 2726 1078 2780 honore
1101 2766 1116 2789 ,
1147 2723 1358 2778 litteras
1384 2721 1535 2776 dedit
1569 2719 1933 2800 Hieronymus
1976 2736 1990 2772 :
2036 2734 2183 2774 mor-

585 2830 692 2877 tem
743 2835 875 2875 vero
926 2816 1179 2872 Eusebius
1226 2815 1592 2886 Aquileiensis
1621 2855 1635 2878 ,
1672 2806 1958 2883 episcopus
1993 2821 2178 2882 postea

585 2913 756 2969 factus
787 2925 842 2966 ut
869 2911 1097 2965 Rufinus
1127 2917 1375 2971 testatur,
1401 2907 1512 2976 jam
1539 2906 1848 2976 cppetierat
1878 2922 2024 2959 anno
2050 2905 2174 2972 396,

584 3008 662 3062 uti
710 3022 779 3062 ex
826 3006 930 3059 alia
981 3003 1047 3058 ad
1095 3001 1442 3057 Heliodorum
1499 3001 1812 3069 episcopum
1864 2998 2177 3070 Hieronymi

583 3100 752 3172 ipsius
785 3098 1014 3169 epistola
1059 3096 1304 3165 ejusdem
1353 3098 1516 3159 anni;
1558 3109 1690 3164 quas
1739 3108 1930 3148 omnes
1961 3108 2178 3163 semper

540 3173 552 3186 ’
585 3209 649 3250 es
681 3193 917 3248 editione
949 3199 1004 3246 et
1031 3188 1393 3258 Chronologia
1425 3186 1673 3241 Vallarsii
1697 3187 1782 3241 hic
1807 3187 2173 3242 nominamus.
2203 3164 2248 3226 C

585 3285 871 3355 Quomodo
901 3298 1034 3354 ergo
1059 3298 1180 3336 cntn
1215 3281 1314 3335 hac
1346 3279 1678 3350 epocharntn
1703 3280 2022 3335 diversitate
2053 3296 2184 3335 con-

583 3378 759 3433 ciliari
787 3383 967 3446 potest
993 3373 1344 3442 episcopatus
1374 3371 1736 3426 Bononiensis
1769 3370 1976 3425 Eusebii
2005 3371 2177 3426 nostri

584 3470 968 3542 Aquileiensis,
1005 3467 1290 3521 Chromatii
1335 3465 1547 3531 fratris;
1597 3477 1653 3518 ut
1701 3481 1839 3519 unus
1871 3465 2095 3520 omnino
2125 3474 2180 3521 et

584 3566 725 3620 idetn
776 3563 1025 3618 Eusebius
1069 3560 1139 3617 sit
1183 3562 1573 3631 Aquileiensis,
1622 3561 1711 3630 qui
1761 3561 2048 3632 episcopus
2081 3559 2180 3616 fuit

584 3654 984 3709 Bononiensis?

660 3747 854 3802 Verum
879 3749 1158 3801 enimvero
1180 3741 1466 3799 diversitas
1491 3743 1604 3798 lnec
1628 3742 1986 3813 epecharum,
2007 3752 2174 3812 tanta,

585 3853 642 3898 ut
670 3843 827 3896 nobis
855 3841 1072 3911 quidem
1114 3839 1350 3904 videtur,
1385 3854 1488 3891 non
1525 3846 1606 3890 est
1629 3881 1644 3904 ,
1676 3853 1798 3907 qua:
1826 3840 2177 3907 conjecturam

585 3937 875 3993 clarissimi
911 3934 1078 3990 Florii
1107 3933 1300 3998 nostri,
1327 3949 1488 4002 quam
1521 3931 1969 4001 amplexavimns,
2001 3932 2179 3988 valeat

586 4030 916 4086 labefactare
941 4070 955 4093 ,
985 4037 1040 4082 et
1069 4042 1170 4082 nos
1197 4041 1226 4080 a
1270 4035 1531 4094 concepta
1567 4039 1665 4094 pro
1695 4023 1886 4078 eadem
1919 4024 2177 4095 opinione

584 4126 843 4198 dejicere.
878 4122 978 4180 Ubi
1020 4121 1168 4179 enim
1214 4128 1567 4174 metzutnenta
1600 4135 1705 4173 non
1752 4119 1970 4183 adsunt,
2004 4120 2054 4173 in
2088 4119 2174 4174 itt-

581 4230 735 4276 certo
760 4233 978 4288 semper
1001 4231 1298 4278 versamur,
1324 4213 1450 4269 dum
1473 4212 1676 4268 Christi
1703 4228 1876 4268 annos
1896 4213 2177 4284 assignare

583 4313 964 4371 contendimus
1029 4326 1126 4365 seu
1185 4309 1350 4365 rebus
1403 4324 1500 4363 seu
1554 4308 1868 4364 hominibus
1933 4310 2174 4379 priorum

582 4412 823 4482 quinque
856 4419 909 4462 et
937 4407 1169 4477 amplius
1199 4405 1523 4459 saeculorum
1545 4445 1558 4469 ,
1586 4411 1645 4456 nt
1671 4412 1854 4458 notmn
1888 4412 1973 4459 est
2003 4404 2178 4459 omni-

581 4506 704 4561 bus.
736 4506 1082 4560 Monutnenta
1116 4517 1252 4555 vero
1296 4501 1444 4554 nulla
1479 4498 1680 4565 profert
1709 4498 2093 4552 Lambertinus
2123 4500 2172 4552 in

2290 1879 2466 1935 nostri
2498 1879 2718 1935 fratrem
2748 1898 2760 1942 ;
2788 1881 2930 1950 quod
2966 1877 3236 1950 profecto,
3272 1879 3316 1934 si
3349 1880 3508 1935 nobis
3531 1877 3864 1952 Aquileiensi-

2287 1974 2390 2029 btts
2435 1972 2834 2044 perjucundum
2885 1981 3050 2041 atque
3102 1972 3404 2039 decorum,
3460 1970 3865 2027 Bononiensibus

2287 2068 2420 2138 ipsis
2469 2068 2844 2139 gratissimum
2896 2067 3134 2121 futurum
3186 2069 3290 2131 sit;
3321 2066 3518 2138 quibus
3563 2065 3678 2124 hac
3711 2063 3863 2136 gloria

2285 2178 2501 2234 quoque
2533 2161 2829 2217 η‹›νὶ›εἱιιιθ
2859 2161 3154 2216 accesserit
3182 2203 3197 2224 ,
3232 2171 3288 2214 nt
3323 2177 3429 2214 non
3461 2161 3732 2215 immerito
3757 2174 3860 2213 cre-

2285 2256 2418 2312 dant
2468 2258 2783 2327 episcopum
2837 2272 3032 2319 suum,
3069 2253 3350 2310 Eusebium
3396 2255 3655 2320 nomine,
3687 2264 3859 2325 quarto

2288 2349 2551 2407 Ecclesiae
2576 2350 2776 2404 srccnlo
2809 2349 3098 2404 sanctitate
3128 2349 3361 2415 clarum,
3387 2362 3416 2402 e
3449 2347 3599 2403 clero
3623 2347 3863 2419 prodiisso

2285 2441 2657 2511 Aquileiensis
2687 2441 2948 2496 Ecclesiae
2998 2451 3287 2512 tantopere
3317 2457 3346 2494 a
3377 2441 3507 2495 divo
3556 2439 3861 2514 lliet-onymu

2287 2535 2530 2597 laudato,
2557 2542 2612 2590 et
2636 2536 2860 2590 fratrem
2890 2536 3149 2592 habuisse
3178 2536 3348 2605 ipsius
3379 2535 3646 2591 Ecclesia:
3673 2536 3863 2605 episco-

2286 2645 2412 2701 pum
2463 2628 2852 2696 Chromatium,
2905 2629 3060 2700 cujus
3110 2629 3286 2684 solum
3338 2643 3538 2684 nomen
3586 2643 3684 2700 pro
3726 2626 3861 2683 laude

2286 2722 2603 2792 plenissima
2635 2729 2740 2778 est.

2355 2814 2574 2870 Interim
2606 2815 2776 2884 ipsius
2808 2813 3019 2869 Eusebii
3047 2828 3266 2885 quoque
3298 2828 3521 2879 nomen,
3554 2813 3694 2883 quod
3719 2812 3861 2870 Chron

2284 2906 2427 2960 mutii
2475 2905 2844 2974 Aquileiensis
2893 2907 3137 2978 episcotti
3186 2906 3352 2960 frater
3392 2907 3658 2978 gerebat,
3694 2903 3862 2976 quidni

2286 3001 2626 3056 Eusebiorum
2666 3003 2830 3058 etiam
2871 3002 3129 3057 familiam
3165 3003 3364 3058 indicet
3388 3044 3402 3068 ,
3432 3013 3483 3057 et
3515 3017 3635 3057 eam
3663 3002 3861 3072 quidem

2282 3096 2722 3168 Aquileiensem,
2755 3097 2899 3151 unde
2949 3103 3181 3166 uterque
3229 3095 3533 3149 oriundus?
3564 3094 3858 3164 Aquileien-

2283 3205 2397 3246 sem
2431 3192 2599 3260 patria
2628 3189 2979 3246 Chromatium
3028 3200 3274 3245 nostrum
3307 3191 3540 3244 asseruit
3574 3190 3862 3243 firmissime

2283 3282 2655 3350 Fontaninus;
2691 3299 2790 3338 nec
2821 3283 2894 3338 ita
2928 3282 3118 3354 procul
3168 3283 3236 3336 ab
3269 3282 3412 3337 illius
3446 3283 3712 3337 sententia
3745 3279 3862 3336 abiit

2282 3377 2360 3433 De
2391 3379 2612 3445 llubcis,
2647 3379 2778 3432 dum
2811 3376 3168 3431 Romatinnm
3198 3376 3452 3431 eumdem
3505 3385 3599 3430 aut
3644 3375 3861 3431 Concor-

2281 3469 2527 3527 diensem
2563 3472 2724 3526 facile
2756 3471 2917 3537 fecit;
2949 3487 3071 3542 quae
3112 3470 3218 3525 duo
3250 3478 3375 3525 tunc
3419 3470 3535 3524 loca
3569 3469 3862 3540 Aquileien-

2281 3564 2356 3618 sis
2379 3577 2535 3619 erant
2565 3566 2918 3635 cpiSCOpattts
2959 3564 3199 3634 pmpria,
3227 3573 3280 3619 et
3328 3562 3396 3618 ab
3447 3564 3694 3633 Aquileia
3745 3561 3861 3616 urbe

2281 3671 2387 3711 non
2430 3657 2503 3711 ita
2535 3659 2698 3728 longe
2731 3658 2924 3728 posita.
2964 3654 3259 3724 Postquam
3289 3665 3476 3710 tamen
3507 3655 3770 3710 duumviri
3794 3652 3860 3708 illi

2279 3749 2348 3805 de
2401 3749 2684 3804 Chromatii
2742 3751 2915 3820 patria
2972 3749 3350 3818 scripserunt,
3396 3763 3460 3802 ex
3520 3745 3861 3802 feracissimis

2283 3843 2546 3915 Aquileiae
2577 3844 2864 3899 ruderibus
2889 3852 3238 3898 mOnumenta
3269 3843 3498 3913 aliquot,
3533 3856 3705 3912 eaque
3735 3853 3859 3911 prat-

2280 3937 2452 4001 clara,
2479 3937 2530 3990 in
2575 3937 2820 4008 apricum
2853 3950 3074 3997 venere.
3104 3951 3225 4005 qum
3255 3932 3566 3988 Eusebianw
3595 3933 3859 4004 cujusdam

2281 4028 2525 4097 familiai,
2558 4039 2613 4085 et
2657 4030 2863 4099 absque
2913 4029 3078 4083 tlnhio
3118 4027 3508 4099 Aquileiensis,
3545 4030 3859 4083 mentionem

2281 4140 2424 4179 nune
2455 4124 2690 4192 primum
2723 4124 2952 4188 faciunt,
2981 4137 3211 4194 qumque
3242 4137 3269 4176 a
3299 4123 3418 4178 viro
3443 4124 3862 4178 clarissimoAtt-

2280 4218 2404 4289 gelo
2419 4217 2583 4273 Maria
2598 4215 2944 4283 Cor-tinovio,
2963 4216 3241 4272 litinensis
3265 4216 3422 4286 hujus
3435 4216 3654 4287 collegii
3671 4213 3861 4272 Sancti-

2282 4313 2434 4370 Pauli
2459 4313 2775 4384 prmposito,
2803 4327 2976 4382 nuper
2999 4310 3140 4383 apud
3168 4325 3268 4365 nos
3295 4312 3399 4364 vita
3426 4309 3643 4376 functo,
3665 4319 3719 4364 et
3748 4308 3859 4362 illu-

2281 4413 2446 4460 strata
2476 4403 2612 4478 [xu]
2641 4417 2695 4460 et
2727 4406 2924 4474 publici
2950 4405 3114 4459 etiam
3147 4403 3290 4474 juris
3322 4403 3457 4458 facta
3490 4402 3730 4459 fuerunt.
3755 4402 3860 4473 Ipse

2281 4519 2410 4556 vero
2426 4519 2490 4556 ex
2509 4502 2590 4556 his
2607 4501 2977 4556 monumentis
2991 4500 3152 4554 simul
3169 4500 3424 4570 sumptis,
3448 4500 3612 4556 sicuti
3631 4496 3863 4552 Eusebia-

580 4601 749 4652 citato
779 4611 947 4664 Opere
978 4611 1075 4665 pro
1119 4593 1342 4666 epoeltis
1374 4603 1563 4646 sancto
1593 4588 1814 4644 Eusebio
1843 4589 2172 4644 Bononiensi
2201 4565 2254 4624 Β
2279 4610 2394 4646 rum
2417 4593 2675 4647 familiam
2701 4593 3015 4664 quamdam,
3045 4603 3099 4648 et
3128 4592 3400 4647 illustrem
3431 4594 3678 4663 quidem,
3708 4591 3858 4661 Aqui-

580 4691 878 4744 attribntis.
911 4687 982 4742 Et
1011 4687 1228 4740 interim
1264 4685 1378 4738 hinc
1410 4685 1522 4752 ipsa
1552 4697 1822 4736 annorum
1853 4682 1957 4737 370
1989 4693 2038 4735 et
2069 4681 2175 4737 400

581 4783 856 4847 absoluta,
889 4793 966 4846 et,
994 4790 1049 4833 ιιι
1077 4780 1147 4833 ita
1178 4779 1447 4843 dicamus,
1477 4776 1727 4843 rotunda,
1759 4791 1786 4828 a
1814 4774 2173 4846 Chronologis

579 4877 744 4932 etiam
774 4873 1179 4929 accuratissimis
1205 4871 1343 4927 facta
1377 4869 1640 4941 signatio,
1671 4871 1874 4940 absque
1903 4871 2007 4925 ulla
2041 4885 2174 4926 neu-

581 4969 725 5024 trubi
778 4968 1003 5021 alterius
1055 4965 1267 5020 numeri
1316 4965 1593 5019 additione
1627 4979 1722 5020 seu
1755 4965 2166 5033 imminutione,

577 5061 952 5133 pra-judicium
999 5058 1159 5112 facile
1209 5058 1405 5128 ingerit
1452 5055 1856 5112 ittcerlitndinis
1907 5057 2103 5111 habitae
2139 5071 2172 5112 a

577 5153 941 5224 ChronoIOgis
1008 5152 1140 5221 ipsis
1201 5151 1254 5206 in
1309 5151 1461 5207 hisce
1526 5151 1748 5220 epochis
1803 5150 2166 5220 assignandis.

578 5245 753 5322 [xvnt]
785 5247 1133 5303 Monntnenta
1167 5257 1348 5300 autem
1383 5256 1563 5298 nostra
1586 5285 1600 5311 ,
1634 5261 1755 5312 qua:
1785 5243 2046 5300 habemus
2077 5246 2168 5300 [ir-

521 5366 526 5370 ·
573 5344 843 5406 missima,
875 5341 1093 5395 minime
1126 5348 1338 5405 vetant,
1375 5338 1667 5408 qutiminns
1699 5338 1953 5393 Eusebius
1996 5338 2164 5393 Chro-

575 5424 718 5491 matii
745 5438 912 5490 frater
941 5434 1251 5503 inaugurari
1278 5441 1512 5504 potuerit
1535 5434 1822 5504 episeopus
1853 5434 2166 5489 Bononien-

573 5531 648 5586 sis
683 5539 804 5600 post
832 5545 1033 5584 annum
1060 5528 1167 5582 475
1195 5527 1446 5581 indicata:
1474 5525 1794 5599 Hieronymi
1825 5527 2074 5597 epistola:
2099 5526 2164 5580 ad

572 5621 945 5680 Chromatium,
969 5619 1284 5673 Jovinumct
1311 5615 1614 5685 Eusebium,
1649 5627 1742 5674 aut
1773 5619 1936 5672 etiam
1969 5618 2164 5673 eodem

569 5716 688 5785 ipso
717 5715 965 5784 epistol-.e
996 5713 1139 5768 illius
1165 5727 1309 5766 anno
1340 5724 1600 5766 currente
1626 5728 1639 5765 :
1667 5723 1720 5766 et
1751 5713 1939 5768 eadem
1969 5727 2164 5767 monu-

572 5819 750 5866 menta
800 5825 898 5866 nos
930 5816 1185 5876 mouent,
1217 5817 1277 5862 ut
1314 5820 1456 5863 anno
1486 5805 1592 5864 396
1625 5807 1734 5863 vita
1775 5805 1886 5879 jam
1917 5806 2162 5864 functum

2277 4683 2396 4738 leta:
2425 4683 2705 4738 exstitisse
2750 4695 2951 4754 quarto
2999 4695 3054 4739 et
3086 4683 3276 4753 quinto
3307 4683 3508 4738 Christi
3556 4685 3762 4740 saeculo
3789 4699 3860 4736 ar-

2275 4776 2413 4848 guit,
2444 4776 2518 4832 ita
2550 4778 2616 4832 ad
2643 4780 2782 4834 hanc
2817 4778 3066 4834 eamdem
3099 4777 3356 4833 familiam
3378 4777 3739 4834 Chromatium
3767 4793 3856 4834 no-

2275 4879 2472 4938 strum,
2498 4880 2662 4943 atque
2692 4871 2972 4926 Eusebium
3009 4873 3235 4937 fratres,
3273 4869 3455 4942 aliquo
3485 4873 3681 4926 saltem
3712 4870 3858 4926 modo

2276 4965 2628 5032 pertinuisse,
2662 4981 2767 5019 non
2801 4979 2945 5034 mgre
2972 4965 3300 5036 suspicatur.
3334 4963 3418 5018 Ab
3449 4967 3564 5020 avis
3595 4964 3856 5036 siquidem

2273 5064 2329 5112 et
2356 5059 2602 5128 patribus
2636 5059 2688 5114 in
2732 5058 2872 5113 filios
2903 5068 2957 5114 et
2987 5067 3212 5128 nepotes
3244 5063 3463 5113 nomina
3491 5068 3624 5116 tunc
3654 5074 3858 5132 quoque

2272 5153 2751 5223 propagabantur,
2794 5143 2917 5222 quia
2963 5150 3138 5206 veluti
3176 5151 3507 5207 familiarum
3541 5155 3856 5224 cognomina

2269 5247 2516 5317 quatdam
2547 5247 2656 5317 jam
2689 5258 2818 5303 tunc
2837 5247 3279 5302 constituebant:
3312 5257 3365 5302 et
3396 5245 3654 5303 Eusebius
3685 5258 3858 5305 noster

2269 5342 2370 5398 etsi
2403 5353 2522 5412 post
2561 5341 2919 5396 Chromatium
2945 5359 2972 5394 ει
3003 5341 3131 5396 divo
3173 5341 3524 5414 Hieronymo
3555 5347 3858 5399 nominetur

2269 5435 2499 5504 epistola
2527 5435 2558 5488 7
2591 5445 2641 5488 et
2671 5433 2705 5489 8
2735 5435 2784 5487 in
2809 5434 3053 5489 editione
3076 5433 3351 5500 Vallarsii,
3378 5436 3504 5505 quia
3533 5435 3856 5492 Chromatius

2269 5534 2397 5582 tunc
2425 5530 2712 5600 presbyter
2739 5528 3130 5599 Aquileiensis,
3162 5529 3413 5586 Eusebius
3437 5548 3568 5589 vero
3601 5535 3857 5589 diaconus

2270 5629 2478 5676 tantum
2509 5632 2662 5687 erat;
2695 5620 2952 5678 Eusebius
2981 5633 3159 5680 tamen
3204 5634 3332 5679 natu
3363 5625 3536 5696 major
3567 5625 3856 5683 Clu-amatio

2268 5715 2441 5774 fuisse
2465 5717 2699 5782 videtur,
2727 5727 2786 5775 ut
2825 5719 2942 5788 ipse
2973 5731 3267 5792 propterea
3300 5722 3612 5782 Eusebianae
3647 5726 3856 5782 familia:

2267 5820 2466 5865 nomen
2496 5807 2790 5878 obtineret,
2823 5805 2949 5881 quia
2973 5816 3028 5867 et
3056 5822 3201 5868 anno
3241 5809 3445 5870 Christi
3471 5811 3575 5871 581
3611 5815 3668 5872 in
3694 5813 3857 5889 Aqui-
