4056 6340
183 275 271 333 εθι
1448 273 1534 343 PB
1546 267 1659 346 EF
1670 274 1780 333 ΔΤΙ

1888 274 2204 346 ΞΒΙΤΟΕῘΞ.

3409 288 3522 362 163

183 385 357 440 leiensi
383 387 629 443 concilio
650 387 902 459 ipsejam
927 386 1219 458 episcopus
1241 395 1359 443 erat
1387 388 1777 455 Bononiensis,
1810 395 1857 454 Α
1888 392 2060 447 lentio
2087 403 2360 462 veterum,
2383 401 2441 452 et
2463 395 2791 471 Hieronymi
2823 403 3156 472 przesertim,
3179 407 3345 466 vellet
3370 415 3520 484 quis-

181 480 244 534 uli
281 495 345 534 ex
378 482 643 550 superius
683 482 845 537 dictis
887 482 1231 550 eonjicimus,
1276 480 1405 534 dum
1447 481 1778 535 Chromatius

183 572 347 624 adhuc
377 573 672 643 presbyter
705 583 912 628 tantum
947 583 1095 628 esset
1126 572 1494 642 Aquileiensis
1523 589 1536 628 :
1570 581 1622 625 et
1654 580 1782 626 ante

185 663 526 718 Chromatium
549 667 670 734 ipse
694 681 912 735 quoque
936 663 1170 720 excessit
1196 678 1226 718 e
1255 665 1360 718 vita
1381 664 1457 718 uti
1490 678 1554 717 ex
1585 663 1778 718 eodem

187 757 507 828 Hieronymo
553 757 832 814 habemus
861 759 1086 828 epistola
1119 758 1321 812 ibidcm
1367 760 1457 818 ϐυ,
1507 770 1656 810 num.
1687 756 1780 824 t9,

185 853 240 906 ad
289 850 662 917 Heliodorum,
699 871 844 924 qum,
877 857 949 908 uti
994 855 1104 924 jam
1158 853 1417 917 diximus,
1460 853 1525 906 ad
1574 867 1780 906 annum

185 947 404 1016 pertinet
459 945 595 1002 496.
651 948 730 1001 Ex
779 947 1073 1002 Eusebiana
1104 949 1279 1020 igitur
1331 947 1668 1017 Aquileiensi
1700 945 1782 1000 fa-

184 1039 334 1100 milia,
368 1051 418 1094 et
451 1039 687 1110 quidem
718 1039 772 1094 in
817 1043 1009 1109 primis
1041 1042 1214 1104 clara,
1259 1041 1333 1093 uti
1365 1039 1556 1094 eadem
1587 1054 1784 1092 tnonu-

187 1147 344 1186 menta
378 1148 480 1188 nos
520 1132 750 1198 docent,
800 1131 1157 1187 Chromatium
1214 1145 1458 1187 nostrum
1512 1132 1782 1200 prodiissc

185 1224 326 1279 facile
349 1225 640 1279 credimus
675 1241 688 1278 :
723 1225 866 1279 unde
897 1240 1001 1278 non
1029 1225 1238 1279 modica
1265 1225 1442 1280 cidem
1477 1224 1595 1278 laus
1619 1239 1780 1278 acce-

184 1319 266 1381 dit,
295 1318 435 1386 quod
469 1319 712 1387 originis
741 1319 1046 1374 claritatem
1073 1319 1199 1374 vita:
1228 1317 1614 1385 sanctimonia,
1643 1318 1779 1373 doc-

187 1413 324 1467 trinae
362 1413 710 1483 splendore,
763 1424 818 1469 et
867 1413 1162 1467 virtutibus
1209 1415 1468 1468 omnibus
1520 1412 1781 1483 episcopo

185 1509 367 1577 dignis,
391 1524 496 1562 una
528 1523 659 1563 cum
693 1507 922 1562 Eusebio
957 1506 1144 1570 fratre,
1197 1507 1506 1560 exornavit.
1546 1509 1780 1560 Exstant

187 1605 313 1674 typis
345 1603 490 1658 edita
521 1619 553 1656 a
586 1603 915 1657 Cortiuovio
951 1601 1256 1655 Eusebianw
1300 1601 1666 1669 Aquileiensis
1702 1601 1779 1654 fa-

187 1697 333 1750 milia-
351 1705 712 1749 monutnenta
732 1695 784 1748 in
810 1693 1209 1748 Dissertatione
1225 1709 1316 1746 sua
1345 1693 1526 1747 ltalice
1548 1694 1774 1762 scripta,

1891 484 2033 553 piam
2066 502 2281 556 urgere.

1959 577 2359 647 Nihilominus,
2391 598 2488 636 seu
2526 583 2748 654 viderit,
2780 603 2879 644 seu
2915 605 3021 645 non
3058 592 3278 658 viderit,
3304 595 3510 654 Fonta-

1891 669 2004 724 nini
2052 673 2228 726 nostri
2284 674 2444 744 (satis
2497 679 2835 750 ('{Plerlltluill
2880 683 3042 738 etiam
3097 686 3147 739 in
3180 688 3353 742 (Iallia
3399 692 3514 748 noti

1889 764 2204 834 scripturis)
2233 779 2516 822 momenta
2543 769 2862 838 Ceillierns,
2898 777 2946 828 in
2975 793 3067 830 sua
3097 779 3335 836 Histoire
3356 788 3512 858 généo

1889 857 1997 911 rale
2057 859 2148 913 des
2199 871 2413 916 autettrs
2436 868 2606 919 δασέες
2641 877 2688 922 ct
2738 871 3178 943 ecclesiastiqttes,
3228 885 3378 932 tomo
3419 879 3465 936 Χ
3495 923 3509 948 ,

1888 965 2009 1020 cap.
2040 952 2094 1018 3,
2136 969 2324 1022 parum
2356 957 2644 1014 dissimilis
2675 977 2703 1015 a
2746 961 3124 1032 Tillemontio,
3162 969 3235 1025 ita
3267 973 3452 1026 scribit
3491 993 3504 1031 :

1889 1042 2040 1098 Nous
2096 1063 2159 1100 ne
2187 1058 2428 1104 trouvons
2467 1053 2575 1105 rien
2608 1054 2696 1109 des
2725 1058 2882 1111 écrits
2933 1061 2998 1114 de
3025 1065 3162 1114 saint
3219 1064 3506 1121 Chromace

1888 1137 2018 1190 dttns
2047 1155 2220 1192 aucun
2252 1143 2316 1196 de
2337 1160 2468 1198 crux
2493 1149 2582 1215 qui
2610 1165 2740 1202 nons
2771 1162 2860 1204 ont
2893 1153 3050 1210 luisse
3079 1157 3172 1212 des
3203 1163 3504 1227 cata/agites
3565 1175 3574 1180 ‘

1888 1226 1976 1280 (les
1995 1229 2253 1283 écrivains
2272 1234 2706 1305 erclésiasliques-
2738 1240 2792 1293 Il
2819 1260 2853 1314 y
2881 1261 2912 1296 α
2942 1248 3244 1304 néamnoins
3259 1219 3502 1323 qur/ques

1887 1324 2199 1377 manuscrits
2229 1327 2295 1378 ait
2337 1328 2435 1381 l’on
2475 1340 2656 1386 trouve
2701 1333 2749 1386 le
2798 1352 2916 1388 nom
2955 1339 3019 1390 de
3067 1338 3350 1397 Chrontace
3391 1346 3424 1398 ὰ
3450 1346 3502 1400 la

1887 1415 1986 1467 tete
2011 1414 2076 1468 de
2109 1418 2235 1470 trois
2265 1419 2505 1475 discours
2527 1439 2626 1494 que
2673 1425 2775 1479 l‘on
2822 1444 2853 1480 a
2875 1429 3140 1501 imprimés
3179 1435 3311 1488 dans
3337 1437 3385 1489 lu
3413 1435 3504 1491 Bi-

1887 1507 2178 1578 bliothéque
2207 1511 2296 1564 dcs
2325 1510 2581 1568 Feres...
2619 1515 2688 1571 Cc
2721 1519 2875 1587 qu’on
2907 1535 3026 1594 pettt
3067 1527 3176 1580 dire
3206 1529 3270 1582 de
3301 1531 3496 1596 mieux,

1885 1597 2003 1651 c'est
2053 1617 2153 1667 que
2188 1602 2260 1654 les
2287 1604 2440 1658 ecrits
2463 1607 2552 1676 qui
2577 1616 2780 1676 portent
2811 1611 2860 1664 le
2898 1629 3016 1666 nom
3064 1615 3127 1670 de
3165 1621 3301 1672 sainl
3333 1618 3501 1674 Chro-

1886 1705 2027 1742 mace
2053 1706 2119 1742 ne
2141 1703 2259 1746 sont
2287 1697 2432 1764 point
2465 1698 2700 1768 indignes
2732 1703 2794 1755 de
2827 1701 2922 1768 lui,
2948 1715 2996 1758 et
3033 1723 3130 1775 que
3157 1708 3261 1763 l‘on
3291 1729 3352 1764 ne
3374 1731 3499 1766 con-

187 1791 259 1843 cui
293 1789 474 1843 titulus
507 1807 521 1844 :
579 1789 757 1860 Sapra
789 1805 894 1841 una
919 1785 1204 1840 Iscrizione
1245 1784 1411 1840 Greca
1455 1786 1771 1857 d‘AquiIeia,
1812 1769 1855 1828 Β
1884 1781 1994 1835 nuit
2041 1787 2187 1852 point
2228 1787 2469 1854 d'évéme
2499 1791 2564 1844 de
2583 1810 2639 1846 ce
2669 1811 2786 1847 nom
2823 1797 2855 1849 ὰ
2895 1799 2985 1866 qui
3021 1769 3087 1853 iis
3136 1803 3364 1868 puissent
3392 1807 3500 1861 étre

187 1898 271 1937 seu
303 1883 480 1950 potius
506 1883 559 1935 in
598 1880 807 1951 pra-via
838 1881 1080 1950 ejusdem
1115 1880 1354 1949 Epistola
1381 1878 1774 1948 nuncupatoria

189 1974 244 2030 ad
263 1953 758 2031 eminentissimum
776 1991 834 2029 ca
845 1975 1107 2028 rdinalem
1133 1974 1346 2044 Borgia,
1365 1972 1594 2028 Bassano
1614 1972 1772 2040 i792;

190 2085 384 2124 necnon
433 2069 488 2124 in
547 2069 946 2122 dissertatione
1001 2069 1170 2123 altera
1202 2111 1216 2132 ,
1290 2067 1540 2122 similiter
1591 2067 1777 2124 Italico

189 2165 372 2232 scripta
401 2204 415 2228 ,
475 2163 564 2216 cui
622 2162 857 2216 titulus:
899 2159 1070 2232 Sapra
1111 2176 1179 2214 un
1210 2158 1554 2214 Bassorilicvo
1596 2159 1648 2212 di
1678 2158 1778 2214 Co-

191 2265 343 2310 sttmzo
381 2272 408 2310 e
443 2253 702 2309 Giuliano
729 2295 745 2319 ,
791 2268 911 2324 qua:
957 2254 1136 2307 locum
1184 2252 1350 2307 habet
1395 2252 1446 2306 in
1495 2251 1776 2307 litterariis

191 2349 468 2416 fasciculis,
499 2349 788 2418 inscriptis
822 2363 836 2400 :
871 2343 1118 2400 Memorié
1139 2361 1228 2415 per
1249 2346 1436 2399 servire
1461 2343 1568 2398 alla
1600 2344 1775 2400 Storia

193 2440 459 2496 Lctterariu
486 2459 514 2495 e
553 2440 739 2496 Civile.
799 2439 1050 2505 Venezia,
1093 2455 1270 2508 presso
1321 2437 1567 2508 Pasquali
1611 2438 1772 2495 1799.

195 2531 352 2586 Marso
374 2550 400 2586 e
423 2532 635 2601 Aprile,
675 2545 800 2601 pag.
833 2531 867 2585 5
896 2539 951 2585 et
982 2530 1357 2601 sequentibus.

250 2624 400 2678 Aliud
445 2639 594 2678 nunc
640 2638 741 2677 nos
787 2632 963 2691 urget,
1005 2623 1149 2692 quod
1189 2621 1546 2676 Chromatium
1571 2623 1768 2692 ipsum,

193 2716 248 2771 de
289 2733 395 2787 quo
445 2717 780 2780 scribimus,
835 2715 1149 2785 singillatim
1192 2715 1417 2784 respicit
1464 2733 1478 2769 :
1537 2727 1775 2788 suntque

197 2808 402 2882 Scripta,
434 2808 557 2864 sive
590 2807 866 2877 Opuscuh
893 2808 1034 2876 ejus,
1073 2822 1194 2878 quae
1233 2823 1368 2860 nova
1403 2807 1505 2862 hac
1531 2809 1776 2864 editione

199 2904 464 2960 donamus.
503 2909 585 2960 Ac
627 2897 806 2976 primo
843 2902 1064 2973 quidem
1113 2919 1125 2954 :
1169 2916 1368 2957 suntne
1391 2903 1665 2972 genuinus
1698 2905 1776 2959 le-

201 3012 270 3054 tus
290 3001 466 3067 illius,
509 3016 634 3072 qua:
681 2999 786 3054 snb
825 2999 944 3068 ejus
997 2999 1220 3053 nomine
1264 2999 1407 3054 edita
1448 2998 1686 3063 fuerunt,
1722 3009 1777 3054 et

202 3109 324 3147 nunc
351 3094 530 3148 denuo
552 3092 838 3147 eduntur?
870 3091 1174 3146 Fatendum
1207 3101 1293 3146 est
1322 3107 1444 3146 cum
1478 3092 1776 3146 Tillemon-

203 3186 284 3249 tio,
313 3184 589 3252 Ceilliero,
622 3185 883 3256 aliisque,
913 3184 1080 3238 altum
1123 3183 1192 3238 de
1218 3182 1510 3238 Chromatii
1558 3183 1774 3254 scriptis
1805 3160 1849 3224 Ο

203 3278 432 3346 operibus
461 3278 900 3348 quibuscumque
925 3291 1047 3331 esse
1074 3277 1351 3331 silentium
1375 3276 1516 3344 apud
1538 3285 1774 3343 veteres,

205 3371 280 3439 qui
327 3371 477 3426 nobis
525 3371 652 3425 data
701 3383 871 3439 opera
921 3369 1170 3424 notitiam
1205 3370 1547 3438 reliquerunt
1595 3381 1778 3422 aucto-

208 3478 332 3530 rum,
382 3479 475 3520 seu
529 3463 710 3519 (etatis
762 3479 876 3518 sua:
910 3504 925 3528 ,
979 3477 1074 3518 seu
1123 3462 1288 3518 etiam
1351 3463 1776 3532 przecedentium

208 3553 310 3626 (xx)
331 3558 649 3611 saeculorum
672 3572 687 3621 ;
713 3557 914 3626 quique
933 3555 1171 3621 ipsorum
1198 3553 1410 3622 Scripta
1439 3554 1612 3608 indica
1625 3564 1776 3620 runt,

208 3645 308 3702 sive
323 3651 569 3703 omnibus
590 3657 740 3714 nota,
766 3646 880 3702 sive
898 3645 1203 3716 deperdita,
1224 3647 1308 3701 vel
1327 3647 1550 3700 latentia
1573 3664 1583 3699 :
1605 3661 1778 3716 neque

209 3740 509 3797 dissimulari
539 3742 763 3813 quidem
797 3749 998 3812 potest,
1027 3750 1152 3795 tunc
1179 3741 1394 3796 tandem
1420 3745 1599 3812 primo
1619 3741 1779 3796 iuno-

213 3834 363 3891 tuisse
419 3835 694 3890 litterariae
749 3835 1062 3904 reipublica:
1117 3831 1472 3888 Chromatium
1529 3845 1778 3889 nostrum

211 3926 389 3997 aliquid
428 3929 635 3998 scripto
674 3938 964 3983 exaratum
1007 3927 1324 3996 reliquisse,
1377 3942 1499 3981 cum
1546 3943 1616 3983 ex
1665 3944 1780 3983 ma-

214 4024 469 4092 nuscripto
498 4022 735 4094 quodam
770 4022 948 4076 veteri
980 4021 1193 4088 Scripta
1224 4019 1370 4073 illius
1402 4020 1625 4075 Basilea:
1654 4036 1781 4090 pro-

215 4116 409 4171 dierunt
435 4132 577 4171 anno
597 4114 736 4170 1528
760 4115 959 4169 merito
983 4121 1038 4168 et
1056 4129 1224 4184 opera
1247 4113 1474 4168 Joannis
1493 4113 1738 4167 Siehardi
1764 4129 1778 4177 ;

215 4205 328 4263 licet
353 4209 673 4281 Scriptorum
715 4206 979 4261 horumce
1010 4206 1346 4261 mentionem
1380 4205 1668 4274 quamdam
1703 4203 1783 4258 fe-

217 4303 329 4356 cerit
345 4307 507 4359 multo
527 4315 655 4360 ante
676 4304 872 4358 beatus
885 4302 1118 4357 Albinus
1133 4301 1384 4366 Flaccus,
1405 4314 1500 4354 seu
1518 4300 1781 4354 Aleuinus

216 4393 372 4462 abbas,
403 4397 452 4451 in
491 4398 667 4452 libello
698 4397 946 4450 adversus
992 4394 1245 4450 Haeresim
1277 4392 1474 4447 Felicis
1524 4393 1777 4464 episcopi.

217 4484 274 4540 Et
309 4488 682 4545 lecmomius
729 4489 973 4560 quidem,
1029 4490 1210 4558 Opere
1240 4502 1302 4541 ac
1333 4495 1480 4540 temo
1506 4500 1668 4554 supra
1696 4483 1775 4538 ci-

222 4587 312 4638 lan
339 4598 456 4656 pag.
487 4585 594 4642 539
623 4558 884 4639 editionis
916 4581 1138 4638 Venetae
1187 4581 1497 4636 Pitteriana:
1517 4622 1530 4645 ,
1569 4594 1780 4635 necnon
1808 4558 1862 4620 D

207 4687 319 4731 nota
344 4681 394 4747 2,
427 4697 549 4752 pag.
575 4679 704 4746 (:55,
730 4681 830 4734 etsi
862 4680 1098 4750 ingenue
1124 4677 1362 4733 fateatur
1385 4676 1596 4747 Scripta
1619 4675 1786 4731 Chro-

221 4775 354 4829 minio
378 4787 563 4832 nostro
585 4776 845 4830 attributa
871 4774 1028 4844 digna
1053 4789 1177 4829 esse
1201 4773 1520 4828 celebritate
1549 4773 1784 4826 nominis

223 4863 388 4933 ipsius,
425 4885 600 4938 neque
629 4867 989 4922 Chromatium
1018 4867 1250 4921 alterum
1304 4875 1487 4919 notum
1522 4880 1668 4931 esse,
1696 4864 1783 4919 cui

224 4961 406 5026 possint
425 4961 640 5032 dignius
669 4961 934 5030 assignari
963 4976 978 5026 ;
1010 4958 1194 5014 subdit
1222 4957 1607 5024 nihilominus,
1638 4956 1782 5026 quod

225 5047 258 5099 il
283 5053 419 5106 seruit
440 5054 470 5107 ἃ
493 5055 756 5108 souhaitcr
780 5052 934 5123 qu'on
953 5060 1063 5105 eust
1089 5051 1178 5103 des
1210 5064 1427 5119 preuves
1453 5049 1572 5116 plus
1601 5049 1779 5114 fortes,

226 5145 404 5211 qu'ellcs
431 5159 540 5202 sont
587 5150 652 5203 de
682 5149 754 5202 ltti
779 5187 794 5213 ,
835 5163 932 5216 que
959 5145 1082 5200 u‘est
1129 5145 1176 5198 le
1205 5145 1319 5196 titre
1349 5143 1440 5196 des
1483 5142 1787 5196 manuscrits

227 5240 298 5305 qui
341 5242 406 5295 les
439 5243 712 5298 attribuent
742 5243 775 5295 ὀ
824 5239 1108 5296 Chromace
1150 5249 1356 5309 avesque
1392 5239 1616 5292 romaiu.
1667 5235 1786 5292 Vim

231 5327 396 5389 horum
438 5335 778 5392 Ttllemontii
813 5333 1103 5390 verborum
1147 5331 1419 5388 intellexit
1450 5329 1789 5386 Fontaninus

232 5435 426 5492 noster;
469 5445 534 5486 ac
579 5439 868 5501 propterea
901 5436 1042 5481 totus
1069 5424 1168 5480 fuit
1202 5426 1255 5478 in
1296 5424 1674 5480 Lucttbratione
1718 5424 1787 5479 dc

215 5515 514 5590 Chromatio,
529 5543 688 5593 qua...
709 5535 831 5594 post
851 5521 1060 5590 Scripta
1079 5535 1172 5574 seu
1197 5519 1466 5588 ()puscula
1486 5519 1704 5584 damus,
1730 5525 1789 5572 ut

233 5613 383 5666 modis
411 5618 654 5672 omnibus
693 5615 1047 5670 confirmaret
1090 5628 1154 5668 ea
1195 5615 1443 5684 apprime
1488 5612 1788 5666 convenire

236 5708 432 5775 noinini,
463 5711 603 5780 quod
646 5710 961 5780 pra-ferunt,
993 5706 1281 5762 Chromatii
1318 5705 1490 5760 nostri
1539 5700 1786 5774 episcopi

237 5796 594 5872 Aquileiensis;
639 5815 694 5860 et
741 5812 799 5858 ut
834 5802 1050 5874 objects
1094 5799 1397 5867 relelleret,
1447 5814 1567 5870 qua:
1609 5812 1676 5854 ex
1705 5798 1784 5856 si-

1882 1875 2135 1932 attribués
2163 1895 2284 1933 avec
2315 1882 2435 1952 plus
2483 1885 2548 1936 de
2565 1887 2780 1956 justice.
2818 1888 2897 1942 En
2953 1889 3118 1961 igitur
3169 1911 3199 1948 a
3243 1897 3498 1953 Ceilliero

1881 1981 2158 2026 reettctum
2212 1975 2356 2042 quod
2404 1977 2723 2044 praebuerat
2757 1981 3185 2053 Tillemontius;
3227 2002 3286 2044 ut
3312 1992 3492 2048 adhuc

1880 2074 2093 2118 certum
2119 2065 2609 2139 exploratumque,
2657 2076 2820 2128 etiam
2847 2075 3001 2142 juxta
3043 2079 3223 2145 illum,
3257 2099 3362 2137 non
3396 2086 3491 2150 sit,

1882 2154 2092 2228 Scripta
2130 2158 2217 2210 illa
2246 2200 2259 2221 ,
2293 2175 2414 2229 qua:
2444 2163 2546 2216 sub
2585 2163 2873 2220 Chromatii
2913 2170 3090 2224 nostri
3133 2174 3354 2228 nomine
3385 2175 3493 2228 cir-

1879 2249 2280 2315 cumferuntur,
2327 2254 2496 2324 ipsius
2538 2271 2666 2312 eSse
2695 2274 2926 2328 reapse;
2979 2273 3034 2317 et
3082 2265 3183 2318 hoc
3228 2284 3293 2321 ea
3347 2285 3488 2337 pran-

1879 2344 2068 2397 sertim
2119 2345 2188 2399 de
2236 2361 2423 2411 causa,
2465 2349 2610 2418 quod
2645 2351 2793 2405 nulla
2824 2368 3016 2408 eorum
3052 2359 3262 2413 mentio
3295 2359 3347 2413 in
3397 2377 3491 2416 ve-

1882 2447 2056 2490 terum
2085 2439 2350 2508 catalogis
2375 2441 2664 2497 habeatur.
2854 2449 2858 2453 ’

1951 2527 2060 2583 Nos
2110 2529 2292 2600 itaque
2344 2530 2604 2589 Ceilliero
2643 2553 2860 2608 quoque
2922 2544 3240 2612 reponimus
3275 2586 3287 2610 ,
3340 2548 3488 2618 quid

1880 2619 2214 2680 Fontaninus
2247 2639 2412 2693 super
2440 2625 2580 2700 [xxi]
2624 2629 2963 2688 'l‘tllemOntii
3004 2636 3490 2698 animadversione

1880 2725 2165 2768 exoratum
2199 2715 2465 2785 reliquit;
2495 2728 2550 2773 et
2583 2721 2879 2777 silentibus
2901 2726 3064 2780 etiam
3091 2731 3365 2800 eatalogis
3395 2749 3489 2788 ve-

1881 2814 2056 2858 terum
2085 2846 2099 2869 ,
2141 2807 2232 2874 qui
2285 2806 2629 2876 Scriptorum
2663 2814 3164 2872 ecclesiasticorum
3210 2835 3377 2892 Opera
3403 2841 3489 2879 re-

1879 2911 2252 2968 censuerunt,
2291 2901 2578 2957 indubium
2615 2916 2665 2960 et
2707 2921 2918 2962 certum
2965 2911 3325 2969 nihilominus
3368 2935 3490 2974 esse

1883 3003 2155 3057 tenemus,
2201 3007 2448 3050 sanctum
2499 2998 2857 3054 Chromatium
2890 3015 3134 3058 nostrum
3168 3006 3490 3080 Aquileien-

1882 3102 1994 3141 sem
2043 3089 2361 3158 episeopum
2420 3105 2550 3146 vere
2583 3105 2865 3150 auctorem
2917 3113 3042 3153 esse
3086 3101 3441 3174 Scriptionnm
3470 3149 3484 3170 ,

1882 3193 2003 3247 quae
2031 3179 2130 3234 sub
2153 3179 2267 3249 ejus
2297 3182 2517 3237 nomine
2550 3183 2712 3239 edita:
2742 3185 3053 3243 habentur:
3099 3194 3361 3263 quidquid
3413 3197 3485 3252 sit

1881 3270 1950 3326 de
1995 3271 2217 3326 Romani
2263 3275 2491 3346 episcopi
2523 3275 2704 3344 titulo,
2739 3294 2846 3348 quo
2895 3297 2923 3333 a
2970 3283 3142 3352 prima
3176 3284 3483 3344 Basileensi

1882 3364 2122 3420 editione
2157 3365 2412 3436 insignita
2455 3367 2704 3434 fuerunt,
2741 3371 2807 3425 de
2829 3389 2936 3443 quo
2971 3376 3128 3430 titulo
3174 3389 3228 3432 et
3273 3353 3478 3435 Fonta-

1883 3458 2045 3512 ninus
2075 3457 2193 3528 ipse
2238 3471 2292 3514 et
2336 3460 2410 3515 De
2442 3459 2644 3516 Rubeis
2687 3463 2908 3521 abunde
2947 3467 3208 3524 dixerunt
3241 3513 3254 3536 ,
3308 3483 3360 3528 et
3385 3491 3483 3532 nos

1881 3565 2096 3622 quoque
2141 3552 2276 3606 infra
2306 3554 2578 3608 -nonnihil
2635 3557 2842 3613 addere
2894 3544 3302 3629 proposuimus.
3336 3565 3483 3623 Nihil

1880 3649 2031 3703 aliud
2053 3661 2340 3719 propterea
2361 3650 2764 3721 inquirendum,
2793 3653 2929 3708 nilnl
2953 3656 3380 3714 desiderandum
3406 3662 3483 3714 ul-

1885 3743 2084 3808 terius;
2120 3745 2276 3812 quasi
2309 3744 2601 3802 silentibus
2630 3754 2875 3802 veterum
2909 3751 3174 3821 catalogis
3205 3754 3387 3809 adhuc
3416 3757 3484 3811 de

1884 3835 2170 3892 Chromatii
2190 3838 2400 3907 scriptis
2430 3838 2530 3893 sub
2551 3839 2736 3909 judice
2762 3841 2827 3895 lis
2853 3855 3020 3907 esset,
3058 3853 3116 3900 et
3145 3847 3299 3916 quasi
3332 3859 3483 3903 cata-

1883 3931 2130 3999 logorum
2165 3938 2408 3985 veterum
2441 3930 2678 3986 defectui
2718 3934 2862 3988 nulla
2892 3935 2997 3989 alia
3024 3939 3250 3994 critices
3296 3941 3482 4010 regula

1882 4024 1949 4078 ad
1982 4025 2269 4080 veritatem
2300 4027 2704 4095 agnoscendum
2743 4029 2990 4098 suppleri
3024 4033 3284 4100 potuerit,
3319 4047 3482 4104 prout

1885 4131 1914 4170 a
1947 4117 2253 4171 Fontanino
2281 4119 2440 4186 plene
2473 4121 2786 4189 suppletum
2820 4121 2941 4175 fuit.
2973 4123 3359 4194 Catalogorum
3391 4142 3484 4184 ve-

1887 4219 2062 4264 terum
2094 4209 2476 4266 anctoritatem
2507 4212 2560 4266 in
2584 4213 2902 4269 sinceritate
2925 4214 3163 4284 Operum
3189 4217 3482 4286 judicanda

1886 4313 2184 4372 agnoverat
2227 4305 2576 4358 acutissimus
2609 4305 2836 4358 eritieus
2879 4305 3120 4362 Joannes
3148 4309 3397 4366 Clericus
3426 4313 3478 4368 in

1885 4410 1982 4450 sua
2012 4396 2134 4450 Arte
2151 4393 2363 4461 Critica,
2388 4405 2543 4466 parte
2569 4411 2647 4458 tn,
2673 4395 2917 4452 sectione
2939 4397 2995 4462 2,
3017 4413 3135 4468 cap.
3163 4400 3216 4465 5,
3250 4417 3403 4457 num.
3429 4404 3483 4469 Ι,

1887 4489 2032 4546 hunc
2057 4490 2312 4546 sanciens
2341 4490 2696 4558 aphorismum
2729 4505 2790 4544 :t
2824 4492 3036 4561 Scripta
3067 4509 3298 4563 quorutn
3329 4495 3482 4552 nulla

1889 4584 2095 4638 mentio
2117 4584 2169 4638 in
2198 4584 2391 4654 priscis
2417 4583 2706 4654 catalogis,
2742 4600 2861 4654 qua:
2892 4600 2992 4639 nec
3023 4595 3326 4642 memorata
3357 4600 3487 4645 sunt

1888 4678 1956 4732 ab
1990 4677 2102 4731 ullo
2136 4678 2405 4747 scriptore
2448 4677 2792 4746 sequentium
2835 4677 3086 4748 proxime
3134 4683 3482 4751 s:rcu|orum,

1890 4780 1950 4826 ttt
1983 4771 2276 4841 plurimum
2309 4781 2400 4824 aut
2430 4770 2551 4825 ficta
2573 4769 2869 4841 judicanda
2898 4778 3048 4838 sunt,
3081 4780 3173 4827 aut
3199 4775 3483 4831 minitnutn

1889 4877 2144 4934 Suspecta
2195 4862 2467 4918 habenda.
2517 4881 2536 4914 ι
2584 4861 2783 4918 Verum
2834 4878 2968 4920 ecce
3010 4867 3137 4937 quid
3173 4866 3317 4922 idem
3370 4870 3484 4940 ipse

1891 4957 2166 5012 addiderit
2221 4974 2372 5012 num.
2422 4957 2488 5013 15
2537 4974 2549 5009 :
2594 4974 2612 5008 ι
2660 4959 2920 5025 Quamvis
2972 4962 3257 5032 apharismi
3311 4965 3488 5020 nostri

1888 5051 2190 5106 auctoritas
2221 5052 2542 5120 plerumque
2574 5051 2780 5108 illibata
2836 5065 3097 5123 maneat,
3153 5074 3260 5112 non
3291 5059 3488 5117 diffite-
3551 5059 3556 5063 ’

1892 5143 2072 5198 bimur
2101 5152 2282 5199 tamen
2316 5143 2569 5214 egregios
2600 5143 2758 5198 nobis
2789 5145 2996 5216 aliquot
3024 5162 3317 5217 superesse
3348 5151 3486 5206 scri-

1893 5248 2111 5309 ptores;
2163 5251 2393 5306 quorum
2444 5249 2736 5306 suppares,
2781 5237 2874 5304 qui
2918 5240 3138 5308 quidem
3187 5245 3486 5312 supersint,

1895 5333 2102 5389 nullam
2133 5329 2469 5386 mentionem
2504 5330 2708 5385 fecere.
2746 5347 2765 5382 ι
2793 5329 2925 5386 Viro
2957 5333 3121 5402 igitur
3150 5337 3339 5390 critico
3369 5351 3490 5404 per-
3529 5390 3534 5395 _

1895 5441 2121 5480 suasum
2177 5421 2308 5487 luit,
2347 5435 2452 5477 non
2501 5422 2640 5477 tanti
2691 5437 2911 5494 semper
2951 5441 3071 5480 esse
3121 5427 3371 5496 ponderis
3401 5441 3524 5481 νινε-ί

1895 5527 2070 5574 terum
2102 5514 2406 5584 catalogos,
2443 5525 2526 5580 ut,
2573 5513 2706 5580 ipsis
2737 5515 3049 5581 silentibus,
3107 5518 3228 5570 aliis
3274 5517 3492 5573 critices

1894 5609 2097 5680 regulis
2140 5605 2375 5664 illvvlttl’i
2437 5608 2644 5664 veritas
2701 5625 2808 5664 non
2845 5611 3012 5676 possit
3043 5607 3096 5661 in
3148 5608 3490 5677 dijudieanda

1892 5702 2219 5760 sinceritate
2276 5715 2534 5769 operum,
2594 5716 2716 5772 qua:
2770 5701 2929 5753 alicui
2978 5699 3185 5751 auctori
3221 5700 3271 5751 in
3305 5715 3494 5754 manu-

1893 5798 2115 5868 scriptis
2142 5790 2429 5850 codicibus
2474 5790 2808 5849 tribuuntur.
2843 5788 3102 5858 Exempla
3147 5787 3345 5844 ibidem
3375 5805 3498 5861 pro.
