4056 6340
542 292 651 350 ses
1571 297 1629 356 s.
1669 290 2123 354 CHROMATIUS
2161 292 2267 353 ΕΡ.
2313 293 2813 367 AQUILEIENSIS.
3328 291 3362 302 ”
3452 267 3463 275 ’
3716 304 3806 363 soi

540 406 665 462 tulit
691 405 1033 464 Fontaniiius
1056 417 1343 466 auctorum
1379 418 1434 466 et
1465 425 1694 482 operum
1732 413 1830 466 toti
1882 411 2142 466 Ecclesia:
2172 415 2218 477 Α
2250 428 2440 469 mense
2476 413 2772 470 Novembri
2817 412 3177 484 praecedentis
3223 412 3351 468 anni
3401 412 3568 480 1744,
3615 415 3808 475 Trerol-

546 499 988 569 notissimorum,
1018 501 1086 556 de
1113 503 1307 573 quibus
1334 503 1478 574 apud
1515 505 1740 559 criticos
1767 503 1993 558 dubium
2029 503 2149 557 nul-

546 593 693 660 lum;
727 610 961 665 quorum
1010 607 1189 652 tamen
1225 613 1324 654 nec
1354 598 1694 665 Gennadius,
1739 614 1838 654 nec
1883 598 2144 664 Isidorus,

548 701 731 754 neque
763 687 854 743 alii
888 691 1331 746 nomenclatores
1362 691 1537 746 exteri
1562 691 2148 746 meminere.Clericus

547 797 680 838 vero
726 783 898 840 citato
943 800 1115 855 nuper
1165 785 1310 851 loco,
1361 784 1508 840 inter
1551 795 1809 840 auctores
1869 783 2148 838 Ecclesia-

548 878 739 944 sticos,
771 877 921 933 addit
969 878 1132 933 etiam
1186 878 1460 934 celebrem
1509 878 1958 949 Athenagoram;
1993 879 2148 949 cujus

550 981 731 1030 tamen
764 981 820 1029 ct
866 989 1062 1029 nomen
1093 981 1145 1028 et
1173 987 1364 1043 Opera,
1395 980 1456 1027 ut
1502 971 1620 1043 ipse
1647 973 1742 1038 ait,
1772 971 2009 1030 Eusebio
2034 973 2150 1028 llic-

553 1083 895 1140 ronymoqiie
931 1069 1112 1139 ignota
1151 1067 1322 1123 luere.

622 1159 796 1218 Unum
827 1175 987 1230 super
1019 1160 1120 1216 hac
1151 1176 1210 1215 re
1241 1159 1328 1216 hic
1352 1159 1556 1217 addere
1587 1160 1779 1226 liceat,
1831 1160 1974 1232 quod
2017 1177 2148 1218 auc-

551 1262 730 1310 torum
765 1253 1164 1322 Ephemeridum
1199 1254 1612 1320 litterariarum,
1665 1255 1829 1310 etiam
1880 1255 2151 1310 celebrio-

551 1363 668 1403 rum
691 1389 705 1415 ,
731 1347 1080 1415 siipiiiitatein
1113 1347 1445 1418 quandoque
1482 1359 1538 1404 et
1582 1348 1987 1419 indiligentiam
2029 1365 2151 1420 pro-

549 1439 674 1506 bet,
706 1457 812 1495 non
864 1440 984 1496 sine
1014 1441 1391 1496 studiosorum
1449 1443 1834 1510 incommodo,
1891 1459 1988 1499 nec
2036 1443 2154 1500 sine

551 1536 629 1592 rei
657 1535 939 1591 litterariae
968 1534 1496 1606 detrimento,cnjiis
1521 1536 1688 1591 immo
1706 1536 1958 1607 juvandze
1980 1537 2154 1608 gratia

549 1637 679 1683 sunt
707 1629 992 1684 institutae.
1020 1627 1075 1682 lii
1107 1628 1412 1698 percelebri
1436 1629 1661 1685 Gallica:
1691 1630 2013 1686 litteratura:
2040 1629 2156 1684 dia-

551 1722 669 1789 rio,
691 1727 776 1778 cui
809 1723 997 1776 titulus
1024 1720 1254 1774 Journal
1281 1721 1371 1775 des
1416 1720 1647 1786 Scavaiis
1674 1761 1689 1788 ,
1732 1737 1920 1777 mense
1961 1721 2156 1776 Martio

2248 506 2451 562 tieuses
2491 510 2721 564 alterius
2763 509 3033 564 notissimi
3089 524 3155 563 ac
3191 508 3621 578 prmstantissimi
3652 515 3807 580 operis

2249 601 2500 656 litterarii
2561 601 2880 658 conditores
2925 604 3054 657 :cui
3111 601 3338 665 titulus,
3389 601 3652 658 Mémoires
3701 623 3811 676 pour

2249 691 2521 748 l’llistoire
2543 695 2634 748 des
2658 695 2899 750 Sciences
2921 703 2967 748 et
2990 693 3078 748 des
3103 695 3406 747 beaux-arts
3433 708 3447 745 :
3467 709 3682 762 quorum
3705 711 3811 768 syn-

2187 851 2198 871 ⁸
2249 787 2422 857 opsim
2447 829 2461 853 ,
2505 791 2796 859 genuinam
2829 803 2894 844 ac
2931 788 3270 858 simplicem,
3302 787 3620 842 Ceillieriaiii
3649 792 3813 860 capitis

2249 879 2319 935 de
2345 878 3018 952 CliromatioAqnileiensi
3043 882 3089 936 si
3116 896 3228 952 prae
3251 880 3426 935 oculis
3449 880 3812 939 habuissetau-

2250 983 2367 1028 ctor
2387 975 2651 1044 praecitati
2675 976 2892 1030 articuli
2915 975 3070 1030 diarii
3100 974 3318 1034 Gallici.
3346 974 3436 1029 des
3460 974 3678 1040 Spartans
3701 993 3816 1033 iiun-

2251 1070 2432 1138 ciipati
2452 1111 2466 1134 ,
2494 1085 2786 1140 numquam
2820 1069 3051 1124 fortasse
3082 1083 3270 1123 mense
3293 1067 3490 1123 Martio
3521 1067 3689 1142 [unt]
3709 1072 3814 1126 anni

2253 1153 2636 1231 subsequentis
2687 1162 2825 1217 1745
2857 1169 2964 1214 tam
3014 1161 3173 1232 longe
3215 1170 3271 1216 et
3305 1176 3336 1215 a
3363 1161 3444 1216 rei
3475 1163 3690 1217 veritate
3722 1172 3769 1218 et
3793 1177 3816 1217 a

2253 1252 2490 1309 Ceillieri
2519 1268 2684 1309 sensu
2706 1253 2952 1310 abiisset.

2326 1347 2433 1405 Sed
2468 1348 2581 1418 jam
2610 1363 2751 1404 nunc
2781 1349 2848 1403 de
2883 1348 3104 1419 Scriptis
3129 1350 3249 1404 sive
3283 1348 3564 1417 Opusculis
3594 1347 3717 1418 ipsis
3746 1348 3818 1403 in-

2255 1442 2616 1513 quirenduiu;
2662 1442 2792 1511 quid
2827 1459 3018 1513 reapse
3046 1444 3154 1498 sint
3177 1484 3192 1511 ,
3241 1459 3374 1510 cur,
3413 1454 3468 1498 et
3499 1458 3602 1514 quo
3631 1442 3816 1509 ordine,

2258 1545 2312 1591 et
2361 1550 2470 1605 qua
2518 1535 2812 1591 occasione
2869 1536 3188 1591 eliicubrata
3231 1552 3260 1588 a
3302 1547 3493 1591 sancto
3537 1536 3821 1593 Chromatio

2260 1629 2472 1684 nostro?
2502 1628 2780 1684 Vetustior
2802 1628 2996 1684 horum
3024 1631 3351 1701 scriptorum
3382 1629 3633 1685 iudicatio
3651 1646 3708 1685 ea
3733 1640 3818 1699 est,

2258 1736 2420 1789 quam
2467 1721 2632 1774 habet
2670 1721 2867 1775 Beatus
2895 1721 3125 1778 Flaccus
3158 1723 3424 1788 Albinus,
3471 1738 3565 1778 seu
3593 1723 3822 1779 Alcuinus

554 1819 682 1870 anni
711 1813 851 1871 1745
881 1815 1041 1869 datur
1062 1813 1316 1886 syuopsis
1335 1829 1431 1870 seu
1455 1816 1838 1886 compendium
1891 1815 2024 1870 tomi
2053 1815 2151 1870 de-
2183 1803 2234 1864 Β
2260 1815 2447 1882 abbas,
2481 1815 2536 1870 in
2567 1814 2738 1869 libello
2777 1815 3022 1870 adversus
3068 1815 3323 1870 [heresim
3373 1815 3564 1871 Felicis
3601 1817 3820 1887 episcopi,

555 1909 680 1964 cimi
715 1907 965 1977 superius
1011 1907 1298 1962 memorati
1329 1912 1514 1977 operis
1545 1907 1702 1982 [xxii]
1740 1907 1986 1980 Remygii
2013 1907 2155 1962 Ceil-

555 2003 708 2058 lieri:
737 2002 791 2058 in
820 2017 929 2073 quo
960 2002 1140 2070 capite
1164 2001 1198 2056 5
1245 2003 1358 2073 agit
1393 2003 1507 2073 ipse
1535 2003 1601 2057 de
1627 2015 1818 2057 Sancto
1856 2003 2155 2057 Chromalio

557 2097 819 2168 episcopo
851 2097 1210 2167 Aquileiensi,
1237 2097 1413 2167 deque
1443 2097 1669 2167 Scriptis
1712 2097 1880 2152 illius.
1914 2097 1994 2152 En
2028 2113 2158 2154 vero

557 2191 684 2261 quid
732 2199 788 2244 et
825 2189 1098 2262 quomodo
1153 2189 1360 2244 scribat
1416 2190 1579 2260 hujus
1629 2190 1819 2257 diarii,
1851 2205 1946 2246 seu
1979 2190 2158 2261 potius

555 2285 771 2341 articuli
805 2285 966 2354 hujus
994 2285 1152 2340 diarii
1175 2326 1188 2350 ,
1217 2294 1431 2351 auctor,
1456 2285 1525 2340 de
1554 2284 1793 2339 Geillieri
1819 2285 1902 2339 sui
1936 2296 2158 2340 senten-

557 2378 628 2433 tia
657 2393 822 2447 super
850 2375 1138 2432 Chromalii
1157 2377 1331 2432 nostri
1363 2375 1766 2448 Scriptionibus.
1815 2375 1948 2430 Doni
1993 2377 2156 2448 Remy

557 2470 768 2526 Ceillier
790 2488 844 2525 se
886 2481 1062 2525 lrouve
1082 2487 1268 2525 encore
1306 2471 1372 2524 icl
1423 2487 1487 2524 en
1523 2470 1900 2524 contradiction
1929 2486 2048 2524 avec
2075 2468 2155 2524 Μ.

559 2562 868 2620 Fontanini.
900 2563 968 2619 Ce
994 2573 1201 2630 scaratil
1225 2563 1355 2617 dans
1378 2564 1637 2634 l‘ouvrage
1677 2580 1776 2632 que
1820 2580 1948 2643 nou:
1973 2580 2159 2619 venons

557 2655 623 2710 de
653 2657 799 2721 citer,
831 2665 878 2708 et
895 2655 962 2710 ait
985 2657 1024 2708 il
1047 2672 1102 2710 se
1129 2667 1330 2710 montre
1357 2659 1459 2724 fort
1478 2657 1673 2727 jaloux
1698 2657 1760 2708 de
1801 2656 1851 2708 la
1877 2657 2042 2725 gloire
2070 2657 2159 2710 des

557 2751 1123 2822 écrivainsd'dquilée.
1157 2750 1381 2804 attribue
1429 2751 1462 2803 ὰ
1507 2748 1568 2806 S.
1598 2749 1880 2806 Chromace
1932 2750 2163 2806 (lix-ltuit

559 2845 805 2900 homélies
828 2860 918 2899 sur
942 2843 1004 2900 S.
1039 2842 1296 2898 Matthieu
1316 2885 1331 2910 ,
1365 2853 1413 2897 et
1442 2841 1672 2910 s’e/force
1697 2845 1759 2898 de
1799 2860 2017 2913 prouver
2065 2860 2162 2915 que

495 2996 502 3001 ,
557 2939 681 2993 c’est
709 2955 829 2993 satis
856 2938 1151 3008 foudement
1181 2953 1279 3006 que
1314 2934 1390 2991 Μ.
1441 2937 1505 2990 de
1546 2935 1859 3001 Tillemonl,
1908 2937 1995 3005 qui
2025 2937 2097 2990 les
2128 2953 2161 2990 a

556 3047 705 3085 craes
737 3031 1036 3087 néanmoins
1067 3030 1192 3083 d’uit
1219 3029 1402 3083 ancien
1423 3070 1438 3097 ,
1483 3038 1532 3082 et
1552 3037 1761 3095 scavant
1782 3041 1987 3096 auteur,
2015 3031 2160 3083 réoo-

556 3141 734 3193 queen
765 3126 922 3179 doute
941 3123 1151 3196 qu’elles
1180 3125 1346 3178 soienl
1400 3124 1465 3177 de
1505 3124 1637 3178 sainl
1687 3124 1991 3179 Chromace.
2028 3125 2161 3178 Dom

2258 1907 2345 1963 tibi
2368 1909 2546 1962 omnia
2573 1911 2688 1963 [nec
2718 1907 2878 1963 simul
2903 1919 3112 1978 sumpta
3137 1908 3430 1963 Chromatii
3464 1910 3652 1981 scripta
3688 1919 3825 1964 vocat

2260 2001 2543 2056 Chromatii
2571 2001 2826 2056 Libellum
2857 2003 2921 2057 de
2952 2015 3064 2060 octo
3095 2003 3533 2058 Beatitmlinibus.
3569 2004 3710 2058 Hunc
3735 2004 3826 2058 lor-

2261 2105 2404 2152 taSse
2428 2096 2646 2151 titulum
2668 2098 2899 2168 gerebat
2928 2100 3328 2167 manuscriptus
3350 2100 3521 2152 Codex
3537 2096 3823 2163 Chroiuatii,

2258 2205 2367 2258 quo
2405 2190 2676 2244 Aleiiiuus
2702 2192 2871 2245 abbas
2903 2193 3194 2256 utebatur;
3233 2193 3361 2245 licet
3408 2191 3552 2244 aliud
3599 2189 3668 2244 sit
3705 2187 3826 2258 quod

2260 2281 2340 2336 De
2363 2292 2478 2336 octo
2514 2281 2932 2337 Beatitudini'bua
2961 2283 3212 2354 apposite
3243 2284 3586 2338 Chromatius
3611 2281 3823 2350 scripsit,

2260 2385 2312 2431 et
2340 2378 2486 2432 aliud
2516 2377 2569 2431 in
2605 2393 2716 2448 quo
2745 2377 2897 2432 locus
2925 2379 3238 2432 continetur
3268 2378 3336 2432 ab
3367 2378 3596 2432 Alcu'ino
3625 2376 3824 2438 relatus,

2262 2471 2401 2525 inter
2431 2471 2533 2524 alia
2583 2471 2908 2527 Sanctorum
2943 2471 3161 2526 Patrum
3211 2471 3550 2538 testimonia,
3595 2468 3826 2524 adversus

2261 2563 2526 2618 ll.i-resiiii
2561 2563 2762 2618 Felicis
2792 2564 3050 2635 episeopi.

2333 2655 2511 2710 Prima
2536 2656 2727 2711 lioruin
2749 2659 3074 2728 scriptorum
3106 2657 3300 2722 editio,
3333 2674 3476 2729 quae,
3502 2660 3572 2714 uti
3597 2657 3822 2722 vidimus,

2261 2746 2594 2804 Basileeusis
2621 2758 2707 2804 est
2735 2751 2860 2804 anni
2898 2748 3060 2816 152$,
3107 2751 3158 2804 in
3190 2751 3328 2806 duas
3356 2766 3538 2820 partes
3577 2769 3634 2806 ea
3668 2750 3829 2806 distri-

2264 2840 2400 2908 buit,
2435 2853 2488 2896 et
2520 2844 2752 2912 primam
2786 2845 3078 2913 appellavit
3108 2843 3532 2899 Dissertationem
3578 2848 3629 2899 in
3661 2861 3688 2899 ν
3715 2856 3758 2898 et
3783 2859 3827 2897 Vt

2265 2947 2421 3001 caput
2456 2933 2718 2999 Matt/tiri,
2747 2937 2875 2991 licet
2905 2937 2955 2990 ili
2992 2939 3096 2991 line
3127 2941 3475 2993 continenter
3503 2936 3828 3006 Italiealqiiod

2263 3025 2612 3080 Chromatius
2640 3027 2855 3097 scripsit
2885 3028 3045 3082 etiam
3080 3032 3130 3082 in
3154 3041 3321 3100 caput
3350 3032 3568 3086 tertium
3591 3047 3605 3097 ;
3628 3031 3829 3084 alteram

2264 3136 2396 3175 vero
2427 3120 2851 3177 declamationem
2875 3127 3034 3179 unice
3063 3126 3197 3178 dixit
3228 3127 3281 3179 in
3307 3129 3483 3180 eodem
3513 3143 3706 3198 genere.
3739 3125 3832 3179 llo-

557 3217 723 3288 llemy
745 3193 1041 3272 Ceillier‘uu
1089 3218 1380 3283 contraire,
1432 3219 1599 3288 parati
1646 3216 1877 3272 (lix-ltuit
1916 3219 2159 3274 home/ius
2185 3193 2232 3257 Ο
2268 3231 2384 3269 rum
2415 3217 2699 3270 titulorum
2729 3217 2986 3272 editionis
3031 3218 3253 3288 hujusce
3296 3193 3621 3277 Basileeiisis
3661 3221 3833 3274 obscu-

555 3311 670 3365 u‘en
695 3325 872 3364 trouve
899 3328 997 3382 que
1019 3313 1146 3364 troia
1173 3310 1327 3381 qu’ou
1357 3311 1532 3381 puisse
1567 3310 1767 3364 domier
1807 3311 1839 3363 ὰ
1879 3328 1936 3366 ce
1983 3312 2117 3366 saiut
2141 3328 2160 3367 :

558 3420 742 3457 encore
769 3403 1233 3473 montre-t—ilqu’il
1265 3412 1340 3456 est
1381 3404 1482 3457 tres
1523 3404 1924 3474 incertainqu’il
1959 3421 2020 3458 eu
2063 3405 2160 3458 soit

557 3493 811 3550 l’Auleur.
837 3493 910 3548 Ita
943 3494 1101 3549 diarii
1155 3493 1320 3563 hujus
1360 3493 1583 3558 Gallici,
1630 3509 1726 3549 seu
1758 3495 1971 3548 articuli
2004 3495 2160 3566 hujus

556 3589 716 3645 diarii
741 3632 755 3654 ,
787 3598 999 3644 auctor.
1037 3589 1231 3644 Verum
1268 3588 1389 3657 quis
1419 3588 1492 3641 ita
1522 3587 1766 3643 scribere
1807 3588 1976 3657 possit
2003 3629 2016 3654 ,
2070 3593 2159 3658 qui

555 3694 812 3739 accurate
839 3682 1028 3753 legerit
1056 3692 1110 3738 et
1145 3681 1509 3737 Fontaniiiuui
1539 3690 1597 3736 et
1623 3680 2160 3752 Geillierumipsuiii;

556 3778 756 3849 quique
817 3791 930 3847 prie
975 3773 1147 3830 oculis
1195 3776 1385 3828 saltem
1440 3771 1692 3828 habuerit
1740 3772 1950 3844 Scripta
1993 3775 2159 3827 Chro-

560 3871 708 3924 iiiatii
727 3911 740 3929 .
776 3869 956 3941 qualia
985 3867 1315 3922 exhibentur
1344 3869 1397 3922 iii
1423 3866 1744 3921 Bibliotheca
1770 3864 1988 3920 Patrum
2016 3868 2161 3938 Lug-

557 3964 814 4028 duiiensi,
841 3962 907 4017 ad
929 3961 1394 4034 quaniCeillierus
1416 3961 1780 4031 respiciebat?
1807 3961 2160 4033 Nequaquam

555 4058 601 4114 si
650 4059 871 4130 quidem
905 4055 1201 4111 SOmniavit
1260 4053 1546 4110 Ceillieriis
1584 4072 1649 4111 ex
1700 4055 1893 4112 decem
1936 4067 1986 4112 et
2037 4069 2162 4115 octo

552 4154 794 4212 homiliis
820 4168 849 4208 a
870 4151 1174 4207 Fontaniao
1198 4150 1644 4206 memoratistres
1665 4159 1872 4206 tantum
1902 4151 2159 4224 seligere,

557 4263 681 4319 quae
720 4247 991 4318 genuinus
1025 4247 1165 4300 fetus
1188 4244 1402 4299 censeri
1439 4253 1662 4314 possent
1703 4247 1874 4299 sancti
1897 4244 2159 4300 Chroma-

555 4341 616 4396 tii
645 4358 658 4395 :
683 4339 777 4395 sed
814 4355 881 4392 ne
916 4336 1203 4391 Fontanini
1235 4335 1453 4407 quidem
1499 4335 1779 4392 mentione
1806 4335 1967 4405 facta,
1997 4355 2161 4409 quem

558 4446 857 4502 numquam
889 4429 1124 4486 fortasse
1178 4430 1329 4484 novit
1373 4429 1424 4483 in
1466 4427 1533 4484 iis
1576 4445 1697 4499 quze
1743 4429 1812 4484 de
1842 4430 2163 4488 Chroniatio

555 4525 813 4597 scripsit,
875 4539 1054 4592 neque
1093 4522 1428 4576 homiliarum
1473 4536 1701 4575 numero
1752 4536 1914 4590 quem
1959 4524 2164 4592 primus

559 4617 902 4674 Fontaniiius
924 4618 1039 4683 ipse
1059 4612 1343 4683 proposuit
1367 4612 1634 4678 indicato,
1661 4615 1842 4667 omnia
1864 4614 2162 4670 Cliromaiii
2190 4589 2242 4650 D

560 4714 764 4780 scripta
799 4722 921 4779 quin
964 4715 1264 4776 supersunt
1321 4705 1510 4759 intres
1559 4706 1938 4760 tantummodo
1983 4719 2166 4776 partes

561 4806 737 4862 divisa
763 4843 778 4868 ,
801 4800 982 4872 qualia
1015 4815 1212 4866 nempe
1240 4806 1460 4853 exstant
1503 4798 1555 4852 in
1579 4797 1904 4856 Bibliotheca
1946 4799 2165 4857 Patrum

562 4887 912 4965 Lugduneusi
934 4932 950 4958 ,
974 4890 1260 4947 Ceillierus
1285 4891 1591 4957 recensuit;
1641 4890 1825 4959 deque
1859 4893 1924 4947 iis
1944 4935 1958 4960 ,
2009 4905 2168 4964 prout

565 4989 772 5045 ibidem
813 4993 1064 5050 exstant,
1091 4998 1318 5053 quaeque
1342 4993 1482 5037 totas
1508 4982 1879 5054 duodeviginti
1914 4985 2166 5043 hoiiiilias

567 5080 861 5140 Fontanini
892 5077 1258 5143 constituunt,
1282 5075 1544 5148 judicium
1569 5094 1724 5132 suum
1759 5079 2165 5154 protulit,qnale

567 5175 820 5245 superius
842 5171 1157 5235 attulimus,
1190 5169 1336 5224 nulla
1362 5185 1584 5240 prorsus
1612 5173 1750 5226 facta
1779 5175 2012 5242 alicujus
2062 5178 2162 5232 ho-

570 5281 695 5324 rum
726 5265 1053 5335 scriptorum
1087 5262 1257 5332 partis
1282 5262 1607 5319 secretione.
1655 5264 1761 5319 Sed
1809 5267 1923 5322 haec
1951 5269 2162 5334 obiter;

567 5373 713 5419 etne
736 5357 1057 5415 Ceillieruin
1089 5357 1317 5427 quisque
1338 5398 1351 5418 .
1381 5372 1447 5411 ex
1477 5357 1578 5412 hac
1603 5357 1795 5414 Gallici
1849 5360 2005 5417 diarii
2043 5364 2162 5418 inli-

568 5455 675 5512 deli
705 5461 761 5509 et
789 5465 1014 5519 prorsus
1060 5450 1241 5518 inepta
1279 5447 1585 5515 relatione,
1631 5450 1796 5505 veluti
1856 5453 1907 5507 in
1954 5455 2160 5510 crimen

567 5561 768 5606 vocare
787 5544 921 5604 velit
965 5542 1254 5614 iniquioris
1280 5541 1500 5596 critices
1553 5543 1606 5596 in
1643 5543 1944 5600 Clironiatii
1999 5549 2169 5604 nostri

573 5641 774 5711 scripta
805 5654 929 5710 quae
953 5636 1240 5692 habemus.
1265 5633 1420 5689 Scire
1443 5634 1663 5690 interim
1693 5651 1800 5691 non
1836 5639 2026 5695 inutile
2043 5658 2171 5708 quo-

573 5749 681 5806 que
727 5731 1035 5803 judicamus
1057 5770 1071 5796 ,
1128 5726 1574 5782 accuratissimos
1616 5743 1780 5798 super
1809 5730 1911 5788 hac
1946 5749 2005 5788 re
2035 5749 2166 5790 sane

571 5827 774 5892 tuisse,
831 5833 887 5880 ct
933 5836 1154 5894 prorsus
1182 5820 1250 5876 ad
1302 5817 1542 5876 Ceillieri
1585 5829 1823 5878 mentem
1877 5826 2168 5896 scripsisse

2265 3310 2481 3363 ritatem
2523 3312 2741 3377 saltem,
2791 3327 2856 3366 ne
2887 3314 3129 3367 dicamus
3157 3316 3318 3369 etiam
3367 3316 3832 3386 improiirietatem,

2265 3402 2386 3470 quis
2420 3417 2526 3456 non
2549 3402 2759 3456 videat?
2786 3409 2905 3470 Quo
2927 3407 3224 3474 prodierint
3251 3407 3469 3473 ordine,
3501 3425 3673 3480 quove
3699 3407 3835 3462 titulo

2266 3492 2500 3547 indicata
2549 3494 2747 3549 fuerint
2777 3495 3076 3552 Chromaiii
3106 3503 3276 3553 nostri
3323 3502 3526 3572 scripta
3567 3503 3614 3555 iii
3655 3500 3837 3553 Mirr-o-

2265 3589 2552 3662 presbytico
2597 3603 2821 3646 veterum
2851 3597 3192 3662 quorumdam
3219 3596 3444 3650 brevium
3487 3597 3837 3669 Thiologorum

2267 3683 2481 3737 Martini
2513 3685 2702 3754 Lipsii,
2737 3686 2961 3741 Lovaiiii
2994 3690 3222 3757 primum
3255 3690 3406 3744 edito
3438 3690 3731 3757 1546,1leiu
3755 3689 3840 3741 Ba-

2265 3775 2416 3830 silea:
2450 3776 2606 3843 1550,
2641 3795 2764 3848 pag.
2791 3779 2917 3842 412,
2951 3796 3162 3835 necnon
3192 3782 3331 3836 inter
3361 3781 3839 3855 Orthodorngrapha

2270 3866 2563 3937 Theologiw
2628 3879 2978 3924 sacrosancta:
3047 3871 3275 3928 Joannis
3335 3875 3578 3944 lleroldi,
3635 3875 3840 3928 Basiteaa

2268 3960 2428 4023 l553.
2463 3971 2610 4016 tonio
2660 3963 2699 4026 Ι,
2736 3979 2856 4033 pag.
2890 3965 3018 4030 450,
3070 3967 3206 4020 sicut
3255 3971 3421 4023 etiam
3463 3969 3516 4024 iii
3545 3969 3842 4023 Bibliotheca

2268 4055 2628 4110 IIomiliarnm
2663 4056 2939 4112 Laurentii
2963 4059 3197 4122 Citiiidii,
3233 4060 3483 4132 Lugduni
3519 4066 3670 4122 1588.
3709 4074 3843 4114 toiuo

2268 4147 2334 4211 ll,
2361 4164 2483 4217 pag.
2531 4149 2671 4204 H70
2701 4149 2857 4219 (quas
2882 4149 3248 4208 Collectiones
3279 4157 3330 4208 iii
3361 4155 3736 4211 Lucubratione
3757 4169 3841 4208 sua

2267 4242 2636 4297 eruditissima
2684 4254 2960 4299 memorat
3007 4245 3364 4314 Fuiitauiiius,
3413 4267 3650 4321 quasque
3697 4248 3845 4304 nobis

2269 4333 2450 4401 hodie,
2485 4347 2606 4404 post
2640 4352 2897 4404 imperatu
2931 4341 3164 4394 maxime
3193 4351 3356 4412 atque
3391 4344 3768 4415 deplorandam
3798 4350 3845 4396 et

2270 4430 2554 4500 plusquam
2615 4431 2961 4486 Vandalicaiu
3011 4434 3221 4489 cladi-ni
3279 4447 3355 4491 tot
3413 4439 3844 4494 bibliothecarum

2269 4536 2548 4576 saeiarum
2581 4534 2821 4578 coalitum
2851 4526 3176 4596 regulariuui
3209 4529 3369 4596 hujus
3395 4531 3750 4584 civitatissuis
3771 4543 3848 4582 se-

2269 4613 2429 4666 dibus
2447 4616 2882 4681 exturbatoruiu,
2912 4618 3219 4674 viderenon
3251 4622 3450 4694 licuit),
3473 4640 3717 4679 asserere
3743 4638 3850 4679 oni-

2271 4705 2401 4758 uitio
2449 4723 2554 4760 non
2612 4722 2920 4774 possumus.
2987 4711 3235 4767 Vidimus
3297 4725 3480 4770 tamen
3533 4716 3850 4770 Monumenta

2268 4802 2464 4855 salii-ni
2499 4802 2812 4858 Sanctorum
2846 4805 3058 4861 Patrum
3105 4808 3614 4884 OrthodoxOgrapha
3641 4812 3852 4868 Joannis

2269 4894 2511 4967 Gryuiei,
2545 4897 2774 4953 Basilea:
2803 4901 3061 4970 impre~sa
3089 4918 3235 4958 anno
3269 4905 3407 4960 1569
3435 4922 3450 4960 :
3503 4907 3674 4976 ibique
3713 4917 3851 4978 tuomo

2270 4988 2336 5054 ll,
2369 5006 2490 5060 pug.
2531 4991 3085 5063 “92,0iiiispexiiuus
3107 4995 3395 5053 Chromatii
3428 5003 3599 5057 nostri
3626 5000 3848 5072 Scripta,

2269 5082 2469 5137 tributa
2503 5085 2555 5138 in
2601 5098 2785 5154 partes
2813 5087 2978 5156 duas;
3027 5106 3257 5160 quarum
3308 5094 3546 5164 priorem
3585 5091 3853 5150 consului!

2270 5173 2455 5230 Sermo
2488 5178 2599 5240 ille,
2629 5179 2718 5248 qui
2747 5181 2912 5234 etiam
2942 5184 3082 5252 apud
3120 5201 3220 5239 nos
3247 5191 3480 5258 primum
3525 5193 3690 5245 locum
3719 5185 3854 5242 obti-

2269 5279 2391 5331 net;
2453 5270 2786 5340 titulumque
2817 5275 2948 5329 satis
2999 5281 3280 5347 pr0prium
3333 5282 3532 5338 ibidem
3578 5281 3730 5352 gerit.
3781 5279 3854 5330 De

2270 5372 2386 5416 octo
2437 5379 2638 5431 nempe
2684 5363 3103 5422 Beatitudinibus
3147 5374 3330 5425 concio
3376 5375 3603 5444 elegans,
3635 5371 3763 5426 licet
3804 5371 3852 5423 in

2275 5458 2541 5526 superiori
2573 5469 2726 5527 parte
2757 5461 2965 5530 paginae
2992 5463 3385 5521 declamationis
3413 5484 3623 5538 quoque
3641 5481 3741 5517 Vox
3768 5478 3855 5533 ap-

2275 5562 2481 5619 pareat,
2516 5568 2676 5621 quam
2712 5553 2798 5608 hic
2839 5573 3006 5610 sermo
3035 5572 3064 5611 a
3113 5561 3282 5627 priori
3331 5562 3569 5616 editione
3613 5555 3852 5614 Sichardi

2275 5643 2573 5710 habuerat;
2602 5645 2828 5702 alteram
2856 5665 2985 5706 vero
3006 5654 3345 5709 constituunt
3375 5655 3544 5728 [xxiv]
3568 5650 3854 5710 Cliromatii

2273 5738 2477 5804 reliqua
2508 5754 2628 5808 qure
2662 5740 2951 5807 habemus.
2987 5746 3088 5800 Sub
3111 5749 3303 5804 titulo:
3334 5750 3397 5805 In
3437 5752 3664 5820 quintum
3707 5755 3857 5816 caput

2274 5827 2535 5902 Matthaei,
2564 5845 2611 5887 et
2639 5835 2693 5887 in
2737 5848 2935 5905 partem
2960 5839 3113 5909 sexti,
3148 5852 3399 5899 tractatas
3439 5846 3645 5916 aliquot,
3683 5839 3857 5896 erudi-
