4056 6340
215 313 316 372 265

1481 327 1858 386 PliaEFATlO
1898 329 2250 390 EDl'l‘ORlS.

3423 343 3530 401 266

216 431 344 484 tione
368 430 562 500 pariter
595 448 666 486 ac
711 436 904 507 pietate
943 436 1191 508 insignes,
1224 437 1422 508 quibus
1453 439 1823 512 subjungitur,
1854 448 1909 505 Α
1933 441 2248 498 Chromatio
2279 444 2620 516 scripserunt
2649 461 2978 519 perpensum
3011 465 3120 507 non
3175 451 3297 508 fuit.
3330 453 3530 522 Quidni

215 520 408 591 absque
437 525 713 593 peculiari
749 529 1119 598 separatione,
1152 530 1294 601 quaid
1344 541 1512 587 restat
1556 533 1608 586 in
1655 543 1823 603 caput

215 615 445 682 tertium,
473 618 576 672 sub
602 621 851 691 simplici
873 623 1211 680 indicatiOne
1233 622 1543 694 Fragmenti
1567 636 1824 682 tractatus

215 708 437 782 alterius,
465 712 556 781 qui
588 715 836 770 nondum
865 727 1002 772 totus
1024 718 1077 772 in
1107 718 1269 772 lucent
1299 721 1532 789 prodiit;
1571 722 1823 791 quamvis

215 813 262 859 et
292 804 373 858 hic
403 821 629 876 quoque
663 809 720 863 itt
747 811 1015 881 superiori
1045 813 1360 883 paginarum
1392 824 1543 884 parte
1572 814 1822 869 disserta-

217 896 356 953 tionis
387 915 485 954 vos
510 900 784 972 addatur,
815 921 845 960 a
880 906 1042 973 priori
1073 907 1290 964 scilicet
1319 908 1676 966 Sicbardiana
1705 909 1823 966 edi-

215 989 351 1046 tione
393 1005 647 1064 sumpta.
706 994 767 1051 In
821 995 1141 1052 Bibliotheca
1194 999 1420 1055 Patrum
1475 1001 1822 1074 Lugdunensi

213 1084 372 1140 saneti
402 1083 710 1143 Chromatii
747 1090 946 1156 scripta
973 1091 1305 1148 exhibentur
1335 1095 1509 1149 divisa
1545 1095 1597 1149 in
1641 1105 1823 1165 partes

216 1189 346 1245 tres;
379 1195 622 1252 quarum
659 1185 786 1239 dua:
823 1186 1032 1256 priores
1063 1188 1162 1243 sub
1188 1202 1299 1242 uno
1346 1191 1585 1255 primum
1620 1189 1823 1244 indica-

215 1271 366 1328 tionis
416 1275 584 1329 titulo
639 1289 1049 1349 nuncupantur,
1106 1279 1184 1334 De
1245 1289 1360 1334 octo
1405 1279 1824 1335 Beatitndinibus

212 1367 468 1422 conciones
521 1370 669 1436 (trite,
720 1371 918 1426 deimle
947 1373 1119 1426 altera
1161 1373 1326 1426 alium
1372 1373 1651 1444 proprium
1685 1375 1824 1444 gerit.

213 1461 435 1524 titulum,
471 1479 706 1532 nempe,
733 1463 803 1519 In
831 1466 1069 1536 quintum
1099 1477 1255 1536 caput
1289 1466 1523 1522 Matt/uri
1550 1469 1672 1522 etin
1704 1486 1824 1538 par-

210 1565 302 1613 tem
327 1559 459 1612 sexti
481 1560 700 1626 concio,
725 1559 1019 1615 eruditione
1049 1563 1246 1631 pariter
1269 1579 1331 1615 ac
1354 1563 1542 1631 pietate
1571 1563 1824 1634 insignis;

211 1652 308 1706 etsi
339 1653 518 1706 amba:
554 1654 609 1707 in
633 1653 908 1722 superiori
939 1656 1258 1722 paginarum
1285 1667 1435 1724 parte
1455 1655 1825 1710 inscribuntur

209 1760 437 1814 semper,
469 1747 554 1801 De
597 1763 714 1801 octo
740 1745 1179 1804 Beatitudiuibus.
1214 1750 1398 1805 'l'ertia
1432 1766 1563 1806 vero
1600 1751 1820 1816 dicitur,

1928 536 2125 592 clarius
2146 550 2384 594 mentem
2417 555 2568 594 suam
2589 544 2864 610 aperuerit
2887 561 3050 615 super
3079 547 3178 602 hac
3211 566 3270 602 re
3296 551 3528 608 Sanctus

1929 631 2231 701 EpisCOpus
2284 633 2334 687 itt
2382 634 2607 690 exordio
2654 633 3021 691 Canunentarii
3063 639 3169 707 sui,
3206 641 3348 710 quod
3401 655 3524 696 cum

1878 712 1888 723 ’
1928 722 2049 776 aliis
2081 723 2325 794 ejusdem
2360 727 2605 798 partibus
2628 726 3046 785 desideramus?

1998 812 2053 870 Si
2075 815 2201 870 licet
2220 833 2348 872 vero
2361 819 2522 872 etiam
2539 819 3269 895 occasionemdivinare,qua
3297 823 3532 882 fortasse

1928 907 2122 964 ductus
2146 909 2244 966 fuit
2271 924 2493 971 sanctus
2512 914 2866 972 Chromatius
2888 918 2955 972 ad
2987 921 3089 975 hoc
3120 922 3376 977 lectionis
3431 937 3524 992 pa-

1927 1000 2110 1058 bulum
2135 1019 2237 1060 suo
2267 1006 2468 1076 popqu
2495 1009 2883 1076 accurandmn,
2907 1026 3013 1066 n0n
3040 1013 3208 1066 aliam
3241 1013 3410 1069 fuisse
3443 1013 3530 1069 dio

1928 1096 2125 1163 xerim,
2155 1113 2316 1168 quam
2340 1115 2482 1162 eam,
2514 1117 2635 1171 qua:
2680 1103 2828 1157 illum
2859 1105 3075 1174 impulit
3122 1106 3190 1160 ad
3220 1106 3528 1178 cogendum

1926 1187 2180 1244 Ruﬁnum
2213 1208 2430 1263 quoque
2450 1193 2879 1264 Aquileiensem,
2913 1202 3292 1271 presbyterum
3329 1216 3515 1268 suum,

1929 1292 1984 1336 ut
2015 1283 2262 1338 Crtecam
2294 1284 2514 1340 Eusebii
2548 1287 2841 1344 “iStOI'iitlll
2871 1292 3300 1348 ecclesiasticam
3323 1295 3534 1351 Latinis

1929 1373 2124 1430 litteris
2146 1375 2400 1431 donaret.
2433 1379 2631 1433 Alarici
2664 1396 2858 1450 nentpe
2915 1383 3154 1453 irrUptio
3210 1384 3262 1439 in
3316 1385 3525 1441 Italiam

1929 1483 2027 1537 per
2059 1471 2490 1539 Aquileiensium
2516 1473 2674 1538 lines,
2704 1491 2849 1528 anno
2874 1475 3073 1531 Christi
3096 1479 3415 1551 400,ugros,
3446 1498 3531 1534 ar-

1928 1573 2122 1630 menta,
2151 1566 2286 1618 viros
2316 1567 2469 1636 longe
2511 1568 2712 1639 lateque
2752 1571 2990 1635 vastavit,
3027 1583 3084 1626 ut
3131 1572 3364 1630 liuiinus
3417 1578 3536 1645 ipse

1927 1655 2269 1728 prmfaturad
2295 1659 2671 1714 Chromatium
2702 1661 2994 1718 inEusebii
3027 1664 3250 1721 l-tlillam
3285 1683 3311 1720 a
3343 1683 3402 1723 se
3422 1669 3534 1724 fac-

1930 1757 2038 1803 tatn
2072 1749 2386 1817 Historiam,
2413 1751 2721 1823 populisque
2771 1772 2802 1805 (ι
2858 1753 2972 1809 Deo
3005 1758 3207 1813 Sancto
3260 1761 3535 1829 Episcopo

214 1835 476 1894 Tractatus
532 1841 590 1895 in
640 1841 820 1896 illud:
854 1841 967 1913 Ego
1010 1861 1042 1897 a
1086 1856 1134 1896 te
1168 1845 1325 1898 debeo
1364 1845 1640 1913 baptizari,
1690 1854 1821 1911 ctc.,
1855 1849 1904 1908 Β
1931 1843 2218 1897 commissis
2247 1845 2410 1913 ferale
2437 1845 2648 1899 exiliunt
2680 1847 3058 1904 minitabatur.
3098 1851 3341 1922 Utigitur
3368 1871 3532 1908 reme-

209 1927 391 1986 Maltlt.
417 1948 501 2000 tu,
535 1932 596 1999 4,
632 1934 1009 2008 fragmentum.
1044 1934 1098 1990 ln
1135 1937 1434 1992 novissima
1479 1938 1696 1992 demum
1729 1938 1818 1992 Bi-

210 2025 456 2083 bliotheca
509 2027 764 2084 Veterum
810 2027 1055 2097 Patrum,
1095 2043 1229 2092 ctc.,
1265 2030 1495 2086 Andrcat
1526 2030 1820 2098 Gallandii,

209 2119 393 2175 melius
426 2119 662 2191 quidem
705 2131 761 2176 et
807 2124 1112 2176 accuratius
1143 2139 1305 2192 quam
1341 2138 1594 2194 umquam
1639 2133 1820 2188 antea,

206 2209 322 2268 licet
350 2215 601 2268 nondum
633 2216 703 2270 ad
739 2230 855 2270 rem
887 2216 1042 2281 satis,
1077 2215 1194 2272 lucc
1221 2217 1424 2286 scripta
1455 2217 1819 2286 appellantur,

207 2305 478 2364 Tractatus
502 2326 640 2365 xvttt
681 2311 734 2366 in
765 2313 931 2366 sancti
964 2311 1202 2368 Matt/ttei
1231 2313 1592 2384 Evangeliunt.
1635 2310 1822 2364 Homi-

205 2401 297 2456 lias
319 2403 690 2475 duodeviginti
717 2403 933 2459 dixerat
959 2405 1168 2476 pridem
1203 2405 1545 2459 Fontaninus
1567 2405 1618 2459 in
1647 2403 1821 2459 Lucu-

205 2494 429 2551 bratione
474 2512 576 2552 sua
623 2497 695 2553 de
726 2507 924 2553 sancto
966 2497 1310 2565 Chromatio,
1341 2513 1505 2569 quam
1548 2495 1685 2552 infra
1719 2497 1816 2552 da-

202 2603 339 2644 ntus.

267 2684 395 2740 Post
439 2684 547 2740 hos
577 2684 763 2740 varios
797 2686 1007 2753 titulos,
1039 2701 1177 2756 quos
1228 2686 1319 2743 hic
1362 2687 1605 2742 indicare
1643 2701 1817 2755 neque

198 2793 420 2851 prorsus
450 2778 819 2849 injucundutn
846 2795 1020 2850 neque
1045 2779 1653 2848 inutilejudicavimus,
1688 2794 1817 2834 ecce

200 2873 320 2944 quid
348 2873 511 2929 nobis
541 2888 747 2942 reapse
777 2872 1065 2929 videantur
1094 2887 1218 2928 esse
1253 2870 1540 2927 Citra-mutii
1575 2872 1812 2940 Scripta,

197 2982 315 3037 quae
345 2966 688 3024 recudimus.
723 2963 1028 3030 Tractatus,
1063 2982 1222 3036 quem
1251 2965 1570 3021 Gallandius
1589 2966 1814 3038 primunt

199 3060 326 3117 dixit
357 3081 426 3117 ex
477 3063 676 3118 decem
712 3069 770 3117 et
819 3071 945 3117 octo
996 3076 1132 3132 quos
1185 3059 1390 3129 primus
1444 3060 1559 3130 ipse
1604 3060 1810 3126 divisit,

195 3173 465 3230 quemque
499 3173 599 3214 nos
630 3172 850 3228 quoque
884 3156 1058 3227 prium
1087 3155 1210 3212 loco
1239 3154 1544 3226 posuimus,
1573 3154 1672 3209 etsi
1707 3154 1815 3223 pri-

1931 1936 2077 1988 dium
2103 1935 2318 2007 aliquod
2373 1938 2590 1993 al'llictte
2648 1941 2791 2010 plebi
2824 1942 3201 2011 conquireret,
3252 1964 3343 2016 per
3397 1950 3535 2020 quod

1929 2045 2082 2100 aegra:
2135 2041 2351 2097 mentes,
2385 2042 2438 2084 ιιι
2471 2031 2619 2086 idem
2642 2034 2850 2101 subdit,
2874 2035 2936 2087 ab
2968 2037 3257 2107 ingruentis
3275 2040 3398 2093 mali
3414 2058 3538 2096 con-

1931 2125 2138 2193 tagione
2158 2125 2455 2188 subtractae,
2491 2124 2794 2178 melioribus
2854 2139 3126 2196 occupatio
3155 2132 3344 2186 studiis
3395 2143 3532 2187 tene-

1928 2227 2129 2284 rentur,
2162 2217 2360 2272 Rulino
2395 2219 2715 2289 presbytero
2741 2235 2842 2274 suo
2869 2221 3131 2290 injunxit,
3159 2234 3216 2278 ut
3241 2226 3534 2284 ecclesias-

1927 2310 2086 2364 ticam
2109 2311 2327 2365 Eusebii
2359 2310 2658 2365 llistoriatn
2687 2329 2719 2367 e
2740 2313 2932 2368 Graeco
2956 2316 3006 2368 in
3039 2315 3295 2372 Latinum
3325 2336 3534 2376 sermo-

1927 2418 2048 2457 nem
2066 2410 2328 2467 verteret;
2349 2405 2498 2474 cujus
2514 2405 2732 2458 lectione
2746 2407 2882 2459 anim
2893 2425 2949 2460 us
2964 2410 3290 2464 audientium
3315 2413 3534 2481 vinctus,

1925 2495 2049 2548 dum
2079 2496 2312 2551 notitiam
2343 2514 2512 2551 rerum
2538 2499 3022 2568 gestarumavidius
3045 2507 3191 2570 petit,
3228 2507 3534 2563 oblivionem

1923 2591 2305 2662 quodammodo
2336 2593 2592 2646 malorum
2623 2609 2738 2662 qua:
2767 2607 3070 2664 gererentur
3100 2600 3370 2670 acciperet.
3403 2602 3535 2671 Qui-

1922 2683 2014 2738 dtti
2049 2685 2212 2755 igitur
2231 2684 2468 2740 adhunc
2517 2685 2769 2742 eumdem
2823 2688 2989 2744 linem
3046 2707 3270 2762 operam
3320 2710 3535 2766 quoque

1921 2795 2094 2846 suam,
2135 2796 2232 2850 pro
2283 2796 2345 2835 ea
2378 2780 2643 2835 doctrina:
2701 2798 2764 2836 ac
2787 2785 3092 2839 sanctitatis
3115 2786 3277 2840 laude
3301 2803 3405 2859 qna
3434 2806 3531 2846 cx—

1923 2875 2176 2939 cellebat,
2205 2877 2462 2930 conferre
2478 2876 2717 2931 Volucrit
2745 2887 2968 2932 sanctus
3022 2881 3224 2948 pracsul
3269 2881 3533 2941 Chroma-

1922 2966 2064 3032 tius;
2131 2967 2363 3036 ideoque
2419 2981 2561 3034 Opus
2610 2969 2871 3038 episeopo
2927 2969 3149 3038 dignum
3203 2978 3532 3044 susceperit,

1920 3057 2359 3131 Commentarium
2388 3076 2583 3127 nempe
2613 3063 2662 3113 in
2685 3063 2852 3114 sancti
2884 3061 3124 3118 Matt/tati
3157 3064 3526 3138 Evangeliunt,

1919 3169 2081 3224 quem
2109 3155 2394 3225 legendum
2413 3154 2662 3208 lidelibus
2684 3172 2748 3210 eo
2778 3157 3123 3224 potissimum
3160 3170 3527 3230 tetnporetra-

195 3267 333 3307 nium
381 3268 496 3308 non
547 3252 881 3318 dixerimus,
921 3260 1006 3305 est
1046 3249 1325 3304 Tractatus
1377 3247 1680 3318 singularis,
1714 3261 1810 3300 seu
1917 3245 2115 3302 deret:
2149 3256 2311 3315 atque
2338 3263 2398 3301 ea
2431 3247 2666 3300 Illainth
2693 3262 2878 3313 causa,
2912 3248 3055 3317 quod
3085 3249 3352 3318 ejusmodi
3395 3271 3525 3324 ope-

196 3347 376 3405 Sermo
403 3358 501 3402 aut
525 3345 744 3410 Concio,
785 3356 842 3400 et
867 3344 1089 3415 quidem
1122 3359 1316 3413 reapse
1342 3343 1570 3415 elegans,
1606 3349 1663 3397 ut
1692 3357 1814 3397 eam

194 3438 378 3498 dixere
427 3442 622 3498 Sixtus
674 3439 939 3496 Senensis
987 3449 1043 3494 et
1074 3437 1320 3494 Joannes
1367 3436 1655 3509 Grynaeus,
1693 3450 1816 3503 qua:

193 3537 415 3606 proprie
442 3534 714 3605 appellari
746 3532 906 3588 debet
941 3529 1207 3602 singulari
1243 3529 1400 3584 titulo
1431 3525 1510 3582 De
1538 3538 1651 3582 octo
1681 3526 1815 3580 Bea-

196 3630 526 3694 titudinibus,
579 3643 816 3699 qumque
862 3635 1077 3698 partem
1120 3623 1270 3678 ttullo
1317 3624 1480 3676 modo
1526 3619 1816 3676 constituit

196 3720 540 3780 Tractatuum
590 3730 940 3777 caeterorum.
985 3718 1113 3772 lliec
1144 3728 1296 3773 certe
1327 3715 1510 3771 habita
1546 3711 1649 3769 fuit
1689 3728 1813 3770 ore-

198 3827 353 3873 tenus
370 3835 402 3871 a
437 3825 636 3872 sancto
663 3816 926 3886 episcOpo
952 3811 1247 3866 occasione
1273 3810 1506 3881 alicujus
1527 3817 1807 3872 mercatus,

191 3915 347 3982 Cujus
382 3927 548 3968 causa
593 3911 816 3965 adesset
857 3904 1164 3977 frequentia
1196 3905 1404 3977 populi,
1439 3912 1500 3958 ut
1537 3917 1604 3958 ex
1633 3899 1808 3971 ipsius

193 4005 427 4061 lectione
470 4004 612 4060 Satis
661 4012 855 4070 aperte
899 3998 1194 4068 colligitur.
1253 3996 1400 4054 Nihil
1454 3997 1556 4051 hoc
1603 3993 1807 4064 scripto

195 4099 511 4170 praeclarius
540 4097 688 4152 inter
718 4110 782 4150 ea
821 4093 994 4149 sancti
1032 4090 1274 4162 episcopi
1315 4106 1436 4160 qua:
1478 4096 1801 4157 supersunt,

193 4192 305 4248 sive
335 4191 605 4246 orationis
652 4203 874 4257 sceputn
927 4187 1215 4252 intuear-is,
1260 4182 1376 4239 sive
1417 4181 1806 4254 stylutn,.sive

193 4286 524 4357 ingressum,
554 4297 904 4356 progressum
933 4289 988 4336 et
1016 4279 1247 4336 exitum.
1281 4277 1426 4333 Inter
1457 4274 1802 4346 praeclariora

194 4397 415 4453 quoque
453 4379 700 4452 ejusdem
745 4377 850 4432 tevi
902 4384 960 4431 et
1009 4374 1256 4444 ejusdem
1310 4369 1535 4443 generis
1583 4369 1800 4424 Patrum

191 4473 394 4540 scripta
427 4474 626 4530 merito
658 4470 849 4526 haberi
899 4477 1100 4540 potest.
1131 4466 1271 4534 Quid
1301 4480 1434 4521 vero
1464 4463 1532 4518 de
1577 4461 1802 4531 reliquis

191 4565 576 4623 sentiendum?
627 4562 764 4621 Cum
811 4561 1158 4618 Tilletnontio
1204 4560 1440 4630 aliisque
1487 4570 1796 4620 censemus,

1920 3339 2072 3395 ribus
2104 3338 2328 3394 minime
2361 3349 2486 3394 tunc
2512 3338 2700 3394 Latina
2728 3340 2922 3394 saltent
2979 3341 3224 3397 Ecclesia
3276 3346 3523 3403 abunda-

1918 3431 2037 3488 ret?

1987 3526 2282 3592 Creterum,
2314 3525 2416 3580 etsi
2442 3539 2586 3601 anuo
2611 3523 2813 3579 Christi
2853 3526 3393 3600 quadringentesimo
3421 3534 3521 3589 La-

1919 3618 2046 3675 tinis
2103 3617 2578 3689 explanationibus
2651 3617 2933 3690 Evangelii
3004 3637 3112 3676 non
3175 3626 3522 3683 abundarent

1914 3709 2120 3766 Christi
2179 3711 2369 3766 lideles
2419 3710 2471 3764 in
2525 3710 2836 3765 Occidentis
2891 3716 3140 3783 partibus
3192 3722 3516 3784 consdtuti;

1913 3821 2143 3875 quorum
2175 3803 2410 3859 fortasse
2443 3803 2716 3874 plerisque
2773 3805 2860 3859 vix
2891 3817 3034 3860 notae
3068 3821 3194 3865 tunc
3223 3811 3406 3868 l'orent
3437 3817 3517 3870 vel

1911 3898 2043 3969 ipsa:
2077 3897 2260 3952 llilarii
2292 3896 2646 3951 Pictaviensis
2674 3896 2726 3949 in
2782 3895 3108 3967 Matt/tantm,
3141 3911 3194 3956 et
3241 3905 3514 3963 Ambrosii

1910 3991 2335 4048 Mediolanensis
2366 3992 2860 4044 (Olllllteltltllimlcs
2888 3992 2942 4044 in
2970 3990 3163 4047 Lucam
3193 4011 3211 4048 :
3242 3995 3331 4052 hic
3362 4014 3514 4056 certe

1911 4085 2228 4140 meminisse
2268 4083 2442 4153 juvat,
2499 4079 2906 4151 Aquileiensetn
2951 4099 3166 4154 quoque
3208 4087 3509 4146 Ecclesium

1903 4177 2015 4248 jam
2047 4189 2174 4231 tunc
2198 4175 2455 4230 habuisse
2483 4173 2890 4228 Cormnentarios
2922 4176 2975 4228 in
3025 4175 3330 4248 Evangelia,
3373 4199 3510 4253 Opus

1907 4267 2310 4333 Fortunatiani,
2340 4265 2585 4335 ejusdem
2614 4265 2878 4319 Ecclesia:
2902 4275 3027 4320 ante
3055 4267 3226 4340 [xxvr]
3256 4285 3504 4331 sanctum

1906 4363 2255 4418 Valerianum
2287 4357 2560 4429 episcopi;
2593 4372 2731 4428 quos
2757 4358 2862 4409 sibi
2898 4357 2949 4410 in
2978 4357 3260 4416 Orientem
3305 4367 3444 4421 mitti
3469 4386 3498 4422 a

1905 4457 2072 4512 Paulo
2086 4452 2470 4511 Concordiensi
2489 4450 2878 4522 postulaverat,
2897 4454 3234 4522 margaritam
3245 4455 3309 4509 de
3325 4456 3466 4514 Evan
3479 4493 3500 4503 -

1902 4553 2036 4625 gello
2060 4549 2282 4607 eosdem
2311 4546 2617 4618 appellans,
2644 4552 2866 4599 sanctus
2885 4545 3247 4619 Hieronymus
3263 4550 3502 4622 Epistula

189 4671 443 4718 tractatus
489 4661 753 4728 reliquos,
789 4659 878 4726 qui
926 4657 978 4711 itt
1018 4655 1121 4710 hac
1170 4663 1355 4708 nostra
1396 4649 1639 4709 editione
1687 4664 1794 4703 non
1824 4647 1875 4709 D
1906 4645 1995 4708 10,
2017 4661 2160 4698 num.
2189 4642 2313 4709 5,in
2340 4641 2580 4695 editione
2598 4635 2865 4702 Vallarsii,
2893 4654 3012 4708 qua:
3034 4640 3099 4692 ad
3123 4658 3322 4697 annum
3349 4661 3504 4716 spec-

188 4755 516 4823 octodecim,
571 4754 666 4810 sed
707 4750 1098 4824 septemdecim
1144 4756 1524 4814 numerantur,
1579 4745 1798 4812 nequic-

187 4866 354 4922 quun
388 4865 502 4905 esse
551 4849 854 4917 peculiares
886 4838 1160 4911 Vltomilias,
1193 4857 1288 4898 seu
1335 4843 1501 4896 ctiatn
1549 4849 1799 4893 tractatus

187 4942 500 5007 distinctos,
535 4942 630 4998 sed
676 4941 901 5008 reliquia
950 4938 1130 5006 potius
1176 4935 1346 4990 videri
1398 4934 1596 5003 integri
1643 4928 1794 5004 [xxv]

191 5035 587 5101 Commentarii,
639 5050 798 5105 quem
846 5030 1196 5088 Chromatius
1241 5028 1528 5099 scripserit
1563 5027 1615 5081 in
1662 5025 1798 5078 Mat-

190 5136 421 5186 thteum.
496 5129 798 5184 Ceusemus
865 5140 1081 5196 quoque
1151 5120 1589 5178 Commentarium
1649 5119 1796 5172 hunc

189 5223 481 5292 SCripsisse
527 5219 928 5284 Chromatium,
962 5233 1071 5272 non
1113 5217 1164 5270 in
1194 5231 1352 5271 usum
1396 5229 1510 5269 sua:
1539 5211 1795 5282 pricdica-

191 5317 367 5372 tionis
407 5317 471 5370 ad
516 5316 794 5385 populum,
836 5310 1296 5384 quemadmodum
1343 5309 1649 5364 Tractatum
1697 5321 1795 5360 seu

189 5406 502 5464 Caucionem
541 5413 605 5464 de
638 5417 752 5461 octo
795 5404 1236 5471 Beatitadinibus,
1266 5402 1362 5458 sed
1397 5403 1449 5456 in
1502 5416 1657 5456 usum
1693 5399 1794 5468 pice

188 5503 499 5571 prazsertim
543 5518 605 5556 ac
652 5503 946 5556 fructuosa:
993 5499 1238 5554 tideliutu
1271 5495 1538 5553 lectionis.
1582 5492 1638 5548 Id
1666 5507 1796 5547 vero

188 5608 291 5651 et'u
321 5611 436 5648 ntus
472 5612 534 5649 ex
568 5595 750 5650 verbis
785 5593 979 5664 ipsius,
1024 5608 1144 5661 qua:
1178 5590 1342 5646 habet
1378 5597 1609 5644 ttat-tatu
1651 5584 1794 5654 apud

189 5703 295 5744 nos
330 5688 388 5752 5,
418 5689 549 5744 alias
569 5690 626 5755 4,
663 5705 814 5744 num.
845 5691 899 5754 ‘2,
933 5689 1021 5743 ubi
1066 5688 1136 5741 ita
1169 5686 1364 5740 scribit
1411 5702 1424 5737 :
1464 5703 1482 5737 ι
1533 5683 1596 5737 Ει
1629 5684 1795 5737 multa

187 5781 399 5836 similia
437 5800 554 5854 qua:
596 5782 1070 5852 [trtlllcrlllisilltus,
1113 5796 1180 5835 ne
1223 5779 1442 5834 ttedium
1491 5776 1798 5847 legentibus

189 5874 522 5932 faceremus.
554 5897 573 5930 ›
633 5879 766 5944 lloc,
798 5877 943 5949 quod
994 5877 1258 5942 sciamus,
1309 5873 1380 5928 ab
1429 5872 1551 5928 aliis
1595 5869 1686 5942 qui
1730 5869 1798 5926 de

448 5972 725 6036 Ρηιιοι..
775 5972 924 6036 XX.

1901 4749 1977 4794 lat
2006 4737 2146 4802 575;
2193 4747 2534 4805 (tuorumque
2589 4729 2836 4784 meminit
2883 4731 3000 4800 ipse
3037 4746 3254 4790 sanctus
3311 4737 3506 4800 doctor

1901 4830 1964 4885 tle
1990 4829 2128 4884 Viris
2148 4825 2434 4882 illustribus
2459 4823 2636 4886 capite
2658 4820 2750 4888 97,
2769 4836 3024 4878 asserens
3043 4822 3498 4891 Fortunatianum

1899 4923 2191 4992 scripsiasc
2217 4917 2528 4974 Commenta:
2546 4915 2619 4967 ios
2643 4916 2694 4967 in
2713 4911 3018 4984 Evangelia,
3036 4915 3196 4971 titulis
3219 4922 3495 4997 ordinatis,

1898 5018 1993 5075 sed
2017 5017 2150 5071 brevi
2172 5026 2216 5068 et
2247 5013 2439 5067 rustico
2457 5024 2707 5072 sermone,
2728 5024 2844 5070 seu,
2868 5019 2926 5063 ut
2944 5009 3098 5074 alias,
3119 5012 3289 5068 breves
3310 5022 3499 5076 rustico

1901 5127 2173 5178 sermone;
2202 5111 2405 5179 quique
2428 5104 2638 5175 jamdiu
2691 5101 3041 5157 interierunt.
3087 5106 3224 5162 Male
3276 5113 3497 5180 quidem

1896 5210 2056 5280 vulgo
2086 5205 2238 5260 audit
2271 5199 2720 5264 Fortunatianus,
2747 5197 3239 5270 Arianidogmatis,
3267 5206 3499 5271 «πωλε-

1897 5305 1964 5360 rii
1997 5299 2227 5358 Romani
2260 5294 2529 5366 pontilicis
2553 5294 2737 5347 fracta:
2793 5295 3118 5348 constantia:
3172 5310 3496 5360 accusatus:

1897 5397 1992 5452 sed
2022 5408 2148 5449 eum
2198 5389 2266 5443 ab
2318 5388 2602 5456 utriusque
2658 5384 2881 5452 impacti
2925 5387 3173 5441 criminis
3220 5389 3342 5445 labe
3383 5396 3497 5461 jam

1897 5486 2120 5561 egregie
2153 5491 2436 5557 purgatum
2467 5495 2496 5532 a
2523 5478 2829 5532 claris.~inio
2885 5478 3189 5533 Fontanino
3248 5480 3497 5540 Historia:

1900 5579 2198 5638 Litteraria.’
2243 5571 2585 5641 Aquileiensis
2630 5570 2768 5625 libro
2797 5585 2851 5624 ttt
2885 5570 3065 5640 capite
3098 5569 3169 5633 2,
3202 5572 3496 5632 novissime

1899 5673 2216 5748 repurgavit
2237 5667 2584 5736 defenditque
2613 5666 2915 5718 luculenter
2936 5659 3340 5719 erudttissitnus
3363 5667 3498 5726 lac.

1898 5771 2046 5828 cat-ia
2081 5767 2136 5820 in
2176 5762 2564 5818 Dissertatimte.
2594 5757 2658 5811 de
2694 5755 3039 5810 commentitio
3078 5753 3269 5808 Liberii
3309 5759 3462 5830 Ιηρ--ιι
3484 5806 3501 5831 ,

1899 5880 2024 5936 qua:
2076 5867 2164 5915 est
2219 5857 2248 5910 7
2280 5855 2436 5912 Tomi
2489 5851 2760 5906 lsuarum
2816 5844 3248 5901 Dissertationum
3287 5849 3506 5912 Latina-

2946 5939 2984 6001 9
