4056 6340
524 346 630 411 ἱϐἹ

1561 345 1620 404 S.
1659 337 2108 400 CHROMATIUS
2144 338 2252 396 EP.
2297 337 2802 408 AQUILEIENSIS.

3735 323 3835 396 268

524 489 640 529 rum
676 469 739 527 de
767 466 939 524 Rebus
977 468 1044 522 ad
1087 467 1356 522 historiam
1385 473 1538 536 atque
1568 463 1905 530 antiquitates
1959 458 2122 512 eccle-
2149 458 2203 519 Α
2225 463 2638 532 exetnpligratia
2664 481 2676 517 :
2705 462 2992 534 unigenitus
3007 461 3107 516 Dei
3134 457 3318 522 Filius,
3340 459 3426 531 qui
3446 465 3519 513 est
3542 457 3831 513 benedictus

527 569 619 624 site
671 562 1062 637 pertinentibus,
1122 560 1384 631 Fulginia:
1439 558 1608 622 i781;
1667 569 1881 611 necnon
1929 552 2122 608 eodem

528 664 694 717 etiam
756 673 1003 728 tempore
1055 655 1511 725 diligentissimus
1562 666 1716 720 atque
1763 665 1826 705 ac
1889 649 2129 703 laborio—

528 754 781 810 sissimus
829 759 1019 806 noster
1065 749 1305 805 Joannes
1353 747 1544 800 Petrus
1593 759 1619 796 a
1671 743 1804 799 Stua
1857 740 2124 813 peculiari

527 846 911 902 dissertatione
935 843 1127 899 ltalice
1158 843 1380 911 scripta,
1406 839 1475 895 Se
1502 835 1896 892 Fortunatiano
1919 851 2126 892 t'esroro

529 939 826 1012 d‘Aquileja
856 938 937 992 sia
970 937 1038 990 da
1084 933 1348 990 uouerarsi
1401 930 1574 1001 train
1623 931 1829 994 Ariani,
1864 947 1893 984 ο
1934 947 2022 992 uo.
2069 935 2127 984 et

529 1031 675 1100 typis
706 1031 848 1086 edita
874 1045 1018 1085 anno
1050 1027 1189 1084 i782
1211 1029 1262 1081 in
1280 1025 1656 1098 Calngeriana,
1674 1041 1771 1080 seu
1791 1027 1967 1091 potius
1981 1023 2129 1078 Man-

527 1123 762 1180 delliana
790 1123 973 1177 Nuova
1000 1119 1242 1175 Rat-coita
1269 1119 1318 1173 d’
1340 1120 1577 1193 apuscnli
1607 1118 1879 1190 scientiﬁci
1903 1135 1929 1172 e
1957 1115 2131 1188 ﬁlola-

527 1216 652 1290 gici,
685 1226 833 1272 tomo
864 1212 1127 1271 XXXVII.
1161 1212 1303 1267 Nihil
1334 1214 1498 1285 igitur
1526 1213 1765 1284 optatius
1812 1211 2126 1281 Aquileien—

529 1314 683 1369 sibus
706 1315 819 1369 suis
853 1321 1112 1382 prmstare
1168 1318 1296 1365 tunc
1349 1308 1614 1378 temporis
1661 1308 1926 1378 potuisset
1957 1304 2129 1360 Chro-

526 1407 748 1471 matius,
773 1420 935 1475 quam
966 1402 1360 1474 Evangelicunt
1393 1399 1830 1455 Commentarium
1862 1415 1890 1452 a
1947 1398 2128 1466 seipse

524 1498 914 1554 concinnatum
943 1496 1152 1552 eisdem
1183 1493 1431 1559 tradere;
1463 1502 1525 1548 ut
1556 1494 1608 1547 in
1635 1491 1830 1548 eodetn
1858 1491 1958 1558 ipsi
2003 1505 2129 1545 sese

525 1589 739 1645 utiliter
769 1596 1095 1645 exercerent
1119 1588 1387 1641 doctrinm
1414 1602 1477 1641 ac
1505 1585 1722 1656 pictatis
1776 1592 2124 1653 argumento,

524 1685 669 1756 qUod
696 1683 797 1738 sibi
834 1682 945 1751 jam
1003 1690 1154 1736 esset
1181 1680 1582 1751 quodammodo
1623 1678 1922 1740 familiare;
1971 1685 2026 1731 et
2072 1676 2126 1728 in

522 1789 632 1848 quo
657 1775 1010 1830 nihilominus
1039 1774 1111 1829 ob
1158 1773 1362 1829 veteris
1385 1773 1583 1840 Scripti
1606 1772 1956 1833 brevitatem,
1989 1766 2130 1822 iridi-

2230 556 2282 610 in
2308 557 2495 610 saecula
2517 557 2841 611 steculorum.
2868 555 3059 620 Amen;
3096 565 3186 609 aut
3215 571 3229 608 :
3264 571 3353 624 per
3379 551 3644 608 Christum
3663 549 3836 605 Denti-

2232 665 2353 703 num
2378 661 2623 704 nostrum.
2655 651 2823 716 quiest
2847 648 3137 703 benedictus
3157 647 3452 713 insternla;
3485 649 3604 703 sive
3629 645 3835 715 simpli-

2231 743 2400 798 Citer:
2433 760 2520 812 per
2542 742 2798 797 Christum
2819 742 3089 796 Dominum
3111 749 3337 796 nostrum
3361 759 3379 808 ;
3405 755 3492 794 aut
3519 741 3689 796 etiam
3717 755 3730 791 :
3758 737 3837 792 cui

2232 835 2345 891 lous
2362 845 2406 890 et
2427 837 2682 908 gloria,iu
2710 835 2896 891 δίεειιιη
2922 837 3248 891 steculoruut.
3273 837 3467 900 Amen;
3496 849 3595 888 seu
3619 833 3834 887 demum

2233 931 2549 1001 productior
2587 931 2676 985 illa
2709 932 2818 984 :cui
2848 940 2921 985 est
2941 929 3127 991 honor,
3149 931 3280 995 fans,
3310 941 3358 984 et
3381 928 3702 1001 gloriu,unu
3725 943 3836 980 cum

2234 1021 2435 1094 Spiritu
2466 1031 2663 1080 sancto.
2698 1031 2816 1077 ante
2833 1025 3003 1077 omnia
3025 1022 3234 1086 smcnlu,
3259 1033 3305 1077 et
3339 1039 3474 1076 nunc
3495 1031 3542 1074 et
3570 1035 3775 1088 semper
3795 1028 3837 1073 et

2232 1119 2285 1170 in
2308 1115 2496 1170 strcula
2511 1116 2835 1172 srecttlormn.
2863 1115 3043 1171 Amen.
3071 1115 3258 1186 Neque
3283 1117 3428 1170 enim
3456 1113 3724 1180 humiliat,
3747 1131 3836 1170 seu

2236 1219 2493 1265 tractatus
2540 1212 2997 1278 complementum
3039 1209 3565 1265 auteonclusionem
3612 1209 3838 1263 detoto-

2233 1305 2672 1379 giasltnjusmudi
2697 1307 2834 1375 apud
2863 1303 3240 1360 Chromatium
3270 1313 3518 1358 nostrum
3540 1319 3663 1357 esse
3691 1311 3840 1371 puta-

2235 1415 2376 1454 mus.
2438 1400 2490 1452 lu
2531 1399 2831 1468 Scripturis
2886 1414 3116 1468 namque
3144 1398 3558 1452 eruditissimus
3606 1395 3839 1451 Sanctus

2234 1491 2536 1562 Episcopus
2553 1505 2772 1547 noverat
2791 1491 2978 1561 procul
3000 1491 3165 1545 dubio
3182 1506 3340 1557 quant
3359 1505 3504 1559 saepe
3525 1488 3838 1559 ltnjusmodi

2235 1582 2538 1655 dux-elogiis
2568 1593 2751 1640 utatur
2798 1587 2848 1638 in
2873 1585 3118 1655 epistolis
3168 1583 3281 1638 suis
3309 1594 3535 1637 sanctus
3559 1582 3840 1652 apostolus

2234 1672 2454 1742 Paulus,
2491 1693 2700 1731 necnon
2735 1678 2895 1732 etiam
2928 1677 3208 1744 Petrus,et
3234 1683 3464 1746 uterque
3488 1692 3624 1730 sane
3652 1677 3704 1729 in
3729 1675 3838 1747 cpi-

2233 1767 2496 1822 sto'larunt
2521 1768 2774 1834 decursu,
2807 1770 2969 1824 veluti
3020 1770 3084 1822 ad
3134 1769 3328 1822 animre
3357 1765 3683 1824 effusionem
3713 1785 3838 1839 erga

521 1877 836 1938 sertamqne
866 1865 1082 1922 dicendi
1110 1867 1403 1933 rationem,
1434 1863 1672 1920 uberiori
1700 1877 1763 1916 ac
1795 1860 1962 1915 nitida
2007 1873 2127 1913 ora-
2158 1857 2206 1920 B
2234 1861 2404 1917 Deum
2429 1863 2671 1916 omnium
2711 1860 3049 1924 Creatorem,
3071 1870 3124 1917 et
3151 1877 3281 1933 erga
3310 1861 3607 1948 Dominum
3656 1860 3838 1918 Jesum

525 1960 679 2016 tione
701 1968 964 2031 cuperent
989 1958 1220 2016 erudiri.

597 2055 655 2112 Id
682 2068 814 2112 Vero
846 2070 946 2110 nos
963 2053 1245 2117 admonet.
1275 2064 1331 2108 ut
1358 2052 1517 2109 facile
1567 2059 1890 2108 consectare
1948 2050 2129 2118 possi-

526 2163 666 2214 mus.
711 2160 958 2206 sanctum
987 2146 1369 2203 Chromatium
1403 2153 1656 2201 nostrum
1690 2143 2126 2200 Commentarium

527 2259 684 2300 suum
715 2257 824 2297 non
868 2240 1030 2296 modo
1087 2239 1379 2295 inchoasse
1409 2239 1478 2293 ab
1509 2239 1629 2309 ipso
1664 2237 1939 2308 Evangeii
1992 2238 2122 2292 Mat-

525 2336 651 2392 th'i
682 2334 937 2402 exerdio,
971 2343 1026 2390 et
1046 2333 1252 2402 absque
1278 2333 1397 2388 ullo
1422 2332 1478 2387 hi
1498 2344 1574 2385 ttu
1607 2332 1928 2402 perduxisse
1958 2341 2129 2399 usque

526 2429 592 2486 ad
623 2429 803 2484 locum
833 2429 1027 2497 capitis
1050 2426 1228 2491 sexti,
1263 2427 1355 2480 ubi
1387 2424 1587 2480 desinit
1621 2433 1885 2478 tractatus
1940 2429 2129 2476 noster

527 2521 772 2578 decimus
800 2519 1098 2590 septimus;
1133 2519 1226 2573 sed
1258 2519 1394 2571 ultra
1426 2531 1646 2587 queque
1677 2515 1839 2570 fuisse
1872 2527 2128 2584 progres-

524 2631 670 2680 sum,
701 2623 757 2669 et
778 2615 1050 2683 integrum
1077 2627 1273 2680 reapse
1299 2610 1537 2665 Matthzei
1565 2609 1919 2678 Evangelinm
1958 2608 2127 2660 Com-

525 2709 796 2764 mentario
823 2721 925 2760 suo
956 2706 1292 2759 illustratum
1321 2703 1560 2766 dedisse,
1588 2704 1732 2774 quod
1768 2709 1932 2757 etiam
1963 2701 2130 2757 Tille-

530 2801 766 2858 montius
827 2807 950 2870 post
1001 2799 1216 2854 Sixtum
1281 2801 1578 2853 Senensem
1639 2796 1883 2867 aliosipte
1935 2795 2128 2851 sensit.

531 2893 737 2949 Eadem
765 2892 909 2945 enim
940 2892 1080 2945 ratio
1113 2906 1233 2959 qua:
1289 2891 1506 2957 suadet,
1564 2891 1713 2945 illum
1744 2889 1933 2959 procul
1961 2891 2129 2946 dubio

527 2985 998 3042 Commentarium
1028 2984 1314 3038 inchoasse
1338 2983 1406 3036 ab
1431 2984 1551 3054 ipso
1576 2982 1856 3054 Evangeli
1881 2983 2123 3049 exordio,

527 3093 584 3140 et
615 3081 938 3152 perduxisse
962 3094 1133 3151 usque
1165 3080 1229 3132 ad
1261 3079 1438 3134 locum
1464 3080 1552 3133 ubi
1586 3095 1727 3133 nune
1750 3079 1953 3133 desinit
1995 3093 2132 3148 prm-

529 3179 709 3234 dictus
740 3188 1000 3232 tractatus
1025 3174 1165 3246 apud
1191 3189 1290 3229 nos
1319 3175 1566 3229 decimus
1596 3175 1858 3244 septimus
1891 3189 1906 3239 ;
1940 3173 2128 3228 eadem

2233 1956 2508 2009 Christum
2534 1955 2874 2009 Sanabtrcm
2920 1964 3198 2015 nostrum;
3227 1955 3355 2023 quin
3382 1955 3596 2022 signum
3633 1952 3841 2008 sintui-

2233 2045 2766 2116 liuscomplementi,
2786 2063 2881 2100 sett
2904 2046 3291 2114 Epistolarum,
3318 2063 3412 2101 scu
3432 2047 3597 2101 etiam
3629 2063 3738 2100 non
3756 2061 3841 2102 se-

2235 2140 2339 2195 mel
2375 2141 2660 2211 peculiaris
2697 2140 2964 2210 cujusque
2986 2141 3084 2205 rei,
3121 2141 3188 2194 de
3212 2157 3316 2212 qua
3348 2150 3478 2196 tunc
3502 2142 3555 2196 in
3599 2142 3837 2212 Epistula

2234 2242 2508 2304 agt-retur.
2531 2233 3081 2304 Hinclegimusﬂom.
3113 2233 3265 2299 1,25:
3293 2232 3359 2286 Et
3384 2236 3838 2289 servieruntcrew

2237 2337 2366 2381 turre
2387 2329 2555 2397 potius
2583 2343 2734 2397 quam
2763 2327 3015 2392 Creatori,
3046 2328 3134 2398 qui
3162 2337 3234 2380 est
3267 2327 3563 2382 benedictus
3590 2327 3641 2380 iu
3673 2344 3835 2381 suaru-

2237 2421 2304 2476 la.
2338 2425 2537 2488 Amen;
2568 2422 2696 2491 quin
2731 2419 3025 2490 Apostolus
3054 2420 3273 2481 ibidem,
3303 2435 3409 2474 neu
3441 2420 3604 2475 modo
3633 2424 3835 2490 episto-

2235 2516 2360 2582 lam,
2387 2518 2481 2572 sed
2515 2534 2689 2589 neque
2729 2534 3032 2573 sermonem
3088 2516 3300 2590 [sxvut]
3330 2535 3485 2572 suum
3517 2517 3735 2571 claudat
3766 2515 3836 2572 de

2237 2608 2380 2662 inani
2406 2619 2647 2664 veterum
2683 2611 3124 2680 philoSOphttrtlltt
3155 2613 3441 2679 sapientia,
3466 2611 3534 2665 tle
3563 2628 3666 2681 qua
3709 2625 3816 2681 age-

2236 2701 2346 2759 bat.
2371 2702 2632 2760 Sintilifer
2657 2705 2812 2759 Ront.
2847 2721 2923 2773 Ix,
2957 2705 3007 2770 5,
3036 2705 3296 2760 habemus
3323 2723 3336 2760 :
3371 2705 3604 2773 Quorum
3632 2704 3835 2772 Patres,

2234 2808 2282 2852 et
2309 2815 2372 2852 ex
2400 2801 2582 2869 quibus
2610 2809 2683 2854 est
2714 2800 2946 2854 Christus
2968 2802 3248 2855 secundum
3276 2818 3507 2867 carnem,
3537 2802 3626 2873 qui
3654 2810 3723 2854 est
3749 2818 3840 2855 su-

2236 2908 2328 2962 per
2372 2893 2544 2946 omnia
2586 2892 2725 2948 Deus
2761 2895 3055 2949 benedictus
3109 2895 3160 2948 in
3201 2896 3412 2949 saecula.
3467 2895 3663 2961 Amen;
3707 2897 3839 2963 quin

2237 2987 2439 3054 pariter
2469 2995 2558 3040 aut
2595 2988 2906 3056 epistolam,
2934 2999 3026 3042 aut
3069 3003 3377 3045 sermonem
3419 3005 3577 3043 suum
3619 2988 3844 3044 concluo

2237 3080 2328 3133 dat
2356 3079 2422 3135 de
2454 3081 2908 3150 promissionibus
2934 3082 3169 3138 Abraba-
3199 3082 3376 3148 factis,
3408 3083 3474 3137 de
3515 3083 3710 3152 quibus
3738 3079 3844 3136 ibi-

2239 3169 2363 3225 dent
2396 3170 2654 3242 loquitur.
2710 3171 2886 3228 Aliam
2936 3174 3281 3246 doxologiam
3333 3175 3519 3229 videas
3561 3175 3713 3230 Rom.
3758 3190 3837 3241 ιιι,

531 3273 647 3342 ipsa
680 3284 780 3325 nos
809 3280 986 3340 urget,
1021 3279 1076 3324 ιιι
1101 3281 1426 3323 censeamus
1480 3268 1741 3322 Sanctum
1795 3267 2126 3336 Episcopum
2159 3256 2206 3320 C
2237 3262 2329 3327 56,
2360 3263 2448 3317 ubi
2497 3276 2665 3332 certe,
2699 3268 2796 3320 etsi
2851 3267 3067 3322 desinat
3117 3269 3346 3322 materia
3393 3269 3461 3324 de
3502 3285 3604 3338 qua
3642 3267 3844 3322 ibidem

528 3379 666 3434 opus
688 3378 848 3418 suum
880 3363 1105 3416 minime
1133 3359 1513 3430 imperfectum
1548 3360 1864 3430 reliquisse;
1897 3373 2130 3429 praeser-

531 3459 629 3512 tim
677 3473 808 3510 vero
847 3471 971 3510 cum
1002 3457 1302 3509 necessitas
1348 3453 1522 3522 plebis
1566 3453 1923 3508 infortnandte
1971 3463 2134 3524 atque

533 3548 734 3624 [xxx-tt]
766 3551 819 3603 itt
854 3559 932 3602 tot
953 3547 1198 3602 adversis
1225 3546 1499 3616 erigendm
1529 3549 1782 3613 instaret.
1809 3558 1864 3604 et
1914 3557 2132 3617 tempus

530 3655 795 3714 praeterea
825 3643 902 3695 illi
931 3639 1172 3696 defuisse
1203 3655 1310 3694 non
1343 3641 1594 3694 videatur
1650 3640 1718 3695 ad
1773 3655 1916 3711 opus
1964 3640 2132 3709 perii~

531 3737 784 3793 ciendum
815 3734 958 3805 quod
991 3735 1368 3801 inchoaverat,
1397 3735 1608 3790 etiamsi
1657 3737 1806 3790 illum
1833 3737 1984 3805 operi
2019 3751 2137 3790 tua-

536 3847 661 3885 ttttttt
681 3830 926 3900 posuisse
953 3830 1258 3885 dixerimus
1291 3844 1434 3884 anno
1467 3841 1674 3884 tantum
1696 3830 2138 3898 d00.quo.\lari-

535 3921 919 3979 cusinltaltatn
935 3922 1154 3991 irrupit.
1172 3923 1276 3976 (Zur
1299 3939 1429 3978 vero
1457 3923 1666 3992 integer
1687 3925 2136 3980 Cortttnentarins

534 4017 602 4071 ad
632 4026 927 4084 nosnsotue
952 4032 1057 4070 non
1109 4016 1344 4081 venerit,
1394 4031 1502 4070 non
1550 4025 1634 4070 est
1675 4015 1804 4087 quid
1854 4015 2134 4081 dicamus;

537 4125 658 4166 cum
693 4120 774 4166 tot
791 4109 892 4165 alia
909 4119 1224 4164 sanctorum
1240 4109 1462 4163 Patrum
1483 4108 1828 4178 aliorumque
1847 4115 2134 4162 auctorum

535 4215 779 4259 veterum
809 4217 973 4272 Opera
1003 4202 1069 4257 ad
1100 4217 1199 4257 nos
1245 4199 1595 4270 [)Cl'Vt’IICi'illl
1636 4203 1854 4265 mutila;
1904 4217 2137 4272 cumque

537 4299 753 4353 notiora
780 4297 912 4360 sint,
938 4312 1098 4367 quant
1132 4309 1187 4349 ut
1219 4294 1308 4348 hic
1334 4293 1593 4361 ettplicari
1647 4305 1977 4358 mereantur,
2019 4295 2128 4350 [ita

537 4390 820 4446 durissima
853 4405 974 4460 qttze
1004 4399 1126 4458 post
1155 4387 1531 4442 Chromatium
1553 4385 1719 4440 subiit
1751 4384 2018 4455 Aquileia,
2053 4395 2136 4441 l0-

535 4495 728 4554 tns-tue
751 4484 1116 4553 Aquileiensis
1144 4497 1294 4551 ager,
1321 4483 1465 4534 unde
1496 4480 1952 4549 forla~scitttegra
2011 4495 2139 4534 eva-

533 4577 667 4634 dere
693 4574 996 4630 Cltromatii
1019 4574 1222 4636 scripta
1247 4589 1351 4625 non
1383 4581 1694 4640 p0'uernnt,
1751 4572 1908 4625 sicuti
1963 4585 2140 4641 neque

2237 3355 2366 3422 agit,
2390 3356 2611 3413 minimc
2635 3360 2834 3414 desinit
2865 3357 3125 3429 Epistula.
3159 3359 3336 3415 Aliam
3371 3363 3623 3416 simititer
3647 3375 3681 3415 ιι
3705 3360 3837 3415 Cor.

2237 3449 2542 3514 xt,5l,ulti
2576 3465 2749 3523 neque
2801 3455 3040 3522 Epistola
3090 3454 3314 3518 desiuit,
3369 3467 3546 3525 neque
3593 3456 3840 3508 materia.

2236 3544 2387 3600 Alias
2417 3547 2806 3618 demum.quas
2832 3551 3100 3604 indicasse
3137 3551 3396 3614 snl'liciat,
3425 3549 3447 3605 ι
3474 3547 3608 3606 Τίιιι.
3635 3565 3703 3615 ιιι,
3730 3547 3842 3616 16;

2236 3639 2279 3694 ll
2303 3639 2442 3695 Tun.
2479 3658 2551 3706 tv,
2583 3641 2679 3708 18;
2709 3643 2827 3699 Gal.
2852 3645 2978 3709 1,4;
3013 3643 3031 3697 Ι
3063 3645 3208 3699 Petr.
3243 3659 3320 3711 tv,
3358 3645 3445 3700 ll.

2310 3732 2447 3799 Quid
2473 3735 2617 3788 aliud
2644 3737 2809 3804 igitur
2837 3737 3006 3790 videri
3044 3745 3275 3806 possunt
3299 3736 3600 3808 doxologiaz
3627 3748 3844 3807 quoque

2240 3843 2268 3881 a
2295 3827 2609 3884 Cltromatio
2641 3833 2975 3900 usurpttaain
2995 3829 3404 3885 Commentario
3427 3845 3714 3900 StIO,t|tlt‘lll
3743 3844 3846 3901 pro

2242 3923 2493 3978 lectionis
2531 3941 2629 3978 usu
2681 3925 2957 3992 exaravit,
3004 3925 3107 3979 nisi
3157 3924 3406 3996 quadam
3451 3927 3615 3981 animi
3659 3928 3738 3979 sui
3788 3933 3847 3980 et

2244 4015 2660 4073 fervi-ntissimte
2690 4018 2969 4074 cltaritatis
2994 4018 3455 4076 elfitsioiicsiuter
3496 4018 3839 4075 scribendum

2244 4110 2488 4178 pl'ttitll:t‘,
2509 4111 2574 4165 ad
2605 4112 2696 4166 Dei
2735 4126 2790 4167 et
2817 4111 3025 4166 Domini
3046 4115 3212 4167 nostri
3237 4112 3366 4168 Jesu
3386 4112 3586 4170 Christi
3605 4114 3838 4176 laudem,

2243 4216 2401 4273 prout
2442 4207 2672 4273 apostoli
2699 4206 2892 4261 Petrus
2914 4214 2969 4261 et
2993 4206 3195 4260 Paulus
3225 4206 3277 4261 in
3306 4209 3421 4262 suis
3449 4207 3701 4280 Epi~lolis
3734 4209 3841 4262 fac-

2244 4296 2509 4352 tit-trum?
2538 4299 2604 4354 Ει
2629 4300 2731 4353 alii
2770 4299 2985 4370 quidem
3013 4301 3264 4368 exempla
3297 4319 3402 4354 non
3438 4302 3631 4355 desunt
3653 4300 3842 4366 hujus-

2244 4389 2840 4462 mudidoxol0giarunt,
2881 4393 3042 4446 etiam
3084 4401 3210 4447 ante
3253 4391 3416 4446 finem
3458 4407 3553 4449 seu
3589 4392 3839 4464 cpis'oia-

2243 4496 2385 4546 rum,
2427 4495 2522 4536 s‘u
2559 4495 2904 4548 tractatuum,
2955 4501 3048 4540 seu
3098 4500 3438 4550 sermonum,
3490 4487 3542 4541 in
3595 4495 3835 4540 veterum

2245 4573 2462 4628 Patrum
2480 4579 2752 4642 operibus;
2777 4590 2831 4633 nt
2847 4595 2938 4633 cas
2959 4587 3240 4649 propterea
3261 4581 3414 4637 facile
3431 4583 3689 4649 inti-ltiges
3711 4595 3836 4633 san-

533 4680 618 4724 tot
647 4667 751 4722 alia
774 4684 892 4738 quae
916 4663 1289 4737 proculdubio
1308 4665 1640 4731 reliquerunt
1659 4666 1839 4718 caeteri
1867 4672 2131 4732 praesules
2169 4641 2223 4701 Β
2249 4676 2458 4721 ctorttm
2488 4671 2804 4726 corumdum
2838 4673 3079 4727 virorum
3122 4675 3286 4728 animi
3323 4676 3466 4730 inter
3495 4673 3833 4731 scribendum

538 4759 632 4834 qui
661 4777 784 4814 eum
811 4764 1227 4826 praecesserunt,
1259 4757 1456 4825 quique
1482 4757 1654 4810 seruti
1687 4766 1829 4810 sunt.

609 4849 716 4908 Sed
749 4849 876 4921 quid
903 4850 972 4904 de
1001 4846 1324 4915 doxtnlugiis,
1359 4864 1454 4902 seu
1483 4849 1991 4917 glttriﬁcationiltus,
2019 4868 2141 4922 qua:

542 4945 597 5000 in
628 4944 737 4998 fine
766 4943 1114 4996 hmttiliarum
1152 4941 1266 4994 sive
1315 4951 1645 4994 tractatuum
1681 4942 2016 5012 singulorum
2064 4947 2138 5000 le-

541 5035 780 5107 guntur?
809 5034 935 5088 lude
966 5033 1240 5093 nimirum,
1269 5031 1612 5089 Fontaninus
1652 5038 1972 5104 pratsertim,
1998 5057 2141 5096 nec—

541 5145 649 5186 non
677 5131 842 5185 etiam
873 5129 946 5180 De
971 5127 1196 5193 Rubeis,
1221 5142 1416 5182 eruere
1444 5132 1620 5182 conati
1654 5143 1800 5198 sunt,
1836 5130 1948 5188 veri
1973 5135 2146 5190 notui-

549 5222 632 5278 nis
660 5222 912 5276 ltoinilias
941 5222 1038 5274 ltas
1058 5237 1180 5275 esse
1210 5237 1423 5290 reapse,
1451 5238 1543 5277 seu
1571 5223 1622 5276 itt
1651 5241 1815 5278 unum
1849 5242 1986 5296 opus
2011 5244 2144 5283 ρυη-

548 5315 722 5379 natas,
753 5324 851 5367 Seu
897 5328 963 5366 ex
994 5327 1158 5382 opere
1183 5312 1294 5383 jam
1346 5319 1595 5369 exs‘taulc
1627 5317 1912 5380 disseCIas.
1972 5329 2026 5375 et
2073 5321 2139 5377 ad

545 5403 948 5478 praedicationis
981 5421 1133 5459 usum
1165 5415 1396 5473 aptatas.
1424 5407 1687 5466 Neutrum
1713 5413 1874 5469 nobis
1911 5417 2138 5485 arridet,

547 5503 637 5571 qui
662 5498 772 5569 jam
805 5497 1031 5568 professi
1058 5514 1244 5553 sumus
1275 5503 1500 5571 reliquia
1531 5506 1645 5560 haec
1677 5505 1832 5563 nobis
1861 5509 2030 5564 videri
2059 5511 2140 5565 in-

547 5596 681 5663 tegri
711 5587 764 5645 lu
816 5589 1127 5645 Matthmum
1154 5585 1562 5662 Cuntmeutarii,
1617 5615 1774 5667 quem
1804 5601 1926 5656 data
1975 5619 2139 5672 opera

546 5683 1121 5741 san'ctttS'Chromatius
1137 5685 1436 5757 scripserit,
1457 5701 1509 5744 ut
1531 5706 1560 5745 a
1579 5691 1822 5750 fidelibus
1845 5697 2134 5764 legeretur.

550 5778 692 5833 Nihil
725 5791 854 5833 vero
876 5774 1193 5847 doxologize
1217 5794 1313 5833 nes
1347 5781 1912 5858 moventfrequentius
1943 5789 2138 5858 repeti-

549 5877 614 5924 tte
643 5871 698 5926 in
729 5869 835 5926 ﬁne
856 5869 1242 5941 cujuscumque
1290 5879 1566 5944 tractatus,
1613 5891 1709 5933 seu
1755 5879 2028 5937 ltomilite:
2062 5883 2138 5938 uti

2249 4758 2557 4828 eﬂ'nsiones,
2588 4781 2694 4819 non
2719 4781 2846 4820 vero
2879 4767 3170 4821 locutionis
3196 4780 3285 4821 ant
3309 4769 3619 4839 scriptionis
3641 4767 3836 4836 simpli-

2250 4858 2384 4909 citer
2412 4858 2812 4915 conclusiones.
2850 4859 3087 4915 Adeatur
3136 4865 3512 4917 tantummodo
3551 4861 3766 4926 epistola
3801 4859 3825 4914 l

2251 4950 2423 5003 saneti
2459 4967 2609 5018 papae
2633 4950 2930 5005 Clementis
2964 4952 3028 5004 ad
3056 4954 3410 5016 Corinthios;
3441 4970 3490 5011 et
3522 4954 3715 5009 ibidem
3743 4951 3836 5004 do-

2250 5041 2480 5109 xidugia:
2522 5041 2840 5111 frequentes
2881 5057 3078 5113 priL'Slﬂ
3112 5059 3271 5100 erttut
3302 5049 3352 5101 in
3385 5058 3500 5103 toto
3535 5049 3677 5103 illius
3705 5057 3826 5112 pro-

2251 5136 2651 5207 lixa-epistola}
2698 5155 2886 5204 cursu,
2939 5137 3198 5194 nimirum
3261 5158 3412 5197 tttttn.
3465 5144 3552 5208 20,
3607 5140 3689 5205 '22,
3736 5137 3830 5205 53,

2243 5229 2334 5290 43,
2361 5229 2450 5289 50.
2511 5241 2712 5300 przeter
2746 5233 2885 5286 alias
2917 5231 3053 5287 duas
3085 5236 3137 5287 in
3183 5235 3332 5290 exitu
3374 5237 3634 5304 θμῑδιυιω,
3681 5243 3829 5286 unm.

2248 5323 2315 5378 53
2341 5335 2395 5377 et
2545 5325 2700 5393 Apud
2733 5324 2919 5379 Patres
2951 5326 3279 5393 Apostoticos
3319 5329 3594 5385 Cotelerii.
3621 5323 3703 5381 ubi
3732 5338 3832 5376 vo-

2247 5418 2452 5472 lumine
2479 5417 2497 5471 1
2525 5429 2736 5487 prostat
2763 5419 2877 5473 lttec
2903 5421 3131 5486 cpistola
3147 5422 3622 5492 sanctipontiiieis,
3653 5419 3835 5472 rideas

2245 5528 2465 5583 quoque
2493 5514 2764 5568 eruditam
2785 5515 3124 5570 notationem
3143 5532 3265 5586 qum
3282 5535 3396 5572 rem
3423 5520 3560 5572 hanc
3581 5515 3829 5578 illn~trat,

2246 5613 2300 5661 ct
2329 5606 2526 5660 ibidem
2559 5619 2740 5663 exstat
2785 5609 2888 5662 sub
2936 5625 3087 5663 num.
3137 5611 3193 5678 4,
3228 5628 3351 5683 pag.
3413 5613 3535 5682 161,
3583 5604 3832 5666 editionis

2246 5698 2776 5757 Amstelodamcnsis
2807 5701 2910 5756 ΗΞ
2925 5703 2944 5755 ι
2957 5743 2968 5754 .

2316 5789 2421 5848 Sed
2461 5794 2623 5849 aliam
2679 5794 2996 5866 ltnjusmodi
3043 5793 3464 5870 doxologiarum
3508 5813 3628 5852 usus
3665 5790 3834 5849 ratio-

2249 5903 2394 5956 nem,
2423 5905 2585 5959 quant
2613 5887 2976 5960 coniectando
3006 5894 3314 5966 arguimus,
3337 5896 3390 5953 itt
3411 5888 3702 5953 Cltromatio
3723 5895 3834 5941 ηοε-
