4056 6340
222 338 315 397 ειο
1442 322 1813 386 ρηγιιτιο

1947 321 2188 382 1⁷1⁸0818.
2410 333 2423 343 ⁸
3382 321 3492 382 2ῗο

222 465 323 509 stro
348 446 532 504 ati‘erre
556 449 808 517 praestat,
839 456 964 514 qua:
993 444 1231 512 priorem
1260 452 1444 499 tamen
1476 461 1581 499 non
1602 444 1785 500 exclu-
1816 444 1871 504 Α
1962 441 2120 510 Quod
2166 448 2348 496 autem
2376 438 2441 493 ad
2468 439 2636 494 hosce
2666 444 2974 510 postremos
3004 445 3237 509 Spectat,
3265 453 3489 509 pergra-

222 543 308 600 dit.
334 540 459 596 Cum
483 552 578 607 pro
599 538 689 609 pia
726 536 965 593 iidelium
998 536 1261 603 lectione,
1308 548 1363 592 ut
1402 547 1559 593 antea
1582 539 1786 594 dictum
1894 546 2011 592 tum
2054 544 2139 590 est
2178 533 2339 589 nobis
2380 532 2469 589 hic
2510 531 2827 587 meminisse
2849 532 2949 586 viri
2984 534 3270 603 mnuigena
3301 532 3489 588 erudi-

220 634 683 700 contirmatumque
711 629 830 692 fuit,
857 627 1325 685 Commentarinm
1352 644 1510 685 Sttllm
1535 632 1588 685 in
1610 630 1787 685 Evan-
1894 632 2042 686 tione
2081 627 2393 695 clarissimi,
2443 626 2708 697 Stephani
2734 626 2956 682 Antonii
3000 626 3284 691 Morrelli;
3315 626 3404 695 qui
3435 627 3489 680 in

222 727 399 797 gelium
424 723 594 779 Sancti
619 722 861 777 Μίδαιιωί
876 723 1165 795 scripserit
1187 723 1427 779 Sanctus
1454 722 1788 793 Episcopus;
1886 722 2123 793 quadam
2147 737 2213 777 ex
2246 720 2634 777 eruditissimis
2667 719 3039 774 notationibus
3068 717 3257 792 [xxx]
3282 718 3397 772 suis
3422 718 3489 772 ad

225 818 391 892 quidni
418 816 736 887 doxologias
769 816 860 872 hic
880 826 1045 883 atque
1069 818 1182 873 illic
1209 817 1478 887 posuerit,
1522 816 1687 871 veluti
1723 815 1791 869 ad
1890 817 2068 871 sancti
2122 816 2367 886 Gregorii
2429 814 2767 887 Agrigentini
2829 812 3268 883 Explanationem
3339 830 3496 885 super

224 913 456 969 lectorem
482 925 705 980 quoque
731 909 1160 976 admouendum,
1212 918 1275 965 ιιι
1304 911 1373 966 ad
1401 911 1668 981 singulas,
1700 918 1795 965 aut
1896 907 2213 963 Ecclesiaste
2234 924 2263 962 a
2295 922 2354 963 se
2385 908 2451 963 G.
2501 916 2557 964 et
2586 907 2646 964 L.
2686 906 2909 963 Venetis
2957 909 3100 979 typis
3133 906 3339 963 editam
3363 922 3493 977 pag.

222 1021 422 1077 pausam
447 1005 672 1068 laceret,
700 1014 797 1059 aut
824 1004 988 1058 etiam
1020 1005 1183 1059 linem
1216 1019 1317 1075 pro
1336 1018 1406 1059 ea
1426 1005 1545 1059 vice
1574 1003 1795 1058 lectioni
1897 1001 1991 1069 42,
2020 1018 2329 1059 sermonem
2370 1003 2578 1058 habens
2605 1002 2673 1059 de
2717 1002 2991 1069 clausulis,
3034 1016 3130 1059 seu
3176 1000 3499 1073 doxologiis,

224 1096 380 1163 daret,
402 1112 490 1159 ne,
519 1096 684 1149 nimia
711 1097 947 1151 lectione
970 1106 1256 1166 gravatus,
1277 1096 1532 1151 lectionis
1559 1095 1795 1150 fructum
1896 1098 2097 1169 quibus
2126 1107 2339 1154 veteres
2362 1098 2551 1154 Patres
2583 1098 2842 1169 epistolas
2875 1111 3004 1153 suas
3044 1111 3107 1152 ac
3138 1106 3334 1152 catera
3362 1096 3499 1151 scri-

226 1188 509 1247 amitteret?
536 1188 608 1244 Et
634 1189 1144 1259 sattedoxologiata
1175 1188 1498 1244 Chromatio
1526 1197 1798 1259 usurpata:
1902 1200 1991 1259 pta
2032 1189 2363 1246 concludere
2407 1189 2675 1257 solebant,
2724 1190 2813 1245 vis
2864 1190 3036 1255 aliter,
3062 1186 3263 1260 inquit,
3310 1188 3361 1243 id
3407 1202 3503 1243 eos

228 1284 289 1339 ita
308 1292 424 1337 sunt
447 1281 759 1351 dispositas,
805 1292 861 1337 at
890 1297 1053 1337 unam
1106 1284 1247 1338 inter
1266 1291 1326 1337 et
1372 1283 1597 1337 alteram
1641 1282 1801 1337 lectio
1898 1285 2120 1351 iecisse,
2150 1300 2304 1354 quam
2336 1300 2435 1339 una
2453 1280 2582 1338 Iesu
2606 1282 2797 1338 Christi
2826 1282 3193 1347 invocatione;
3222 1295 3347 1337 raro
3366 1280 3504 1336 facta

226 1375 477 1431 suiliu'ens
506 1375 804 1439 habeatur,
834 1384 892 1431 et
914 1387 974 1430 ut
999 1390 1187 1431 earum
1216 1376 1368 1430 nulla
1398 1376 1650 1431 ordinem
1684 1388 1804 1429 ser—
1904 1377 2183 1433 mentione
2218 1375 2416 1445 Patris,
2471 1387 2523 1431 et
2555 1378 2727 1432 rarius
2780 1376 3013 1448 Spiritus
3044 1375 3231 1432 sancti.
3287 1393 3306 1426 ι
3339 1377 3407 1431 At
3438 1390 3507 1430 ex

228 1468 386 1524 monis
410 1469 749 1539 intercipiat,
777 1480 871 1523 aut
895 1470 1182 1524 materiam
1220 1468 1457 1524 scindat.
1486 1469 1804 1538 Quinimmo
1906 1486 2013 1540 quo
2044 1470 2149 1542 (ita
2184 1467 2573 1540 prosequitur)
2604 1482 2669 1523 ex
2700 1484 2811 1539 quo
2840 1467 3190 1525 Macedonius
3219 1466 3508 1522 haeresiar-

230 1577 288 1616 tte
312 1562 525 1617 materia
555 1561 973 1632 quodammodo
1012 1563 1382 1628 scinderetur,
1411 1561 1593 1634 {uix}
1640 1562 1807 1630 duplo
1903 1562 2043 1617 cites
2069 1561 2312 1617 delirare
2341 1562 2531 1632 coepit,
2565 1570 2620 1617 et
2651 1576 2871 1633 pravam
2907 1562 3239 1632 impiamque
3265 1560 3413 1613 illam
3437 1559 3507 1615 de

230 1655 511 1725 etas-ptius
536 1656 846 1726 longiores,
890 1657 1098 1727 alisque
1139 1657 1248 1711 ulla
1278 1656 1611 1711 intermedia
1636 1656 1809 1711 doxo-
1910 1656 2117 1728 Spiritu
2140 1665 2332 1712 sancto
2350 1657 2656 1713 doctrinam
2681 1671 2941 1727 spargere
2963 1656 3188 1721 institit;
3214 1654 3513 1711 reclaman-

230 1748 372 1817 logia,
416 1748 548 1805 iecit
594 1759 794 1820 partes
828 1750 1046 1805 duasiu
1098 1751 1347 1822 reliquiis
1375 1768 1497 1822 quae
1545 1748 1810 1805 habemus
1905 1752 2055 1805 tibus
2109 1752 2311 1821 ubique
2352 1752 2552 1806 sanctis
2594 1752 2891 1822 episcopis,
2942 1752 2996 1805 in
3045 1747 3507 1805 consuetudinem

232 1840 601 1901 Commentarii
654 1848 781 1910 sui;
837 1846 1074 1916 priorem
1129 1863 1367 1917 nempe,
1420 1862 1541 1915 quas
1589 1847 1809 1901 tertium
1839 1833 2170 1915 Bpaulatirn
2202 1845 2373 1909 venit,
2428 1853 2487 1899 ut
2513 1843 2796 1899 catholica:
2842 1842 3197 1914 professionis
3244 1842 3415 1897 instar
3448 1840 3514 1894 ii-

230 1944 492 1992 tractatuum
523 1952 780 1995 uoswum
809 1941 1119 2007 constituit,
1167 1942 1259 1995 ubi
1303 1941 1375 1997 de
1406 1951 1530 1996 octo
1574 1940 1813 1994 Beatitu-
1916 1936 2045 1991 bros
2089 1935 2317 2006 quisque
2364 1950 2492 1991 suos
2532 1947 2587 1991 et
2613 1937 2893 1992 orationes
2934 1934 3302 2004 homiliaSque
3353 1934 3517 1988 trium

233 2028 428 2086 diuibus
449 2032 604 2101 juxta
638 2033 891 2089 ordinem
920 2033 1063 2088 sacri
1092 2041 1275 2088 textus
1305 2049 1488 2088 sermo
1511 2042 1616 2102 est,
1650 2047 1814 2104 quam
1913 2034 2221 2091 divinarum
2266 2036 2628 2091 Personarum
2679 2035 3047 2107 appellatione
3085 2034 3459 2091 concludi-ret.
3494 2053 3513 2086 ι

231 2124 498 2197 doxologia
523 2130 777 2196 profecw
808 2129 1029 2193 clausit,
1057 2129 1153 2183 sed
1182 2128 1626 2198 nttllainterjecta
1645 2127 1819 2182 voluit

234 2233 493 2289 separare;
520 2224 765 2277 alteram
798 2237 950 2289 vero,
980 2237 1085 2292 qua
1128 2231 1394 2277 tractatus
1444 2228 1634 2276 noster
1663 2221 1815 2274 deri—

235 2330 341 2369 mus
384 2325 613 2386 quartus
660 2322 901 2381 constat,
947 2313 1041 2386 qui
1084 2324 1169 2369 est
1224 2315 1483 2384 prxciara
1546 2312 1819 2383 expositio

236 2405 511 2464 Dominica:
541 2410 851 2475 Orationis,
883 2409 1090 2479 quique
1115 2408 1409 2476 doxologia
1435 2407 1680 2479 quidem,
1710 2407 1819 2462 sic-

236 2512 361 2559 utet
391 2504 606 2569 caeteri,
641 2504 995 2569 terminatur,
1046 2504 1142 2558 sed
1177 2504 1321 2558 nulla
1354 2518 1581 2574 prorsus
1611 2501 1825 2572 interii-

237 2594 377 2652 citur.

300 2688 487 2748 Verum
546 2689 863 2759 doxologia:
919 2690 1052 2758 ipsa:
1098 2704 1127 2742 a
1171 2687 1487 2743 Chromatio
1551 2694 1825 2756 usurpata:

242 2780 461 2852 aliquam
508 2793 764 2839 nostram
802 2780 1336 2837 animadversionem
1366 2780 1672 2850 requirunt.
1719 2779 1824 2833 Ea-

239 2888 343 2929 rum
385 2876 502 2932 alite
548 2876 722 2932 Deum
767 2874 1088 2943 respiciunt,
1114 2874 1259 2927 nulla
1291 2874 1655 2928 l’ersOnarum
1685 2872 1827 2927 facta

240 2970 479 3039 peculiari
508 2972 824 3031 molitione.
858 2978 917 3022 nt
958 2969 1049 3023 illa
1096 2977 1366 3022 tractatus
1399 2969 1502 3022 l5:
1528 2967 1829 3033 pert'ent'ens

240 3062 306 3116 tul
325 3061 484 3119 Deum
522 3064 618 3133 qui
657 3063 858 3118 amntis
884 3077 1088 3131 precem
1116 3062 1299 3115 audire
1326 3061 1611 3124 consuevit,
1642 3059 1729 3127 qui
1760 3068 1834 3113 est

240 3154 514 3215 benedictus
540 3161 598 3213 in
626 3156 845 3215 «ecula.
876 3157 1057 3211 Amen.
1082 3154 1219 3211 Alite
1240 3155 1551 3224 diriguntur
1576 3153 1644 3207 ad
1674 3154 1832 3208 Chri-

1916 2126 1974 2181 in
1998 2128 2306 2197 exemplum
2331 2126 2530 2182 deinde
2550 2124 2707 2183 πϐρι-ι
2729 2128 3002 2182 clausulas
3020 2137 3337 2182 sanctorum
3372 2126 3524 2182 Grae—

1918 2235 2108 2276 corum
2156 2220 2376 2277 Patrum
2421 2220 2727 2285 Athanasii,
2776 2219 2965 2291 Cyrilli
3018 2218 3522 2293 liierosolymitani,

1922 2315 2168 2387 Gregorii
2195 2314 2543 2381 Nazianzeni,
2569 2325 2621 2370 et
2644 2314 2859 2379 Basilii;
2887 2331 2949 2370 ac
2969 2312 3189 2370 demum
3216 2312 3526 2370 concludit:

1933 2427 1952 2462 ι
1982 2410 2094 2481 jam
2112 2411 2192 2466 his
2208 2410 2417 2466 similes
2433 2411 2706 2467 clausulas
2738 2409 2937 2481 passim
2959 2411 3110 2481 leges
3132 2411 3274 2481 apud
3303 2420 3534 2465 czeteros

1926 2505 2139 2570 Patres,
2192 2506 2282 2577 qui
2316 2505 2417 2560 hos
2465 2505 2745 2560 consecuti
2795 2517 2985 2560 sunt.)
3028 2505 3104 2557 Ιῗιι
3162 2504 3344 2574 igitur,
3394 2504 3534 2560 inter

1926 2599 2029 2655 hos
2059 2606 2310 2665 cmteros,
2358 2600 2520 2654 etiam
2552 2594 2934 2653 Chromatium
2966 2598 3378 2669 Aquileiettsem
3428 2597 3522 2668 qui

1930 2691 2161 2748 fettasse
2204 2690 2393 2747 eadem
2442 2700 2645 2756 mente,
2692 2699 2747 2746 et
2774 2699 2922 2747 certe
2969 2690 3163 2747 eadem
3195 2707 3259 2747 ac
3285 2690 3363 2745 illi
3400 2689 3537 2756 (ide,

1929 2788 2013 2843 bis
2063 2788 2116 2842 in
2170 2787 2484 2858 doxologiis
2532 2786 2985 2858 fragmentorum,
3042 2804 3163 2858 qum
3217 2797 3538 2857 supersunt,

1932 2880 2320 2937 Commentarii
2351 2882 2433 2935 sui
2466 2881 2519 2935 in
2549 2881 2887 2947 Mattltzcum,
2940 2880 3177 2951 Spiritus
3217 2880 3396 2937 sancti
3426 2900 3540 2939 me-

1936 2973 2111 3028 minit.
2159 2973 2334 3043 Atque
2368 2973 2483 3029 hrcc
2532 2968 2599 3030 de
2626 2972 2923 3029 Chromatii
2957 2974 3199 3045 scriptis,
3246 2990 3343 3031 seu
3374 2992 3540 3047 opus-

1936 3068 2073 3124 culis
2102 3068 2427 3137 generatim.

2010 3161 2308 3216 Peculiaria
2327 3175 2469 3216 nunc
2492 3161 2738 3231 qumdam
2771 3157 3109 3216 etutcieanda
3138 3162 3379 3225 veniunt,
3413 3178 3536 3233 qua:

236 3260 369 3307 atina
418 3252 719 3308 Dominum
770 3249 1114 3307 Salvator-em
1185 3260 1461 3307 nostrum.
1535 3245 1683 3300 velut
1741 3244 1829 3299 illa

1947 3255 2260 3327 appendieis
2311 3256 2434 3311 loco
2482 3254 2670 3311 haberi
2733 3265 3004 3324 poterunt,
3047 3254 3115 3310 ad
3144 3271 3205 3309 ea
3234 3257 3536 3324 prmsertim

238 3354 485 3405 tractatus
514 3344 592 3405 12
610 3364 626 3401 :
644 3355 769 3400 ante
795 3343 1082 3397 Dom'mtm
1108 3359 1174 3396 ac
1197 3342 1524 3398 Salutarem
1573 3349 1828 3405 nostrum,

234 3440 413 3509 quiest
444 3440 754 3497 benedictus
780 3439 835 3492 in
873 3438 1083 3492 alecula.
1114 3437 1295 3490 Amen.
1327 3434 1465 3491 Alia:
1506 3432 1728 3488 demum
1777 3441 1833 3487 et

242 3530 463 3601 Patrem,
517 3543 575 3588 et
621 3532 848 3596 Filium,
881 3540 935 3585 et
974 3528 1232 3599 Spiritum
1287 3538 1533 3582 sanctum
1579 3526 1834 3580 distincte

240 3629 544 3687 nominant:
581 3629 656 3683 ttti
684 3644 747 3683 ea
778 3634 1040 3681 tractatus
1063 3624 1100 3678 Si
1119 3643 1132 3677 :
1154 3635 1199 3678 et
1218 3623 1370 3678 donis
1408 3622 1574 3676 sancti
1603 3620 1833 3689 Spiritus

240 3723 543 3779 numerandi
568 3736 589 3778 :
613 3737 708 3792 per
736 3735 885 3790 quem
911 3729 986 3773 est
1015 3716 1194 3783 Patri,
1225 3726 1275 3770 et
1308 3713 1450 3770 Filio
1488 3715 1603 3768 laus
1632 3722 1680 3767 et
1724 3715 1837 3783 gloo

238 3814 313 3870 riu
339 3816 389 3869 in
415 3815 614 3877 swcula
636 3813 971 3869 anulorum.
997 3810 1161 3864 Amen
1181 3826 1200 3876 ;
1224 3817 1282 3863 et
1313 3809 1417 3862 alia
1438 3822 1655 3877 quoque
1697 3815 1838 3860 trac-

244 3915 377 3966 tatus
401 3910 471 3968 14
498 3915 716 3978 :aperte
750 3903 1006 3959 Dominus
1028 3901 1233 3976 (Jesus
1254 3901 1545 3967 Christus)
1581 3902 1838 3971 mortifero

242 4012 312 4057 lat
340 4004 468 4059 ἐσιή
517 4011 593 4058 est
614 4000 789 4057 honor
830 3999 948 4054 laus
992 4008 1040 4051 et
1085 3996 1276 4067 gloria,
1316 4012 1422 4050 una
1465 4011 1581 4048 cum
1629 3993 1840 4063 Spiritu

241 4106 433 4161 sancto,
486 4106 609 4149 ante
653 4093 831 4150 omnia
859 4091 1076 4155 saecula,
1108 4100 1154 4145 et
1184 4105 1342 4154 nunc,
1366 4098 1417 4144 et
1444 4104 1667 4160 semper,
1715 4097 1762 4141 et
1784 4087 1841 4139 in

242 4189 426 4249 circulo
454 4188 799 4246 swculorttm.
832 4184 1013 4239 Amen.
1063 4184 1202 4251 Quid
1237 4183 1401 4253 igitur
1446 4183 1549 4236 sibi
1579 4182 1694 4236 vult
1725 4182 1842 4236 haec

246 4279 656 4354 duxolvgiaruni
711 4277 1021 4340 diversitas,
1054 4277 1105 4330 iu
1149 4288 1340 4331 saneto
1376 4274 1712 4336 Chromatio,
1756 4282 1840 4327 at-

244 4392 346 4447 que
387 4380 441 4434 in
473 4395 578 4433 una
627 4375 934 4446 eademque
984 4372 1157 4443 ipsius
1205 4371 1539 4441 scriptione?
1587 4368 1843 4424 Fortasse

244 4486 348 4527 non
381 4473 479 4527 abs
522 4488 583 4528 re
618 4470 788 4526 fuerit
830 4469 1134 4537 conjicere,
1184 4465 1241 4520 id
1278 4464 1531 4520 consulto
1583 4462 1780 4517 iactum
1816 4477 1844 4516 a

244 4579 431 4624 sancto
452 4567 721 4625 Pmsule.
754 4574 811 4618 ut
832 4562 1024 4617 ﬁdeles
1050 4561 1118 4615 ab
1140 4559 1338 4615 eodem
1371 4558 1642 4613 discerent
1669 4556 1847 4610 varias

1936 3365 2057 3423 qua:
2082 3349 2418 3405 Fontaninns
2456 3356 2617 3419 atque
2647 3346 2725 3402 De
2767 3347 2968 3404 Rubeis
3005 3348 3056 3402 in
3110 3350 3224 3403 suis
3268 3347 3536 3403 Lucubra-

1935 3442 2156 3498 tionibus
2208 3442 2597 3499 cxhibuerunt.
2658 3450 2849 3513 Atque,
2903 3457 2969 3495 ne
3034 3442 3216 3496 multis
3248 3440 3538 3496 Lectorem

1938 3552 2235 3603 moremur,
2286 3551 2414 3591 ecce
2446 3537 2498 3589 itt
2546 3535 2737 3608 primis
2786 3533 3125 3600 Ceillierum,
3156 3534 3329 3604 quiin
3368 3526 3545 3589 Chro—

1939 3630 2108 3684 tnatio
2128 3644 2241 3684 rem
2263 3627 2646 3684 animadvertit
2670 3645 2695 3682 a
2715 3627 3070 3684 Tilleutontio
3092 3627 3539 3700 praetermissam,

1940 3725 2081 3779 sicut
2112 3727 2275 3779 etiam
2305 3739 2334 3780 a
2360 3722 2665 3779 Fontauiuo
2691 3722 2919 3794 aliisque
2953 3722 3178 3777 minime
3209 3722 3538 3776 indicatam:

1940 3816 2157 3886 dignam
2188 3824 2368 3873 tamen
2393 3833 2514 3888 qtttc
2540 3816 2592 3871 in
2623 3826 2847 3870 auclore
2878 3814 3011 3869 tattti
3046 3813 3325 3885 ponderis,
3357 3814 3534 3884 quarti

1942 3914 2198 3969 nimirum
2228 3914 2409 3969 sceculi
2441 3912 2761 3974 desinentis,
2799 3908 3116 3983 "lei'Ollyllli
3144 3909 3345 3975 amico,
3380 3918 3431 3963 et
3462 3909 3549 3965 di-

1942 4006 2191 4061 vinarum
2235 4006 2642 4074 Scripturarum
2689 4003 3113 4068 SllldiOSiSailllO,
3166 4014 3543 4058 recensentur.

1945 4099 1998 4154 Η
2019 4102 2138 4162 cite,
2171 4104 2245 4155 ait
2274 4100 2583 4167 Ceillierus,
2616 4097 2888 4153 l’llistoire
2915 4099 2977 4151 de
3001 4096 3213 4165 Iudith,
3244 4116 3369 4153 sans
3394 4115 3542 4153 mar-

1946 4210 2069 4265 quer
2101 4212 2271 4248 aucun
2293 4194 2446 4249 dante
2471 4211 2560 4248 sur
2588 4193 2965 4248 l’aut/tentt'cité
2990 4191 3061 4245 du
3087 4191 3212 4245 [ivre
3242 4193 3308 4245 ait
3338 4192 3435 4246 elle
3461 4202 3541 4247 est

1947 4289 2237 4359 rapportée.
2283 4288 2356 4343 lta
2403 4303 2635 4358 namque
2693 4285 2886 4341 scribit
2929 4294 3149 4338 sanctus
3199 4284 3547 4339 Chromatius

1948 4388 2182 4435 tractatu
2209 4379 2297 4443 15,
2329 4396 2477 4435 num.
2505 4378 2579 4433 2:
2612 4398 2629 4431 ι
2660 4377 2795 4433 Nam
2819 4377 3160 4432 sanctissima
3185 4375 3394 4441 Judith,
3418 4391 3544 4432 cum

1951 4492 2145 4547 magno
2170 4490 2401 4530 mmrore
2430 4491 2525 4546 pro
2556 4471 2755 4545 populo
2780 4486 2921 4527 esset
2951 4470 3177 4537 afﬂicta,
3204 4480 3321 4540 post
3344 4471 3547 4526 solem-

1952 4570 2179 4624 nitatem
2223 4568 2456 4623 triduani
2484 4566 2697 4638 jejuuii,
2750 4565 2930 4632 capite
2962 4573 3128 4620 uncto
3158 4572 3213 4618 et
3238 4563 3347 4619 lota
3378 4563 3546 4631 facie,

242 4661 645 4733 gloriﬁcationis
699 4656 986 4722 formulas,
1030 4654 1232 4725 quibus
1257 4654 1422 4707 etiam
1468 4652 1570 4721 ἱιιεῖ
1608 4651 1661 4706 ίιι
1692 4666 1845 4706 εθηὶο
1874 4630 1925 4694 D
1954 4662 2027 4719 ita
2067 4664 2298 4719 internae
2348 4658 2658 4716 afﬂictionis
2687 4657 2965 4714 tri5titiam
2999 4658 3156 4724 texit,
3201 4665 3260 4711 ut
3291 4656 3551 4712 simulato

248 4756 396 4812 mutii
421 4769 681 4813 sermone
714 4762 1021 4815 uterentur,
1050 4764 1173 4804 cum
1202 4747 1442 4802 matime
1471 4748 1537 4801 de
1568 4747 1731 4802 rebus
1765 4746 1847 4801 di-

247 4848 386 4905 vinis
428 4850 895 4918 colloquerentur.
944 4842 999 4897 Id
1038 4843 1202 4896 etiam
1232 4841 1300 4894 ah
1329 4856 1399 4895 eo
1440 4841 1638 4894 factum
1682 4840 1849 4894 fuisse

247 4958 356 5001 non
391 4943 666 5001 innuerim
689 4940 1041 5004 arbitramur,
1069 4946 1125 4991 ιιι
1147 4936 1309 4990 modo
1351 4936 1512 4990 iidem
1562 4934 1852 5003 proﬁtere-

250 5048 339 5097 ιω·
366 5040 540 5095 unicae
570 5036 797 5092 deitatis
820 5046 1010 5089 contra
1035 5031 1321 5087 stultitiam
1351 5045 1707 5102 paganorum,
1733 5030 1852 5097 qui-

250 5132 354 5189 bus
399 5130 721 5190 circumdati
766 5129 941 5183 adhuc
994 5138 1119 5181 tunc
1176 5135 1330 5181 erant
1377 5124 1580 5179 Christi
1631 5123 1851 5189 ﬁdeles;

250 5228 417 5283 modo
445 5225 764 5285 Divinitatis
796 5222 915 5279 Filii
955 5223 1217 5278 adversus
1255 5221 1545 5276 hri-retices
1596 5221 1853 5283 Ariauos,

252 5321 347 5391 qui
378 5331 501 5378 tunc
519 5320 693 5375 (idem
712 5316 1053 5372 Catholicitm
1078 5330 1393 5386 oppugnare
1416 5328 1523 5367 non
1546 5310 1853 5373 cessabant;

254 5413 422 5473 modo
456 5413 721 5471 trinitatis
769 5412 1130 5466 Personarum
1184 5409 1447 5464 adversus
1487 5407 1854 5473 Sabellianos,

254 5524 484 5580 quorum
514 5522 740 5569 errores
772 5508 1010 5563 ntmdum
1042 5523 1111 5564 eo
1154 5517 1401 5577 tempore
1425 5520 1651 5575 prorsus
1693 5504 1858 5558 obso-

259 5602 739 5663 leverautzmodo
787 5603 1008 5658 demum
1057 5600 1370 5657 Diviuitatis
1419 5596 1587 5655 etiam
1624 5596 1861 5669 Spiritus

261 5703 434 5757 sancti
456 5712 647 5757 contra
668 5710 833 5756 aetate
854 5713 951 5753 sua
972 5708 1221 5763 exortes,
1244 5704 1407 5767 atque
1426 5712 1457 5751 a
1472 5695 1865 5751 Constantino-

261 5792 508 5863 poliunt)
521 5793 767 5866 generali
785 5791 1023 5848 concilio
1040 5791 1353 5859 damnatos,
1374 5804 1518 5846 anno
1531 5789 1660 5857 581,
1688 5789 1859 5844 haeret

260 5886 409 5945 licet
435 5885 875 5946 Macedonianos.

1953 4757 2157 4828 gaudio
2208 4756 2375 4810 lzetari
2428 4753 2676 4810 hostibus
2702 4754 3006 4817 vidi-retur,
3039 4762 3144 4808 etc.
3177 4771 3195 4804 ι
3231 4751 3405 4808 Porro
3436 4766 3551 4808 non

1956 4866 2122 4904 ttnum
2181 4848 2575 4907 tantummodo,
2635 4846 2728 4902 sed
2781 4845 2880 4900 trit
2938 4845 3024 4901 hic
3068 4844 3553 4899 animadvertenda

1956 4942 2182 4997 veniunt
2231 4942 2282 4995 in
2314 4937 2618 4995 Chromatii
2672 4939 2873 5004 verbis,
2933 4953 3054 5009 quae
3106 4937 3376 4992 adversus
3411 4954 3552 5006 pra:-

1958 5035 2145 5089 scrtim
2216 5032 2680 5087 beterudomrum
2737 5028 2937 5100 placita
2996 5030 3236 5095 faciunt;
3296 5029 3553 5083 nimirum

1960 5124 2334 5180 celeberrime
2368 5124 2509 5177 illitis
2542 5122 2720 5177 viduae
2762 5123 3071 5177 sanctitudo
3105 5121 3421 5192 pra-dicata,
3453 5137 3553 5175 ve.-

1960 5219 2093 5273 ritas
2123 5219 2268 5272 illius
2291 5217 2534 5271 bismrize
2556 5228 2787 5279 asserta,
2822 5225 2880 5270 et
2909 5215 3091 5268 divina
3117 5212 3410 5269 auctoritas
3436 5211 3558 5268 libri

1962 5310 2171 5378 Judith,
2203 5313 2293 5381 qui
2324 5311 2687 5366 abluereticis
2731 5308 2875 5363 inter
2922 5314 3267 5380 apocryphos
3315 5306 3555 5374 ponitur,

1966 5407 2093 5461 dum
2122 5407 2172 5460 iu
2206 5403 2470 5460 Catholica
2503 5404 2743 5459 Ecclesia
2773 5403 2929 5457 libris
2978 5399 3256 5457 eanonicis
3296 5412 3559 5452 annume-

1966 5511 2137 5555 ratur.
2170 5496 2440 5567 Quidquid
2473 5495 2754 5566 disputent
2784 5495 3020 5565 theologi
3052 5505 3211 5562 atque
3240 5486 3449 5563 [χχιι]
3480 5490 3561 5544 ill-

1971 5598 2264 5665 terpretes,
2289 5593 2451 5648 etiam
2481 5594 2620 5647 inter
2646 5590 2980 5650 Catltolicos.
3001 5587 3067 5642 de
3084 5585 3365 5639 verborum
3390 5592 3445 5635 et
3470 5596 3563 5641 ac~

1974 5698 2121 5744 tuum
2170 5686 2481 5754 honestate,
2511 5686 2708 5755 quibus
2739 5682 2922 5738 herois
2967 5682 3053 5734 illa
3088 5677 3306 5733 imruina
3340 5691 3435 5731 usa
3469 5676 3567 5734 fuit

1978 5793 2035 5839 ut
2064 5790 2385 5854 conceptum
2428 5796 2563 5851 opus
2595 5778 2914 5851 perliceret;
2956 5768 3214 5844 quidquid
3246 5768 3470 5839 insuper
3499 5771 3569 5827 de

1978 5880 2054 5933 rei
2100 5884 2264 5948 gesta-
2296 5874 2547 5938 veritate,
2595 5888 2722 5928 num
2754 5870 2959 5926 scilicet
3001 5874 3366 5922 commentum
3395 5866 3469 5922 ait
3492 5876 3574 5922 at-
