4056 6340
491 352 590 406 '27!

1523 343 1580 398 S.
1623 337 2218 398 CHROMATIUS’EP.
2263 334 2766 405 AQUILEIENSIS.

3686 325 3792 384 272

489 479 593 536 que
621 459 904 535 parabola,
929 457 1014 531 pie
1035 456 1272 527 quidem,
1295 455 1388 510 sed
1418 469 1540 509 sero
1567 453 1730 509 etiam
1757 453 2084 521 excogitata,
2112 454 2164 512 Α
2192 448 2701 514 animadvertimus,
2735 451 2958 502 mouent
2989 450 3164 501 nosut
3190 441 3258 498 de
3279 440 3492 498 duobus
3513 441 3637 536 aliis
3666 457 3799 496 non-

495 559 562 614 ad
602 555 923 628 erigendum
955 553 1169 608 Jtttlaici
1203 549 1387 620 pOpItli
1422 547 1660 602 animum
1695 546 1745 600 itt
1782 545 2088 600 tribulatio-

497 653 678 717 nibus,
705 659 832 720 puta
854 646 1110 704 Antiochi
1141 656 1403 714 tempore,
1432 639 1793 713 perferendis,
1819 654 1885 692 an
1912 639 2088 704 potius

495 764 620 801 vera
653 759 717 799 ac
744 745 976 814 genuina
1006 739 1300 810 prodigiosi
1325 747 1553 789 eventus
1583 734 1864 788 enarratio
1887 731 1906 804 (
1931 738 2090 800 prout

493 838 856 894 communiter
885 850 912 888 a
945 830 1245 888 Calltolicis
1276 825 1569 897 habetur),
1595 839 1940 896 quocumque
1970 833 2089 877 latt-

492 933 614 986 dem
669 930 874 984 inloco
915 925 1155 981 Judaiczc
1203 922 1446 976 historia:
1493 917 1815 975 eoltocattda
1846 917 1917 973 sit
1943 935 1956 972 :
1982 916 2086 971 hoc

494 1022 741 1092 profecm
766 1016 1071 1074 Chromatii
1104 1015 1273 1070 nostri
1307 1012 1681 1068 testiinonium
1723 1011 1788 1064 ad
1829 1023 2079 1064 asseren-

490 1116 612 1171 datn
636 1114 797 1183 hujus
819 1111 1050 1165 ludit/tae
1068 1109 1192 1164 libri
1218 1106 1560 1160 divinitatem
1585 1105 1784 1159 merito
1806 1101 2087 1157 accenseri

492 1205 689 1277 poterit
739 1215 817 1259 tot
865 1202 984 1256 aliis
1028 1208 1342 1255 sanctorum
1391 1197 1614 1251 Patrum
1647 1198 2086 1264 scriptorumque

492 1310 736 1354 veterum
789 1294 1138 1358 testimoniis,
1189 1291 1388 1362 quibus
1442 1289 1707 1344 haCtenus
1754 1286 1916 1354 hujus
1962 1285 2082 1339 libri

483 1387 927 1444 deuterocanouici
975 1385 1235 1439 divinitas
1283 1383 1548 1437 adversus
1599 1378 1894 1434 Itatrcticos
1930 1393 1960 1432 a
1989 1393 2084 1432 ca-

486 1482 701 1539 tholicis
734 1481 1000 1552 theologis
1029 1477 1306 1532 vindicata
1327 1475 1448 1532 fuit.

553 1577 682 1632 Post
709 1575 946 1630 Jmlitha:
992 1571 1362 1637 mentionem,
1419 1569 1566 1624 illico
1615 1569 1778 1623 etiam
1813 1566 2084 1621 Esther-em

481 1671 827 1729 Chromatius
882 1670 1162 1731 nominat,
1219 1667 1445 1720 dicens:
1480 1683 1499 1716 ι
1543 1663 1811 1719 Similiter
1853 1661 2084 1716 Hesther

480 1763 989 1825 sanctissima,dum
1023 1762 1131 1816 lcta
1164 1759 1304 1814 facie
1335 1770 1389 1813 et
1415 1759 1594 1828 eapite
1633 1765 1814 1821 uncto,
1841 1763 1964 1826 post
1990 1755 2084 1809 tri-

2195 541 2331 597 nihil
2362 541 2628 607 dicamus,
2667 540 2758 608 qui
2783 554 2936 608 teque
2965 554 3064 609 pro
3089 536 3379 590 Canonicis
3419 535 3487 589 ab
3525 533 3802 588 haereticis

2194 650 2300 688 non
2335 634 2627 697 habentur,
2646 631 2714 687 de
2742 630 2921 686 Libris
2945 645 3142 702 nempe
3172 628 3477 696 Sapientior,
3509 640 3674 698 atque
3695 624 3801 680 Ec-

2192 726 2488 781 clesiastici.
2519 724 2806 792 Sapientia:
2834 724 2971 779 liber
2999 738 3028 776 a
3053 722 3374 777 Chromatio
3405 726 3597 774 nostro
3625 716 3799 774 semel

2194 831 2426 883 tantum,
2452 819 2740 888 inscriptis
2762 833 2883 889 qua:
2905 817 2973 873 de
2999 817 3196 874 eodem
3226 823 3547 884 supersunt,
3575 813 3798 876 citatnr,

2192 913 2449 967 nimirum
2483 918 2717 966 tractatu
2767 911 2855 974 10,
2903 925 3054 964 nttm.
3082 909 3146 974 2;
3179 907 3378 962 eitatur
3417 915 3600 961 tamen
3629 902 3801 958 veluti

2189 1004 2531 1058 auctoritatis
2559 1004 2755 1057 divina:
2787 1011 2844 1058 et
2874 1001 3172 1068 Scriptura:
3213 1015 3384 1055 sacra:
3427 1009 3634 1069 partem
3664 1012 3802 1053 con-

2190 1097 2420 1150 stituens
2446 1113 2460 1150 :
2489 1095 2568 1149 ait
2596 1095 2742 1149 enim
2775 1113 2788 1148 :
2827 1111 2846 1146 ι
2887 1093 3192 1163 Perjuriutn
3225 1101 3280 1148 et
3310 1089 3686 1152 mendacium,
3717 1089 3802 1143 di-

2191 1188 2298 1242 vini
2325 1187 2516 1258 judicii
2563 1203 2721 1258 pinna
2752 1187 3060 1251 damnatur,
3110 1185 3328 1241 dicente
3356 1185 3636 1252 Scriptura
3669 1200 3683 1237 :
3728 1182 3803 1238 0s

2189 1281 2330 1350 quod
2359 1285 2624 1348 mentitur,
2658 1281 2847 1335 occidit
2868 1282 3162 1344 animum”
3188 1277 3334 1349 quod
3361 1277 3572 1333 scilicet
3600 1274 3803 1346 legitur

2189 1375 2317 1446 Sap.
2357 1392 2394 1437 ι.
2426 1377 2510 1432 ll.
2542 1375 2705 1431 Liber
2744 1390 2875 1429 vero
2905 1373 3281 1438 Ecclesiasu‘ci,
3332 1387 3440 1427 non
3482 1371 3656 1427 semel
3685 1379 3803 1425 tan-

2192 1480 2303 1526 tum
2333 1479 2428 1526 aut
2450 1474 2671 1531 iterum.
2701 1471 2798 1526 sed
2831 1471 3138 1540 saepissime
3157 1469 3226 1522 ab
3259 1468 3450 1524 eodem
3478 1466 3802 1522 Chromatio

2191 1564 2242 1618 in
2273 1564 2496 1635 scriptis
2521 1579 2641 1635 qua:
2670 1563 2931 1618 habemus
2956 1563 3202 1628 all'ertur,
3233 1575 3562 1632 semperque
3599 1559 3802 1614 divina:

2188 1660 2531 1714 auctoritatis
2561 1669 2852 1725 censetur;
2886 1669 2943 1713 ut
2993 1663 3160 1713 verba
3190 1657 3335 1713 illius
3380 1659 3545 1712 verba
3586 1654 3802 1710 Domini

2188 1753 2516 1823 quandoque
2539 1753 2814 1819 dicantur,
2833 1751 3162 1823 quandoque
3181 1751 3344 1807 etiam
3359 1750 3599 1820 Spiritus
3610 1748 3796 1814 sancti,

479 1859 1008 1925 dnanumjejnnium
1037 1853 1268 1922 intelligi
1292 1867 1322 1904 a
1344 1850 1691 1922 regepotnit,
1725 1852 1898 1903 Aman
1933 1847 2080 1901 illum
2113 1857 2161 1917 Β
2192 1856 2250 1899 ιιι
2275 1846 2460 1902 ridere
2481 1856 2564 1902 est
2585 1855 2819 1901 tractatu
2845 1845 2900 1907 5,
2931 1861 3083 1900 ttutn.
3114 1845 3169 1909 5,
3202 1851 3434 1898 tractatu
3463 1842 3520 1908 6,
3555 1857 3709 1896 num.
3739 1841 3795 1905 2,

480 1953 666 2020 populi
694 1951 774 2004 sui
808 1948 1086 2002 inimicum
1114 1944 1512 2015 nequissimum
1545 1941 1842 1994 interemit.
1872 1958 1891 1990 ι
1932 1939 2083 1993 llunc

482 2041 713 2097 Estlteris
741 2041 934 2096 librttttt
951 2039 1232 2094 canonicis
1249 2036 1701 2091 ascribnntet‘am
1729 2033 2082 2098 heterodoxi;

480 2144 688 2204 septem
721 2142 900 2186 tatnett
930 2131 1178 2200 exceptis
1213 2130 1505 2196 poswcmis
1537 2127 1808 2198 capitibus
1838 2127 2081 2196 Vulgata:

481 2237 678 2282 nostra;
701 2269 715 2292 ,
746 2242 775 2280 a
811 2225 1082 2281 versiculo
1111 2231 1310 2292 quarto
1356 2223 1549 2291 capitis
1579 2222 1799 2276 decimi.
1851 2218 2082 2274 Estheris

476 2323 825 2378 nihilominus
856 2319 1140 2375 historiam
1177 2321 1279 2373 hoc
1311 2319 1504 2372 Divino
1535 2317 1701 2372 Libro
1725 2315 2084 2384 coinpt'ehen-

474 2430 589 2471 sam
629 2415 1064 2470 Lntheranorutn
1117 2414 1338 2484 quidam
1390 2424 1552 2480 atque
1581 2410 1976 2480 Anabaptistzr,
2025 2418 2082 2462 ut

468 2509 660 2565 scribit
693 2509 777 2562 vir
815 2507 1153 2562 clarissimus
1196 2505 1437 2561 Joannes
1485 2504 1808 2559 Franciscus
1854 2501 2082 2558 Marcbi-

475 2601 594 2658 nius
627 2600 702 2655 De
725 2601 995 2654 divinitate
1016 2609 1061 2653 ct
1081 2599 1431 2653 cunonicitate
1469 2615 1735 2652 sacrorum
1768 2596 2077 2664 Bibliorum,

473 2710 627 2765 parte
655 2711 726 2758 tt,
753 2693 985 2748 articulo
1014 2692 1067 2755 9,
1105 2691 1424 2761 tragmdiant
1461 2700 1736 2756 asserunt,
1767 2701 1821 2744 et
1853 2690 2082 2758 parabo—

469 2786 633 2842 licam
667 2785 1186 2841 commentationem
1229 2783 1491 2852 dignitate
1533 2794 1828 2839 carentem.
1870 2782 1951 2836 Eu
1981 2782 2082 2836 ita-

473 2895 581 2951 que
611 2877 990 2932 Chromatium
1020 2877 1462 2944 Aquileienscm,
1514 2877 1607 2946 qui
1640 2876 1978 2930 tlivmitatcm
2008 2877 2081 2930 si-

475 2971 586 3026 mul
619 2970 777 3040 hujus
811 2971 955 3037 libri,
996 2979 1048 3024 et
1074 2968 1356 3024 veritatem
1384 2967 1618 3023 Estheris
1649 2968 2080 3040 lllSltil‘ltBtlgIIO-

475 3067 610 3131 scit;
644 3073 701 3119 ut
735 3063 962 3133 proinde
989 3079 1274 3117 numerum
1305 3063 1469 3118 etiam
1496 3073 1692 3133 augeat
1728 3079 1916 3119 eorum
1955 3065 2078 3135 qui,

476 3167 679 3230 prteter
715 3156 839 3213 libri
870 3156 1316 3222 canonicitatem,
1365 3155 1644 3211 veritatem
1679 3172 1895 3228 quoque
1920 3158 2081 3226 hujus

2184 1939 2426 2009 alibique
2459 1939 2799 2010 frequenter.
2835 1937 2989 1993 Adeo
3034 1953 3224 1992 verum
3261 1946 3347 1992 est
3387 1934 3535 2008 quod
3566 1931 3800 1990 Marcltio

2185 2035 2310 2087 nius
2325 2035 2375 2087 in
2393 2050 2560 2104 opere
2574 2050 2739 2100 supra
2756 2032 2925 2088 citato
2945 2042 3096 2103 parte
3119 2047 3176 2098 tt,
3196 2031 3435 2085 articulo
3457 2031 3544 2088 lli.
3563 2029 3635 2084 de
3659 2029 3798 2082 libro

2185 2126 2536 2182 Ecclesiastici
2569 2128 2880 2193 asserebat;
2933 2125 3078 2196 quod
3111 2127 3257 2180 inter
3299 2122 3798 2177 deuterocanonicos

2191 2239 2209 2272 ι
2248 2228 2401 2277 certe
2426 2223 2606 2276 nullus
2622 2233 2707 2276 est
2733 2220 3030 2290 Scripturte
3053 2235 3224 2274 sacra:
3253 2217 3416 2283 liber,
3433 2219 3592 2289 cujus
3615 2227 3794 2272 auctc~

2183 2313 2330 2368 ritati
2388 2314 2584 2370 Patres
2615 2315 2987 2386 sull‘ragentur
3040 2315 3244 2385 magis,
3301 2314 3523 2368 tametsi
3578 2313 3798 2383 publico

2182 2406 2414 2462 decreto
2463 2409 2708 2464 Ecclesia
2736 2408 2991 2464 universa
3027 2408 3268 2464 ttondutn
3311 2423 3432 2463 eam
3459 2409 3788 2463 sanxisset.»

2187 2499 2624 2571 Verumqnidem
2655 2501 3140 2558 estCltromatiunt
3171 2513 3417 2557 nostrum
3447 2502 3794 2558 existimasse

2184 2595 2384 2651 librum
2416 2595 2764 2652 Ecclesiastici
2787 2605 3068 2653 auctorem
3103 2597 3363 2654 habuisse
3405 2598 3788 2664 Salomonetn,

2186 2699 2242 2745 ut
2274 2691 2389 2760 ipse
2420 2691 2741 2760 frequenter
2791 2693 2987 2748 scribit
3033 2691 3162 2748 dmn
3208 2693 3455 2763 ejusdem
3501 2693 3628 2748 libri
3679 2695 3793 2749 loca

2185 2794 2602 2839 commemorat.
2625 2785 2802 2856 Hujus
2822 2800 2956 2841 vero
2986 2786 3277 2841 sententia:
3297 2785 3390 2840 alii
3413 2800 3635 2856 quoque
3658 2785 3792 2842 San-

2184 2886 2397 2933 ctorum
2445 2878 2667 2932 Patrum
2723 2879 2983 2934 fuerunt:
3019 2879 3124 2934 nisi
3179 2878 3361 2950 potius
3407 2879 3687 2947 dicamus,
3739 2889 3795 2935 et

2183 2968 2564 3026 Chromatium
2617 2972 2830 3041 ipsum,
2883 2982 2939 3027 et
2970 2971 3214 3042 reliquos
3249 2973 3342 3044 qui
3389 2971 3588 3028 eodem
3633 2973 3794 3028 modo

2185 3064 2534 3134 scripserunt
2566 3066 2782 3132 Patres,
2836 3066 2961 3122 ideo
3006 3066 3362 3122 Ecclesiastici
3403 3069 3609 3124 librum
3640 3068 3793 3126 Salo-

2185 3160 2365 3214 monis
2386 3159 2628 3223 disisse,
2658 3163 2785 3230 quia
2818 3160 2966 3216 Libri
3011 3161 3158 3217 illius
3205 3172 3400 3219 auctor
3439 3161 3790 3220 Salomouem

477 3251 720 3306 historiae
753 3260 874 3320 post
923 3250 1262 3321 Synagogam
1294 3268 1322 3303 a
1357 3250 1545 3320 primis
1579 3252 1837 3305 licclesite
1864 3250 2081 3306 sceculis
2108 3244 2153 3306 C
2186 3261 2270 3307 est
2298 3251 2563 3319 imitatus,
2591 3262 2645 3308 et
2665 3253 2788 3320 quia
2814 3252 2866 3307 in
2888 3251 3254 3308 Ecclesiastico
3281 3256 3550 3310 nonnulla
3573 3270 3790 3327 quoque

477 3354 836 3418 agnoverunt.
862 3344 969 3398 Sed
997 3345 1125 3414 quid
1154 3344 1220 3400 de
1247 3355 1456 3415 septem
1488 3347 1779 3414 postremis
1807 3345 2078 3414 capitibus

480 3440 640 3510 hujus
663 3439 818 3504 libri,
861 3455 982 3508 qua:
1005 3440 1196 3494 odioso
1217 3439 1687 3494 additumentorum
1713 3439 1983 3496 vocabulo
2010 3439 2080 3494 ab

479 3531 757 3588 haereticis
785 3529 1149 3600 appellamur,
1183 3548 1411 3602 qumque
1442 3533 1510 3587 ab
1538 3534 1742 3588 eisdem
1787 3533 1926 3587 inter
1951 3548 2082 3600 apo-

477 3624 679 3696 cryphu
699 3623 898 3692 scripta
920 3625 1312 3679 numerantur?
1340 3631 1415 3679 Ex
1440 3624 1616 3679 allatis
1632 3623 1933 3680 Chromatii
1963 3640 2084 3680 ver-

478 3717 562 3773 bis
612 3731 719 3771 non
751 3716 1022 3771 innuerito
1065 3716 1556 3786 deprehendimus,
1591 3721 1707 3773 hmc
1741 3733 1956 3788 quoque
1981 3734 2080 3790 po-

481 3819 678 3866 Sll‘cma
708 3810 909 3878 capita,
931 3825 1025 3864 seu
1054 3809 1430 3876 additamenta,
1462 3811 1638 3881 ipsum
1671 3811 1960 3879 agnovisse
1981 3826 2082 3867 ceu

479 3903 722 3973 ejusdem
762 3899 994 3956 Estheris
1039 3901 1163 3956 libri
1188 3910 1429 3971 partem,
1481 3918 1544 3957 ac
1575 3904 1802 3971 proinde
1832 3903 2082 3974 ejusdem

482 3995 686 4050 bivium
732 4010 854 4051 cum
911 3994 1178 4063 capitibus
1220 3993 1495 4064 prioribus
1534 3997 1895 4051 auctoritatis.
1927 3996 2083 4065 Quod

482 4089 624 4147 enim
645 4089 740 4154 ait,
767 4089 874 4142 tota
900 4088 1034 4157 [acie
1051 4098 1098 4142 et
1122 4089 1292 4157 capite
1319 4097 1504 4154 uncto,
1541 4089 1784 4158 potuisse
1813 4088 2084 4146 Estherem

483 4199 511 4237 a
566 4198 693 4255 rege
732 4184 988 4255 intelligi,
1039 4183 1261 4238 minime
1301 4200 1496 4240 eruere
1527 4193 1739 4254 poterat
1774 4200 1842 4240 ex
1896 4186 2084 4255 primis

483 4288 790 4333 novemant
815 4277 1004 4332 decem
1036 4278 1182 4333 illius
1213 4278 1336 4333 libri
1365 4279 1664 4348 capitibus,
1697 4281 1786 4336 ubi
1815 4279 1948 4336 nihil
1970 4298 2087 4337 ont-

486 4369 616 4425 nino
663 4370 732 4425 de
775 4371 930 4424 iStius
970 4370 1114 4426 modi
1151 4370 1302 4426 faciei
1342 4382 1398 4426 et
1427 4372 1618 4442 capitis
1653 4374 2084 4442 prmparatiotre;

487 4461 584 4518 sed
610 4464 752 4516 eruit
783 4462 968 4532 procul
994 4462 1160 4516 dubio
1183 4479 1247 4516 ex
1288 4463 1657 4517 additamentis
1689 4463 1820 4532 ipsis
1846 4480 1968 4534 quae
2001 4482 2088 4520 rc-

489 4564 691 4628 spuunt
727 4555 1084 4618 ltetcrodoxi,
1132 4555 1387 4608 nimirum
1415 4572 1480 4608 ex
1515 4557 1696 4625 capite
1724 4572 1813 4610 xtv
1847 4556 2087 4627 Vulgata:

2184 3345 2465 3414 leguntur,
2495 3362 2617 3414 quae
2658 3346 2921 3401 Salomon
2965 3347 3084 3417 ipse
3116 3347 3170 3402 in
3219 3349 3356 3416 suis,
3390 3348 3792 3407 Prorerbiorum

2183 3437 2490 3508 praesertim
2533 3449 2695 3510 atque
2720 3438 3056 3496 Ecclesiastes
3086 3441 3279 3509 libris,
3309 3442 3420 3514 jam
3450 3445 3666 3515 pridem
3697 3446 3791 3502 do-

2183 3540 2397 3586 cuerat.

2257 3627 2336 3681 Ad
2366 3628 2476 3682 alia
2527 3645 2672 3686 nunc
2724 3631 3163 3703 progrediamur,
3195 3633 3419 3702 eodem,
3473 3636 3566 3707 qui
3606 3636 3788 3707 prius,

2183 3718 2446 3777 Ceilliero
2462 3721 2708 3780 ductore.
2731 3724 2809 3780 De
2825 3736 3019 3780 sancto
3045 3725 3260 3784 Joanne
3290 3727 3537 3797 Baptista
3561 3731 3796 3800 loquens

2186 3827 2413 3871 sanctus
2445 3817 2802 3873 Chromatius
2833 3818 3050 3893 [\xxm]
3074 3830 3306 3876 tractatu
3334 3823 3386 3882 l.
3417 3839 3570 3880 num.
3595 3826 3650 3888 5,
3679 3825 3794 3880 Ιιίιό

2188 3907 2392 3965 habet:
2434 3928 2451 3961 ι
2492 3911 2556 3965 Ει
2601 3911 2896 3980 baptizavit
2943 3912 3165 3984 quidem
3209 3913 3451 3971 Joannes
3500 3917 3788 3974 Dominum

2185 4015 2251 4055 ac
2281 4003 2622 4059 Salvatorem
2653 4014 2928 4070 nostrum,
2961 4005 3055 4061 sed
3105 4007 3289 4075 potius
3318 4008 3409 4064 ille
3433 4009 3738 4080 baptizatus
3759 4025 3792 4065 a

2185 4091 2412 4150 Christo
2438 4104 2528 4151 est
2555 4115 2568 4150 :
2597 4098 2727 4167 quia
2764 4099 2854 4154 ille
2880 4113 3048 4169 aquas
3077 4101 3441 4157 sanctiﬁcarit
3461 4142 3476 4164 .
3529 4101 3616 4158 hic
3641 4107 3792 4172 aquis

2187 4188 2563 4244 sanctiﬁcatns
2592 4200 2706 4255 est;
2739 4191 2834 4246 ille
2868 4195 3098 4262 gratiam
3127 4193 3373 4259 donavit,
3421 4193 3512 4248 hic
3546 4195 3789 4266 accepit;

2189 4281 2277 4336 hic
2298 4295 2515 4352 peccata
2543 4283 2824 4356 deposuit,
2859 4287 2953 4342 ille
2975 4289 3190 4343 remisit
3340 4288 3586 4347 Joannes
3619 4289 3790 4358 bapti-

2190 4392 2311 4432 snto
2341 4379 2560 4448 egebat,
2590 4381 2718 4450 quia
2756 4381 2877 4436 sine
2931 4395 3157 4452 peccato
3197 4398 3320 4439 esse
3355 4400 3464 4439 non
3500 4394 3731 4456 poterat.
3766 4403 3786 4439 ι

2193 4470 2308 4524 Duo
2336 4470 2447 4535 hic,
2481 4482 2574 4526 aut
2600 4474 2766 4528 etiam
2786 4475 2887 4530 tria
2923 4475 2975 4530 in
3004 4475 3307 4533 Cltromatii
3339 4479 3526 4535 verbis
3559 4479 3790 4535 notanda

2190 4562 2417 4616 veniunt
2441 4579 2455 4615 :
2489 4577 2738 4620 sanctum
2759 4566 3026 4624 Joannem
3051 4568 3352 4639 Baptistatn
3376 4587 3408 4626 a
3433 4569 3659 4628 Christo
3693 4573 3791 4628 Do-

487 4659 713 4711 nostrae,
743 4646 831 4701 ubi
869 4661 1030 4699 versu
1058 4646 1093 4697 2
1121 4645 1337 4714 legitur,
1369 4645 1536 4714 quod,
1570 4645 1753 4698 audito
1782 4645 1968 4700 Est/ter
1993 4647 2087 4702 Jn-
2113 4648 2166 4708 D
2192 4652 2363 4718 mino,
2387 4653 2539 4723 juxta
2563 4654 2977 4728 Chromatium,
3013 4662 3345 4731 baptizatum
3394 4664 3594 4732 luisse;
3641 4681 3789 4722 eum-

489 4742 659 4796 duit-aa
672 4738 872 4812 [χχχιι]
897 4738 1130 4791 nationis
1145 4737 1407 4806 periculo,
1429 4749 1484 4792 et
1501 4738 1695 4792 volens
1709 4739 1775 4793 ad
1795 4739 2084 4796 Dominutn

487 4833 773 4890 orationes
801 4846 928 4886 suas
959 4829 1188 4885 fundere
1217 4845 1315 4899 pro
1341 4831 1514 4886 salute
1548 4833 1737 4901 ipsius,
1771 4850 1887 4888 cum
1931 4840 2087 4907 depo-

489 4925 676 4980 suisset
713 4922 1031 4977 hutnilitatis
1068 4937 1230 4976 causa
1278 4933 1438 4976 vestes
1502 4925 1668 4994 regias
1696 4965 1809 4993 ....,
1860 4945 1953 4999 pro
1994 4945 2091 4982 un-

494 5018 697 5090 guentis
730 5016 910 5078 rariis,
941 5016 1108 5068 cinere
1137 5024 1183 5068 et
1210 5024 1433 5070 stercore
1461 5017 1692 5087 implerit
1723 5035 1912 5090 caput;
1942 5023 2087 5080 unde

491 5123 690 5184 sponte
723 5112 991 5180 sequitur,
1035 5110 1178 5181 quod
1219 5126 1342 5165 cum
1377 5111 1464 5167 die
1493 5114 1672 5179 tertia,
1708 5127 1826 5185 post
1851 5117 1995 5173 fusis
2023 5119 2088 5174 ad

493 5206 1029 5278 Dominumpreccs,
1062 5203 1271 5257 aditura
1311 5215 1456 5259 esset
1512 5221 1718 5275 regem,
1753 5219 1808 5262 ιιι
1838 5227 1960 5265 eum
1995 5227 2091 5282 pro

487 5299 698 5371 populo
715 5297 1124 5367 deprecaretur.
1149 5297 1380 5364 ideoque
1408 5299 1666 5370 regalibus
1685 5303 1881 5358 iterum
1912 5307 2091 5361 induta

489 5400 643 5450 esset
672 5392 1010 5458 restituentis,
1046 5401 1203 5462 prout
1234 5393 1284 5445 in
1318 5403 1488 5458 textu,
1519 5397 1694 5465 capite
1724 5413 1778 5464 ν,
1815 5399 1864 5464 1,
1909 5402 2089 5470 facient

492 5487 730 5558 priurum
760 5486 941 5540 laverit
958 5501 1108 5540 suam
1138 5486 1393 5541 sordibus
1419 5503 1484 5542 ex
1509 5490 1682 5558 capite
1713 5491 2092 5550 decidentibus

489 5575 848 5647 inquinatam,
883 5587 937 5632 et
962 5588 1111 5650 caput
1145 5579 1340 5647 ipsum,
1375 5595 1605 5634 excusso
1649 5581 1834 5639 cinere
1861 5595 1914 5640 et
1946 5595 2085 5642 ster-

484 5683 641 5739 core,
673 5671 948 5742 unguentis
979 5670 1142 5724 variis
1169 5669 1237 5723 de
1283 5687 1430 5723 more
1462 5671 1775 5742 delibucrit,
1809 5689 1971 5746 prout
1994 5695 2082 5734 ac-

483 5763 767 5818 cedentem
795 5763 859 5818 ad
886 5763 1030 5831 regis
1057 5761 1253 5816 solium
1278 5761 1521 5831 reginam
1550 5761 1796 5820 decebat.

558 5853 690 5921 Qua:
713 5853 784 5911 de
799 5853 1038 5910 Juditltaa
1062 5863 1223 5922 atque
1244 5850 1493 5906 Estheris
1517 5853 1668 5911 libris
1691 5856 1742 5910 in
1763 5856 2078 5922 Cltrontatio

2189 4744 2427 4816 demque
2456 4749 2732 4819 baptismo
2772 4769 2966 4822 reapse
2999 4754 3334 4826 indiguisse,
3359 4759 3485 4826 quia
3516 4759 3638 4814 sine
3670 4773 3789 4829 pec-

2189 4847 2312 4894 cato
2336 4856 2458 4896 esse
2489 4859 2598 4898 non
2629 4855 2878 4915 poterat;
2906 4847 3022 4903 sive
3061 4847 3168 4904 hoc
3193 4849 3263 4905 de
3299 4861 3528 4921 peccan
3566 4851 3792 4924 originis

2186 4947 2438 4989 asserere
2467 4936 2860 5004 voluerit,sive
2886 4939 2955 4994 de
2979 4952 3206 5010 peccato
3237 4943 3426 5014 aliquo
3457 4946 3660 5001 actuali
3683 4960 3792 5017 quo

2189 5028 2503 5086 l’rzecnrsor
2531 5034 2693 5087 etiam
2745 5033 2960 5090 Domini
3015 5036 3314 5094 obstrictus
3356 5054 3482 5097 esse
3529 5040 3785 5112 potuerit.

2191 5119 2414 5191 Singula
2446 5124 2744 5180 videamus.

2261 5215 2522 5272 Sanctum
2552 5217 2820 5274 Joannem
2854 5219 3158 5291 Baptistam
3200 5239 3230 5278 a
3279 5223 3503 5280 Christo
3552 5225 3786 5282 Domino

2193 5309 2520 5381 baptizatum
2551 5316 2742 5380 fuisse,
2761 5328 2955 5386 aperte
2975 5327 3236 5373 asserunt
3260 5319 3407 5375 inter
3434 5320 3627 5377 Patres
3647 5320 3788 5379 Cra:-

2190 5415 2285 5456 cos
2323 5416 2544 5459 sanctus
2581 5405 2885 5478 Gregorius
2939 5407 3316 5467 Nazianzenus
3367 5413 3633 5469 Oratione
3677 5412 3781 5484 59,

2193 5511 2313 5565 pag.
2341 5498 2464 5561 (355,
2491 5501 2628 5556 edit.
2661 5503 2838 5559 Paris.
2865 5505 3026 5569 1609,
3057 5516 3114 5562 et
3145 5509 3285 5565 inter
3315 5509 3541 5568 Latinos
3569 5520 3784 5567 sanctus

2191 5589 2529 5660 Augu-tmus
2563 5592 2830 5654 Sermone
2859 5601 2986 5666 295,
3024 5600 3052 5672 §
3087 5602 3176 5668 Ω,
3212 5603 3347 5658 edit.
3383 5603 3782 5660 Mauriuorum.

2188 5683 2397 5755 Negant
2425 5696 2640 5757 tamen,
2673 5704 2766 5748 aut
2803 5695 2992 5758 saltent
3023 5695 3311 5766 dubitant,
3344 5711 3567 5757 sanctus
3618 5700 3782 5758 Joan-

2187 5795 2285 5836 nes
2313 5780 2737 5857 Carystistomus
2765 5788 2817 5841 in
2843 5789 3155 5846 Mattlueum
3187 5793 3408 5849 humilia
3433 5796 3501 5851 li
3519 5837 3535 5863 ,
3562 5802 3778 5852 sanctus

2184 5873 2546 5951 Hieronymus
2598 5885 2648 5940 in
2695 5894 2859 5953 caput
2897 5899 2934 5939 ιι
2954 5885 3197 5955 ejusdem
3249 5889 3525 5960 Matthxi,
3566 5897 3780 5948 sanctus
