4056 6340
204 329 301 384 273

1467 330 1845 389 PREFATIO
1883 331 2226 391 EDITORIS.

3427 355 3534 411 274

203 447 459 505 Maximus
488 448 857 506 Tanrinensis
890 449 1111 504 humilia
1141 449 1230 515 51,
1258 464 1377 519 quas
1406 457 1492 504 est
1510 450 1573 504 de
1599 448 1806 521 Bap:is—
1834 454 1881 513 A
1911 451 2100 505 ntatris
2124 451 2441 521 loqtntntnr,
2470 464 2527 508 ttt
2552 455 2775 511 dubium
2812 459 3019 515 nullum
3053 464 3379 535 relinquant,
3405 472 3532 539 qttin

201 560 275 598 nto
302 541 529 609 Christi,
565 544 623 607 5.
674 560 797 614 pag.
834 543 935 609 92,
978 544 1293 597 novissima:
1324 541 1580 596 editionis
1615 543 1811 596 Roma-

201 654 303 699 nte,
333 636 565 704 aliique.
616 637 731 691 Res
758 646 865 700 est,
889 654 1008 705 qute
1039 638 1091 691 itt
1120 646 1404 705 utramque
1439 643 1647 704 partem
1682 636 1808 688 abs-

202 746 291 801 que
319 729 543 800 piaculo
584 728 854 802 disputari
903 740 1109 801 potest;
1158 729 1283 784 licet
1316 730 1652 799 probabilius
1693 727 1805 782 for-

200 833 331 877 tasse
389 822 694 887 videatur,
748 839 957 878 necnon
1016 823 1344 893 Erangelico
1389 824 1554 877 textui
1590 823 1809 876 conl‘or-

200 914 348 977 mins,
408 913 595 985 ipsum
652 931 871 986 quoque
916 916 1209 985 Baptistam
1250 930 1279 968 a
1328 915 1546 969 Christo
1576 914 1807 969 Domino

198 1005 524 1074 baptizatum
566 1008 744 1063 luisse
787 1008 963 1063 statim
1005 1023 1068 1063 ac
1110 1010 1226 1077 ipse
1272 1009 1530 1062 eumdem
1564 1010 1807 1076 baptiza-

200 1112 362 1164 rerat;
398 1100 479 1154 uti
532 1101 780 1156 maxime
826 1117 890 1157 ex
936 1102 1043 1157 illis
1082 1100 1266 1157 verbis
1310 1101 1555 1167 ejusdem
1588 1101 1805 1155 Domini

200 1194 256 1249 ad
284 1194 623 1263 Baptistam,
673 1196 787 1249 sine
834 1196 1020 1260 modo,
1068 1195 1301 1249 Matthtci
1346 1210 1428 1257 ιιι,
1474 1195 1563 1261 15,
1605 1194 1806 1263 quibus

199 1288 547 1356 respotiderat
577 1288 650 1343 ad
696 1288 991 1359 Baptistam
1023 1290 1196 1359 ipsum
1228 1289 1500 1342 dicentem
1520 1330 1534 1351 ,
1567 1288 1676 1359 Ego
1702 1299 1807 1343 ate

197 1385 336 1439 debeo
375 1383 682 1456 baptizari;
729 1386 843 1451 uti,
886 1384 1138 1454 inquam,
1188 1399 1255 1439 ev
1290 1382 1473 1439 verbis
1517 1383 1623 1436 illis
1670 1398 1806 1437 non-

196 1477 317 1534 nul'i
345 1478 727 1548 lntcrpretum
751 1476 1191 1547 deprehendunt.
1214 1476 1390 1531 Partis
1414 1474 1629 1529 interim
1657 1473 1805 1529 aflir-

196 1574 429 1638 mativae,
459 1572 532 1628 de
564 1571 904 1641 baptismate
932 1587 960 1625 a
992 1570 1201 1626 Joanne
1230 1579 1487 1639 suscepto
1515 1586 1545 1625 a
1584 1568 1803 1625 Christo

198 1668 438 1734 Domino,
474 1676 606 1738 post
640 1666 1045 1723 Nazianzenum
1086 1678 1253 1735 atque
1279 1666 1642 1735 Augusunum
1665 1706 1680 1730 ,
1710 1680 1800 1719 as-

195 1772 445 1818 sertorem
510 1760 794 1815 habemus
848 1761 1011 1816 etiam
1072 1758 1449 1815 Chromatium
1510 1770 1796 1815 nostrum:

196 1857 324 1926 quod
356 1856 567 1910 dixisse
600 1853 863 1909 sufﬁciat.

256 1948 321 2002 At
340 1947 629 2017 quomodo
654 1945 935 2015 indigebat
955 1952 1176 2000 sanctus
1197 1943 1431 2000 Joannes
1453 1944 1800 2013 baptismate,

195 2042 301 2112 quia
325 2042 432 2095 sine
456 2051 684 2111 peccato
715 2057 827 2095 esse
854 2056 953 2094 non
981 2050 1202 2109 poterat,
1232 2049 1290 2093 ut
1315 2041 1389 2094 ait
1414 2038 1802 2094 Chromatius?

195 2134 339 2188 Aliud
394 2149 649 2204 namque
701 2143 789 2188 est
834 2132 1162 2199 baptizatum
1203 2131 1466 2187 Joannem
1522 2130 1716 2195 fuisse;
1748 2140 1803 2185 et

196 2226 324 2280 aliud
355 2226 643 2297 baptismo
701 2209 1023 2295 indiguisse.
1075 2225 1185 2280 Lex
1233 2224 1482 2291 baptismi
1524 2222 1801 2278 christiani

196 2317 422 2373 nandum
457 2328 592 2372 tunc
637 2317 747 2372 lata
794 2315 970 2371 fuerat
998 2334 1009 2368 :
1040 2317 1369 2386 quiuimnio,
1399 2324 1685 2385 antequam
1716 2314 1801 2369 lex

197 2408 493 2475 huiusmodi
527 2429 557 2465 a
590 2410 822 2466 Christo
852 2409 1153 2471 diceretur,
1188 2407 1428 2478 Baptista
1455 2407 1566 2477 jatn
1599 2416 1802 2478 martyr

195 2511 512 2557 ειςθδειϊιιι.
544 2503 586 2556 Α
626 2510 859 2572 peccato
888 2516 1019 2555 vero
1050 2498 1279 2569 originis
1309 2512 1500 2553 omnes
1536 2508 1662 2553 tunc
1708 2498 1801 2552 .ltt-

196 2595 308 2664 daei,
330 2611 428 2651 seu
455 2611 553 2666 per
583 2605 875 2664 parentum
910 2594 1077 2648 ﬁdem
1098 2593 1150 2647 itt
1182 2592 1498 2656 Venturum,
1524 2607 1617 2647 seu
1638 2590 1799 2646 etiam

198 2704 286 2760 per
314 2689 820 2751 circumcisionem,
846 2688 1247 2743 mutulabantur
1272 2704 1285 2741 :
1316 2686 1457 2740 unde
1484 2689 1658 2740 altero
1688 2685 1798 2739 Sal-

198 2790 295 2837 tem
323 2798 392 2837 ex
417 2782 500 2836 his
518 2780 700 2835 modis
724 2780 1040 2836 mundatutn
1058 2781 1169 2849 jam
1199 2781 1288 2833 ditt
1321 2778 1485 2835 fuisse
1508 2779 1799 2849 Baptistam

198 2876 260 2929 ab
274 2875 523 2945 originali
548 2876 694 2940 labe,
713 2889 873 2944 quam
891 2876 943 2927 in
959 2874 1310 2943 conci-ptione
1324 2881 1690 2936 contraxerat,
1710 2886 1801 2925 ne-

199 2984 281 3023 mo
306 2968 1100 3039 negaverit.Quamquatn,quis
1113 2970 1274 3021 etiam
1292 2967 1485 3022 dixerit
1502 2968 1583 3020 his
1595 2966 1798 3023 eisdem

201 3059 367 3134 [ιιιιι
381 3060 402 3135 ]
416 3060 723 3131 indiguisse
744 3062 1018 3116 veteribus
1037 3059 1211 3115 modis
1226 3059 1486 3114 Joannem
1506 3059 1800 3127 Baptistam

200 3164 256 3209 ut
298 3170 328 3210 a
379 3157 499 3211 labe
545 3155 778 3223 originis
810 3153 1186 3219 mundaretttr,
1220 3168 1342 3207 cum
1376 3153 1581 3223 Spiritu
1624 3161 1801 3205 sancto

1913 544 2005 598 tali
2038 548 2326 601 sanctitate
2359 558 2483 603 tunc
2506 548 2645 604 ident
2695 550 2861 606 fuerit
2907 554 3198 625 perfusus,
3229 576 3349 630 qum
3380 567 3529 619 enini

1911 638 2145 707 antiquae
2168 642 2626 709 primarieationis
2651 644 2771 698 labe
2802 648 3052 714 protinus
3081 650 3256 719 ipsum
3297 656 3527 709 munda-

1912 731 2072 785 verit.
2111 752 2129 785 ι
2166 735 2358 788 Sancta
2392 749 2501 789 erat
2550 736 2729 791 anima
2765 738 2916 794 Beati
2947 741 3212 811 Joannis;
3254 755 3307 801 et
3354 749 3532 807 adlme

1912 823 1963 877 in
1988 826 2176 880 matris
2201 838 2353 880 utero
2380 827 2582 894 clausa,
2603 841 2943 901 venturaque
2972 835 3023 888 in
3061 840 3322 893 mundum
3340 883 3353 903 ,
3377 845 3529 913 quasi

1911 931 2009 985 per
2035 918 2387 987 experientiae
2428 935 2648 975 sensum
2682 923 2895 979 sciebat
2940 943 3063 996 qua:
3110 930 3273 986 Israel
3310 936 3531 1004 ignora-

1910 1010 2001 1065 bat
2031 1028 2043 1065 :
2078 1029 2095 1060 ι
2134 1013 2202 1065 ita
2230 1012 2516 1082 Origenes,
2557 1016 2787 1071 humilia
2821 1018 2888 1073 10
2930 1021 2979 1073 itt
3026 1020 3228 1078 Lucam
3262 1042 3275 1078 :
3306 1044 3325 1078 ι
3359 1026 3528 1082 Joan-

1910 1117 2099 1156 nes...
2132 1103 2224 1158 ille
2248 1104 2427 1159 divina
2458 1108 2633 1176 gratia
2664 1109 2845 1164 adhuc
2887 1112 2938 1165 in
2988 1124 3146 1169 utero
3195 1120 3385 1173 matris
3424 1120 3527 1175 im-

1910 1195 2085 1265 pletus
2117 1214 2129 1250 :
2171 1215 2190 1249 ι
2222 1198 2292 1251 ita
2336 1212 2559 1255 sanctus
2590 1201 2894 1272 Cyprianus
2921 1206 3153 1275 cpisuila
3197 1210 3285 1272 75,
3320 1212 3387 1264 ad
3436 1210 3534 1266 Ju-

1908 1288 2185 1354 baiannm,
2218 1306 2384 1361 prope
2410 1291 2596 1348 ﬁnem.
2639 1295 2896 1350 Concinit
2943 1308 3171 1355 sanctus
3199 1305 3529 1358 Athanasius

1909 1397 2162 1437 sermone
2192 1383 2247 1445 4,
2279 1394 2469 1439 contra
2504 1385 2741 1442 Arianos
2767 1430 2780 1455 ,
2813 1402 3035 1444 sanctus
3065 1391 3298 1462 Cyrilltts
3337 1394 3529 1451 Hiero-

1908 1477 2267 1550 solytnitanus
2313 1480 2586 1535 catechesi
2634 1482 2687 1543 3,
2720 1493 2944 1538 sanctus
2971 1486 3293 1541 Ambrosius
3319 1489 3458 1544 libro
3488 1506 3527 1545 ιι

1908 1569 1961 1625 itt
1991 1571 2225 1636 Lucam,
2279 1582 2502 1627 sanctus
2546 1574 2815 1629 Maximus
2864 1574 3219 1633 Tattrinensis
3269 1595 3523 1637 sermone

1905 1663 1997 1730 56,
2044 1664 2096 1717 in
2130 1664 2292 1718 natali
2340 1666 2515 1719 sancti
2559 1664 2789 1720 Joannis
2814 1668 2848 1723 5
2872 1709 2884 1731 ,
2922 1682 3044 1737 pag.
3074 1670 3202 1733 554,
3231 1672 3522 1739 ριςιερίιιιιίῐξ

1905 1758 2177 1824 editionis,
2224 1769 2446 1812 sanctus
2501 1757 2801 1828 Gregorius
2851 1759 3077 1829 Magnus
3126 1761 3406 1817 Moralium
3457 1764 3521 1817 li~

1838 1859 1882 1918 Β
1910 1849 2008 1905 bro
2031 1866 2111 1915 ιιι,
2139 1864 2257 1917 cap.
2289 1848 2341 1902 5.
2370 1848 2626 1904 Omnium
2656 1866 2787 1905 vero
2818 1860 3024 1906 Sanctot
3044 1868 3131 1905 um
3158 1852 3376 1908 Patrum
3400 1870 3523 1909 sen-

1908 1960 2027 1999 sum
2055 1944 2121 1999 de
2148 1944 2372 1999 Joannis
2418 1944 2852 2000 sanctiﬁcatione
2896 1945 2949 2000 in
2994 1954 3151 2002 utero
3194 1949 3380 2002 matris
3411 1963 3523 2004 nta-

1906 2038 2356 2107 gnilieentissitne
2408 2038 2683 2105 expressit
2730 2035 2918 2108 [xxxv]
2968 2039 3162 2094 beatus
3203 2038 3398 2095 Petrus
3427 2041 3529 2095 Da-

1908 2132 2123 2185 miantts
2152 2145 2413 2184 sermone
2452 2130 2500 2193 1,
2544 2130 2613 2184 de
2660 2140 2854 2183 sancto
2892 2130 3107 2185 Joanne
3151 2132 3418 2201 Baptism,
3450 2135 3525 2188 ita

1908 2223 2136 2292 loquens
2170 2240 2182 2276 :
2220 2241 2238 2274 ι
2274 2221 2562 2278 Neminem
2591 2237 2845 2291 umquam
2876 2223 3193 2277 mortalium
3228 2226 3369 2278 intra
3404 2242 3519 2279 tna-

1908 2328 2057 2371 terna
2082 2317 2291 2371 viscera
2315 2316 2711 2369 sanctitiCatum
2740 2315 2995 2382 legimus,
3024 2328 3225 2383 prieter
3247 2314 3513 2371 Joannem

1908 2411 2206 2480 Baptistam
2236 2422 2289 2465 et
2318 2408 2636 2463 Jeretniam.
2668 2407 2775 2463 Sed
2823 2407 2984 2476 longe
3035 2409 3216 2461 mittor
3260 2407 3516 2463 Jerentize

1907 2502 2289 2565 sanctiﬁcatio,
2334 2516 2497 2571 quam
2541 2498 2790 2554 Joannis.
2840 2498 2932 2552 llle
2986 2498 3207 2566 quidem
3258 2501 3310 2553 ιιι
3359 2511 3517 2555 utero

1907 2598 2097 2652 matris
2118 2597 2491 2650 sattctilicatus
2532 2606 2639 2655 cst,
2676 2592 2763 2646 hic
2796 2593 3042 2661 repletus
3068 2590 3276 2660 Spiritu
3310 2592 3515 2647 Sancto

1908 2692 2076 2746 fuisse
2130 2690 2497 2760 cognoscitur.
2554 2688 2723 2743 Multo
2774 2689 2975 2757 quippe
3024 2688 3384 2741 CXCt'UCllliUS
3431 2699 3518 2742 est

1906 2783 2112 2854 Spiritu
2160 2793 2350 2836 saneto
2398 2781 2620 2850 repleri,
2653 2794 2816 2848 quam
2857 2777 3208 2832 sanctiﬁeari.
3244 2777 3318 2831 lbi
3365 2779 3514 2833 enim

1905 2878 2265 2933 sanetilicatio
2301 2876 2766 2936 etnundationem,
2813 2873 2900 2927 hic
2934 2873 3171 2942 repletio
3201 2873 3513 2927 inundatio-

1907 2988 2029 3027 netn
2064 2972 2261 3040 signat.
2298 2970 2539 3038 Denique
2565 2979 2620 3021 et
2668 2966 2940 3037 Apostoli,
2971 2967 3061 3033 qui
3108 2966 3357 3020 manibus
3396 2965 3511 3021 suis

1907 3073 2279 3119 tractaverunt
2307 3064 2372 3117 de
2403 3063 2570 3116 verba
2605 3062 2732 3115 vita:
2752 3104 2765 3125 ,
2800 3076 2923 3114 cum
2954 3059 3216 3129 Spiritum
3260 3072 3507 3114 sanetum

1906 3158 2243 3227 accepissent
2270 3158 2338 3209 de
2367 3155 2667 3210 Salvatoris
2695 3153 2879 3207 afﬂatu
2898 3192 2913 3218 ,
2942 3156 3026 3204 vix
3057 3152 3509 3220 quinquagesimo

200 3249 418 3315 repletus
447 3250 613 3318 fuerit
632 3248 812 3302 adhuc
836 3264 901 3302 ea:
927 3257 1069 3301 utero
1098 3247 1274 3300 ntatris
1298 3262 1436 3308 sum,
1463 3247 1537 3299 ttti
1564 3244 1801 3314 Angelus
1828 3261 1873 3323 ς
1906 3267 1933 3303 a
1967 3248 2408 3303 Resnrreetiouis
2431 3245 2517 3300 die
2547 3246 2614 3299 ad
2639 3245 2790 3298 illum
2821 3243 3044 3313 gradum
3070 3252 3365 3312 potuerunt
3391 3257 3513 3310 per-

202 3341 412 3399 Gabriel
455 3342 495 3397 Ζ
517 3343 741 3399 ιοιιιιιυίίιε
776 3342 924 3396 Patri
958 3340 1386 3411 priennnciavit,
1418 3338 1580 3394 Lucae
1611 3355 1660 3403 ι,
1695 3338 1802 3392 15ἳ

267 3434 519 3490 Nonnulli
551 3434 775 3503 quidem
820 3443 1132 3487 sanctorum
1172 3432 1391 3487 Patrum
1425 3431 1674 3485 dubitare
1701 3430 1802 3485 visi

202 3536 349 3591 sunt,
381 3544 509 3581 num
544 3542 607 3582 ea
630 3525 1078 3581 sanctiﬁcationis
1104 3526 1273 3595 gratia
1313 3541 1415 3595 qua
1448 3525 1500 3579 in
1530 3540 1685 3579 utero
1710 3539 1803 3579 cu-

203 3624 431 3675 mulatus
481 3619 584 3674 fuit
622 3617 899 3684 JOaunes,
938 3619 1368 3689 regenerationis
1396 3618 1559 3672 etiam
1603 3619 1799 3683 fuerit;

202 3729 298 3785 qua
318 3712 842 3769 nimirnmabSterso
863 3711 1093 3780 originis
1116 3713 1249 3765 vitio
1275 3720 1493 3766 renatus
1517 3711 1567 3765 in
1583 3710 1803 3765 Christo

204 3810 298 3873 sit,
326 3808 417 3877 qtti
443 3808 495 3863 in
527 3807 699 3862 Adam
724 3806 955 3861 carnalis
986 3807 1363 3876 concep'iouis
1394 3807 1511 3875 lege
1557 3813 1803 3859 mortuus

204 3911 329 3957 erat.
357 3902 504 3956 Inter
535 3902 634 3956 hos
669 3909 755 3956 est
778 3912 998 3955 sanctus
1035 3902 1365 3968 August~nns
1403 3902 1455 3955 in
1479 3901 1704 3970 epistola
1734 3901 1802 3953 ad

206 3992 533 4059 Dardanum,
584 3993 709 4059 187,
756 3992 830 4046 al.
872 3992 961 4055 57,
1013 4008 1159 4046 num.
1212 3994 1272 4048 51
1332 4001 1387 4047 et
1435 3992 1533 4057 52,
1586 4008 1800 4047 necnon

207 4098 411 4143 Sanctus
440 4085 752 4143 Ben-nardus
774 4086 1003 4153 epistola
1039 4086 1163 4151 174,
1188 4102 1306 4152 qua!
1335 4099 1415 4141 est
1440 4088 1509 4138 ad
1528 4087 1803 4140 canonicos

209 4177 584 4249 Lugdunenses,
615 4178 777 4247 cujus
810 4178 972 4231 etiam
1000 4178 1159 4233 verba
1195 4180 1401 4234 referre
1431 4179 1580 4233 libet.
1622 4198 1640 4229 ι
1674 4177 1805 4232 Cer-

210 4272 433 4335 tissime,
485 4273 695 4343 inquit,
750 4271 986 4341 Spiritus
1027 4284 1282 4336 sanctus,
1332 4289 1492 4342 quem
1545 4274 1800 4342 replevit,

212 4366 575 4422 sanctiﬁcatit.
608 4368 880 4419 (helenum
908 4375 1191 4435 ,qttatenus
1232 4367 1495 4421 adiersus
1540 4367 1804 4435 originale

212 4470 471 4527 peccatum
508 4458 625 4513 lucc
666 4458 784 4527 ipsa
830 4459 1190 4513 sanctiﬁcatio
1221 4460 1485 4525 valuerit,
1540 4459 1656 4513 sive
1705 4474 1804 4529 pro

214 4548 305 4605 isto
346 4554 562 4623 (saneto
598 4550 857 4621 Joanne),
908 4552 1021 4605 sive
1062 4567 1159 4621 pro
1201 4553 1473 4619 Jeremia,
1520 4553 1634 4608 sive
1683 4552 1804 4623 quis

210 4646 335 4700 alius
368 4648 528 4703 simili
564 4657 874 4713 praeventus
903 4655 985 4700 est
1017 4654 1211 4716 gratia,
1259 4662 1366 4701 non
1403 4656 1612 4702 temere
1645 4646 1802 4703 dixe-

212 4739 323 4795 rim.
354 4739 737 4796 Sanctiﬁcatos
787 4746 962 4793 tamen
1018 4754 1124 4793 non
1168 4739 1531 4795 dubitaverim
1577 4741 1799 4807 dicere,

213 4846 334 4901 quos
360 4832 501 4888 Dens
523 4830 880 4887 sanetilicavit
901 4872 915 4895 ,
937 4838 993 4886 et.
1017 4847 1140 4887 cum
1164 4832 1353 4888 eadem
1374 4835 1804 4889 sanctiﬁcatione

216 4926 464 4994 prodiisse
486 4941 554 4981 ex
576 4922 766 4987 utero’,
796 4938 956 4992 quam
1002 4935 1334 4992 acceperunt
1374 4927 1427 4978 in
1478 4936 1670 4979 utero:
1702 4940 1803 4981 nec

213 5028 439 5085 reatum,
482 5034 648 5091 quem
704 5018 757 5071 in
806 5019 1161 5089 conceptione
1208 5028 1533 5083 traxerunt,
1566 5020 1802 5073 valuisse

216 5114 467 5171 ullatenus
493 5114 690 5169 horum
722 5112 884 5167 natali
910 5114 1020 5181 jatn
1047 5113 1305 5168 donatam
1338 5112 1670 5183 prtepedire,
1704 5127 1800 5166 seu

215 5208 488 5278 pneripere
520 5205 976 5261 benedicnonem.
1020 5208 1276 5262 Attamen
1322 5206 1445 5276 quis
1472 5205 1654 5260 dicat:
1681 5204 1802 5274 Spi-

210 5300 307 5353 ritu
331 5303 532 5357 Sancto
557 5299 829 5367 repletum
864 5314 1083 5354 manere
1111 5299 1289 5354 adhuc
1325 5300 1501 5353 lilium
1530 5297 1804 5352 nihilomi-

213 5405 303 5445 nus
332 5393 446 5455 irze,
477 5400 534 5446 et
581 5391 626 5444 si
668 5390 803 5444 mori
836 5391 887 5445 in
930 5400 1085 5447 utero
1128 5393 1480 5463 contigisset,
1534 5407 1653 5446 cum
1704 5392 1803 5447 hac

214 5481 534 5552 plenitudine
583 5481 821 5552 Spiritus
868 5498 1058 5551 pamas
1106 5485 1362 5539 luiturum
1410 5483 1803 5538 damnatioiiis?

212 5574 400 5632 Durum
430 5586 539 5634 e-t.
563 5576 780 5631 Minime
804 5587 982 5632 tamen
1008 5578 1180 5633 ausim
1198 5619 1214 5645 ,
1242 5578 1367 5632 hinc
1391 5578 1661 5648 quidpiam
1686 5593 1805 5634 mea

214 5673 468 5727 sententia
501 5671 759 5726 delinire.
803 5688 821 5720 ιι
860 5670 985 5727 lla-e
1016 5681 1237 5727 sanctus
1268 5672 1589 5727 Bcrnardus.

278 5763 491 5820 Plurimi
527 5764 887 5819 nihilominus
913 5775 1223 5821 sanctorum
1259 5767 1475 5821 Patrum
1504 5766 1640 5820 adeo
1672 5780 1809 5835 prin-

210 5856 343 5916 clare
382 5857 450 5915 de
491 5856 719 5917 Joannis
766 5856 1023 5929 Baptistae
1068 5857 1504 5917 sanctiﬁcatione
1553 5858 1607 5913 itt
1654 5872 1809 5915 utero

1907 3344 2117 3405 venire,
2146 3352 2204 3396 ttt
2239 3340 2516 3395 diceretur
2542 3339 2611 3392 de
2642 3338 2721 3392 eis
2753 3354 2765 3389 :
2798 3334 3005 3402 Περιειὶ
3031 3344 3150 3388 sunt
3182 3351 3355 3387 omnes
3388 3334 3513 3402 Spi-

1907 3439 2011 3492 ritu
2047 3446 2243 3491 sancto.
2297 3435 2363 3488 Et
2406 3434 2532 3487 licet
2572 3430 2809 3500 Spiritus
2855 3436 3078 3482 sanctus
3131 3428 3346 3497 largiori
3384 3438 3511 3480 tunc

1908 3547 2133 3587 munere
2171 3529 2510 3585 credentium
2559 3524 2727 3581 corda
2780 3524 3110 3594 repleverit;
3171 3525 3273 3575 hoc
3327 3532 3509 3575 tamen

1906 3626 2145 3681 Joannes
2176 3624 2370 3694 legitur
2404 3622 2456 3675 in
2488 3630 2643 3674 utero
2671 3632 2980 3686 assecutus,
3014 3614 3158 3684 quod
3191 3613 3508 3684 Apostolica

1905 3722 2174 3777 celsitudo
2217 3716 2436 3772 tandem
2488 3713 2719 3783 longiori
2754 3708 3113 3781 permissione
3149 3710 3324 3776 potuit
3369 3706 3513 3760 obti-

1907 3831 2059 3872 nere.
2099 3836 2116 3867 ι
2158 3815 2231 3868 Ita
2256 3822 2473 3866 sanctus
2502 3809 2696 3863 Petrus
2724 3807 3038 3860 llamianus.
3071 3802 3301 3857 Peecato
3332 3805 3513 3866 itaque

1907 3910 2158 3975 originis,
2188 3922 2297 3977 quo
2336 3904 2737 3959 mundahantur
2784 3899 3023 3961 Hebraei,
3065 3910 3159 3951 seu
3212 3909 3305 3962 per
3348 3894 3509 3948 ﬁdem

1909 4014 2195 4074 parentum
2246 4004 2300 4054 in
2365 3999 2697 4060 Venturum,
2749 4010 2843 4047 seu
2892 4008 2986 4062 per
3040 3988 3511 4043 circuiticisionem

1909 4080 2053 4168 (qum
2084 4096 2194 4150 duo
2224 4094 2417 4149 Joanni
2455 4092 2679 4146 minime
2707 4085 3045 4155 defuerunt),
3078 4099 3174 4153 per
3210 4080 3516 4135 sattetiﬁea~

1909 4191 2114 4244 tionem
2146 4186 2420 4257 pra-cipue
2450 4186 2501 4237 itt
2542 4194 2697 4237 utero
2728 4182 2916 4235 matris
2948 4190 3249 4247 acceptam,
3284 4172 3518 4227 inﬁctus

1910 4277 2028 4345 ipse
2059 4290 2184 4329 esse
2213 4289 2318 4327 non
2365 4280 2578 4341 poterat
2608 4284 2729 4323 cum
2782 4284 2809 4319 ιι
2848 4266 3066 4320 Christo
3118 4263 3344 4315 Domino
3372 4270 3520 4314 esset

1911 4369 2292 4438 baptizandus,
2327 4376 2386 4419 ut
2417 4366 2518 4420 hac
2544 4364 2611 4417 de
2638 4376 2802 4417 causa
2845 4374 2911 4412 eo
2947 4358 3276 4425 baptismate
3304 4353 3515 4422 indige-

1910 4471 1997 4519 ret
2024 4481 2037 4516 :
2062 4459 2369 4515 certissime
2396 4456 2540 4512 enim
2577 4461 2817 4517 constat,
2862 4465 2971 4503 non
3002 4461 3162 4517 pos~e
3193 4459 3520 4514 quemquam

1912 4559 2203 4614 sanctitate
2222 4555 2440 4619 dontri,
2472 4551 2742 4620 simulque
2763 4545 3016 4615 originali
3050 4554 3275 4611 peccaro
3306 4540 3475 4594 teucri
3505 4556 3519 4595 :

1832 4650 1881 4703 Π
1916 4656 2007 4711 Dei
2034 4670 2130 4726 per
2156 4652 2383 4722 gratiam
2410 4650 2536 4703 amii
2560 4664 2649 4702 tttn
2678 4643 2813 4702 ﬁeri,
2840 4640 3115 4715 simulque
3142 4652 3235 4704 per
3258 4634 3524 4705 originale

1913 4754 2223 4819 peceatum,
2254 4741 2350 4796 ira:
2386 4740 2561 4795 tilittm
2593 4748 2917 4796 remanere;
2948 4728 3146 4784 divina:
3176 4738 3379 4780 natura.
3405 4740 3526 4794 par-

1911 4840 2130 4908 tieipetn
2172 4835 2321 4896 ﬁeri,
2355 4833 2629 4902 simulque
2669 4827 2889 4884 diabolo
2925 4823 3239 4893 mancipari.
3282 4820 3406 4875 lltec
3437 4818 3515 4873 l'u-

1910 4934 2025 4985 sius
2062 4928 2203 4997 apud
2253 4927 2431 4981 virum
2465 4924 2826 4979 clarissimum
2874 4917 3134 4971 Jacuhum
3192 4912 3518 4985 llyacintnm

1909 5026 2095 5093 Serry,
2126 5020 2558 5081 Exercitationes,
2586 5026 2717 5078 etc.,
2749 5014 2812 5067 de
2840 5010 3042 5065 Christo
3067 5009 3275 5078 ejusque
3313 5005 3521 5075 Virgine

1914 5119 2103 5181 Matre,
2136 5114 2527 5168 exercitatione
2552 5110 2644 5171 ‘28,
2677 5124 2823 5162 nutu.
2858 5107 2927 5159 10
2964 5114 3019 5158 et
3064 5102 3152 5166 H,
3204 5101 3345 5153 unde
3379 5113 3521 5152 non-

1919 5209 2063 5265 nulla
2094 5222 2307 5270 eorum,
2346 5220 2467 5275 qua:
2508 5202 2767 5265 diximus,
2802 5195 3029 5251 mutuati
3061 5208 3268 5247 sumus.
3306 5192 3444 5245 llinc
3472 5189 3525 5246 si

1917 5299 2265 5358 Chromatius
2301 5308 2491 5352 noster
2516 5294 2779 5350 Joannem
2814 5291 3112 5359 Baptistam
3161 5286 3341 5341 aiebat
3378 5282 3519 5335 iudi-

1916 5394 2099 5465 guisse
2130 5390 2478 5459 baptismate,
2506 5388 2624 5458 quia
2652 5386 2763 5440 sine
2784 5394 2991 5453 peccan
3021 5394 3130 5433 esse
3156 5394 3255 5431 non
3282 5381 3480 5446 poterat
3495 5386 3518 5439 ;

1918 5486 2023 5543 hoc
2068 5484 2216 5537 illum
2267 5495 2608 5550 nequaquam
2661 5478 2864 5531 leiSSC
2910 5472 3184 5527 fatendum
3235 5479 3351 5528 est,
3389 5464 3517 5532 quia

1916 5580 2216 5649 BaptiSIam
2248 5574 2499 5644 originali
2531 5572 2743 5626 macula
2770 5571 2949 5623 adhuc
2979 5564 3230 5618 crederet
3265 5561 3520 5624 inquina-

1917 5648 2062 5739 tum;
2098 5671 2191 5727 sed
2224 5670 2400 5740 potius
2429 5670 2575 5739 quia,
2611 5674 2669 5721 ut
2706 5665 2890 5726 homo,
2929 5659 3047 5715 sine
3076 5656 3251 5723 aliqua
3287 5648 3516 5704 actualis

1918 5767 2092 5834 culpa:
2125 5764 2246 5818 labe
2275 5776 2381 5816 non
2409 5769 2548 5815 erat.
3225 5832 3237 5835 Α
3488 5830 3491 5835 γ

1990 5832 2180 5929 Neque
2208 5857 2313 5911 hoc
2332 5851 2553 5923 quidem
2582 5844 2854 5905 sanctitati
2886 5838 3017 5897 tanti
3040 5835 3145 5890 viri
3174 5832 3523 5898 adversatur,
