4056 6340
478 335 588 389 275

1499 329 1556 386 5.
1598 323 2055 384 οίιῐιοιυιτιιξε
2094 322 2203 382 ΕΡ.
2244 322 2743 397 ΑρϋιωιεΝδιε.

3679 340 3789 395 276

478 464 659 519 neque
684 455 887 519 pugnat
913 461 1037 501 cum
1070 445 1413 518 plenitudine
1441 443 1531 498 illa
1586 442 1764 497 sancti
1816 440 2077 509 Spiritus,
2108 447 2157 505 Α
2186 442 2411 510 plinatn,
2446 456 2571 509 ante
2602 454 2733 499 tunc
2754 447 2808 499 in
2851 445 3190 514 Aquilcicusi
3224 448 3339 518 ipsa
3367 446 3615 505 Ecclesia
3641 451 3793 520 vige.

478 560 646 614 quam
673 544 730 598 in
752 554 910 598 ntere
938 542 1132 598 matris
1152 538 1380 609 accepit.
1414 556 1435 589 ι
1467 536 1711 605 Excepto
1755 535 1957 605 quippe
1987 536 2080 588 had

478 638 752 707 ptismatis
783 634 1225 705 muneretaiebst
1273 640 1494 686 sanctus
1524 628 1859 698 Augustinum
1886 628 1937 681 in
1973 627 2076 680 En-

480 729 708 785 cltirittio
751 728 830 783 De
877 725 1035 794 Fide,
1072 728 1201 798 Spe,
1234 735 1279 778 et
1311 722 1606 783 Chariten,
1629 732 1753 792 cap.
1786 720 1902 791 6-4),
1932 718 2080 789 quod

479 831 672 877 contra
729 820 996 891 originale
1043 827 1323 887 peccatum
1373 816 1628 868 donatum
1676 823 1759 866 est
1792 851 1805 863 .
1837 853 1850 867 .
1888 850 1901 864 .
1939 850 1951 865 .
1980 815 2079 866 hac

478 925 708 983 excepta
743 908 1310 985 magnaindnlgentia,
1341 907 1487 961 unde
1514 906 1703 976 incipit
1735 903 1975 959 hominis
1989 920 2077 959 re-

480 1009 728 1067 novatio,
756 1007 809 1059 in
834 1019 942 1076 qua
969 1002 1202 1056 solvitur
1228 1001 1413 1055 omnis
1436 1011 1618 1053 reatus
1642 1009 1699 1053 et
1729 997 2083 1067 ingeneratus

478 1110 537 1157 et
564 1100 783 1155 additus
819 1115 833 1151 ι
859 1099 974 1167 ip~a
1000 1096 1167 1151 etiam
1199 1098 1303 1148 vita
1332 1104 1548 1148 canem
1568 1092 1909 1163 jamratione
1927 1101 2085 1145 uteno

479 1194 553 1249 tis
582 1193 780 1258 aetatis,
802 1190 1137 1261 quantalibet
1160 1187 1479 1258 pmpolleat
1512 1184 1723 1259 [um]
1753 1184 2082 1240 iocunditate

471 1290 722 1361 justitiam,
776 1287 897 1340 sine
952 1294 1303 1355 peccatorum
1353 1283 1683 1337 remissione
1727 1294 1833 1335 non
1881 1282 2079 1349 agitur.

477 1381 752 1451 Quoniam
805 1377 899 1432 ﬁlii
959 1377 1053 1431 Dei
1097 1376 1359 1447 quamdiu
1388 1374 1692 1428 mut-taliter
1716 1373 1795 1426 rit
1811 1382 1924 1435 unt,
1956 1386 2081 1425 cum

474 1483 653 1530 marte
675 1470 992 1542 conﬂigunt.
1026 1470 1090 1525 Et
1111 1470 1364 1541 quamvis
1386 1468 1455 1523 de
1472 1468 1579 1521 illis
1606 1468 1677 1521 sit
1704 1466 1977 1520 veraciter
1998 1465 2084 1518 di¢

480 1567 925 1637 etutn,Quotquot
954 1563 1163 1635 Spiritu
1191 1563 1286 1618 Dei
1314 1568 1561 1635 aguntur,
1588 1561 1641 1614 Ili
1659 1560 1757 1629 [itii
1783 1572 1902 1613 sunt
1932 1558 2033 1613 Dei
2061 1574 2081 1613 :

476 1665 559 1719 sic
601 1673 783 1716 tamen
840 1654 1048 1727 Spiritu
1102 1660 1195 1715 Dei
1247 1664 1576 1723 excitantur,
1602 1666 1657 1711 et
1686 1669 1961 1727 tamquam
1985 1653 2082 1710 mn

480 1756 574 1810 Dei
609 1755 900 1825 proﬁciunt
926 1753 991 1807 ad
1023 1754 1215 1817 Deum,
1246 1756 1303 1806 u’t
1329 1753 1493 1806 etiam
1525 1752 1720 1821 spiritu
1747 1762 1869 1817 suo,
1903 1750 2075 1805 maxio

2186 538 2295 600 bat,
2318 536 2783 606 frequentissima:
2802 539 3080 605 nimirum,
3100 539 3271 594 immo
3292 543 3459 596 etiam
3476 541 3799 614 quotidiana

2186 628 2429 683 ﬁdelium
2455 632 2824 685 communionis
2849 649 2868 697 ;
2898 648 2925 685 a
2954 648 3081 703 qua.
3113 634 3248 702 proli
3271 634 3428 689 dolor
3455 638 3469 690 Ξ
3500 648 3611 690 tam
3636 636 3799 709 longe

2185 725 2448 779 absumus
2480 724 2643 780 hodie
2674 742 2780 780 non
2812 725 2932 781 sine
2960 730 3040 783 rei
3069 727 3388 785 christiana
3408 730 3705 797 dedecore,
3737 741 3795 788 et

2184 818 2313 869 vitae
2336 816 2634 886 spiritualis
2655 818 3009 874 detrimento.
3039 839 3058 872 ‹
3096 821 3212 875 lloc
3232 833 3437 886 autem,
3467 824 3663 892 inquit,
3689 824 3803 893 spi-

2184 908 2424 962 ritaliter
2451 910 2612 963 nobis
2645 923 2981 981 praeceptum
3012 925 3137 967 esse
3169 913 3435 969 debemus
3479 914 3795 981 advertere,

2187 1011 2244 1055 ut
2274 1016 2467 1070 partem
2497 1004 2871 1071 quotidianum
2907 1017 3197 1075 petamus:
3231 1007 3281 1061 id
3312 1019 3396 1063 est
3416 1022 3613 1079 panem
3644 1008 3799 1064 illum

2185 1094 2464 1149 cmlestem
2494 1106 2549 1150 et
2576 1097 2905 1165 Spiritaiem,
2938 1115 3103 1170 quem
3134 1102 3385 1169 quotidie
3411 1102 3477 1155 ad
3524 1102 3798 1157 medelam

2185 1190 2401 1251 animm,
2454 1196 2509 1242 ct
2548 1203 2701 1259 spem
2744 1201 2967 1245 teterua:
2998 1192 3197 1246 salutis
3240 1194 3558 1262 accipimus,
3590 1193 3661 1249 de
3690 1210 3803 1264 quo

2184 1280 2261 1333 ait
2290 1280 2557 1336 Dominus
2589 1284 2639 1335 in
2674 1282 3010 1353 Evangelia:
3058 1283 3223 1339 Panis
3252 1285 3490 1348 celestis,
3520 1300 3647 1340 caro
3689 1302 3804 1341 meo

2184 1383 2279 1437 est,
2310 1389 2465 1444 quam
2485 1388 2581 1446 ego
2600 1374 2733 1429 dabo
2754 1393 2850 1447 pro
2872 1378 3051 1431 mundi
3074 1376 3235 1451 hujus
3262 1380 3387 1433 vita.
3413 1380 3485 1433 Et
3500 1381 3647 1434 hunc
3668 1394 3804 1451 ergo

2184 1480 2377 1536 panem
2414 1467 2660 1534 quotidie
2692 1471 2969 1537 postulare
2997 1472 3289 1539 iubemur:
3327 1472 3381 1525 id
3410 1482 3518 1537 est,
3555 1482 3614 1526 ut
3663 1486 3805 1541 prte-

2184 1570 2362 1615 stante
2408 1560 2619 1615 Dontitti
2661 1564 3062 1630 misericordis,
3113 1564 3362 1635 quotidie
3408 1574 3602 1633 panem
3651 1564 3803 1620 actio

2185 1668 2317 1724 pere
2345 1655 2593 1722 corporis
2622 1653 2838 1709 Domini
2889 1672 3221 1711 mercamur.
3256 1656 3347 1711 Ait
3376 1658 3525 1712 enim
3576 1668 3803 1713 sanctus

2183 1751 2480 1819 Apostolus
2505 1766 2517 1801 :
2539 1749 2732 1805 Probet
2754 1762 2927 1806 autem
2949 1770 3003 1807 se
3025 1753 3196 1825 ipsum
3212 1751 3391 1820 homo,
3419 1765 3465 1808 et
3487 1754 3562 1808 sic
3583 1752 3651 1809 de
3671 1769 3804 1825 pane

483 1860 574 1901 me
620 1855 951 1917 aggravante
995 1844 1342 1913 currttptibili
1381 1856 1637 1914 corpore,
1677 1853 1952 1913 tamquam
1986 1843 2080 1897 lilii
2112 1848 2158 1909 Β
2189 1846 2395 1900 Domini
2423 1845 2715 1907 manducet.
2742 1856 2787 1900 et
2821 1847 2883 1900 de
2912 1846 3072 1900 calice
3117 1848 3274 1901 bibat.
3327 1848 3393 1901 Et
3424 1850 3623 1902 iterum
3651 1865 3665 1900 :
3699 1847 3801 1914 Qui

483 1940 765 1995 hominum
800 1941 1127 2009 quibusdam
1160 1940 1413 1994 humanis
1454 1939 1693 1994 motibus
1716 1937 1977 1993 deliciam
2016 1939 2085 1992 Id

482 2033 717 2103 seipsos,
742 2042 795 2088 et
820 2030 943 2088 ideo
974 2041 1217 2103 peccent.
1262 2044 1283 2086 ι
1319 2032 1433 2104 Ego
1455 2033 1635 2101 itaque
1659 2041 1759 2085 ate
1779 2033 1936 2086 debeo
1961 2031 2090 2101 δαρ-

484 2129 658 2195 rixari,
708 2128 888 2183 aiebat
938 2131 1018 2183 vir
1070 2130 1445 2184 sanctissimus
1492 2128 1731 2183 Joannes
1778 2130 1844 2182 ad
1898 2128 2085 2183 Jesum

486 2228 802 2278 venientem
849 2222 916 2278 ad
974 2239 1056 2286 se,
1114 2232 1173 2277 ut
1219 2224 1389 2294 ipsius
1439 2223 1703 2294 baptisma
1749 2225 2084 2293 susciperet:

486 2315 601 2388 Ego
628 2332 661 2370 α
701 2329 749 2371 te
785 2316 941 2372 debeo
968 2318 1242 2388 baptizari.
1278 2337 1297 2370 α
1338 2317 1434 2373 ille
1462 2327 1644 2372 autem
1680 2316 1903 2389 (subdit
1947 2317 2091 2371 idem

484 2418 705 2466 sanctus
740 2413 1073 2483 Augustinus
1103 2414 1155 2465 in
1198 2414 1450 2481 superius
1485 2411 1653 2465 citato
1679 2421 1932 2465 sermOne
1960 2409 2089 2475 293,

486 2520 641 2558 num.
679 2503 805 2575 ιε),
839 2504 933 2558 illc
969 2512 1149 2558 autem
1193 2514 1363 2574 quare
1399 2502 1629 2566 diceret,
1660 2501 1775 2573 Ego
1804 2517 1835 2555 a
1866 2508 1915 2554 te
1938 2500 2099 2555 debeo

488 2601 759 2672 baptizari,
799 2598 1032 2655 mundus
1071 2598 1139 2652 ab
1176 2599 1323 2653 omni
1356 2597 1573 2669 penitus
1613 2606 1776 2659 nota,
1808 2597 1852 2650 si
1886 2608 1995 2650 non
2040 2596 2095 2650 in

489 2708 557 2747 eo
587 2702 706 2746 erat
733 2692 877 2764 quod
906 2702 1213 2757 sanaretur,
1240 2692 1285 2746 si
1313 2698 1421 2745 non
1454 2682 1506 2743 in
1540 2698 1606 2744 eo
1628 2698 1745 2744 erat
1771 2690 1913 2760 quod
1943 2702 2099 2743 mune

491 2784 717 2843 daretur
737 2789 857 2843 1....
892 2784 1006 2858 Ego
1038 2802 1069 2841 α
1098 2797 1165 2850 te,
1202 2786 1397 2857 inquit,
1423 2783 1601 2853 {debeo
1642 2785 1938 2856 baptizari:
1961 2796 2101 2855 opus

489 2894 576 2939 est
608 2883 759 2949 mihi,
791 2882 1158 2939 net-essurium
1190 2891 1273 2936 cst
1305 2879 1457 2935 mihi.
1492 2878 1559 2934 Et
1590 2879 1693 2933 hac
1738 2879 1815 2932 illi
1854 2878 1923 2933 ibi
1956 2892 2099 2947 pra:-

491 2980 676 3032 stilum
716 2986 820 3033 est.
860 2994 877 3029 ι
902 2975 1077 3045 Atque
1100 2976 1212 3028 lucc
1244 2968 1432 3029 eadem
1463 2972 1628 3027 verba
1656 2972 1827 3027 sancti
1858 2971 2102 3025 Praecur-

493 3074 635 3126 soris
687 3082 968 3141 etimneus
1021 3062 1360 3122 clarissimus
1409 3064 1615 3130 Estins,
1659 3065 1729 3117 ita
1784 3064 2099 3118 scribebat:

501 3186 518 3218 ι
565 3164 671 3236 Ego
702 3171 812 3218 ate
851 3160 1011 3217 debeo
1054 3160 1326 3233 baptizari,
1354 3159 1403 3213 id
1435 3166 1519 3214 est
1567 3157 1734 3224 ablui,
1780 3157 2027 3210 mandari
2072 3168 2103 3211 ti

2190 1943 2466 1995 maluissent
2490 1956 2673 2008 panem
2702 1940 2909 1994 Domini
2936 1940 3168 2014 indigne,
3198 1951 3247 1994 et
3275 1940 3483 1995 calicem
3510 1941 3662 2003 bibit,
3685 1954 3801 1995 reus

2189 2035 2285 2088 erit
2312 2034 2544 2106 corporis
2571 2043 2618 2087 et
2646 2034 2913 2106 sanguinis
2948 2035 3177 2089 Domini.
3204 2033 3360 2090 Unde
3390 2052 3501 2088 non
3531 2034 3805 2089 immerito

2192 2140 2410 2197 semper
2454 2141 2613 2181 orare
2659 2126 2942 2193 debemus,
2995 2140 3055 2181 ut
3088 2127 3228 2181 hunc
3277 2143 3472 2197 panem
3520 2129 3803 2183 colestem

2193 2223 2434 2294 quotidie
2458 2236 2768 2276 mereamur
2790 2223 3041 2292 accipere
3067 2237 3081 2275 :
3111 2237 3179 2275 ne
3200 2222 3385 2291 aliquo
3402 2221 3809 2277 interveniente

2195 2321 2439 2385 peccato,
2472 2328 2501 2368 a
2531 2327 2760 2384 corpore
2786 2313 3000 2368 Domini
3035 2328 3372 2383 separemur.
3422 2331 3443 2365 ι
3476 2313 3554 2367 ita
3583 2324 3809 2369 sanctus

2195 2408 2569 2463 Chromatius.

2270 2501 2671 2568 Quotidianam,
2707 2510 2800 2555 aut
2826 2508 2979 2555 certe
3001 2499 3526 2571 frequentissimam,
3558 2499 3809 2569 corporis

2201 2596 2419 2650 Dmnini
2447 2596 2815 2666 sumptionem
2844 2596 2895 2648 in
2923 2608 3077 2649 more
3103 2595 3337 2666 positam
3367 2595 3627 2648 novimus
3664 2591 3807 2663 apud

2204 2691 2393 2746 ﬁdeles
2419 2692 2660 2761 priorum
2710 2690 2971 2746 Ecclesiae
3022 2690 3369 2745 szeculnrum.
3414 2690 3623 2744 Rerum
3653 2690 3808 2744 litur-

2203 2785 2467 2856 gicarum,
2523 2795 2578 2839 et
2621 2784 3014 2840 ecclesiasticze
3059 2784 3367 2854 di~cipllure
3412 2785 3715 2855 scriptores
3740 2797 3805 2837 ex

2204 2875 2413 2931 Graecis
2462 2887 2625 2947 atque
2674 2892 2739 2930 ex
2768 2876 2977 2931 Latinis
3002 2876 3260 2930 Patrilius
3301 2876 3471 2930 multa
3502 2883 3812 2947 congerunt

2208 2971 2541 3033 testimonia,
2576 2984 2699 3039 qute
2729 2985 2941 3025 morem
2969 2971 3109 3025 hunc
3142 2972 3653 3040 prmstantissimum
3696 2981 3807 3023 tttm

2209 3065 2263 3119 in
2293 3061 2557 3120 Orientali
2609 3073 2722 3118 tum
2772 3064 2827 3119 in
2859 3062 3195 3120 Oceldentall
3243 3065 3487 3120 Ecclesia
3540 3066 3813 3133 vigentem

2209 3158 2578 3223 confirmant;
2613 3159 2853 3213 maxime
2876 3170 3029 3225 vero,
3063 3158 3241 3227 qumtd
3264 3157 3498 3225 italiam,
3531 3158 3584 3213 in
3616 3156 3813 3215 Eccle-

496 3261 752 3332 peccatis.
787 3256 861 3314 Ex
888 3273 997 3330 quo
1020 3256 1157 3312 bene
1186 3252 1478 3325 colligitur,
1504 3251 1775 3307 Joannem
1808 3252 2101 3320 Baptistam
2130 3251 2175 3313 C
2210 3254 2287 3307 sia
2334 3251 2611 3317 Romana,
2668 3258 2834 3320 atque
2892 3253 2942 3306 in
2990 3252 3405 3307 Mediolanensi.
3458 3251 3639 3307 Nemo
3683 3264 3811 3307 vero

498 3370 605 3409 non
635 3356 799 3408 fuisse
831 3353 949 3406 sine
979 3344 1286 3405 veniallbus
1319 3346 1579 3415 peccatis,
1608 3346 1759 3417 juxta
1792 3346 1922 3400 illud
1967 3345 2102 3401 alte-

498 3448 611 3502 rius
644 3444 870 3500 Joannis
900 3443 937 3505 l,
965 3444 1143 3511 capite
1173 3457 1187 3495 ι
1216 3456 1227 3493 :
1264 3434 1323 3495 Si
1347 3440 1630 3493 dixerimus
1657 3439 1898 3507 quoniam
1921 3450 2105 3508 pecea-

497 3549 605 3591 tum
636 3554 739 3590 non
784 3534 1051 3599 Itabrmns,
1088 3532 1181 3605 ipsi
1232 3549 1322 3586 nos
1372 3530 1687 3596 sedutinms,
1733 3538 1781 3583 et
1816 3532 2004 3584 veritas
2050 3531 2104 3583 in

499 3629 644 3683 nobis
698 3642 801 3681 non
846 3636 941 3682 est.
992 3622 1147 3682 Unde
1194 3628 1247 3679 et
1296 3624 1631 3695 Augustinus
1675 3622 1939 3678 Joannem
1992 3622 2109 3677 vult

500 3719 889 3792 comprehendi
938 3721 1078 3775 inter
1120 3733 1213 3775 eos
1257 3719 1459 3789 justus,
1510 3717 1601 3789 qui
1633 3730 1739 3771 non
1770 3718 1957 3771 vivunt
1986 3718 2107 3773 sine

505 3816 760 3881 peccatis.
806 3826 823 3865 ι
880 3811 956 3867 En
1022 3812 1183 3884 igitur
1230 3812 1357 3883 quid
1413 3810 1516 3866 sibi
1572 3811 1701 3865 velit
1757 3809 2108 3865 Chromatius

505 3917 723 3971 noster,
776 3906 903 3961 dum
954 3905 1149 3961 asserit
1200 3917 1446 3961 sanctum
1492 3904 1757 3959 Joannem
1808 3902 2105 3971 Baptistam

502 4000 800 4074 indiguisse
834 4000 1159 4068 baptismate
1188 3999 1412 4066 Christi,
1452 3999 1576 4070 quia
1611 3997 1959 4067 sine'peeoato
1986 3980 2109 4052 esse

502 4107 607 4151 nan
631 4096 848 4169 poterat.
879 4093 1034 4151 Plura
1064 4096 1151 4165 qui
1186 4095 1325 4151 forte
1356 4094 1540 4165 cupiat
1569 4104 1734 4164 super
1776 4086 1875 4149 bac
1906 4108 1982 4161 re,
2014 4094 2111 4151 ads

502 4200 611 4255 cat,
647 4189 712 4243 de
739 4198 929 4244 sancto
952 4188 1161 4245 Joanne
1198 4190 1437 4257 Baptista
1479 4188 1655 4257 deque
1693 4189 1858 4243 rebus
1887 4187 1954 4242 ad
1980 4202 2107 4244 eum

504 4282 933 4353 pertinentibus,
963 4284 1257 4354 scriptores
1287 4292 1399 4336 tum
1432 4280 1755 4348 catholicos,
1787 4288 1900 4337 tum
1926 4292 2109 4339 exter-

502 4386 623 4443 nos,
656 4394 789 4447 quos
828 4370 1029 4432 indicat
1058 4378 1197 4433 bene
1244 4377 1443 4431 multus
1473 4390 1572 4445 pro
1603 4378 1937 4446 amplissima
1986 4390 2112 4431 eru-

502 4469 709 4526 ditione
750 4482 845 4525 sua
876 4464 1211 4525 clarissimus
1243 4466 1440 4523 Paulus
1482 4466 1644 4523 Maria
1688 4467 2007 4524 Paclaudius
2053 4471 2110 4525 in

504 4562 791 4637 prteioquio
839 4564 905 4619 ad
938 4576 1064 4617 snas
1113 4562 1188 4617 De
1225 4560 1370 4616 cultu
1400 4563 1565 4616 sancti
1608 4561 1831 4616 Joannis
1863 4562 2113 4635 Baptista!

505 4654 635 4711 Anti
643 4659 846 4727 ,uitatex
869 4653 1214 4721 Christianas,
1243 4652 1424 4709 Roma:
1453 4654 1613 4717 1755,
1646 4666 1765 4723 pag.
1799 4654 1835 4707 2
1863 4665 1917 4709 et
1947 4657 1998 4710 5.

581 4749 764 4817 Aliud,
811 4759 865 4805 et
895 4746 1111 4819 quidem
1144 4746 1503 4810 la-tissimum,
1544 4753 1708 4815 atque
1740 4747 2115 4804 :ndiilcationls

506 4843 730 4914 plenum
764 4848 1167 4911 argumentum,
1216 4836 1470 4893 Ceillicro
1500 4837 1660 4904 duce,
1715 4838 1869 4895 nobis
1907 4843 2114 4910 przcbei

508 4936 855 4991 Chromatius
898 4936 949 4987 in
997 4941 1061 4987 ea
1106 4930 1496 4988 Commentarii
1547 4932 1631 4987 Sui
1678 4945 1851 5002 parte,
1911 4934 1962 4989 ltt
2007 4948 2110 5005 qua

513 5023 855 5084 Dominicam
896 5024 1209 5083 Orationem
1258 5025 1618 5081 disertissime
1654 5035 1816 5097 atque
1868 5030 2111 5099 piissime

513 5120 757 5192 exponit,
811 5126 1043 5173 tractatu
1086 5116 1343 5173 videlicet
1387 5117 1442 5173 in
1491 5116 1591 5174 hac
1637 5128 1824 5175 nostra
1866 5122 2111 5179 editione

514 5214 603 5280 i4,
648 5231 795 5268 nunt.
828 5208 880 5276 5,
916 5213 1002 5267 ubi
1036 5211 1103 5267 de
1144 5225 1274 5284 pane
1314 5224 1487 5267 nostra
1526 5213 1827 5285 quotidiana
1870 5216 2110 5272 disserit.

511 5296 677 5363 Facta
723 5320 917 5375 nempe
960 5302 1308 5359 distinctione
1338 5298 1570 5375 duplicis
1602 5306 1779 5373 tuadi,
1813 5322 1921 5375 quo
1948 5310 2113 5364 verba

507 5398 599 5453 illa
633 5384 922 5452 Dominicae
953 5388 1249 5463 Orationis,
1286 5389 1484 5452 Panem
1506 5402 1735 5452 nostrum
1757 5399 2114 5469 quotidianum

509 5488 577 5544 da
608 5489 754 5544 nobis
774 5482 948 5551 hodie,
978 5478 1328 5560 intelligentia
1360 5492 1509 5556 sunt,
1539 5486 1831 5562 habitoque
1857 5504 2113 5548 sermone

510 5572 581 5641 de
610 5600 745 5654 pane
775 5580 1092 5653 quolidiauo
1136 5581 1441 5639 litteruliter
1484 5586 1730 5656 accepto,
1770 5592 1823 5639 et
1862 5586 1927 5639 ad
1970 5601 2112 5655 prte-

510 5682 720 5732 sentcm
748 5678 912 5729 vitam
937 5676 1342 5732 sustentandam
1368 5681 1682 5736 necessario
1710 5698 1721 5733 :
1752 5695 1817 5733 cn
1839 5679 2115 5750 quomodo

512 5783 572 5823 se
602 5768 870 5823 convertit
901 5768 966 5823 ad
1012 5784 1232 5824 sensum
1265 5772 1601 5841 spiritualem
1645 5770 1865 5825 illorum
1916 5772 2115 5826 verbo-

510 5873 657 5928 rum,
685 5845 917 5937 [xxxvn]
943 5850 1086 5919 unde
1112 5862 1673 5941 pracciaramIquoque
1691 5863 1932 5923 eruimus
1957 5864 2121 5927 disci-

2208 3361 2371 3411 uuus,
2416 3346 2560 3415 quod
2591 3348 2850 3412 sciamus,
2883 3346 3176 3417 quidquam
3207 3346 3437 3417 protttlit
3469 3346 3539 3401 de
3568 3346 3811 3401 Ecclesia

2209 3438 2546 3510 Aquileieusi
2572 3483 2586 3507 ,
2618 3439 3013 3496 Me'lioiattensi
3050 3442 3299 3511 proxima
3325 3482 3340 3507 ,
3372 3441 3669 3510 eidemque
3694 3483 3707 3503 .
3749 3455 3812 3496 ac

2209 3531 2421 3586 caneris
2452 3533 2704 3586 omnibus
2730 3534 3046 3588 Occidentis
3066 3575 3080 3599 ,
3118 3533 3444 3603 antiquitate
3474 3543 3643 3603 atque
3672 3532 3817 3589 cele-

2211 3622 2408 3677 britate
2434 3622 2654 3679 minime
2682 3624 2946 3679 secunda.
2982 3624 3123 3679 Ecce
3152 3636 3297 3678 nunc
3333 3624 3521 3695 itaque
3545 3625 3815 3679 Chroma-

2212 3715 2344 3768 tium
2374 3724 2654 3783 nostrum,
2687 3718 2778 3787 qui
2809 3716 2974 3771 veluti
3009 3716 3164 3772 testis
3194 3730 3367 3771 novus
3396 3717 3612 3772 accedit
3658 3719 3818 3787 huius

2211 3809 2572 3863 sanctissimae
2599 3817 2848 3864 veterum
2883 3812 3211 3863 Sit-culorum
3245 3810 3296 3863 in
3324 3808 3624 3864 Occidente
3647 3809 3814 3865 disci.

2212 3902 2377 3971 plina!
2403 3918 2416 3969 ;
2449 3903 2653 3974 quique
2687 3916 2897 3958 morem
2928 3902 3089 3957 simul
3119 3902 3380 3958 Ecclesia:
3412 3917 3526 3957 sum
3557 3902 3576 3974 (
3604 3905 3711 3959 hac
3734 3912 3816 3959 est

2213 3996 2474 4052 Ecclesia:
2511 3996 2701 4054 Matris
2730 3998 2960 4069 nostra!)
2994 3998 3151 4053 nobis
3180 3997 3347 4053 tradit
3368 4036 3385 4062 ,
3442 4001 3626 4069 quarti
3660 3996 3817 4055 nimi-

2213 4104 2332 4147 rum
2359 4093 2467 4162 jam
2501 4094 2757 4159 labentis,
2789 4103 2844 4148 et
2867 4094 3042 4164 quinti
3078 4093 3316 4148 ineuntis
3340 4095 3553 4161 seaculi,
3584 4094 3813 4150 dicens:

2212 4200 2361 4254 quem
2388 4187 2617 4256 quotidie
2661 4186 2730 4239 ad
2755 4186 3007 4240 medelam
3047 4188 3233 4241 animo?
3257 4228 3272 4253 ,
3319 4192 3367 4241 et
3419 4204 3564 4257 spem
3608 4201 3817 4243 wterme

2213 4279 2396 4333 salutis
2426 4280 2706 4351 accipimus
2732 4294 2752 4343 ;
2782 4280 3044 4350 itemque,
3079 4288 3135 4334 ut
3166 4288 3444 4349 prastante
3477 4282 3690 4336 Domini
3722 4281 3815 4336 nde

2216 4372 2504 4427 serieordia
2543 4371 2774 4443 quotidie
2814 4388 2997 4443 panem
3044 4375 3280 4445 accipere
3321 4376 3556 4442 corporis
3604 4373 3817 4431 Domini

2216 4478 2503 4517 mereamur
2528 4483 2544 4529 ;
2566 4482 2630 4521 ac
2653 4468 2847 4520 iterum
2868 4507 2883 4532 ,
2919 4476 2976 4519 ut
3006 4466 3143 4519 Itane
3174 4483 3360 4537 panem
3393 4469 3652 4522 caelestem
3694 4484 3817 4540 quo.

2219 4557 2344 4609 ttdle
2373 4570 2662 4610 mpreamur
2684 4556 2920 4630 accipere
2951 4575 2968 4613 :
3009 4574 3129 4629 quas
3158 4560 3323 4614 verba
3352 4561 3573 4614 nonnisi
3608 4573 3815 4615 morem

2136 4650 2191 4713 D
2220 4653 2403 4720 procul
2436 4651 2602 4707 dubio
2624 4664 2811 4707 eorum
2842 4653 3155 4723 designant,
3186 4654 3250 4708 ad
3276 4666 3435 4724 quas.
3464 4654 3551 4709 vel
3586 4670 3685 4723 pro
3705 4654 3819 4726 qui-

2222 4746 2322 4798 bus
2350 4745 2645 4801 scribebat.
2699 4744 2910 4801 Similia
2962 4748 3149 4801 videas
3202 4748 3342 4817 apud
3390 4745 3728 4819 Cyprianum
3758 4748 3819 4802 de

2223 4839 2472 4895 Oratione
2504 4840 2801 4909 Dominiea,
2834 4854 2953 4913 pag.
2983 4843 3089 4899 209
3138 4842 3256 4913 ejus
3302 4858 3531 4912 operum
3561 4842 3818 4900 editionis

2220 4931 2548 4989 Parisirnsis
2593 4935 2801 4989 Baluzii
2827 4976 2840 4999 ,
2871 4951 2990 5005 qua:
3033 4936 3121 4991 hic
3171 4935 3381 4991 referre
3411 4952 3518 4991 non
3554 4937 3741 5007 piget,
3768 4942 3819 4992 et

2216 5025 2469 5102 [xxxvtn]
2520 5032 2580 5084 ut
2624 5028 2999 5085 Chromatium
3033 5039 3283 5087 nostrum
3318 5032 3594 5103 intelligas
3645 5036 3697 5089 in
3732 5048 3820 5090 eo-

2220 5122 2348 5180 dem
2381 5133 2704 5195 argumento
2731 5125 2881 5194 paria
2913 5132 3035 5180 eum
3069 5132 3219 5180 tanto
3247 5126 3471 5181 doctore
3506 5128 3819 5198 scripsisse,

2219 5220 2273 5273 et
2297 5228 2354 5273 nt
2382 5218 2544 5273 simul
2576 5217 2855 5283 advertas,
2885 5219 3133 5273 eamdem
3164 5262 3176 5286 ,
3206 5235 3326 5291 qua:
3363 5229 3489 5275 tunc
3514 5263 3528 5287 ,
3566 5234 3820 5292 persecu-

2220 5311 2461 5367 tionihus
2505 5312 2855 5367 szevientillus
2884 5355 2897 5378 ,
2934 5312 2987 5367 in
3016 5312 3435 5382 Cartltaginensi
3470 5316 3719 5371 Ecclesia
3748 5315 3820 5369 vi-

2217 5404 2401 5475 gebat,
2434 5404 2805 5474 disciplinam,
2843 5405 2896 5459 in
2926 5405 3255 5476 Aquileiensi
3288 5423 3505 5478 quoque
3530 5449 3543 5472 ,
3575 5417 3818 5477 tempore

2220 5501 2369 5568 pacis
2395 5542 2407 5561 .
2458 5514 2525 5555 ac
2554 5501 2768 5556 duobus
2796 5516 2935 5572 pene
2961 5522 2989 5558 a
3019 5503 3290 5574 Cypriano
3321 5503 3542 5558 saeculis
3568 5546 3582 5568 ,
3634 5506 3687 5560 in
3724 5516 3816 5559 usu

2217 5605 2621 5661 perseverasse.
2660 5612 2679 5647 ι
2714 5594 2866 5651 Hunc
2892 5611 3081 5665 panem
3110 5595 3226 5651 dari
3256 5596 3419 5650 nobis
3450 5598 3697 5668 quotidie
3730 5611 3817 5665 po-

2218 5684 2509 5754 stulamus,
2541 5702 2612 5742 ne
2644 5690 2731 5755 qui
2758 5688 2810 5743 in
2838 5684 3058 5744 Christo
3088 5704 3303 5755 sumus,
3341 5696 3397 5743 et
3428 5689 3816 5743 eucharistiam

2221 5778 2470 5849 quntidie
2498 5780 2564 5835 ad
2612 5780 2789 5836 cibum
2838 5783 3028 5839 salutis
3072 5785 3373 5854 accipimus
3399 5826 3414 5851 ,
3448 5782 3817 5841 intercedente

2226 5870 2409 5948 aliquo
2436 5872 2688 5949 graviore
2710 5872 2911 5937 delicto
2942 5918 2957 5947 ,
2985 5874 3116 5937 dum
3159 5876 3399 5943 abstentl
3428 5887 3486 5940 et
3533 5884 3646 5941 uOn
3677 5889 3817 5940 cont-
