4056 6340
200 321 293 379 277

1476 317 1853 376 ΡΒιΕΙίἋΤΙΟ
1892 317 2231 375 EDITORIS.

3419 317 3526 377 278

200 432 570 491 ninnicantes
618 449 650 488 a
697 433 905 489 caelesti
939 447 1073 503 pane
1116 430 1469 501 prohibemur
1495 471 1509 495 ,
1556 447 1583 485 a
1616 431 1819 489 Christi
1851 434 1903 493 Α
1932 430 2131 485 stolam
2162 426 3047 498 hancAugustinusscribebat,ex
3071 428 3390 485 Cbromatio
3413 429 3533 500 ipso

201 541 437 593 Corpore
480 542 852 598 separemur,
900 527 1014 596 ipso
1057 526 1393 595 praedicante
1436 535 1484 578 et
1519 535 1817 578 metiente:

200 617 309 690 Ego
355 634 481 671 sum
528 619 687 690 panis
733 620 850 673 vita:
892 618 980 689 qui
1028 617 1089 670 de
1135 617 1257 673 coelo
1304 614 1565 670 descendi.
1619 615 1680 670 Si
1709 616 1823 685 quis

202 708 359 764 ederit
393 713 461 763 de
513 727 633 764 meo
681 727 851 780 prmo,
882 709 1005 763 tiret
1036 709 1084 760 in
1129 718 1397 761 (uernum.
1440 705 1602 763 Panis
1652 717 1822 760 autem

204 819 347 873 quem
369 818 472 874 ego
505 805 728 870 dedero,
759 818 879 856 curo
906 818 1015 855 mea
1036 812 1107 854 est
1128 817 1220 869 pro
1248 799 1422 854 saeculi
1450 799 1571 852 tito.
1594 799 1824 866 Quitudo

205 910 331 965 ergo
363 893 507 950 dicit
544 896 599 949 in
637 908 901 950 acternum
938 898 1117 948 \ivere
1145 892 1191 949 si
1220 893 1342 963 quis
1375 892 1551 947 ederit
1593 892 1662 947 de
1706 892 1825 959 ejus

203 1003 363 1061 pane,
400 998 459 1041 ut
495 987 864 1043 titanifestum
896 995 981 1041 est
1008 1001 1103 1039 eos
1132 984 1321 1039 vivere
1352 985 1441 1054 qui
1472 998 1674 1053 Corpus
1707 987 1825 1053 ejus

205 1081 531 1149 attingunt,
587 1090 647 1135 et
711 1078 1096 1135 eucharistiam
1141 1078 1265 1147 jtne
1314 1078 1827 1132 communicationis

205 1171 482 1241 accipiunt
515 1214 531 1238 ,
569 1172 645 1229 ita
692 1182 881 1226 contra
914 1169 1208 1225 timendum
1244 1178 1327 1223 est
1358 1179 1413 1223 et
1463 1170 1726 1223 orandum
1759 1186 1827 1225 ne

204 1263 324 1323 dum
353 1267 482 1335 quis
516 1265 814 1321 alistentus
837 1272 1122 1333 separatur
1150 1280 1177 1316 a
1198 1262 1403 1318 Christi
1427 1278 1679 1332 corpore,
1704 1279 1828 1333 pro—

211 1359 287 1413 Clll
318 1372 623 1413 remaneat
657 1374 685 1411 a
716 1359 907 1419 Salute,
943 1356 1311 1410 comminatue
1343 1358 1459 1425 ipso
1490 1362 1543 1408 et
1573 1353 1825 1409 dicente:

217 1452 335 1508 Nisi
364 1452 589 1509 oderitis
622 1468 829 1509 carnem
859 1452 955 1523 ﬁlii
995 1451 1217 1504 hominis
1246 1492 1259 1515 ,
1288 1463 1331 1503 et
1362 1450 1586 1504 biberitis
1619 1450 1832 1518 sangui-

218 1563 327 1601 nein
357 1547 498 1616 ejus,
534 1563 644 1600 non
673 1546 919 1599 habebilis
944 1545 1095 1597 vitam
1122 1545 1173 1596 in
1202 1544 1361 1598 vobis.
1395 1542 1456 1597 Et
1478 1535 1600 1598 ideo
1635 1560 1827 1613 panem

217 1649 495 1706 nostrum,
534 1640 589 1693 id
625 1651 711 1692 est
741 1637 1054 1700 Christum,
1084 1637 1202 1691 dari
1234 1636 1387 1689 nobis
1417 1638 1661 1705 quotidie
1695 1639 1830 1709 peti-

216 1747 358 1797 tttus,
396 1741 454 1785 ut
487 1732 585 1801 qui
622 1732 677 1784 iit
710 1731 928 1786 Christo
953 1744 1237 1783 ttiattetttus
1266 1744 1319 1784 et
1350 1731 1611 1798 vivimus,
1641 1748 1669 1787 a
1703 1746 1831 1785 sati-

1927 522 2391 593 depreltcnditnns
2417 538 2431 576 :
2476 523 2563 579 liic
2589 522 2736 576 enim
2769 521 2922 578 locus
2954 521 3141 580 fuisset
3169 538 3301 579 sane
3331 539 3533 594 oppor-

1929 617 2253 672 tunissitnus
2269 614 2568 670 Christiani
2603 615 2789 684 pepuli
2820 613 3085 671 edocendi
3114 631 3278 685 super
3301 625 3533 686 utroque

1928 711 2091 766 modo
2122 710 2347 767 honoris
2380 709 2611 764 habendi
2642 712 3019 765 sacratissimo
3067 708 3415 768 eucharistia:
3446 723 3535 767 sa-

1926 814 2229 867 cramento,
2263 819 2363 859 seu
2410 802 2728 872 quotidiana
2759 802 3005 871 ejusdem
3039 819 3168 870 usu,
3222 820 3321 859 seu
3351 804 3539 873 potius

1928 896 2267 951 intermisso.
2304 895 2456 953 Unde
2489 906 2714 966 apparet
2754 894 3130 967 quotidianum
3165 911 3415 967 prorsus,
3449 897 3537 955 vel

1928 991 2121 1044 saltem
2153 990 2678 1060 frequentissimum,
2708 990 2783 1043 uti
2814 989 3220 1051 aSserebatnus,
3252 991 3454 1047 ibidem
3484 992 3538 1047 iu

1932 1096 2085 1137 more
2127 1082 2389 1150 positum,
2422 1082 2627 1151 absque
2660 1082 2765 1136 ulla
2808 1080 3129 1153 opinionum
3176 1082 3538 1151 diversitate;

1933 1176 2023 1231 ubi
2053 1176 2214 1229 nullis
2243 1184 2424 1231 tamen
2450 1176 2671 1231 Fideles
2716 1176 2818 1247 ipsi
2858 1188 3276 1233 removerentur
3307 1178 3541 1235 labefac-

1934 1278 2062 1323 tatrc
2088 1268 2441 1324 conscientia:
2485 1270 2742 1337 Stimulis,
2784 1281 2944 1341 prout
2974 1286 3042 1325 ex
3073 1270 3317 1341 ejusdem
3363 1270 3539 1331 Chro-

1933 1363 2082 1419 mutii
2116 1362 2297 1416 verbis
2330 1362 2710 1431 intelligimus.

2004 1455 2113 1511 Sed
2146 1454 2408 1521 nutuquid
2434 1454 2655 1509 Fideles
2680 1454 2785 1524 illi,
2808 1458 2897 1512 oui
2920 1456 3190 1527 quotidie,
3222 1467 3315 1513 aut
3345 1458 3540 1514 saltem

1934 1546 2149 1619 pluries
2183 1548 2236 1601 in
2268 1547 2639 1613 hebdomada,
2674 1548 2741 1602 ad
2778 1564 2990 1604 sacram
3024 1566 3269 1606 mensam
3314 1552 3547 1610 accede-

1936 1642 2061 1696 baut
2089 1658 2102 1707 ;
2134 1641 2398 1709 numquid
2450 1643 2684 1712 singulis
2727 1658 2943 1713 quoque
2974 1644 3186 1697 vicibus
3240 1648 3543 1705 confessio-

1938 1750 2059 1791 nem
2119 1747 2476 1804 peccatorum
2511 1734 2654 1803 apud
2717 1734 3137 1803 poeuiteutiales
3185 1737 3544 1809 presbyteros

210 1824 554 1880 ctiiicatione
602 1828 727 1893 ejus
772 1833 827 1878 et
866 1839 1097 1895 corpore
1144 1841 1250 1880 non
1283 1823 1601 1880 recedamus
1636 1843 1647 1878 :
1691 1844 1710 1877 ι
1748 1824 1824 1880 ita
1855 1831 1903 1893 B
1934 1828 2383 1900 praimittebant?
2416 1827 2481 1882 Ut
2506 1829 2606 1881 hoc
2624 1844 2843 1898 quoque
2877 1828 2969 1884 hic
3003 1831 3343 1901 inquit-anius
3364 1830 3540 1891 Chro-

211 1932 433 1972 saucms
460 1919 803 1990 Cyprianus.

282 2009 420 2064 Dum
454 2024 524 2064 ca
558 2020 743 2063 tamen
772 2052 784 2075 ,
836 2025 955 2079 qum
998 2010 1280 2065 retulimus
1307 2052 1320 2075 ,
1353 2010 1623 2064 scriberet
1651 2008 1819 2065 Chro-

212 2104 410 2156 matius
445 2114 643 2155 noster
676 2105 817 2169 apud
862 2101 1247 2171 Aquileienses
1297 2101 1364 2156 de
1398 2102 1710 2173 quotidiana
1764 2100 1827 2156 ii-

215 2195 414 2250 deiiuut
450 2198 859 2250 communione
886 2238 899 2263 ,
934 2198 1076 2268 apud
1110 2196 1273 2251 Afros
1303 2197 1459 2251 divus
1507 2197 1670 2251 etiam
1718 2200 1827 2251 Au-

213 2292 465 2363 gustinus
496 2294 671 2347 dabat
710 2292 972 2362 epistolas
1022 2292 1141 2348 illas
1190 2293 1325 2347 duas
1372 2293 1439 2345 ad
1469 2292 1827 2365 inquisitiones

216 2385 479 2453 Januarii,
511 2402 640 2456 qua:
677 2387 740 2440 ad
766 2403 967 2440 annum
999 2386 1105 2442 400
1147 2386 1463 2441 referuntur
1512 2402 1540 2439 a
1572 2386 1827 2445 Maurinis

219 2483 356 2536 illius
404 2498 643 2551 operum
693 2481 1037 2536 editoribus:
1070 2496 1138 2536 ex
1176 2497 1404 2553 quarum
1453 2482 1667 2550 priore,
1706 2498 1827 2549 qua:

220 2575 355 2643 apud
405 2590 505 2629 eos
538 2574 611 2630 5i
670 2584 753 2629 est
786 2576 856 2629 al.
894 2575 994 2631 118
1019 2616 1032 2637 ,
1079 2590 1200 2645 cap.
1232 2577 1299 2642 3,
1329 2575 1825 2646 deprehendimus,

220 2670 356 2724 inter
383 2669 540 2738 ipsos
572 2680 704 2723 tunc
737 2670 938 2739 probos
969 2672 1195 2741 piosque
1215 2671 1541 2725 Christianae
1565 2672 1691 2724 vitae
1712 2671 1828 2725 cul-

223 2772 380 2827 tores,
415 2778 482 2818 ac
512 2762 821 2833 praesertim
857 2761 1087 2817 fortasse
1118 2765 1170 2815 in
1202 2762 1475 2818 Africanis
1511 2763 1829 2832 regionil,.us

224 2857 487 2929 degentes
514 2898 529 2921 ,
561 2858 884 2911 varietatem
925 2855 1216 2927 quamdam
1261 2855 1657 2911 sententiarum
1692 2856 1831 2911 obti-

225 2954 399 3006 nuisse
432 2951 585 3005 circa
639 2949 1012 3018 quotidianum
1057 2950 1422 3005 EttchariStici
1466 2952 1573 3006 cibi
1630 2968 1824 3019 usum;

226 3047 542 3099 varietati-tn
587 3055 769 3098 tamen
806 3058 834 3096 a
868 3042 973 3098 lide
1022 3058 1084 3097 ac
1128 3044 1433 3113 religione,
1488 3055 1717 3114 utraque
1762 3060 1827 3099 ex

227 3149 394 3209 parte,
432 3136 739 3213 profectam
767 3154 779 3187 :
810 3135 937 3189 dum
962 3135 1051 3190 alii
1080 3136 1290 3191 scilicet
1315 3136 1692 3207 quotidianum
1715 3148 1831 3191 tue-

1932 1924 2131 1976 tuatius
2176 1922 2292 1992 ipse
2323 1921 2507 1975 allatis
2540 1922 2727 1977 verbis
2761 1921 2813 1975 in
2848 1937 3015 1977 causa
3049 1934 3155 1989 est,
3183 1939 3393 1979 necnon
3435 1922 3543 1997 Cy—

1930 2017 2203 2087 prianus,
2265 2029 2503 2085 quocum
2588 2012 2946 2069 Chromatius
3002 2016 3289 2083 concinit;
3342 2015 3436 2073 ubi
3503 2032 3533 2075 a

1927 2112 2148 2167 mundis
2173 2110 2551 2167 tantummodo
2584 2127 2613 2165 a
2648 2110 2889 2180 peccatis
2920 2110 3326 2168 Eucharistiam
3383 2114 3530 2170 sumi

1930 2204 2136 2259 debere
2189 2203 2542 2272 apertissime
2594 2201 2809 2257 docent.
2851 2202 3271 2273 RCSIlOIIdCHIUS
3325 2206 3535 2275 itaque,

1930 2297 2074 2368 quod
2106 2295 2557 2367 operosissimum
2589 2295 2723 2351 illud
2772 2310 2905 2349 sane
2938 2294 3177 2362 fuisset;
3207 2306 3261 2352 et
3295 2297 3365 2350 ita
3394 2314 3535 2367 queo

1928 2407 2052 2463 quc,
2082 2401 2139 2445 ut
2172 2407 2285 2461 prae
2310 2390 2655 2443 multitudine
2681 2387 2951 2443 Fideliunt
2979 2389 3531 2466 cotnmunicmitiutn,

1930 2486 2242 2559 quotidiana
2298 2486 2386 2539 illa
2433 2482 2933 2552 EucliariStite,ant
2981 2484 3143 2539 etiam
3196 2482 3533 2550 frequentis-

1930 2580 2067 2634 sima
2117 2584 2414 2650 perceptio,
2468 2578 2780 2632 nullatenus
2830 2578 3007 2640 locum
3062 2577 3271 2633 habere
3314 2590 3525 2649 posset.

1930 2672 2281 2743 Quapmpter
2326 2670 2733 2725 confessionem
2782 2668 2953 2735 illam,
2979 2684 3141 2741 quam
3178 2669 3418 2725 dicimus
3450 2684 3539 2725 sa-

1930 2766 2347 2827 cratneutaletn,
2379 2762 2597 2817 Fidi-les
2629 2760 2847 2817 illorum
2880 2761 3239 2830 sa-culorum,
3263 2761 3358 2832 qui
3407 2776 3533 2832 quo-

1931 2858 2090 2924 tidie,
2124 2868 2215 2911 aut
2240 2856 2675 2925 frequentissime
2706 2852 3096 2909 eucharistiam
3133 2852 3531 2925 percipiebant,

1932 2951 2156 3005 minime
2200 2948 2641 3020 prtentittebant;
2687 2948 2792 3003 nisi
2842 2948 3026 3017 aliquo
3068 2957 3293 3019 peccato
3335 2962 3397 3003 se
3439 2948 3538 3003 oli-

1932 3046 2157 3099 strictos
2187 3044 2484 3114 aliquando
2515 3043 2808 3106 sentirent,
2842 3040 2987 3113 quod
3029 3056 3197 3111 grave
3238 3050 3407 3107 esset,
3441 3053 3536 3101 aut

1932 3139 2124 3193 saltem
2176 3152 2342 3209 grave
2390 3150 2515 3191 esse
2566 3136 2956 3199 formidarent,
2989 3136 3245 3206 quodque
3303 3135 3531 3211 idcirco,

228 3245 454 3297 rentur,
503 3231 675 3286 veluti
710 3232 1084 3286 necessarium
1133 3232 1184 3286 iti
1217 3231 1335 3287 dies
1365 3233 1606 3303 singulos
1634 3233 1828 3290 animae
1934 3231 2155 3285 nonnisi
2205 3230 2387 3285 habita
2439 3230 2786 3285 confessione
2836 3229 3249 3295 sacratuentali,
3278 3238 3331 3282 et
3361 3227 3538 3298 paeni-

230 3327 482 3396 pabulum
517 3338 583 3379 ac
616 3324 989 3387 medicamen;
1035 3324 1124 3378 alii
1178 3340 1289 3381 non
1329 3326 1701 3394 quotidianum
1735 3342 1831 3396 po-

231 3422 329 3475 tius
354 3418 665 3474 suaderent
690 3460 705 3484 ,
742 3419 984 3488 quoniam
1011 3457 1025 3483 ,
1060 3418 1134 3471 uti
1164 3420 1387 3473 aiebant
1416 3460 1429 3487 ,
1458 3419 1681 3488 eligendi
1716 3429 1831 3475 sunt

230 3517 353 3580 dies,
394 3513 584 3586 quibus
618 3514 801 3583 purius
825 3511 978 3567 ltonio
1029 3516 1476 3586 continentiaeque
1519 3515 1683 3577 t'ivat,
1730 3531 1830 3585 quo

233 3609 293 3663 ad
324 3619 521 3664 tantum
549 3616 930 3662 sacramentum
955 3608 1160 3678 dignius
1194 3608 1423 3663 accedat.
1477 3608 1710 3663 Pulchre
1752 3619 1833 3665 at-

234 3718 331 3770 que
378 3702 678 3773 apposite,
726 3700 792 3754 de
842 3715 993 3754 more
1026 3716 1125 3754 suo
1154 3741 1169 3767 ,
1212 3702 1564 3770 quaestionem
1612 3701 1834 3758 diremit

236 3805 445 3851 Sanctus
475 3793 697 3857 doctor,
729 3802 911 3862 partes
941 3797 1129 3847 ambas
1164 3795 1217 3849 in
1248 3802 1519 3865 concepto
1555 3794 1835 3863 proposito

237 3885 649 3948 commendans,
708 3896 873 3952 atque
928 3885 1041 3938 haec
1096 3887 1379 3953 scribens,
1435 3903 1555 3954 qum
1609 3886 1695 3942 hic
1750 3903 1836 3944 re-

239 3976 407 4044 ferre,
462 3994 563 4047 pro
617 3977 695 4030 rei
738 3976 805 4030 de
836 3994 935 4047 qua
984 3976 1196 4048 agimus
1233 3982 1501 4050 gravitate
1547 3995 1608 4033 ac
1659 3981 1833 4050 digni-

242 4080 340 4128 tate
369 4115 383 4138 ,
426 4086 539 4126 non
588 4070 943 4139 injucnndum
998 4073 1111 4127 fore
1142 4073 1439 4129 lectoribus
1468 4090 1643 4145 neque
1686 4090 1838 4144 pror-

242 4179 325 4219 sus
371 4164 566 4218 inntile
612 4164 965 4219 arbitramur.
1039 4184 1056 4216 (
1096 4165 1363 4231 Rectius,
1398 4169 1594 4236 inquit,
1628 4167 1836 4241 [χχχιχ]

242 4259 372 4310 inter
428 4272 525 4311 cos
579 4254 814 4309 iorlasse
869 4255 1137 4327 quispiam
1203 4258 1413 4313 dirimit
1484 4258 1682 4323 litem,
1745 4259 1839 4328 qui

244 4362 419 4407 monet
465 4362 524 4404 ut
576 4351 849 4419 pr:ccipue
901 4352 951 4404 in
995 4348 1199 4406 Christi
1248 4368 1379 4422 pace
1429 4360 1835 4422 permaneant:

242 4444 392 4502 faciat
439 4453 625 4500 autem
685 4444 1056 4515 unusquisque
1102 4446 1245 4515 quod
1318 4445 1615 4501 secundum
1678 4445 1837 4500 fidem

244 4556 385 4598 suam
448 4543 537 4614 pie
608 4542 785 4597 credit
844 4557 968 4596 esse
1036 4542 1365 4597 faciendum.
1436 4542 1633 4597 Neuter
1690 4542 1835 4598 ettitn

1931 3328 2101 3382 tentia
2130 3337 2378 3395 accepta,
2409 3335 2557 3379 esset
2587 3322 2945 3395 expiandum.
2973 3321 3087 3377 Hoc
3136 3320 3393 3377 nimirum
3448 3322 3533 3379 vi-

1932 3422 2129 3476 dentur
2160 3419 2392 3473 innuero
2425 3416 2542 3486 ipsa
2572 3416 2895 3481 Chromatii,
2928 3430 3047 3486 qua:
3074 3411 3190 3486 [xc]
3222 3411 3529 3481 retulimus,

1932 3517 2136 3581 verba,
2184 3513 2277 3569 ubi
2324 3512 2542 3571 aiebat:
2580 3530 2598 3575 ς
2638 3508 2792 3566 Unde
2837 3525 2944 3565 non
2994 3508 3273 3565 immerito
3315 3520 3535 3576 semper

1933 3625 2092 3665 orare
2131 3607 2417 3673 debemus,
2447 3613 2506 3660 ut
2542 3606 2683 3659 hunc
2725 3618 2922 3672 panem
2963 3601 3246 3659 ctelestcm
3293 3597 3537 3671 quotidie

1936 3718 2244 3759 mereamur
2279 3698 2531 3770 accipere
2567 3714 2677 3752 :ne
2722 3696 2907 3765 aliquo
2950 3692 3353 3753 interveniente
3406 3706 3533 3760 pec-

1936 3809 2082 3861 eato,
2116 3811 2400 3866 acorporo
2434 3794 2647 3849 Domini
2680 3806 3056 3861 separemur.)
3088 3788 3367 3845 Debemus
3386 3785 3537 3843 scili-

1936 3901 2025 3949 cet
2047 3906 2265 3959 semper
2287 3903 2469 3954 orarc,
2504 3897 2559 3940 ut
2590 3884 2837 3956 quotidie
2865 3881 3061 3937 munda
3105 3882 3175 3936 sit
3202 3876 3537 3937 conscientia

1941 3993 2148 4048 nostra,
2176 3991 2231 4037 et
2276 3983 2355 4036 sic
2393 3979 2642 4050 quotidie
2685 3979 2967 4031 cmlestetn
2999 3989 3197 4046 panem
3232 3984 3541 4027 mereamur

1939 4078 2223 4145 accipere;
2258 4090 2325 4129 ne
2378 4077 2563 4145 aliquo
2610 4068 3008 4129 interveniente
3052 4075 3278 4137 peccato
3319 4065 3464 4135 quod
3508 4076 3538 4127 ᾳ

1941 4168 2126 4223 divina
2174 4164 2344 4236 gratia
2383 4180 2482 4219 nos
2519 4173 2761 4233 separet,
2793 4178 2819 4213 a
2850 4158 3167 4231 quotidiana
3196 4157 3286 4211 illa
3322 4154 3543 4227 partici-

1941 4259 2165 4331 patione
2218 4258 2498 4311 abstinere
2544 4256 2864 4319 debeamus,
2888 4250 3066 4320 quoad
3100 4263 3295 4320 nempe
3338 4262 3537 4319 purga-

1945 4352 2151 4407 tionem
2178 4349 2393 4404 Peccati
2419 4348 2699 4407 commissi
2730 4361 2825 4415 per
2860 4343 3198 4413 pmnitentiac
3227 4354 3542 4395 sacramen-

1945 4452 2056 4497 tutn
2090 4454 2509 4510 eonsequamur.
2534 4436 2910 4491 Cont’et'antur
2937 4449 3059 4488 cum
3110 4432 3195 4485 his
3238 4422 3540 4485 Cliromatii

1945 4541 2119 4594 nostri
2153 4538 2317 4593 etiam
2350 4534 2605 4608 Cypriani
2637 4532 2804 4586 verba
2830 4545 2951 4602 qua:
2974 4525 3305 4583 addidimus.
3331 4521 3541 4579 Minora

244 4647 421 4689 eorum
454 4636 769 4688 exhonorat
797 4648 999 4704 corpus
1028 4644 1082 4688 et
1113 4637 1434 4705 sanguinem
1474 4635 1710 4701 Domini,
1742 4636 1835 4691 sed
1947 4633 2106 4703 igitur
2138 4639 2383 4701 peccata,
2408 4644 2529 4698 qua:
2564 4642 2665 4697 pro
2698 4634 2909 4680 natura:
2958 4618 3335 4676 imbecillitate
3366 4615 3547 4695 quoti-

245 4731 666 4786 saluberrimum
696 4739 1100 4785 saeratncutnnt
1132 4733 1380 4785 certatim
1417 4732 1686 4787 honorare
1712 4748 1840 4787 cou-

248 4824 488 4879 tendunt.
524 4823 713 4895 Neque
742 4820 886 4879 ettittt
920 4824 1267 4891 litigaverunt
1300 4826 1439 4879 inter
1466 4840 1544 4887 se,
1570 4833 1664 4879 aut
1690 4825 1840 4895 quis-

247 4934 400 4985 quam
455 4934 650 4974 eorum
685 4932 745 4972 se
794 4918 946 4971 alti-ri
996 4918 1309 4987 prmposuit,
1364 4916 1621 4973 Zacltretts
1653 4929 1706 4973 ct
1752 4919 1842 4981 ille

248 5010 525 5076 Centurio,
552 5027 677 5066 cum
706 5012 844 5067 alter
872 5027 1059 5066 eorum
1084 5012 1327 5081 gaudetis
1362 5013 1413 5065 iii
1446 5011 1664 5064 tlottttttn
1691 5026 1842 5067 suam

250 5108 550 5177 susceperit
580 5104 898 5167 Dominum,
933 5104 1071 5159 alter
1099 5105 1321 5166 dixerit,
1357 5102 1478 5157 Non
1511 5121 1625 5157 sum
1656 5104 1843 5177 dignus

252 5212 303 5255 ut
324 5205 479 5258 intres
500 5202 597 5257 sub
638 5211 823 5256 tectum
850 5216 1060 5255 meum:
1089 5201 1251 5254 ambo
1298 5200 1638 5257 Salvatorem
1673 5200 1844 5256 hono-

252 5296 525 5350 riliCantes
580 5294 801 5348 diverso
838 5304 889 5347 et
934 5294 1089 5365 quasi
1122 5293 1398 5347 contrario
1448 5293 1650 5345 modo:
1684 5294 1845 5349 ambo

255 5387 490 5456 peceatis
524 5386 737 5452 miseri,
787 5387 949 5439 ambo
985 5387 1415 5441 misericordiam
1471 5388 1843 5442 consecuti....

256 5479 382 5534 Nam
414 5491 468 5535 et
499 5479 591 5533 ille
638 5478 959 5533 honorando
992 5494 1098 5534 neu
1132 5480 1297 5533 audet
1338 5480 1578 5548 quotidie
1608 5495 1847 5548 sumere,

259 5584 309 5627 et
335 5575 421 5628 ille
452 5573 775 5628 honorando
808 5590 911 5627 non
944 5572 1109 5627 audet
1140 5573 1252 5627 ullo
1279 5572 1369 5627 die
1409 5573 1849 5643 prtetcrmittere.

262 5667 385 5724 llzcc
433 5679 659 5723 sanctus
706 5667 1064 5738 Augustinus.
1120 5669 1259 5724 Nihil
1312 5684 1446 5725 vero
1494 5671 1631 5739 apud
1690 5670 1856 5739 Aqui-

264 5760 491 5818 leienses
552 5762 867 5833 liujustnodi
931 5763 1315 5833 discrepantia:
1374 5764 1626 5819 obortum
1687 5764 1856 5821 fuisse

269 5851 559 5925 Chromatii
596 5867 880 5935 tempore,
923 5854 973 5911 id
1006 5864 1088 5910 est
1118 5852 1310 5913 eodem
1343 5854 1559 5915 circiter
1598 5872 1704 5932 quo
1744 5856 1858 5929 epi-

1944 4727 2032 4783 die
2060 4725 2173 4781 fere
2198 4724 2768 4792 subrepunt,qnzequo
2794 4714 3016 4773 venialiu
3048 4712 3483 4786 appellamus,et
3514 4727 3542 4765 a

1945 4821 2143 4891 quibus
2174 4833 2272 4872 nec
2292 4815 2426 4888 justi
2458 4815 2556 4885 ipsi
2585 4821 2953 4883 spectatmqtte
2972 4810 3192 4865 virtutis
3216 4806 3319 4863 viri
3342 4806 3545 4863 immu-

1948 4930 2043 4968 nes
2064 4927 2291 4983 prorsus
2308 4910 2573 4973 evadunt;
2594 4909 2731 4973 haec,
2757 4907 3005 4975 inquam,
3024 4920 3128 4959 non
3158 4902 3551 4976 impediebant,

1946 5007 2408 5080 quemadmodum
2459 5020 2638 5075 neque
2685 5005 2845 5059 hodie
2892 5002 3221 5073 impediunt,
3253 4998 3550 5075 quominus

1955 5105 2304 5160 Eucharistia
2330 5102 2593 5172 quotidie,
2627 5100 2789 5157 etiam
2814 5100 3023 5170 absque
3057 5097 3341 5168 prtemissa
3368 5109 3552 5150 sacra-

1956 5198 2180 5252 nieutali
2236 5194 2606 5260 confessione,
2642 5200 2986 5247 sumeretur:
3017 5190 3209 5262 bisque
3260 5183 3548 5263 expiandis

1958 5299 2040 5345 sat
2065 5286 2398 5351 erat,sicuti
2443 5297 2525 5343 est
2575 5288 2739 5341 etiam
2787 5284 2973 5353 hodie,
3006 5284 3086 5339 vel
3142 5282 3353 5351 privata
3408 5280 3548 5351 apud

1959 5384 2129 5439 Deum
2161 5380 2489 5451 humilisque
2511 5379 2807 5445 confessio,
2840 5394 2961 5449 qua:
3007 5377 3243 5431 maxime
3286 5372 3548 5429 elicieba—

1960 5487 2047 5531 tur
2095 5484 2220 5531 ante
2260 5474 2590 5528 sacramenti
2636 5472 3138 5544 participationem,
3170 5479 3281 5521 tum
3313 5482 3343 5519 a
3372 5462 3548 5531 laicis,

1956 5584 2070 5631 tum
2102 5590 2129 5628 a
2153 5572 2371 5629 clericis
2396 5582 2449 5626 et
2472 5570 2857 5627 sacerdotibus
2888 5568 3021 5639 ipsis
3052 5566 3104 5621 in
3140 5561 3394 5633 precibus
3421 5559 3555 5637 illis,

1958 5683 2078 5738 qum
2107 5676 2235 5721 tunc
2288 5664 2492 5719 idcirco
2528 5662 2950 5735 appellabantur
2978 5672 3152 5729 preces
3184 5651 3277 5705 sub
3309 5651 3553 5718 silentio;

1959 5778 2054 5817 seu
2085 5761 2249 5815 etiam
2284 5760 2337 5814 in
2374 5759 2587 5830 publica
2626 5760 2859 5827 quadam
2889 5746 3165 5822 generalis
3187 5742 3557 5798 confessionis

1962 5865 2015 5912 et
2046 5852 2403 5930 paenitudinis
2434 5850 2691 5917 formula,
2713 5846 2866 5918 cujus
2892 5840 3054 5899 hodie
3079 5850 3293 5911 quoque
3319 5834 3372 5892 in
3398 5847 3560 5911 preco
