4056 6340
524 324 629 379 279

1594 324 1651 377 S.
1693 319 2140 378 CllROMATlUS
2180 319 2291 375 BP.
2333 319 2835 389 AQUILEIENSIS.

3730 326 3832 382 280

524 442 615 497 illa
680 443 913 498 solemni
940 484 953 509 ,
1013 441 1275 513 Confiteor
1332 442 1518 506 dicta,
1570 452 1625 495 et
1684 450 1814 495 ante
1865 438 2128 494 Eucliari-
2156 440 2205 499 Α
2232 453 2385 507 grave
2414 448 2566 503 esset,
2616 448 2703 491 aut
2730 438 2908 492 saltent
2940 455 3096 509 grave
3141 454 3247 492 esse
3274 440 3638 509 formidarem,
3676 444 3831 509 prout

521 536 640 588 stite
667 534 1036 604 sumptionem
1065 551 1282 604 semper
1323 534 1585 597 adhibita,
1636 534 1783 602 viget
1832 533 2125 586 institutio.

597 626 844 681 Diximus
896 643 1060 697 porro
1112 630 1371 697 antiquos
1426 625 1667 691 Fideles,
1710 623 1995 695 quotidie,
2032 634 2127 679 aut

525 730 678 776 certe
720 722 1169 790 frequentissime
1209 722 1705 785 communicantes,
1732 737 1840 775 non
1885 736 2119 775 consue-

524 813 671 868 visse
718 815 1122 869 confessionem
1152 812 1604 867 sucratnentalvm
1646 814 2003 879 praemittere,
2025 812 2127 865 nisi

525 906 702 975 aliquo
744 918 952 976 peccato
990 925 1043 959 se
1082 907 1353 959 obstrictos
1382 906 1665 973 aliquando
1692 907 1961 970 sentirent,
1988 906 2126 975 quod

524 1017 681 1069 grave
738 1012 887 1065 esset,
922 1012 1008 1055 aut
1056 1002 1231 1054 saltem
1264 1018 1418 1071 grave
1460 1017 1570 1054 esse
1612 1002 1973 1072 formidarent.
2012 1002 2125 1057 Hoc

528 1108 660 1148 vero
705 1103 763 1147 ut
818 1098 1155 1163 compertius
1188 1094 1365 1149 adhuc
1403 1094 1517 1161 fiat,
1549 1097 1714 1150 alium
1747 1095 1994 1165 ejusdem
2019 1096 2125 1169 Cy-

530 1190 703 1258 priani
738 1190 989 1259 superius
1010 1189 1212 1243 laudati
1237 1189 1415 1245 locum
1443 1190 1723 1245 all‘erimns
1749 1207 1812 1245 ex
1838 1190 1957 1259 ejus
1988 1190 2127 1245 libro

531 1282 594 1335 de
622 1281 825 1353 Lapsis,
861 1298 977 1351 pag.
1020 1282 1119 1337 I86
1143 1283 1438 1352 prmcitatze
1468 1284 1749 1338 editionis.
1783 1283 1892 1338 Eos
1916 1284 2003 1337 hic
2030 1282 2127 1338 ob-

524 1377 750 1445 jurgans
798 1387 1018 1428 sanctos
1074 1377 1386 1445 episcopus.
1417 1378 1507 1447 qui
1550 1379 1715 1431 nimia
1762 1378 2125 1447 quorumdam

532 1470 907 1524 ministrorum
958 1469 1220 1525 facilitate
1263 1487 1325 1526 ac
1373 1474 1709 1542 benignitate
1744 1472 1982 1543 decepti,
2020 1472 2125 1527 Eu-

528 1560 844 1615 charistiam
879 1564 1130 1631 accipere
1166 1580 1272 1618 non
1308 1566 1636 1619 verebantur
1684 1567 1889 1635 absque
1923 1568 2122 1636 praevia

528 1668 591 1708 ac
620 1655 831 1724 publica
856 1659 1201 1727 paenitentia,
1229 1659 1351 1713 licet
1388 1675 1577 1715 recens
1599 1670 1789 1715 essent
1810 1662 1860 1715 in
1889 1660 2124 1716 Deciana

529 1750 920 1816 persecutione
950 1759 1043 1804 aut
1090 1752 1336 1820 sacriﬁcii
1366 1763 1458 1806 aut
1502 1752 1665 1807 libelli
1698 1752 1914 1823 publico
1963 1764 2127 1825 atque

2231 532 2482 599 superius
2513 533 2917 587 asserebamus.
2966 534 3143 603 Atque
3172 531 3287 586 lia-c
3334 533 3401 587 de
3430 532 3629 602 insigni
3661 530 3832 586 Cbro-

2232 627 2379 681 matii
2412 627 2552 689 loco,
2587 627 2675 681 tibi
2706 628 3022 695 quotidiana?
3054 637 3147 683 aut
3186 638 3334 684 certe
3375 628 3832 697 frequentissima

2231 720 2495 776 Fidelium
2546 719 2984 788 CommuniOnis,
3013 739 3079 777 eo
3110 731 3359 792 tempore
3397 724 3449 778 in
3496 723 3831 793 Aquileiensi

2230 831 2447 887 quoque
2474 816 2713 873 Ecclesia
2749 816 3004 888 vigentis,
3031 833 3212 872 sermo
3241 818 3496 872 habetur.

2304 910 2531 963 Textttm
2582 924 2725 963 nunc
2765 911 2931 963 alium
2961 911 3137 963 sancti
3166 910 3473 965 Cbromatii
3510 911 3668 965 nobis
3698 910 3836 965 indi-

2230 1014 2315 1057 cat
2345 1000 2659 1065 Ceillicrus,
2685 1004 2777 1073 qui
2806 1003 2869 1056 ad
2896 1004 3305 1057 matrimonium
3336 1004 3573 1073 pertinet
3603 1019 3617 1067 ;
3651 1003 3835 1072 cujus-

2230 1112 2336 1166 que
2361 1106 2653 1166 propterea
2684 1097 2788 1150 lioc
2819 1098 2922 1150 loci
2949 1098 3265 1152 meminisse
3290 1096 3438 1167 leges
3471 1096 3725 1167 qua‘dant
3758 1096 3835 1151 ci-

2232 1190 2371 1245 viles
2417 1205 2583 1259 super
2605 1192 2937 1244 tnatrimonii
2989 1200 3329 1260 argumento,
3374 1206 3498 1261 qua:
3547 1190 3837 1260 praeteritis

2232 1286 2383 1340 hisce
2408 1288 2569 1340 annis
2599 1286 2649 1339 in
2671 1285 2845 1341 Gallia
2869 1286 3304 1356 condit:e,atque
3329 1286 3435 1340 huc
3464 1301 3683 1357 quoque
3714 1300 3832 1340 mox

2230 1379 2432 1443 allatae,
2459 1394 2564 1433 non
2606 1379 2723 1433 sine
2751 1380 3073 1449 gravissima
3107 1378 3392 1449 religionis
3416 1378 3616 1448 injuria
3648 1393 3701 1432 et
3744 1379 3836 1433 bo-

2234 1485 2429 1524 norum
2474 1472 2716 1525 omnium
2756 1470 3131 1541 indignatione
3159 1470 3542 1536 obtinuerunt,
3572 1486 3672 1526 nos
3702 1486 3837 1539 quo-

2231 1566 2523 1620 dammodo
2568 1566 2874 1635 impellunt.
2909 1566 3112 1621 Textus
3155 1568 3338 1636 itaque
3367 1577 3451 1621 est
3474 1567 3636 1635 hujus
3670 1567 3833 1621 modi.

2239 1679 2256 1713 ι
2296 1660 2415 1731 Ipse
2440 1661 2588 1715 enim
2640 1660 2953 1731 (Dominus)
2998 1660 3111 1713 ait:
3149 1659 3301 1726 Quod
3351 1677 3473 1732 ergo
3535 1661 3675 1715 Deus
3718 1676 3836 1713 ron-

2220 1754 2403 1823 jttnxit
2424 1754 2477 1807 in
2501 1754 2850 1821 ununt,ltomo
2874 1770 2973 1807 non
2996 1764 3295 1821 separet...
3314 1765 3524 1825 aperte
3552 1751 3712 1826 [sui]
3745 1753 3838 1809 de-

525 1841 753 1896 immani
799 1843 1044 1899 facinore
1088 1846 1299 1914 polluti,
1336 1848 1536 1915 quique
1578 1863 1607 1901 a
1662 1847 1858 1902 diaboli
1902 1850 2033 1911 aris,
2068 1858 2126 1903 ut
2156 1837 2204 1897 B
2235 1855 2565 1909 monstrans,
2602 1862 2725 1901 eum
2778 1856 2966 1901 contra
2999 1847 3089 1901 Dei
3144 1862 3308 1916 agere
3348 1846 3704 1905 voluntatem.
3750 1846 3836 1917 qui

531 1935 649 2004 ipse
679 1936 885 2002 aii-bat,
909 1948 1239 2005 revertentes,
1273 1940 1340 1992 ad
1372 1940 1625 1995 Sanctum
1659 1941 1865 1995 Domini
1896 1942 2125 1997 sordidis

526 2039 573 2083 et
612 2029 818 2100 infectis
850 2031 1033 2086 nidore
1082 2035 1318 2088 manibus
1358 2036 1648 2101 accedunt;
1694 2035 1818 2090 illos
1863 2053 1891 2090 e
1937 2047 2127 2091 contra

527 2134 650 2190 pag.
684 2122 787 2177 190
834 2125 1063 2177 mirilice
1110 2126 1315 2189 laudat,
1353 2145 1370 2175 ι
1407 2126 1499 2196 qui
1531 2128 1778 2195 quamvis
1803 2127 1907 2200 (en
1960 2130 2124 2183 verba

527 2213 680 2269 illius
703 2216 860 2285 digna
898 2216 1114 2289 notato)
1144 2220 1236 2288 qui
1277 2222 1529 2290 quamvis
1560 2222 1711 2275 nullo
1742 2224 2004 2278 sacrificii
2034 2234 2128 2280 aut

523 2308 694 2364 libelli
738 2308 986 2365 facinore
1032 2314 1337 2376 constriCIi,
1371 2314 1635 2381 quaniam
1674 2324 1857 2369 tamen
1910 2317 1977 2370 de
2022 2322 2125 2373 ltoc

520 2405 609 2459 vel
642 2404 1044 2475 cogitaverunt,
1077 2407 1181 2461 hoc
1232 2408 1408 2475 ipsum
1459 2410 1601 2477 apud
1654 2410 1975 2465 sacerdotes
2031 2410 2124 2466 Dei

522 2500 775 2554 dolenter
832 2510 887 2555 et
935 2500 1265 2569 simpliciter
1321 2500 1670 2565 confitentes,
1706 2505 2125 2573 exornologcsin

520 2594 875 2648 conscientiae
928 2594 1165 2658 faciunt,
1197 2595 1362 2648 animi
1418 2596 1499 2649 sui
1558 2595 1771 2665 pondus
1819 2608 2122 2666 exponunt,

521 2687 818 2741 salutarem
878 2687 1147 2741 medelam
1192 2686 1325 2759 [xu]
1373 2689 1554 2755 parvis
1616 2690 1738 2743 licet
1787 2700 1841 2743 et
1896 2691 2125 2747 modicis

520 2779 843 2833 vulneribus
872 2780 1187 2848 exquirunt.
1220 2798 1239 2831 ι
1279 2779 1357 2834 Εη
1387 2781 1550 2851 igitur
1572 2782 1845 2851 graviora,
1873 2795 1922 2838 et
1956 2785 2125 2840 maxi-

521 2886 609 2926 me
665 2871 900 2941 publica,
962 2872 1196 2937 delicta,
1253 2889 1374 2943 qua:
1435 2890 1463 2927 a
1507 2874 1909 2931 Communione
1972 2894 2124 2933 arce-

518 2963 674 3029 bant,
710 2965 887 3020 donec
912 2966 1282 3033 confessione,
1311 2975 1367 3021 et
1396 2970 1710 3038 ptenitentia
1747 2971 1912 3025 etiam
1943 2973 2121 3041 publi-

514 3073 604 3126 ca,
638 3074 738 3129 pro
785 3074 977 3115 eorum
1019 3062 1310 3129 gravitate,
1344 3072 1738 3131 purgarentur;
1770 3079 1835 3117 eu
1885 3064 2121 3132 leviora,

517 3168 693 3223 eaque
728 3155 892 3208 etiam
957 3154 1199 3220 occulta,
1252 3171 1374 3223 qua:
1425 3153 1879 3211 Coinmnnionem
1936 3159 2119 3228 quoti-

510 3243 729 3300 dianam
761 3248 991 3302 mininie
1040 3247 1437 3317 impediebant,
1461 3250 1555 3303 sed
1600 3250 1669 3304 de
1697 3251 1896 3319 quibus
1922 3252 2120 3304 nihilo-

513 3339 718 3406 minus,
750 3340 820 3394 ol)
851 3341 927 3394 rei
965 3351 1301 3394 momentum
1340 3352 1393 3395 et
1420 3342 1489 3393 ob
1522 3351 1826 3411 temporum
1856 3344 2118 3397 acerbita-

515 3444 646 3503 tem,
695 3435 797 3489 sibi
849 3440 1180 3504 quandoque
1229 3436 1529 3491 Christiani
1578 3437 1656 3491 illi
1714 3439 1880 3491 anxio
1935 3437 2117 3491 animo

514 3527 855 3586 metuebant.
882 3538 934 3580 et
959 3542 1192 3597 quorum
1224 3543 1385 3581 causa
1429 3528 1547 3583 sine
1577 3530 1949 3599 exornologesi
1980 3546 2116 3584 con-

514 3621 763 3675 scientia:
793 3619 860 3672 ad
902 3619 1356 3675 Communionem
1386 3622 1651 3677 accedere
1682 3638 1788 3677 non
1819 3624 2112 3678 audebant.

585 3712 691 3768 Sed
722 3712 867 3765 aliud
901 3712 966 3765 ad
1008 3713 1255 3768 eamdem
1313 3731 1427 3769 rem
1480 3716 1858 3770 illustrandum
1912 3728 2117 3786 praesto

514 3814 598 3859 est
628 3814 1064 3867 monumentum,
1098 3805 1241 3875 quod
1274 3806 1339 3859 ad
1395 3808 1567 3876 ipsam
1596 3807 1897 3863 Chromatii
1941 3812 2115 3866 nostri

512 3908 725 3969 spectat
773 3892 1031 3967 atatem;
1090 3902 1321 3973 ideoque
1370 3903 1594 3957 minime
1643 3905 2108 3972 przetereundum.

514 3991 669 4062 Apud
697 3992 881 4067 divum
926 3994 1201 4062 siquidem
1244 3996 1639 4064 Augustinum,
1684 3997 1806 4051 loco
1862 4000 2111 4068 superius

512 4084 688 4139 relato
718 4080 964 4151 epi~tolte
996 4086 1165 4155 ipsius
1193 4088 1648 4156 ad:inquisitiones
1685 4088 1949 4157 Januarii,
1987 4086 2111 4162 pars

510 4168 576 4233 ea
624 4178 1095 4246 Christianorum,
1161 4198 1281 4251 qua:
1334 4181 1710 4251 quotidianum
1763 4184 2109 4243 eucharistise

509 4290 667 4330 usum
698 4268 1137 4343 connneutlabat,
1169 4275 1433 4330 adversus
1464 4285 1669 4345 partem
1703 4277 1957 4346 alteram,
1988 4266 2107 4351 qua:

506 4383 619 4425 non
666 4370 1044 4441 quotidianum
1094 4372 1316 4441 potius,
1373 4371 1449 4424 uti
1502 4371 1762 4437 vidimus,
1795 4375 2103 4444 suadebat;

503 4479 628 4537 pars
654 4482 739 4533 ea,
775 4467 1020 4533 inquam,
1051 4480 1115 4519 ev
1141 4466 1417 4521 communi
1448 4456 1639 4535 procul
1662 4467 1833 4531 dubio
1866 4478 1996 4524 tunc
2029 4471 2108 4523 vi-

502 4554 663 4631 gente
696 4560 1032 4630 probataque
1089 4560 1359 4625 doctrina,
1393 4562 1444 4614 in
1476 4554 1764 4619 sententiae
1797 4578 1909 4617 sua:
1956 4564 2105 4619 favo-

2234 1941 2642 1995 matrimonium
2671 1956 2699 1993 a
2730 1941 3103 2009 lleojunctutn
3140 1941 3327 1995 illicita
3359 1940 3585 1994 divortii
3621 1948 3839 2011 separa-

2233 2035 2379 2090 tione
2431 2043 2703 2088 temerare
2736 2034 3167 2103 praesumpserit.
3204 2032 3361 2088 Unde
3401 2049 3509 2087 noo
3560 2033 3833 2102 ignorent,

2230 2142 2391 2199 quam
2415 2142 2579 2195 grave
2610 2126 2755 2194 apud
2785 2126 2954 2180 Deum
2991 2126 3360 2180 damnationis
3410 2124 3625 2179 crimen
3651 2124 3873 2223 incu‘rr.

2232 2220 2481 2288 rant,qui
2506 2234 2601 2289 per
2620 2219 2937 2273 ell'renatam
2971 2219 3214 2273 libidinis
3239 2219 3575 2288 voluptatem
3608 2218 3834 2291 (absque

2231 2314 2604 2370 fornicationis
2633 2319 2820 2384 eausa)
2852 2314 3095 2369 dimis~is
3123 2313 3406 2379 uxoribus,
3430 2313 3483 2366 in
3509 2313 3616 2366 alia
3654 2313 3835 2367 volunt

2230 2409 2464 2465 transire
2520 2407 2795 2477 conjugia.
2828 2408 2981 2476 Quod
3014 2406 3221 2463 idcirco
3261 2423 3317 2461 se
3347 2407 3587 2462 credunt
3618 2408 3833 2476 impune

2229 2503 2601 2568 committere,
2626 2503 2750 2573 quia
2785 2503 3041 2555 humanis
3074 2512 3127 2555 et
3156 2501 3344 2555 smculi
3368 2500 3581 2570 legibus
3612 2498 3662 2553 id
3692 2499 3834 2554 vide-

2230 2606 2317 2652 tur
2344 2596 2693 2667 permissum,
2727 2597 3036 2651 nescientes
3068 2596 3119 2649 in
3153 2595 3257 2649 hoc
3284 2611 3342 2650 se
3359 2597 3579 2664 gravius
3617 2609 3679 2649 ac
3720 2608 3830 2648 ma-

2226 2693 2307 2764 gis
2331 2692 2671 2762 delinquere,
2704 2691 2829 2760 quia
2875 2689 3141 2743 humanas
3192 2689 3339 2757 leges
3384 2688 3589 2742 divinis
3640 2687 3830 2757 pra-fc-

2229 2792 2479 2849 rant;ut
2520 2783 2663 2853 quod
2712 2782 2958 2836 illicitum
3007 2781 3149 2836 Deus
3195 2795 3318 2836 esse
3370 2780 3676 2845 constituit,
3709 2778 3829 2834 ideo

2228 2877 2436 2933 licitum
2488 2876 2739 2942 credant,
2768 2878 2892 2947 quia
2935 2876 3002 2930 ab
3032 2875 3249 2929 homine
3278 2875 3348 2928 sit
3381 2872 3552 2928 libere
3602 2874 3826 2945 permis-

2228 2986 2403 3025 sum.»
2438 2969 2511 3023 lta
2541 2980 2763 3023 sanctus
2814 2968 3184 3033 Chromatius,
3232 2977 3461 3022 tractatu
3493 2967 3546 3021 in
3582 2968 3680 3021 hac
3711 2966 3827 3021 edi-

2230 3065 2382 3119 tione
2433 3064 2523 3129 lO,
2577 3079 2724 3117 nttm.
2761 3063 2811 3116 l.
2848 3064 2991 3118 Duas
3038 3062 3198 3117 habet
3241 3071 3426 3132 partes
3481 3060 3573 3115 hic
3607 3069 3821 3115 textus:

2228 3157 2458 3225 primam
2506 3171 2720 3227 nempe,
2748 3154 2798 3209 in
2825 3171 2928 3225 qua
2958 3155 3281 3225 simpliciter
3309 3154 3533 3224 exponit
3563 3152 3824 3208 Chroma-

2147 3229 2195 3294 ο
2228 3250 2334 3305 tins
2361 3249 2672 3305 Servatoris
2701 3250 2875 3304 nostri
2907 3250 3206 3302 doctrinam
3242 3246 3479 3301 Matthazi
3513 3261 3567 3311 v,
3601 3246 3690 3311 5|,
3714 3244 3819 3300 δεῖ

2224 3342 2339 3414 Ego
2362 3354 2535 3397 autem
2574 3343 2689 3396 dico
2710 3345 2848 3396 vobis
2875 3359 2894 3397 :
2922 3342 3043 3413 quia
3071 3342 3239 3395 omnis
3288 3342 3373 3409 qui
3410 3340 3665 3393 dimiserit
3696 3354 3821 3393 uxo-

2221 3454 2329 3491 rem
2359 3455 2526 3501 suam,
2558 3448 2767 3509 excepta
2791 3436 3151 3505 fornicationis
3173 3450 3351 3499 causa,
3383 3433 3510 3504 facit
3552 3450 3666 3487 eam
3701 3449 3820 3486 nue-

2222 3533 2365 3585 cltari
2394 3550 2413 3599 ;
2441 3535 2666 3588 alteram
2695 3546 2843 3597 vero,
2874 3531 2925 3584 in
2958 3545 3058 3599 qua
3084 3543 3181 3583 eos
3207 3528 3407 3597 arguit,
3436 3527 3530 3597 qui
3562 3526 3818 3581 humana-

2221 3643 2341 3682 rum
2384 3627 2561 3695 legutn
2612 3634 2899 3695 praetextu,
2947 3622 3183 3676 divinam
3255 3621 3703 3675 constitutiOnem
3752 3619 3817 3673 de

2220 3719 2454 3789 conjugii
2482 3718 2747 3787 religione
2801 3716 3103 3781 solvebant,
3134 3714 3336 3784 quique
3363 3712 3491 3767 inde
3518 3713 3682 3767 etiam
3711 3711 3815 3766 cri-

2220 3826 2537 3866 mensuum
2591 3810 2885 3879 augebant.
2918 3807 3063 3877 quod
3098 3808 3247 3875 leges
3299 3806 3566 3860 humanas
3621 3804 3814 3859 divinis

2218 3904 2599 3958 sanctionibus
2625 3904 2983 3958 anteferrent.

2292 3999 2365 4053 De
2390 3998 2559 4067 priori
2586 3996 2745 4067 hujus
2777 4004 2957 4051 textus
2990 4003 3143 4061 parte
3176 3994 3312 4048 nihil
3339 4005 3419 4050 est
3464 3994 3612 4065 quod
3667 3991 3808 4048 dicae

2218 4107 2358 4147 mus.
2390 4091 2781 4147 Tillemontius
2828 4091 2997 4152 enim,
3031 4098 3194 4161 atque
3225 4096 3350 4159 po’s‘t
3396 4105 3522 4145 eum
3554 4089 3807 4144 Fontani-

2216 4200 2341 4251 nus,
2370 4194 2425 4241 et
2475 4186 2772 4241 novissime
2821 4201 3035 4255 queque
3077 4185 3364 4241 Ceillierus
3404 4186 3799 4239 animadverte-

2214 4288 2365 4344 runt,
2397 4294 2737 4349 nequaquam
2779 4278 3150 4333 Chromatium
3204 4277 3401 4331 ibidem
3450 4279 3521 4331 ita
3568 4280 3800 4332 locutum

2214 4374 2404 4439 fuisse,
2448 4390 2511 4429 ac
2559 4377 2603 4428 si
2657 4392 2853 4429 novum
2913 4376 3340 4441 matrimonium,
3386 4374 3609 4430 dimissa
3640 4390 3802 4431 usore

2211 4467 2479 4532 adultera,
2512 4468 2761 4523 contrahi
2796 4484 2955 4539 posse
3004 4468 3381 4533 existimaret;
3414 4469 3510 4523 sed
3568 4471 3801 4539 Evange-
3838 4510 3865 4543 δ

2211 4561 2350 4618 listae
2375 4564 2556 4617 verbis
2609 4564 2743 4618 nihil
2796 4565 2971 4635 ipsum
3020 4563 3314 4626 addidisse,
3347 4562 3478 4617 nihil
3510 4577 3679 4632 super
3706 4564 3798 4615 hac
3834 4548 3855 4557 ”

499 4666 617 4707 rem
648 4652 851 4716 aiebat,
885 4651 1029 4720 quod
1060 4670 1080 4701 Ι
1115 4665 1339 4721 peccata
1366 4653 1410 4706 si
1435 4661 1586 4706 tanta
1627 4670 1736 4707 non
1767 4655 1895 4721 Sint,
1926 4665 1984 4709 ut
2013 4673 2104 4711 ex-
2128 4628 2185 4690 Β
2209 4673 2270 4713 re
2296 4658 2585 4712 sententia:
2612 4672 2723 4711 sua:
2774 4658 3087 4729 protulisse,
3122 4659 3223 4711 hac
3247 4656 3574 4727 quastione,
3604 4656 3670 4710 de
3693 4671 3797 4708 ma-

498 4732 990 4800 communicandus
1017 4740 1255 4823 quisque
1276 4744 1590 4823 ljudicetur,
1620 4760 1726 4801 non
1774 4761 1832 4802 se
1877 4748 2043 4805 debet
2070 4767 2100 4807 a

496 4836 816 4907 quotidiana
863 4820 1129 4890 medicina
1161 4820 1426 4897 Dominici
1454 4838 1713 4908 corporis
1744 4855 2039 4908 separare;
2075 4865 2091 4895 ›

494 4929 641 5000 quod
673 4938 960 4999 propterea
1016 4928 1085 4984 de
1136 4930 1394 5000 gravibus
1426 4939 1633 4987 tantum
1656 4975 1670 4997 ,
1702 4933 2093 5008 letalibusque,

494 5022 572 5077 uti
598 5023 1083 5093 vocant,‘peccatis
1113 5024 1339 5095 intelligi
1366 5026 1549 5091 debet,
1585 5044 1705 5098 qua:
1728 5030 1845 5085 sola
1883 5032 2096 5089 confes-

489 5115 704 5171 sionem
762 5118 1210 5171 sacramentalem
1260 5119 1593 5189 exigebant,
1652 5133 1705 5178 et
1763 5140 1860 5192 pro
1906 5136 2089 5182 reatus

494 5210 659 5265 modo
710 5210 1110 5280 paenitentiam,
1138 5218 1195 5264 ut
1232 5212 1355 5281 quis
1412 5213 1477 5267 ad
1510 5216 1894 5274 eucharistiam
1932 5237 2089 5278 acce-

487 5302 624 5359 dere
652 5313 839 5373 posset
866 5322 881 5369 ;
911 5304 1057 5359 unde
1084 5306 1269 5371 tiehat,
1296 5306 1437 5375 quod
1469 5310 1781 5378 quotidiana
1813 5314 1898 5368 illa
1926 5314 2084 5371 Come

486 5402 676 5451 munio
706 5398 1020 5452 necessario
1051 5398 1323 5452 interdum
1354 5415 1383 5453 a
1415 5400 1741 5460 Christianis
1774 5406 1881 5462 illis
1910 5407 2082 5464 inter-

482 5490 627 5546 mitti
676 5491 929 5555 deberet,
976 5490 1066 5561 qui
1110 5492 1345 5560 peccatis
1386 5493 1695 5565 hujusmodi
1749 5511 1935 5556 essent
1983 5505 2081 5557 ob-

478 5584 648 5639 noxii.
678 5582 872 5639 Liliere
902 5584 1081 5654 itaque
1111 5583 1329 5641 Fideles
1357 5588 1566 5658 antiqui
1590 5590 1656 5644 ad
1686 5606 1894 5646 sacram
1918 5582 2083 5649 Com-‘l

476 5677 793 5730 munionem
816 5716 831 5741 ,
863 5676 946 5730 vel
1007 5677 1273 5744 quotidie,
1307 5680 1388 5733 vel
1429 5690 1580 5737 certe
1605 5680 2087 5755 frequentissime,’

469 5769 803 5823 accedebant
842 5769 1049 5841 absque
1097 5775 1484 5830 sacramentali
1530 5774 1920 5844 confessione,
1971 5780 2074 5833 nisi

462 5848 640 5930 siliqua
684 5870 894 5933 peccato
915 5880 969 5920 se
1001 5865 1269 5921 obstrictos
1302 5867 1587 5936 aliquando
1632 5866 1899 5935 sentirent,
1930 5862 2071 5939 quod

2209 4753 2466 4808 trimonio
2482 4753 2554 4809 ob
2579 4751 2993 4813 adulterium.si
3024 4752 3231 4817 lubeat,
3262 4751 3631 4815 tlissolvendo,
3662 4765 3793 4805 non-

2206 4847 2333 4901 dum
2368 4847 2784 4901 fortasse'tunc
2828 4846 3081 4900 excitata.
3128 4846 3201 4899 De
3253 4844 3593 4901 altera'ver'o
3646 4854 3793 4917 parte

2204 4940 2448 4995 nouniltil
2465 4940 2706 4994 dicamus
2732 4948 2966 5009 oportet,
2999 4948 3281 5009 postquam
3300 4942 3593 5007 postremis
3614 4926 3791 4995 Gallo-

2201 5033 2349 5089 ltalze
2378 5033 2767 5088 dominationis
2795 5022 3004 5103 legibus
3026 5043 3286 5088 temerata
3315 5032 3645 5089 matrimonii
3666 5012 3791 5097 sile

2198 5130 2357 5182 ctitas
2392 5126 2515 5180 luit.
2577 5125 2652 5180 De
2703 5125 2963 5195 antiquis,
2997 5140 3093 5180 seu
3152 5140 3390 5179 romana:
3449 5122 3777 5194 reipublicar,

2197 5237 2293 5277 seu
2323 5219 2555 5276 Romani
2573 5219 2782 5287 imperii
2806 5219 3017 5290 legibus
3032 5219 3354 5289 loquebatur
3376 5233 3601 5275 sanetus
3620 5222 3782 5275 Chro-

2195 5317 2414 5379 tnatius,
2438 5314 2567 5367 dum
2608 5312 2912 5367 scriberet:
2949 5312 3100 5379 Quod
3136 5313 3335 5367 idcirco
3364 5331 3419 5369 se
3444 5318 3664 5369 credunt
3691 5316 3780 5369 im-

2191 5424 2327 5478 pune
2355 5406 2693 5469 committere,
2742 5405 2865 5475 quia
2920 5406 3159 5460 ltumanis
3186 5418 3235 5461 et
3264 5408 3442 5461 sweuli
3492 5410 3691 5480 legibus
3731 5409 3779 5460 id

2191 5500 2391 5555 videtur
2435 5498 2763 5568 permissum.
2797 5498 2892 5553 Hm
2921 5516 3086 5570 porro
3122 5500 3292 5571 leges,
3329 5510 3387 5556 ut
3427 5502 3629 5557 norunt
3679 5501 3777 5556 Ro-

2185 5592 2329 5645 mani
2353 5592 2493 5660 juris
2524 5591 2707 5659 periti,
2736 5593 3068 5649 matrimonii
3125 5594 3452 5649 solutionem
3508 5598 3775 5663 permitte-

2179 5683 2331 5748 bant,
2375 5683 2606 5753 exempli
2634 5686 2833 5754 gratia,
2862 5687 2931 5742 ob
2980 5701 3213 5742 mortem
3254 5703 3474 5759 quoque
3532 5692 3769 5749 civilem.

2177 5795 2276 5835 seu
2305 5780 2571 5847 iictitiam,
2615 5781 2778 5835 unius
2832 5781 3023 5851 partis,
3052 5784 3228 5853 qualis
3260 5782 3600 5840 intercedere
3626 5785 3769 5839 dice-

2176 5864 2361 5941 batur,
2384 5870 2475 5931 ubi
2506 5876 2628 5944 qt‘tis
2659 5873 2713 5930 in
2746 5870 3117 5943 captivitatem
3151 5892 3245 5931 seu
3276 5878 3599 5935 servitutem
3632 5876 3768 5934 redi-'-
