4056 6340
611 327 721 397 .385

1638 323 1696 377 s.
1736 319 2183 381 CIIROMATIUS
2220 319 2331 379 er.
2370 318 2883 391 AQUILEIENSIS.

3787 330 3873 399 ast

610 456 739 511 que,
764 439 907 511 quod
934 455 997 497 ex
1030 445 1352 503 memorata,
1376 437 1465 494 cui
1492 436 1720 494 obnoxii
1745 435 1971 501 fuimus,
1997 434 2206 495 Gallica
2237 438 2288 505 Α
2313 438 2499 493 sertim
2525 438 2784 497 Ecclesiae
2806 438 3030 503 saeculo,
3055 439 3112 499 in
3139 440 3445 497 Romanum
3472 443 3746 513 imperium
3771 446 3874 505 bar.

611 530 958 603 legislatione
991 530 1235 587 nonnulli
1267 530 1442 587 adhuc
1473 530 1835 598 decipiantur,
1867 537 1922 582 ut
1954 528 2210 601 principi-

614 627 714 683 bus
742 628 1095 681 Christianam
1126 623 1443 695 religionem
1473 622 1777 686 eolentibtts
1797 663 1810 685 ,
1844 633 1898 678 et
1932 621 2089 677 ﬁdem
2123 637 2212 678 ca-

619 722 873 776 tholicam
909 720 1292 789 proﬁtentibus
1320 762 1333 781 .
1368 720 1417 772 in
1448 718 1836 775 catholicorum
1868 718 2210 775 subditorum

617 814 961 870 matritnooia
1002 813 1091 882 jus
1141 822 1421 879 asserunt,
1482 810 1626 881 quod
1678 812 1781 866 sibi
1840 811 2209 869 Romanorum

614 909 766 981 leges
796 908 1161 963 vindicabant.
1201 905 1597 975 Argumentum
1629 906 1797 977 igitur
1828 915 1886 967 ut
1918 920 2213 976 prosequar

618 1018 739 1058 mur
769 1012 885 1070 post
918 1001 1081 1054 allata
1114 1008 1360 1057 veterum
1394 999 1703 1054 testimonia
1728 1041 1740 1063 ,
1790 999 1986 1069 quibus
2025 1015 2210 1057 curam

614 1096 1037 1151 ostendebamus
1066 1094 1449 1164 magistrorum
1480 1103 1790 1151 nostrorum
1821 1096 1873 1150 in
1900 1094 2211 1152 erudiendis

618 1188 866 1243 ﬁdelibtts
904 1203 1022 1257 qua:
1054 1188 1138 1241 lex
1169 1186 1354 1242 divina
1394 1185 1621 1241 doceret
1648 1196 1834 1241 contra
1866 1201 1931 1241 ac
1960 1186 2211 1245 humane:

613 1283 760 1354 leges
793 1298 1118 1353 piganornm
1160 1281 1227 1337 de
1268 1297 1327 1336 re
1361 1281 1671 1338 connttbiali
1714 1280 2057 1346 sanxissent;
2091 1282 2209 1339 ani-

612 1376 951 1430 madvcrtere
985 1376 1157 1444 primo
1180 1374 1359 1445 juvat,
1392 1376 1562 1440 nulla,
1593 1374 1734 1443 quod
1763 1375 2023 1441 sciamus,
2049 1375 2211 1433 trium

612 1470 853 1539 priorum
878 1472 1230 1532 sa‘culorum,
1253 1478 1307 1522 et
1329 1467 1507 1539 quarti
1529 1483 1745 1540 quoque
1772 1469 1965 1534 adulti,
1990 1478 2212 1527 exsmre

612 1562 1026 1632 exempla,qu:e
1066 1560 1425 1617 christianum
1480 1561 1712 1632 aliquem
1764 1563 2073 1625 intendant,
2120 1562 2209 1631 qui

614 1658 793 1713 sciens
819 1669 882 1709 ac
908 1656 1095 1709 volens
1119 1656 1308 1727 vigore
1332 1655 1508 1725 legum
1533 1654 1873 1710 saecularium
1896 1672 2029 1725 quas
2052 1670 2212 1723 supe-

611 1748 728 1808 rius
750 1752 1204 1813 memorabamus,
1232 1764 1295 1804 ac
1320 1748 1547 1820 proinde
1568 1748 1902 1818 captivitatis
1922 1760 2208 1820 praetextu,

2313 528 2570 587 berorum
2597 530 2929 599 agminibus,
2953 546 3167 587 necnon
3199 531 3581 603 ingruentibus
3601 536 3754 594 simul
3781 541 3876 597 ubi.

2315 638 2421 693 que
2442 634 2709 679 terrarum
2732 624 3159 694 calamitatibus,
3184 642 3397 682 morum
3419 628 3507 682 illa
3523 631 3754 690 castitas.
3777 650 3875 699 quia

2315 718 2503 775 ﬁdeles
2552 719 2730 774 aetatis
2779 719 3071 788 praeterita:
3130 720 3544 793 distinguebat,
3601 723 3873 786 desiderata

2315 811 2439 882 fuit,
2457 823 2513 868 et
2535 813 3015 871 matrimoniorum
3040 815 3280 871 maxime
3308 819 3573 872 sanctitas
3600 819 3875 880 labefactari

2317 908 2421 964 hac
2450 917 2612 978 atque
2645 908 2769 963 illac
2798 909 2985 977 rmpit,
3019 917 3081 964 ut
3103 921 3395 977 propterea
3425 913 3668 981 epit-copi
3695 928 3786 980 per
3806 930 3879 969 or-

2318 1001 2439 1057 bem
2464 1000 2747 1055 consﬁtnti
2773 1014 3251 1069 conquererentur
3272 1002 3340 1057 de
3368 1005 3592 1058 violatis
3620 1020 3775 1074 Super
3798 1005 3879 1065 bac

2315 1107 2376 1147 re
2399 1092 2681 1161 Evangelii
2704 1091 2945 1161 legibus,
2969 1101 3021 1145 et
3046 1090 3279 1149 Romani
3304 1095 3593 1162 pontiﬁces
3616 1113 3717 1152 non
3740 1100 3880 1157 semel

2313 1186 2601 1243 debuerint
2617 1188 2920 1255 apostolico
2940 1186 3142 1242 robore
3166 1203 3265 1257 pro
3287 1187 3475 1245 divina
3498 1191 3611 1259 lege
3635 1190 3701 1245 de
3724 1193 3881 1249 matri.

2319 1280 2627 1336 moniornm
2644 1279 3015 1337 indissolubtli
3032 1280 3292 1338 ﬁrmitate
3313 1299 3577 1354 pugnare.
3597 1283 3731 1340 Ecce
3743 1286 3880 1356 igitur

2317 1373 2400 1429 vel
2420 1373 2657 1430 abinitio
2671 1375 2843 1439 quinti
2863 1375 3390 1443 sa‘culiExuperium
3407 1378 3721 1448 episcttpntn
3745 1380 3882 1436 Tolo-

2315 1481 2509 1523 sanum
2526 1470 2901 1539 requirentem
2921 1478 3169 1525 sanetum
3189 1469 3567 1526 Innocentium
3586 1487 3766 1541 papam
3790 1473 3883 1528 l'ri-

2318 1577 2489 1626 mum,
2513 1561 2642 1633 quid
2665 1561 2733 1616 de
2757 1562 2840 1617 his
2857 1562 3068 1619 censeri
3093 1562 3344 1627 deberet,
3375 1562 3489 1632 qui.
3516 1562 3883 1623 interveniente

2318 1654 2547 1723 repudio
2572 1654 2641 1711 ab
2672 1654 2926 1711 humanis
2957 1656 3170 1724 legibus
3195 1656 3489 1727 permisso,
3517 1658 3610 1711 alii
3640 1672 3697 1715 se
3724 1658 3884 1713 matri-

2319 1746 2501 1800 monio
2534 1747 2860 1815 copularunt
2895 1765 2907 1803 :
2937 1756 2993 1804 et
3030 1763 3160 1805 ecce
3191 1748 3501 1805 liotnanum
3538 1749 3710 1819 ipsum
3740 1750 3887 1821 ponti-

612 1841 2211 1913 servitntis,deportationis,mutuiveeonsensus,conjugii
2246 1841 2289 1903 Β
2320 1840 2473 1895 ﬁcem
2516 1840 2695 1898 eidem
2741 1840 2808 1897 ad
2848 1840 2949 1897 hoc
2992 1842 3327 1911 postulatum
3369 1845 3422 1899 in
3474 1842 3592 1899 haec
3628 1843 3784 1898 verba
3818 1859 3888 1901 re-

616 1934 809 1998 semt-l,
836 1950 899 1990 ac
929 1936 1169 2007 legitime
1214 1936 1519 1992 christiano
1562 1952 1713 1991 tuore
1739 1937 1855 1992 initi
1887 1937 2213 1994 solutionem

618 2026 831 2091 fecerit,
852 2040 941 2083 attt
960 2038 1101 2085 tenta
1114 2030 1269 2096 verit,
1287 2045 1595 2101 novumque
1624 2030 1764 2087 inire
1789 2032 2211 2102 przesumpserit.

691 2121 966 2179 Fabiolam
997 2125 1213 2193 quidem
1248 2126 1613 2181 Iitunanarutn
1658 2126 1945 2185 mulierum
1992 2128 2219 2183 nobiliSe

617 2216 810 2270 simam
838 2216 1016 2285 prodit
1036 2228 1256 2273 sanctus
1281 2218 1639 2293 literOoytnus
1660 2221 1886 2289 epistola
1909 2222 1962 2276 in
1979 2221 2219 2280 editione

618 2302 871 2361 Vallarsii
920 2308 1009 2374 77,
1060 2308 1126 2363 ad
1172 2307 1470 2377 Oceanum,
1512 2326 1633 2380 qua:
1679 2312 1780 2367 sub
1826 2310 1987 2366 ﬁnem
2033 2313 2218 2369 saeculi

616 2398 817 2466 quarti,
838 2399 1067 2455 dimisso
1089 2403 1544 2458 criminosissimo
1572 2404 1711 2467 viro,
1740 2403 1919 2468 alteri,
1948 2418 2013 2458 eo
2035 2419 2224 2471 suger-

617 2492 765 2554 stite,
794 2503 1077 2561 nupserat,
1102 2492 1415 2548 earumdem
1441 2494 1694 2548 similiter
1716 2494 1892 2563 legum
1925 2494 2224 2549 mundana-

620 2600 741 2639 rum
776 2583 978 2652 favore,
1030 2602 1149 2657 qua:
1196 2587 1248 2641 id
1295 2587 1683 2657 permittebant
1717 2606 1731 2642 :
1768 2606 1787 2640 ι
1824 2590 1985 2659 quia,
2027 2590 2223 2660 inquit,

620 2690 977 2753 persuaserat
1003 2680 1146 2744 sibi,
1179 2690 1234 2735 et
1267 2681 1485 2747 putabat
1524 2697 1551 2734 a
1586 2698 1644 2737 se
1687 2682 1858 2737 virum
1883 2682 2007 2754 jure
2036 2683 2227 2737 dimis-

622 2784 765 2835 Stltll,
799 2785 899 2825 nec
922 2770 1201 2842 Evangelii
1231 2773 1473 2843 vigorem
1500 2783 1748 2840 noverat,
1774 2774 1827 2829 in
1857 2790 1967 2845 quo
1988 2772 2225 2829 nubendi

623 2861 873 2916 uniVersa
917 2861 1159 2917 causatio
1182 2905 1195 2927 ,
1236 2866 1547 2920 viventibus
1578 2864 1745 2935 viris,
1785 2865 2003 2921 {etninis
2030 2882 2225 2939 ampu-

625 2962 790 3007 tatur.
817 2972 836 3005 ι
861 2953 967 3010 Sed
992 2954 1078 3009 hic
1106 2954 1341 3011 Fabiola:
1366 2956 1579 3029 lapsus,
1604 2973 1669 3013 ex
1693 2957 1999 3030 ignorantia
2024 2960 2225 3037 potius,

624 3063 785 3115 quam
818 3064 883 3102 ex
916 3052 1079 3105 animi
1114 3054 1380 3121 pravitate
1412 3063 1566 3107 ortus
1590 3095 1605 3121 ,
1642 3054 1692 3107 in
1721 3052 1981 3109 Ecclesia:
2011 3052 2226 3109 tandem

623 3141 787 3195 rediit
817 3141 1123 3209 utilitatem,
1160 3143 1229 3199 ob
1260 3144 1531 3215 publicam
1565 3145 1726 3216 hujus
1757 3147 1989 3217 fetninrc,
2022 3148 2226 3203 Solem-

2320 1933 2679 2004 spondentetn
2709 1936 2948 2007 epistola
2979 1934 3043 2002 6,
3082 1950 3205 2006 cap.
3255 1933 3321 2001 6,
3363 1934 3505 2004 apud
3548 1936 3887 1992 Constantium

2322 2028 2575 2094 Epistola:
2599 2026 2955 2083 Romanorum
2988 2027 3331 2096 Pontificum,
3355 2030 3468 2085 col.
3494 2027 3622 2094 7.]6,
3648 2028 3767 2094 795,
3792 2043 3889 2097 quin

2321 2120 2551 2189 epistola
2582 2119 2819 2176 refertur
2851 2120 2916 2175 ad
2948 2136 3150 2177 annum
3180 2119 3309 2178 405.
3346 2140 3365 2177 ι
3407 2122 3483 2177 De
3512 2121 3593 2177 bis
3622 2122 3799 2189 etiam,
3828 2122 3890 2177 itt-

2320 2216 2458 2283 quit,
2491 2212 2779 2282 requisivit
2804 2213 3029 2268 dilectio
3061 2224 3172 2281 tua,
3206 2214 3297 2284 qui
3330 2215 3725 2270 interveniente
3752 2230 3889 2284 repuo

2325 2308 2437 2371 dio,
2469 2307 2558 2361 alii
2588 2322 2648 2362 se
2678 2308 3030 2363 matrimonio
3050 2308 3404 2378 copularent.
3437 2310 3586 2378 Quos
3615 2311 3664 2365 itt
3693 2320 3890 2379 utraque

2325 2411 2483 2473 parte
2521 2400 2806 2458 adulteros
2846 2418 2967 2457 esse
3010 2404 3359 2475 manifestum
3392 2416 3499 2460 est.
3545 2404 3644 2473 Qui
3677 2421 3792 2460 vero
3826 2404 3893 2462 vel

2329 2510 2498 2553 uxttre
2548 2494 2785 2559 vivente.
2836 2496 3085 2565 quamvis
3136 2498 3491 2553 dissociatum
3538 2499 3776 2554 videatur
3798 2513 3897 2555 esse

2328 2590 2642 2659 coiijogium
2669 2592 2734 2645 ad
2761 2592 2922 2649 aliain
2948 2592 3194 2662 copulam
3225 2594 3577 2660 festinarunt,
3604 2610 3772 2666 neque
3797 2610 3899 2664 pos-

2330 2693 2457 2739 sunt
2489 2684 2719 2740 adulteri
2766 2701 2873 2741 non
2911 2686 3123 2753 videri,
3169 2687 3225 2743 in
3266 2695 3477 2741 tantum
3504 2726 3523 2753 ,
3557 2695 3615 2743 ut
3652 2692 3801 2743 etiam
3831 2686 3898 2742 lue

2329 2794 2575 2850 persona:
2603 2821 2617 2845 ,
2658 2779 2854 2851 quibus
2896 2780 3034 2837 tales
3066 2779 3372 2849 conjunctae
3405 2788 3566 2846 sunt,
3606 2782 3764 2836 etiam
3792 2782 3900 2850 ipsa)

2330 2872 2655 2928 adulterium
2686 2872 3032 2947 commisisse
3076 2873 3387 2931 videantur.
3432 2874 3724 2931 secundum
3756 2872 3897 2938 illud,

2332 2967 2475 3038 quod
2506 2966 2739 3037 legimus
2770 2968 2821 3025 in
2854 2968 3154 3039 Evangelia
3187 2985 3201 3023 :
3248 2968 3353 3037 Qui
3393 2967 3669 3025 dimiserit
3704 2980 3899 3023 uxorein

2333 3075 2510 3126 suam,
2536 3070 2589 3115 et
2619 3059 2833 3115 duxerit
2864 3060 3051 3125 aliam.
3087 3060 3397 3117 moechatur
3431 3079 3444 3115 :
3470 3061 3733 3117 Similiter
3758 3058 3901 3129 etqui

2333 3154 2614 3211 dimissam
2644 3156 2881 3221 duxerit,
2903 3158 3226 3224 moechatur,
3258 3166 3314 3213 et
3342 3157 3465 3212 ideo
3502 3171 3695 3211 omnes
3722 3175 3748 3210 a
3776 3168 3901 3208 corn-

627 3248 860 3303 netnque
906 3238 1278 3304 ptenitentiam
1320 3246 1427 3292 tota
1471 3250 1749 3309 spectante
1796 3238 2041 3296 Romana
2088 3240 2225 3297 urbe
2253 3236 2300 3300 C
2333 3248 2589 3304 munione
2617 3247 2858 3304 ﬁdelium
2895 3251 3264 3306 abstinendos.
3294 3252 3369 3307 De
3408 3250 3721 3323 parentibus
3751 3260 3900 3303 autem

628 3340 924 3398 peractam,
958 3330 1024 3384 de
1046 3347 1152 3402 qua
1185 3344 1289 3386 tam
1315 3334 1580 3403 prteclare
1608 3345 1834 3390 sanctus
1858 3334 2051 3391 doctor
2076 3337 2129 3390 in
2153 3336 2229 3391 ci-

628 3432 735 3476 tata
780 3426 1008 3493 epistola
1056 3439 1179 3497 post
1226 3428 1367 3483 illius
1407 3430 1694 3485 decessum
1731 3430 1962 3501 scripta,
1994 3446 2112 3503 quae
2161 3431 2228 3488 ad

627 3529 826 3570 annum
851 3517 1089 3586 pertinet
1108 3519 1237 3584 599,
1258 3521 1344 3574 tibi
1370 3521 1536 3577 etiam
1556 3520 1623 3575 de
1642 3520 2074 3578 Christianorum
2099 3541 2230 3580 con-

632 3605 809 3661 nttbiis
846 3624 908 3662 ea
953 3612 1243 3667 occasione
1287 3611 1451 3667 verba
1499 3612 1708 3667 fat-iens
1754 3624 2004 3684 respectu
2052 3616 2227 3686 legum

629 3696 1028 3768 Romanarum,
1077 3703 1297 3758 celebre
1352 3705 1482 3759 illud
1534 3705 1783 3777 protulit,
1837 3708 1979 3779 quod
2036 3724 2231 3780 nempe

630 3809 796 3863 super
828 3793 928 3848 bac
960 3811 1039 3863 re,
1075 3815 1096 3848 ι
1129 3798 1263 3853 Alite
1292 3812 1415 3853 sunt
1439 3800 1588 3871 leges
1604 3798 1900 3868 Caesarum,
1930 3804 2051 3858 alia:
2075 3804 2234 3858 Chri-

630 3888 732 3952 sti;
758 3887 903 3945 aliud
936 3889 1286 3963 Papinianus,
1311 3894 1459 3950 aliud
1486 3895 1683 3952 Paulus
1706 3906 1891 3952 noster
1913 3898 2173 3973 praecipit.
2206 3915 2225 3951 ι

706 3983 923 4040 Abusus
953 3984 1136 4058 itaque
1166 3987 1371 4059 aliquot
1403 3989 1458 4045 in
1494 3990 1916 4057 Christianorum
1947 3994 2231 4048 matrimo-

633 4075 735 4129 niis
766 4078 942 4133 serius
970 4120 984 4145 ,
1020 4091 1074 4133 ut
1105 4080 1339 4150 videtur,
1385 4082 1726 4151 irrepserunt
1755 4103 1765 4137 :
1798 4096 1853 4145 et
1882 4083 2234 4142 Chromatius

631 4182 819 4225 noster
849 4184 938 4225 aut
969 4172 1197 4243 pt-itntts,
1230 4184 1322 4230 aut
1352 4187 1502 4233 certe
1533 4193 1563 4232 e
1591 4178 1777 4249 primis
1806 4178 1979 4234 videri
2010 4182 2230 4253 poterit,

628 4265 717 4332 qui
750 4280 939 4321 eorum
964 4268 1300 4337 meminerit,
1332 4286 1535 4343 eOSque
1565 4272 1959 4345 oltjurgaverit,
1989 4275 2081 4346 qui
2109 4274 2233 4331 illa-

628 4384 748 4423 rum
785 4371 959 4438 legum
986 4370 1192 4438 lavore,
1220 4374 1270 4429 iu
1300 4378 1518 4433 casibus
1540 4375 1770 4437 fortasse
1798 4377 1867 4435 ab
1887 4376 2094 4433 eisdem
2121 4394 2234 4434 me—

627 4463 854 4518 moratis
879 4506 894 4529 ,
929 4465 1149 4535 impune
1179 4468 1478 4525 credebant
1520 4483 1578 4524 se
1613 4483 1775 4538 posse
1814 4485 2015 4527 uxores
2052 4470 2237 4531 dimit-

630 4566 748 4612 tere
787 4566 840 4611 et
868 4557 935 4613 ad
984 4575 1122 4611 nova
1155 4560 1403 4631 conjugia
1437 4563 1752 4618 convolare.
1789 4562 2152 4620 Probabiliter
2182 4565 2233 4619 in

2334 3354 2424 3399 aut
2468 3342 2535 3399 de
2581 3344 2899 3414 propinquis
2943 3359 3154 3409 eorum,
3199 3344 3329 3399 nihil
3379 3345 3487 3399 tale
3530 3344 3690 3401 statui
3734 3348 3900 3413 petest.

2336 3434 2438 3491 nisi
2470 3434 2784 3491 incentot'es
2816 3434 2988 3493 illiciti
3027 3438 3292 3492 consortii
3338 3438 3503 3492 fuisse
3538 3436 3897 3507 detegantnm

2408 3526 2720 3582 Doctrinatn
2750 3527 2891 3583 hanc
2918 3529 3311 3599 pra‘dicaverat
3344 3530 3506 3598 paulo
3540 3529 3741 3599 pridem
3769 3528 3901 3583 etiam

2336 3620 2489 3675 divus
2519 3619 2853 3692 Augustinus
2894 3622 2945 3676 in
2980 3622 3119 3676 libro
3149 3622 3212 3674 de
3238 3620 3387 3675 Bono
3421 3620 3721 3695 Conjugrtli,
3748 3635 3852 3689 cap.
3877 3616 3901 3675 7

2334 3722 2390 3769 ct
2419 3713 2450 3768 8
2482 3716 2676 3787 (quem
2706 3714 2906 3769 librum
2935 3715 3087 3784 juxta
3120 3714 3395 3775 Mani-inos
3427 3714 3674 3771 editores
3704 3716 3903 3781 scripse-

2336 3819 2419 3862 rat
2450 3824 2594 3862 anno
2625 3813 2850 3865 circiter
2880 3810 2979 3866 401
3009 3810 3065 3882 );
3099 3818 3153 3867 et
3182 3809 3287 3865 hoc
3318 3816 3602 3868 mentione
3630 3812 3759 3870 facta
3794 3821 3904 3879 quo-

2337 3918 2442 3974 que
2484 3900 2686 3975 jnt-iutn
2729 3903 3034 3975 gentilium,
3090 3920 3208 3973 quae
3257 3904 3418 3960 aliter
3457 3919 3517 3960 se
3565 3904 3821 3960 habebant
3855 3914 3903 3955 ac

2337 3994 2659 4067 Evangelica
2692 4000 2912 4054 dictata.
2951 4016 2969 4048 ι
3000 3995 3430 4062 luterveniente,
3457 3998 3657 4063 aiebat,
3681 3995 3903 4060 divortio,

2339 4108 2445 4147 non
2479 4093 2730 4148 aboletur
2761 4093 2851 4148 illa
2883 4092 3280 4148 confoederatio
3311 4092 3574 4162 nuptialis
3606 4110 3618 4145 :
3646 4091 3717 4146 ita
3747 4100 3797 4144 ut
3823 4085 3905 4143 sibi

2338 4186 2595 4259 conjuges
2628 4186 2757 4252 sint,
2788 4187 2953 4242 etiam
2985 4186 3219 4255 separati
3245 4203 3261 4253 ;
3292 4200 3415 4241 eum
3444 4186 3552 4243 illis
3579 4192 3753 4241 autem
3778 4178 3907 4235 adulv

2340 4279 2531 4334 terium
2560 4282 2935 4343 committant,
2966 4279 3165 4347 quibus
3198 4279 3401 4334 fuerint
3443 4280 3605 4333 etiam
3638 4287 3750 4350 post
3774 4285 3904 4330 suum

2340 4374 2627 4443 repudium
2655 4373 2919 4443 capulati,
2946 4374 3025 4426 vel
3053 4371 3141 4426 illa
3179 4372 3319 4437 viro,
3351 4374 3433 4427 vel
3460 4372 3548 4427 ille
3573 4360 3797 4425 mulieri.
3820 4364 3905 4420 Nec

2342 4477 2519 4523 tamen
2568 4468 2669 4523 nisi
2715 4468 2766 4522 in
2800 4466 3016 4522 civitate
3050 4466 3140 4519 Dei
3176 4466 3375 4530 nostri,
3427 4466 3480 4520 in
3531 4476 3713 4519 monte
3750 4467 3906 4515 sancto

2342 4561 2459 4631 ejus
2484 4600 2499 4625 ,
2536 4561 2656 4615 talis
2694 4570 2778 4615 est
2806 4573 2969 4615 causa
2997 4572 3119 4613 cum
3151 4572 3343 4612 uxore.
3387 4555 3657 4612 Caeterum
3688 4556 3829 4608 aliter
3858 4562 3907 4605 se

632 4648 773 4703 hanc
800 4650 1129 4704 sententiain
1170 4653 1336 4722 aliqui
1370 4653 1625 4707 facillime
1655 4663 1781 4708 tunc
1812 4652 2041 4715 ruebant
2064 4696 2076 4716 ,
2109 4656 2225 4724 quia

2344 4653 2550 4711 habere
2577 4656 2696 4721 jura
2725 4653 3034 4722 gentilium,
3064 4650 3186 4722 quis
3220 4651 3460 4721 ignorat,
3498 4650 3585 4703 ubi
3617 4643 3907 4717 interposito

635 4750 879 4796 vetustas
924 4742 1045 4796 illas
1080 4743 1225 4814 leges
1257 4787 1270 4810 ,
1320 4747 1388 4801 ab
1436 4744 1674 4807 ethnicis
1721 4746 2061 4816 principibus
2102 4747 2232 4809 olim

635 4832 840 4899 dietas,
886 4837 1199 4906 neutiquam
1242 4838 1531 4910 abrogatas
1568 4856 1595 4892 a
1636 4840 1991 4897 Constantino
2043 4842 2236 4913 Magno

638 4928 866 4995 aliisque
895 4928 1212 4987 Christianis
1243 4930 1667 4999 imperatoribus
1699 4932 1978 5001 viderant;
2014 4936 2235 4993 minime

637 5018 855 5074 interim
884 5022 1231 5079 attendentes
1253 5066 1266 5090 ,
1299 5025 1439 5083 nihil
1469 5041 1629 5095 posse
1658 5026 1802 5098 leges
1837 5027 2115 5088 hominum
2145 5031 2239 5088 adv

640 5132 829 5173 versus
877 5120 1050 5190 legem
1099 5122 1240 5188 Dei,
1297 5126 1568 5196 simulque
1622 5138 1838 5185 veteres
1898 5132 2044 5204 leges
2098 5136 2243 5206 ipsas

644 5210 909 5267 humanas
938 5216 1349 5274 matrimonium
1382 5220 1762 5288 reSpicientes,
1806 5240 1926 5295 qua:
1967 5227 2068 5282 sub
2102 5227 2246 5284 ebri-

644 5305 837 5359 stiauis
864 5306 1289 5376 imperatoribus
1316 5311 1497 5369 adhuc
1528 5315 1809 5384 vigebant,
1843 5332 1937 5373 eos
1970 5328 2096 5375 tunc
2128 5331 2245 5377 tan-

644 5410 757 5456 tum
785 5399 1029 5468 allicere,
1064 5404 1155 5473 qui
1191 5408 1415 5476 paganis
1447 5411 1932 5478 superstitionibus
1961 5426 2113 5472 erant
2146 5416 2245 5469 iut-

643 5496 851 5564 plicati,
887 5496 1084 5567 quique
1115 5497 1209 5552 diu
1243 5512 1361 5569 lost
1401 5502 1660 5557 Ecclesia:
1689 5520 1875 5574 pacem
1908 5508 1961 5561 in
2000 5507 2245 5565 Romano

644 5589 909 5659 imperio,
946 5602 1054 5645 tum
1088 5591 1364 5657 Orientis,
1401 5606 1511 5649 tum
1544 5597 1890 5663 Occidentis,
1923 5608 1979 5654 et
2012 5601 2247 5655 auctori-

646 5692 781 5750 tate,
813 5695 863 5738 et
896 5698 1123 5738 numero
1152 5683 1452 5744 valuerunt.

716 5776 1003 5848 Temporis
1052 5794 1389 5848 progressu,
1442 5793 1493 5838 et
1546 5782 1875 5855 frigescente
1930 5785 2246 5842 Christianae

644 5872 1008 5935 institutionis
1038 5873 1277 5950 fervore,
1314 5878 1653 5958 irruentibus
1679 5882 1864 5949 etiam,
1890 5881 2082 5953 quinto
2108 5896 2245 5955 pra:-

2344 4744 2572 4815 repudio
2600 4745 2716 4801 sine
2738 4757 2889 4801 reatu
2911 4747 3093 4816 aliquo
3120 4743 3341 4800 ultionis
3367 4743 3641 4808 humanm,
3669 4752 3719 4796 et
3743 4738 3818 4791 illa
3838 4732 3907 4790 cui

2344 4838 2582 4897 voluerit
2619 4842 2800 4906 nubit,
2847 4850 2900 4895 et
2939 4839 3030 4892 ille
3068 4854 3230 4909 quam
3265 4837 3503 4891 voluerit
3541 4834 3705 4890 ducit.
3732 4852 3748 4883 ι
3790 4830 3907 4883 hient

2344 4948 2567 4993 sanctus
2595 4936 2783 4992 doctor
2814 4935 2954 4989 libro
2982 4948 3018 4986 tt
3037 4933 3099 4987 de
3120 4931 3387 5005 Conjugiis
3412 4929 3857 4992 adnllrrinis,cal"
3882 4911 3908 4973 8

2350 5032 2525 5103 (quos
2559 5031 2730 5085 libros
2764 5027 2980 5099 scripsit
3009 5042 3152 5081 anno
3177 5027 3381 5080 Christi
3412 5022 3540 5089 419,
3579 5034 3635 5079 ut
3666 5022 3811 5076 iidem
3835 5026 3911 5068 au-

2347 5132 2534 5182 notant
2585 5121 2810 5183 Maurini
2858 5120 3133 5191 editores)
3185 5119 3363 5187 idem,
3421 5118 3676 5189 inquam,
3722 5116 3911 5168 sanctus

2345 5220 2683 5290 Augustinus
2734 5232 2827 5273 eos
2878 5214 3254 5285 redarguebat
3295 5212 3679 5277 Christianos,
3722 5205 3807 5278 qui
3850 5199 3910 5256 uti

2347 5313 2549 5377 aiebat,
2587 5330 2603 5363 ι
2636 5310 2819 5381 potius
2847 5308 3055 5377 eligunt
3082 5308 3428 5377 maximeque
3456 5306 3511 5360 in
3540 5305 3641 5360 hac
3669 5314 3816 5357 causa
3840 5291 3913 5363 (de

2347 5422 2449 5480 qua
2502 5415 2629 5461 tunc
2667 5405 2878 5460 scilicet
2918 5401 3269 5467 disserebat,
3322 5412 3552 5471 eratque
3606 5397 3674 5452 de
3718 5387 3912 5461 repudio

2346 5514 2579 5556 uxorum
2613 5499 2681 5553 ob
2712 5496 3075 5568 adulterium)
3110 5497 3287 5565 potius
3315 5494 3564 5564 eligunt,
3594 5489 3911 5551 maximeque

2348 5597 2400 5650 in
2435 5595 2533 5648 hac
2554 5609 2740 5659 causa,
2772 5591 2955 5646 mundi
2985 5591 3196 5661 legibus
3222 5588 3424 5643 subditi
3456 5602 3579 5643 esse
3607 5600 3756 5654 quam
3780 5573 3913 5633 Chri-

2348 5688 2436 5755 sti,
2470 5692 2723 5757 quoniam
2749 5688 2866 5757 jura
2902 5686 3143 5740 forensia
3173 5699 3279 5739 non
3312 5682 3548 5747 eisdem,
3579 5682 3766 5753 quibus
3786 5666 3918 5728 femi-

2350 5800 2471 5847 nas,
2502 5781 2777 5853 pudicitia:
2803 5778 3031 5836 nexibus
3062 5780 3213 5834 viros
3246 5775 3498 5833 videntur
3529 5773 3865 5842 obsuingere.

2360 5878 2431 5939 Et
2460 5875 2600 5934 libro
2626 5876 2728 5935 ide
2755 5875 2987 5948 Nuptiis,
3019 5884 3068 5929 οι
3093 5873 3543 5949 Concupiscentia,
3568 5886 3689 5946 cap.
3718 5864 3780 5923 l0
3802 5862 3909 5938 (qni
