4056 6340
172 344 266 400 9·5

1415 344 1792 403 ΡΒΑΕΙΓΑΤΙΟ
1829 348 2172 410 Ειιιτοιιιδ.

3335 374 3441 430 286

173 462 292 517 liber
314 460 376 514 ad
402 458 644 516 eumdem
672 474 878 517 annum
909 477 1085 532 nuper
1112 463 1339 519 citatum
1370 464 1609 533 pertinet
1638 463 1736 519 iis-
1766 466 1818 528 Α
1846 469 1991 522 nulla
2023 480 2209 540 posset
2241 473 2479 533 humana
2524 482 2913 540 constitutione
2954 485 3204 541 dissolvi.
3251 487 3444 546 Videas

173 555 276 609 dcm
295 553 590 609 auctoribus
612 553 895 627 Maurinis)
920 555 991 611 de
1011 558 1237 626 repudio
1261 557 1491 627 loquens
1513 558 1583 611 ob
1606 572 1741 611 uxo-

171 649 235 703 ris
269 647 634 709 sterilitatem,
686 648 759 703 ita
813 648 1065 705 docebat.
1126 668 1146 702 ι
1178 649 1291 706 Hoc
1337 649 1640 705 custoditur
1685 649 1740 703 in

176 739 354 796 Cltritto
381 748 429 796 et
459 739 696 795 Ecclesia
716 782 731 806 ,
766 750 827 797 ut
864 744 1055 797 vivens
1083 757 1207 798 cum
1241 741 1459 798 vivente
1491 742 1543 796 in
1573 753 1739 796 mter-

176 849 285 889 num
332 832 471 887 nullo
528 831 766 888 divortio
822 845 1125 905 separatur.
1194 834 1365 905 Cujus
1427 836 1739 889 sacramenti

177 936 299 983 tanta
323 926 628 982 observatio
653 938 740 984 est
770 927 823 984 in
855 930 1079 985 civitate
1105 930 1198 985 Dei
1232 929 1426 996 nostri,
1463 930 1515 983 in
1549 938 1738 985 monte

175 1031 336 1074 sancto
362 1018 495 1087 ejus,
525 1017 631 1075 boe
661 1029 747 1075 est
786 1022 840 1076 in
891 1021 1134 1077 Ecclesia
1167 1021 1398 1087 Christi,
1430 1020 1737 1091 quibusque

178 1111 398 1168 ﬁdelibus
435 1110 739 1182 ceujugatis
764 1154 780 1177 ,
818 1114 907 1183 qui
948 1114 1067 1170 sine
1108 1114 1280 1169 dubio
1323 1114 1566 1168 membra
1610 1121 1740 1169 sunt

176 1204 381 1266 Christi,
437 1215 530 1270 ut,
577 1220 703 1261 cum
752 1206 986 1262 ﬁliorum
1049 1205 1513 1276 procreandorum
1574 1220 1739 1262 causa

176 1298 246 1354 vel
293 1297 488 1352 nubant
534 1296 796 1366 feminas,
859 1300 941 1354 vel
996 1299 1267 1355 ducantur
1318 1313 1566 1365 uxores,
1636 1314 1740 1354 nec

177 1390 386 1447 sterilem
411 1393 695 1462 conjugem
721 1391 807 1446 fas
825 1391 894 1448 sit
926 1392 1240 1462 relinquere
1269 1401 1327 1448 ut
1365 1393 1472 1447 alia
1506 1391 1735 1448 fecunda

178 1486 392 1542 ducatur.
435 1486 589 1554 Quod
628 1487 672 1543 si
708 1488 977 1557 quispiam
1016 1486 1232 1553 fecerit,
1270 1502 1375 1543 non
1417 1488 1537 1558 lege
1576 1488 1741 1556 hule

180 1580 363 1642 tia-culi,
396 1579 483 1635 ubi
514 1580 913 1636 interveniente
943 1581 1171 1651 repudio
1198 1582 1315 1637 sine
1344 1580 1580 1637 crimine
1607 1596 1741 1635 con-

178 1675 360 1729 ceditur
381 1690 499 1730 cutn
523 1676 646 1730 aliis
671 1676 778 1730 alia
803 1675 1059 1745 copulare
1084 1676 1475 1732 connubia.....
1496 1674 1596 1731 sed
1618 1676 1741 1745 lege

177 1768 424 1837 Evangelii
472 1786 597 1826 rcus
644 1770 749 1826 erit
794 1771 1080 1836 adulterii;
1133 1770 1276 1826 sicut
1315 1773 1477 1825 etiam
1519 1769 1649 1836 illa,
1690 1770 1736 1826 si

174 1863 305 1920 alteri
332 1864 595 1933 nupserit.
623 1883 645 1918 ι

232 1955 335 2013 Non
364 1958 533 2013 solum
557 1966 741 2014 autem
767 1957 975 2027 repudii
1000 1958 1250 2023 abusum,
1280 1971 1589 2027 novumque
1611 1956 1739 2013 inde

176 2050 450 2121 coniugium
474 2093 488 2117 ,
524 2067 619 2108 seu
652 2052 942 2117 adulterii,
972 2067 1069 2108 seu
1108 2051 1411 2107 sterilitatis
1438 2064 1605 2107 causa
1624 2092 1641 2117 ,
1669 2066 1738 2106 ex

176 2146 339 2200 surculi
366 2144 567 2215 legibus
598 2145 804 2201 licitum
836 2145 939 2199 sibi
986 2144 1255 2201 faciebant
1286 2142 1557 2201 interdum
1590 2142 1742 2199 inﬁr-

178 2238 235 2291 mi
257 2237 457 2309 quidam
484 2240 534 2293 in
561 2238 687 2306 ﬁde,
717 2239 966 2310 maleque
988 2239 1182 2293 morati
1208 2237 1489 2293 christiani
1513 2255 1530 2303 ;
1553 2238 1647 2295 sed
1672 2238 1739 2294 ad

176 2344 320 2386 novas
359 2332 518 2387 etiam
584 2333 805 2401 nuptias
864 2331 1175 2389 earumdem
1229 2331 1407 2401 legum
1453 2331 1733 2398 subsidio,

178 2425 465 2497 quandoque
494 2426 880 2492 convolabant,
913 2427 957 2482 si
986 2427 1155 2482 altera
1176 2442 1241 2482 ex
1268 2426 1509 2496 partibus
1535 2429 1587 2481 in
1614 2442 1741 2498 cap-

180 2519 408 2575 tivitatem
436 2518 750 2575 duceretur.
795 2518 1008 2575 Accidit
1040 2528 1094 2575 et
1123 2519 1433 2588 huiusmodi
1455 2536 1613 2575 casus
1642 2535 1730 2575 διια

179 2612 330 2681 peritis
353 2615 519 2669 citato
548 2622 741 2670 sancto
768 2629 922 2684 papa:
952 2614 1299 2679 Innocentio,
1332 2616 1407 2669 uti
1433 2614 1742 2685 colligimus

176 2723 229 2763 ex
253 2709 356 2779 ejus
384 2710 618 2780 cpistola
647 2710 789 2782 apud
820 2709 1195 2765 Constantium
1217 2711 1309 2778 56,
1337 2712 1444 2767 col.
1475 2711 1737 2777 909,9“),

177 2818 275 2871 qtae
296 2803 514 2873 epistola
544 2804 746 2859 ibidem
775 2804 954 2860 incerti
979 2805 1224 2875 temporis
1254 2806 1478 2872 dicitur,
1504 2806 1627 2860 licet
1651 2819 1743 2860 ace

178 2896 384 2951 curatius
412 2898 645 2953 fortasse
683 2899 863 2952 incerti
904 2900 1027 2951 anni
1059 2899 1163 2952 dici
1196 2898 1464 2966 debuerit,
1496 2899 1566 2953 ob
1595 2898 1739 2954 indi-

176 2997 324 3043 catum
351 2990 544 3045 ibidctn
576 2990 823 3062 prOCcUtB
858 2991 1139 3045 barbarica:
1169 3000 1367 3060 tempus
1392 3033 1407 3058 ,
1443 2992 1493 3046 id
1519 3002 1634 3059 est,
1683 2996 1742 3047 ut

176 3084 376 3148 videtur,
421 3083 589 3139 Italiae
613 3085 683 3140 ab
711 3085 929 3139 Alarico
957 3086 1292 3139 invasionem
1318 3130 1330 3151 ,
1378 3095 1435 3141 et
1480 3085 1742 3141 Romana:

176 3177 300 3231 urbis
318 3180 701 3249 direptionem,
727 3194 846 3250 quae
872 3180 992 3236 duas
1016 3181 1355 3235 calamitates
1381 3196 1525 3235 anno
1551 3179 1655 3236 409
1685 3189 1741 3236 et

1843 561 2065 620 demum
2098 567 2382 638 religionis
2421 576 2642 629 statuatis
2673 586 2728 632 et
2757 578 3044 635 catholica!
3084 580 3209 636 ﬁdei
3246 583 3447 654 regulis

1840 656 2047 728 imponi
2080 662 2356 719 silentium
2391 667 2599 737 legibus
2631 673 2841 736 surculi,
2870 684 2926 729 et
2952 675 3232 730 Pontiﬁcis
3258 687 3447 733 aucto-

1841 751 2002 808 ritate
2034 754 2374 825 illegitimam
2401 761 2662 830 judicari,
2687 767 2828 835 quod
2864 768 2971 822 illte
3002 770 3323 839 probabant.

1912 844 2093 900 Alium
2124 864 2303 904 casum
2333 854 2437 907 alia
2471 858 2698 924 procella
2727 860 2995 915 barbarica
3026 864 3225 918 obtulit
3253 872 3442 937 postea

1839 939 2156 1006 apostolicm
2186 945 2323 1007 sedi,
2349 957 2540 1003 sancto
2572 949 2755 1007 Leone
2783 952 2974 1025 Magno
3003 956 3285 1012 Pontiﬁce.
3321 957 3445 1013 llicc

1841 1031 2082 1087 Attilaua
2114 1035 2300 1091 clades
2331 1041 2457 1106 fttit,
2486 1060 2646 1114 quam
2676 1048 2846 1101 subiit
2878 1050 3144 1119 Aquileia,
3176 1052 3305 1107 urbs
3334 1052 3445 1108 Ve-

1842 1124 2006 1177 netia:
2035 1128 2313 1198 princeps,
2344 1149 2485 1189 anno
2511 1137 2639 1204 4.32,
2674 1142 2819 1197 unde
2849 1142 3283 1213 Aquileiensium
3307 1148 3449 1201 mul-

1846 1216 2020 1272 titudo
2052 1220 2103 1273 in
2135 1225 2506 1293 captivitatem
2541 1246 2568 1283 a
2594 1233 2847 1289 Barbaris
2878 1236 3107 1293 abducta
3140 1238 3256 1293 fuit.
3289 1240 3445 1306 Quod

1841 1307 1975 1364 fecit
2000 1326 2161 1381 sunra
2192 1316 2488 1374 Fortunttts
2516 1339 2579 1378 ex
2613 1325 2865 1394 facultate
2891 1328 3092 1399 Legum
3139 1330 3442 1387 mundana-

1843 1417 1964 1457 rum
1997 1406 2066 1459 ob
2091 1411 2436 1479 captivitatem
2458 1413 2613 1471 Ursae
2644 1420 2848 1485 uxoris,
2882 1424 2979 1476 hoc
3010 1422 3111 1479 sibi
3136 1422 3440 1481 faciendum

1845 1508 2102 1567 putarunt
2134 1504 2517 1572 Aquileienses
2545 1511 2795 1578 quaedam
2828 1514 3105 1579 mulieres,
3146 1532 3269 1586 qua:
3298 1521 3445 1573 viros

1843 1605 1973 1644 suos
2011 1597 2259 1664 captivos
2300 1597 2606 1667 habebant;
2651 1611 2709 1658 ut
2756 1604 2963 1660 scilicet
3009 1609 3302 1663 solitudine
3346 1624 3445 1664 co-

1841 1696 2034 1755 gente,
2070 1703 2282 1744 necnon
2313 1702 2558 1748 veterum
2589 1697 2754 1751 etiam
2786 1698 2966 1768 legum
2999 1701 3328 1772 suifragante
3362 1702 3444 1758 fa—

1846 1793 1995 1845 vore,
2028 1780 2166 1837 alios
2197 1782 2299 1837 sibi
2329 1789 2553 1841 maritos
2587 1788 2707 1843 loco
2736 1793 3070 1861 captivorum
3099 1804 3442 1865 coeptarent;

1768 1858 1818 1920 Β
1845 1889 2073 1944 quorum
2105 1889 2282 1933 tamen
2310 1884 2576 1951 nonnulli,
2608 1896 2751 1940 statu
2785 1903 2963 1943 rerum
2990 1890 3041 1944 in
3074 1892 3298 1946 meliora
3324 1909 3449 1948 con-

1844 1982 2021 2037 verso,
2048 1984 2381 2038 remearunt,
2408 1986 2461 2031 et
2488 1994 2691 2033 uxores
2712 1996 2859 2048 suas,
2887 1984 3012 2039 licet
3037 1987 3157 2040 aliis
3186 1988 3453 2057 conjunc-

1845 2070 1926 2115 Ias
1971 2063 2145 2131 viris,
2199 2068 2540 2135 repetebant.
2591 2071 2820 2127 Novitas
2856 2078 3039 2144 procul
3083 2079 3247 2133 dubio
3288 2080 3448 2151 hujus

1840 2167 2003 2209 casus
2031 2156 2083 2210 in
2108 2156 2445 2227 Aquileiensi
2483 2163 2745 2233 Ecclesia,
2776 2169 2991 2224 ratione
3016 2171 3178 2225 etiam
3208 2171 3446 2228 circum-

1842 2248 2184 2315 stantiarum,
2211 2250 2411 2319 etfecit,
2438 2262 2497 2308 ιιι
2518 2266 2740 2312 Sanctus
2760 2258 2995 2326 Nicetas,
3018 2265 3108 2332 qui
3134 2272 3260 2319 tunc
3282 2267 3450 2335 Aqui-

1844 2338 2128 2395 leicusium
2179 2354 2299 2397 erat
2343 2346 2655 2418 episcopus,
2704 2352 2889 2407 sedem
2935 2355 3290 2423 apostolicam
3341 2359 3444 2414 sibi

1843 2435 2239 2493 consulendam
2271 2454 2629 2511 preponeret.
2665 2448 2775 2501 lloc
2805 2459 2986 2503 autem
3018 2450 3142 2505 fecit
3164 2493 3178 2517 ,
3209 2459 3318 2505 tum
3349 2468 3449 2521 per

1842 2526 2187 2584 Adeodatum
2231 2532 2490 2590 Romana,
2542 2536 2798 2593 Ecclesiae
2828 2541 3158 2610 diaconum,
3192 2545 3282 2614 qui
3321 2556 3448 2601 tunc

1844 2622 2107 2692 Aquileia:
2139 2624 2361 2691 aderat;
2404 2640 2516 2683 tum
2546 2631 2712 2686 etiam
2741 2647 2837 2701 per
2868 2636 3129 2704 epistolas
3156 2650 3283 2691 suas
3305 2679 3319 2701 ,
3351 2648 3447 2693 aut

1843 2714 1991 2768 aliud
2023 2717 2338 2786 scriptionis
2361 2736 2556 2789 genus,
2587 2724 2661 2777 uti
2690 2726 3052 2795 conjectando
3080 2731 3448 2801 prOpuguavic

1844 2822 1965 2863 mus
1989 2823 2110 2864 cum
2145 2813 2213 2866 de
2238 2814 2441 2870 Nicetae
2469 2817 2686 2888 scriptis
2717 2834 3023 2889 ageremus.

1916 2899 2054 2965 Quid
2085 2918 2213 2959 vero
2240 2915 2462 2962 sanctus
2494 2908 2604 2963 Leo
2633 2926 2766 2981 papa
2796 2913 3113 2981 respondit?
3143 2933 3160 2965 ι
3186 2915 3319 2982 Quia
3351 2928 3448 2969 no.

1845 2992 2023 3047 vimus
2058 2996 2319 3064 scriptum
2348 3040 2361 3063 ,
2395 2999 2570 3069 inquit
2598 3016 2817 3057 sanctus
2846 3004 3095 3060 Pontifex
3114 3050 3126 3074 ,
3160 3010 3303 3077 quod
3332 3006 3450 3065 Deo

1835 3087 2083 3158 jungitur
2125 3090 2311 3143 mulier
2356 3091 2496 3157 viro;
2545 3102 2601 3147 et
2632 3094 2825 3149 iterum
2864 3107 3189 3167 prmccptum
3223 3101 3447 3168 agnovi-

1847 3193 1988 3242 mus,
2020 3183 2237 3249 utquod
2267 3180 2405 3236 Deus
2419 3187 2623 3255 juuxit,
2656 3187 2808 3239 homo
2838 3203 2936 3240 non
2960 3200 3195 3259 separet:
3219 3206 3447 3246 nem-asc

174 3266 264 3323 510
284 3272 643 3341 contigerunt,
678 3281 734 3326 et
765 3282 888 3342 post
913 3288 1048 3342 quas
1085 3274 1317 3342 epistola
1352 3274 1440 3327 illa
1470 3274 1741 3328 verisimi-
1767 3255 1813 3318 C
1844 3281 1930 3328 est
1959 3282 2016 3328 ut
2049 3274 2414 3343 legitimarum
2446 3276 2649 3334 foedera
2681 3283 2990 3349 nuptiartnn
3018 3255 3443 3354 redintegranda

176 3360 282 3416 litcr
305 3364 417 3418 data
446 3365 560 3429 fuit,
594 3365 666 3419 ob
697 3380 881 3419 casum
914 3381 975 3421 ea
1008 3367 1297 3422 occasione
1340 3366 1497 3422 facile
1528 3375 1738 3433 nulum,

178 3453 241 3509 En
266 3467 434 3514 autem
465 3458 743 3529 quomodo
773 3468 997 3513 sanctus
1026 3459 1278 3514 Pontifex
1323 3475 1488 3529 super
1538 3460 1640 3515 bac
1683 3478 1739 3516 re

176 3552 419 3621 scripserit
450 3554 669 3609 cuidam
700 3552 875 3608 Probo
901 3594 917 3619 ,
965 3554 1057 3624 qui
1088 3556 1169 3609 vir
1202 3556 1255 3609 in
1288 3557 1613 3611 auctoritate
1642 3573 1777 3612 ξων

175 3643 317 3700 calari
342 3648 667 3703 constitutus
700 3649 867 3702 fuisse
892 3647 1125 3714 videtur,
1166 3658 1221 3704 et
1261 3649 1495 3704 fumasse
1524 3649 1625 3704 Itoc
1653 3668 1745 3704 stt-

177 3751 253 3803 per
278 3741 670 3810 negotiojudex
702 3756 730 3793 a
761 3750 917 3811 parte
943 3744 1105 3796 noxia
1134 3742 1449 3808 invocatus;
1476 3747 1742 3814 cujusque

175 3844 299 3890 certe
322 3836 387 3891 de
414 3852 475 3892 ea
510 3852 573 3892 re
603 3850 945 3907 cognoscere
970 3838 1212 3895 maxime
1241 3837 1552 3894 interesset.
1590 3859 1608 3891 t
1648 3840 1745 3894 ln—

177 3930 410 3983 naccntias
436 3929 630 3985 Probo.
658 3930 1017 3986 Conturbatio
1050 3933 1305 4002 procellas
1331 3932 1630 3989 barbarica:
1659 3935 1739 3989 la-

175 4020 331 4077 cultati
378 4024 557 4093 legum
614 4025 796 4080 intulit
828 4041 1034 4080 casum.
1083 4026 1214 4080 Nam
1262 4026 1400 4081 bene
1445 4028 1743 4083 conatituto

176 4115 488 4173 matrimonio
532 4119 680 4174 inter
726 4118 1049 4173 Fortunium
1094 4127 1149 4173 et
1186 4118 1377 4175 Ursam
1410 4121 1743 4188 captivitatis

177 4206 394 4265 incursus
423 4214 628 4267 fecerat
678 4226 922 4278 naevum,
974 4213 1076 4268 nisi
1108 4222 1294 4266 sancta
1325 4212 1604 4282 religionis
1631 4228 1742 4267 sta-

178 4308 269 4356 luta
299 4304 656 4372 providerent.
685 4305 823 4362 Cum
855 4308 999 4361 enim
1042 4306 1096 4361 iu
1135 4307 1448 4376 captivitate
1478 4307 1740 4378 praedicta

178 4392 294 4450 Ursa
316 4400 504 4455 mulier
528 4406 813 4455 teneretur
836 4440 850 4465 ,
885 4400 1028 4455 aliud
1060 4400 1372 4471 conjuginm
1402 4416 1524 4456 cum
1557 4401 1740 4456 Resti-

177 4495 270 4544 tula
306 4491 592 4548 Fortunius
625 4504 958 4548 memoratus
1004 4494 1173 4549 inisse
1216 4496 1582 4565 cognoscitur.
1632 4496 1741 4554 Sed

177 4577 332 4638 favore
360 4585 568 4642 Domini
620 4600 841 4640 reversa
873 4584 1009 4641 llrsa
1044 4600 1144 4640 nos
1167 4587 1300 4641 adiit
1328 4628 1343 4654 ,
1375 4598 1432 4644 et
1465 4588 1611 4643 nullo
1637 4587 1744 4643 dif-

1845 3366 2132 3422 credamus
2152 3409 2166 3432 ,
2200 3380 2256 3422 et
2286 3371 2512 3425 remotis
2542 3372 2729 3438 malis,
2774 3390 2895 3441 qua:
2929 3373 3196 3429 hostilitas
3226 3377 3443 3443 intulit,

1847 3459 2141 3529 unicuique
2186 3462 2288 3516 ltoc
2311 3504 2325 3527 ,
2374 3464 2518 3532 quod
2550 3464 2788 3536 legitime
2827 3466 3050 3533 habuit,
3083 3470 3447 3534 rcformetur;

1845 3552 2104 3623 omnique
2136 3556 2320 3609 studio
2352 3559 2752 3625 procurandum
2786 3570 2891 3625 est,
2933 3571 2991 3616 ut
3021 3563 3250 3632 recipiat
3279 3579 3449 3618 unus-

1845 3646 2092 3715 quisque,
2119 3650 2262 3717 quod
2293 3652 2572 3720 proprium
2602 3663 2705 3711 est.
2736 3671 2755 3713 ι
2792 3654 2997 3710 Deinde
3028 3668 3314 3727 postquam
3348 3671 3448 3725 pro

1843 3753 2001 3794 casus
2036 3738 2412 3809 singularitate
2439 3784 2453 3809 ,
2503 3754 2555 3799 et
2585 3761 2682 3814 pro
2708 3748 3130 3802 circumstantiis
3160 3749 3210 3802 in
3244 3749 3449 3819 suppli-

1845 3836 2064 3890 catione
2102 3839 2403 3904 enarratis,
2460 3856 2583 3908 qua:
2627 3857 2693 3896 ex
2742 3846 3101 3911 responsione
3139 3854 3447 3913 apparent,

1844 3926 2149 3997 culpabiles
2182 3937 2329 3996 tunc,
2363 3942 2417 3985 et
2453 3946 2622 4000 usque
2664 3932 2731 3987 ad
2778 3933 2827 3988 id
2876 3935 3169 4005 temporis,
3213 3938 3307 3989 cos
3339 3952 3446 3993 non

1841 4020 2135 4089 judicavit,
2181 4024 2275 4092 qui
2322 4040 2585 4093 personas
2624 4040 3037 4095 assumpserunt
3087 4033 3447 4098 maritorum,

1845 4114 1937 4182 qui
1982 4114 2095 4183 jam
2126 4130 2234 4170 non
2266 4132 2389 4172 esse
2430 4118 2904 4185 existimabantur,
2939 4132 2993 4175 et
3022 4121 3075 4176 iu
3126 4123 3448 4179 mulieribus

1845 4222 2060 4276 quoque
2089 4208 2280 4266 eadem
2312 4211 2426 4280 ipsa
2456 4212 2525 4267 de
2551 4228 2715 4268 causa
2761 4229 2873 4268 rem
2914 4216 3280 4271 excusabilem
3310 4217 3450 4273 dixit

1846 4301 1989 4370 quod
2021 4316 2191 4357 novos
2214 4302 2314 4361 sibi
2346 4306 2572 4358 maritos
2592 4321 2710 4360 cont
2720 4308 3061 4375 paraverint;
3088 4307 3205 4362 haec
3225 4309 3292 4363 de
3317 4309 3449 4377 ipsis

1846 4395 2190 4460 mulieribus,
2210 4412 2442 4467 quorum
2463 4399 2565 4452 viri
2595 4400 3114 4471 redierant,easqne
3138 4401 3193 4456 iit
3214 4417 3447 4458 consor-

1848 4489 1980 4544 tium
1997 4489 2281 4559 pristinum
2302 4491 2649 4558 revocabant,
2664 4492 2922 4563 subjecit:
2945 4512 2963 4545 t
2986 4492 3042 4547 Si
3058 4506 3235 4549 autem
3250 4497 3447 4565 aliqum

1848 4584 2108 4639 mulieres
2132 4586 2202 4638 ita
2231 4587 2597 4656 posteriorum
2630 4588 2868 4643 virorum
2893 4604 3078 4645 amore
3101 4598 3227 4645 sunt
3248 4606 3444 4661 capite,

177 4670 368 4743 ﬁtente,
392 4693 615 4733 uxorem
646 4692 706 4733 se
737 4679 1022 4734 memorati
1054 4679 1359 4748 perdocuit.
1400 4681 1579 4747 Quare
1599 4724 1614 4747 ,
1646 4682 1745 4737 do-
1768 4654 1823 4716 D
1850 4686 1908 4733 ut
1948 4679 2138 4735 malint
2186 4679 2271 4735 his
2298 4680 2612 4748 conterere,
2643 4697 2804 4749 quam
2839 4682 2904 4737 ad
2940 4684 3238 4753 legitimum
3269 4686 3449 4744 redire

179 4767 299 4821 mine
322 4769 387 4824 ﬁli
418 4773 621 4827 merito
651 4772 881 4825 illustris
902 4811 917 4837 ,
951 4772 1269 4839 statuimus,
1325 4773 1429 4829 lide
1475 4775 1741 4831 catholica

177 4858 492 4932 suﬂragante,
519 4863 653 4918 illud
680 4880 805 4919 esse
826 4864 1163 4935 conjugium,
1183 4866 1327 4936 quod
1350 4877 1469 4921 erat
1495 4869 1745 4937 primitus

176 4949 319 5015 gratia
366 4952 545 5007 divina
605 4950 929 5019 fundatum;
998 4966 1442 5024 conventumque
1489 4957 1741 5012 secunda:

176 5042 411 5107 mulieris,
440 5045 623 5115 priore
643 5047 964 5115 superstite,
993 5062 1092 5102 nec
1113 5046 1348 5104 divortio
1373 5048 1567 5119 ejecta,
1594 5050 1744 5107 nullo

176 5144 309 5203 pacto
335 5154 490 5209 posse
514 5156 641 5195 esse
662 5140 984 5211 legitimum.
1015 5161 1035 5195 ι
1065 5141 1188 5199 Haec
1215 5143 1424 5215 integra
1445 5144 1742 5203 Innocentii

177 5241 304 5299 papa
322 5232 484 5288 Primi
512 5249 678 5303 super
709 5234 810 5289 hoc
840 5244 1040 5290 eventu
1068 5235 1302 5305 epistola
1329 5247 1433 5293 est.
1460 5237 1558 5295 llic
1581 5254 1745 5307 porro

176 5320 337 5381 videas
364 5326 627 5382 humanas
650 5327 797 5398 leges
821 5328 1073 5399 (Romani
1098 5330 1311 5386 scilicet
1338 5333 1551 5403 imperii
1582 5334 1742 5404 legis-

177 5410 439 5491 latiouem)
470 5420 784 5478 facultatem
814 5421 1077 5478 Fortunio
1114 5424 1332 5481 dedisse
1356 5466 1370 5491 ,
1405 5442 1575 5483 uxore
1607 5427 1742 5485 Ursa

176 5511 455 5576 captivitate
508 5513 768 5580 detenta,
824 5514 973 5570 aliud
1026 5516 1249 5571 iucundi
1296 5533 1418 5573 cum
1472 5520 1742 5578 Restituto

176 5602 471 5673 conjugium.
510 5606 714 5663 Videas
757 5608 908 5677 prius
949 5624 1071 5664 cum
1114 5610 1248 5665 Ursa
1289 5613 1601 5684 conjugium
1635 5615 1743 5672 dici

177 5705 201 5745 a
224 5709 395 5755 sancto
424 5699 687 5759 Pontiﬁce
719 5701 858 5760 bene
882 5705 1263 5769 constitutum,
1291 5719 1342 5762 et
1363 5709 1535 5779 gratia
1560 5708 1744 5777 divina

178 5781 427 5849 fundatum
453 5811 467 5859 ;
500 5792 554 5849 id
582 5806 667 5850 est
688 5795 810 5866 jure
836 5796 1024 5853 divino
1055 5799 1351 5867 ﬁrmatum,
1378 5813 1435 5859 et
1459 5804 1633 5873 gratia
1662 5806 1745 5862 di-

179 5878 316 5956 vitia,
346 5893 687 5960 ,sacratnottti
724 5893 965 5967 scilicet,
996 5896 1353 5969 roboratam,
1405 5907 1464 5957 ut
1512 5900 1745 5987 proinde

1848 4778 2213 4843 consortium,
2250 4777 2451 4834 merito
2480 4788 2607 4833 sunt
2640 4778 2927 4845 uelandae;
2976 4782 3045 4835 ita
3079 4790 3138 4834 ut
3165 4781 3325 4835 etiam
3355 4797 3449 4837 cce

1847 4870 2150 4926 clesiastiea
2176 4872 2562 4927 communione
2607 4872 2921 4941 privcttlttt';
2954 4890 3073 4943 qua-
3105 4874 3174 4930 de
3202 4890 3259 4931 re
3285 4890 3450 4930 excu-

1846 4964 2001 5019 sabili
2047 4964 2564 5020 conlatuiuatiouetn
2608 4965 2858 5022 criminis
2904 4968 3219 5037 elegerunt,
3263 4977 3449 5025 osten-

1846 5055 2041 5111 dentes
2068 5056 2287 5113 sibimet
2317 5074 2411 5127 pro
2440 5072 2534 5113 sua
2564 5060 2952 5116 incontinentia
2980 5062 3270 5130 placuisse,
3301 5062 3448 5132 quod

1843 5148 1989 5218 jnsta
2012 5150 2266 5203 remissio
2289 5160 2497 5219 poterat
2521 5154 2760 5219 exitiare.
2790 5153 3033 5208 Redeunt
3055 5171 3185 5225 ergo
3211 5158 3264 5209 itt
3286 5171 3446 5212 suum

1847 5254 2046 5297 statum
2080 5244 2382 5298 voluntaria
2426 5244 2890 5317 redintegratione
2937 5250 3221 5320 conjugia;
3273 5265 3449 5319 neque

1847 5338 1959 5393 ullo
1986 5337 2147 5391 modo
2183 5337 2247 5390 ad
2278 5338 2635 5407 opprobrium
2666 5341 2823 5395 mala:
2852 5343 3146 5399 voluntatis
3177 5343 3444 5409 trahatur,

1845 5428 1989 5499 quod
2036 5427 2278 5487 conditio
2333 5431 2679 5485 necessitatis
2725 5434 2999 5493 extorsit:
3034 5437 3157 5503 quia
3189 5434 3329 5488 sicut
3362 5430 3447 5485 ltro

1850 5524 2136 5588 mulieres,
2187 5539 2305 5593 qutc
2335 5525 2535 5580 reverti
2570 5525 2635 5579 ad
2667 5527 2813 5581 viros
2844 5543 2972 5580 suos
3005 5528 3199 5582 nolunt
3224 5565 3237 5589 ,
3268 5524 3447 5593 impias

1851 5615 2112 5672 habenda:
2142 5626 2304 5682 sunt;
2339 5616 2411 5671 ita
2443 5616 2547 5671 illzc
2584 5635 2702 5686 qua:
2742 5617 2794 5671 iu
2828 5618 3077 5673 allectum
3108 5635 3170 5673 ex
3206 5617 3315 5669 Deo
3347 5616 3450 5671 itii-

1851 5722 1963 5767 tum
1991 5709 2245 5773 redeunt,
2274 5710 2470 5766 merito
2501 5723 2625 5767 sunt
2654 5710 2958 5767 laudandm.
3000 5731 3018 5768 ι
3070 5711 3193 5764 lla~c
3223 5720 3450 5777 sanctus

1851 5808 1962 5865 Leo
2005 5808 2227 5880 Magnus
2269 5812 2498 5882 cpistola
2548 5811 2617 5865 ad
2662 5811 2893 5865 Nicetam
2945 5808 3240 5879 episcopum
3285 5806 3446 5874 Aqui-

1852 5903 2116 5977 leiemcm,
2146 5922 2269 5981 quae
2300 5907 2400 5966 159
2422 5917 2506 5973 est
2533 5906 2589 5967 in
2618 5905 2859 5964 editione
2886 5902 3114 5974 fratrum
3135 5899 3454 5963 Ballerinio-
