4056 6340
570 330 675 390 287

1518 300 1521 301 γ
1603 335 1658 391 s.
1700 334 2151 394 CthOMATlUS
2187 336 2297 395 ει).
2341 337 2839 408 AQUILEIENSIS.
3762 343 3850 404 288

563 463 708 518 rum,
741 458 796 506 et
841 449 910 505 ad
958 465 1158 506 annum
1211 451 1442 521 pertinet
1488 449 1616 516 458,
1648 451 1737 521 qui
1769 458 1853 507 est
1878 466 2059 507 annus
2099 450 2168 511 ab
2196 455 2245 515 Α
2275 453 2383 508 tius
2412 453 2799 526 valrorumqne
2826 456 3100 526 perversis
3132 455 3377 511 consiliis
3409 454 3739 511 avelluntur.
3771 454 3851 513 llis

566 543 829 615 Aquileire
849 542 1063 599 excidio
1083 554 1291 599 sextus.
1318 547 1493 614 Atque
1509 545 1624 599 haec
1645 560 1860 615 qunque
1876 560 1946 600 ex
1966 545 2165 601 divinae

569 635 702 706 legis
727 635 1069 706 prfescriplo,
1091 636 1361 708 simulque
1383 652 1448 693 ex
1472 637 1780 708 evangelica
1805 639 2167 704 institutione,

561 740 750 787 contra
780 747 842 787 ac
871 731 1133 786 Romanae
1177 732 1527 801 rcipuhliea),
1572 732 1912 802 Romanique
1956 732 2168 801 imperii

569 823 742 897 leges,
776 835 1064 895 tantopere
1096 826 1407 894 celebratae,
1440 828 1735 897 aliquando
1757 828 2107 886 sancivermt.

639 917 921 975 Siluerunt
968 931 1150 988 postea
1186 918 1446 974 Romana
1488 920 1638 991 leges
1683 936 1849 990 super
1880 926 2168 976 matrimo-

571 1016 789 1072 niorum
816 1014 1293 1069 dissolvendorum
1318 1014 1590 1079 libertate,
1611 1025 1770 1086 atque
1794 1024 1922 1071 tunc
1940 1016 2174 1072 maxime

569 1123 696 1165 cum
730 1108 1028 1163 christiana
1062 1106 1273 1177 religio,
1295 1106 1606 1161 idololatria
1632 1107 1851 1163 tandem
1876 1108 2170 1176 exSIincta,

569 1203 623 1259 in
659 1212 772 1259 toto
822 1204 957 1259 orbe
1009 1202 1256 1256 Romano
1284 1202 1401 1258 sola
1428 1201 1623 1272 religio
1649 1201 1769 1257 fuit.
1809 1202 2175 1271 Imperatores

570 1297 678 1369 ipsi
722 1296 1004 1352 christiani
1060 1306 1183 1366 post
1226 1293 1647 1351 Constantinum
1697 1295 1969 1367 Magnum,
2008 1294 2173 1351 etiam

569 1391 911 1447 ethnicorum
965 1388 1113 1444 cultu
1166 1389 1485 1459 superstite,
1517 1387 1737 1443 modum
1788 1389 2027 1459 aliquem
2078 1403 2175 1457 pro

574 1492 879 1552 temporum
929 1482 1142 1537 ratione
1188 1492 1490 1551 posuerunt
1532 1483 1771 1551 antiquze
1820 1481 2172 1552 repudiorum

574 1592 639 1634 ac
668 1578 1029 1633 divortiorum
1067 1592 1133 1633 ex
1163 1575 1407 1631 Romana
1441 1576 1780 1647 legislatione
1808 1574 2041 1631 licentia:
2074 1589 2175 1630 :ac

572 1669 791 1725 demum
826 1684 893 1724 eo
940 1667 1158 1724 tandem
1200 1676 1499 1737 prostrato,
1531 1668 1678 1736 leges
1706 1668 1841 1737 ipsae
1881 1666 2176 1738 autiquatae

574 1763 816 1830 fuerunt,
842 1763 1284 1834 iurisperitorum
1315 1762 1512 1818 deinde
1539 1762 1857 1827 eruditioni,
1880 1777 1943 1817 ac
1971 1762 2178 1817 littera-

2272 560 2437 617 porro
2462 546 2697 611 miseris,
2716 548 2805 618 qui
2834 548 3164 603 matrimonii
3207 548 3554 604 sanctitatem
3590 562 3691 602 non
3720 563 3852 603 men-

2277 638 2347 692 tis
2394 638 2686 709 cordisque
2740 639 3119 711 improbitate,
3150 645 3243 696 sed
3284 641 3611 711 deceptione
3637 642 3854 712 correpti

2274 731 2688 800 prostituerunt,
2710 733 2993 801 aptissime
3015 733 3368 788 Chromatius
3388 744 3577 788 noster
3596 730 3696 787 hac
3709 733 3853 789 etiam

2272 834 2434 880 aetate
2476 826 2706 880 dixisset
2742 846 2754 882 :
2792 845 2810 878 ι
2852 828 3005 894 Quod
3058 827 3266 884 idcirco
3294 843 3352 884 se
3385 827 3622 883 credunt
3654 828 3853 895 impune

2271 920 2641 984 committere,
2669 919 2793 990 quia
2814 919 3089 985 humanis,
3122 935 3184 975 ac
3206 920 3393 975 saeculi
3416 920 3628 990 legibus
3658 920 3708 974 id
3733 921 3855 976 vide—

2277 1023 2362 1067 tur
2378 1012 2726 1083 permissum,
2747 1016 3058 1070 nescientes
3089 1016 3141 1070 in
3171 1014 3274 1069 hoc
3299 1032 3358 1068 se
3386 1013 3684 1085 graviusac
3706 1014 3855 1084 magis

2274 1107 2620 1178 delinquere,
2651 1110 2777 1179 quia
2808 1108 3075 1163 lmmanas
3109 1109 3260 1179 leges
3301 1107 3507 1162 divinis
3557 1110 3850 1176 praeterunt,

2276 1210 2332 1255 ut
2365 1200 2507 1270 quod
2558 1201 2805 1255 illicitum
2840 1201 2983 1256 Deus
3025 1216 3149 1256 esse
3179 1200 3487 1267 constituit,
3517 1199 3639 1253 ideo
3670 1199 3856 1255 licitum

2276 1292 2534 1357 credant,
2570 1294 2700 1361 quia
2750 1292 2819 1347 ab
2865 1292 3084 1347 homine
3136 1293 3206 1347 sit
3248 1291 3419 1346 libere
3468 1293 3803 1360 permissum.
3835 1309 3853 1343 ι

2348 1385 2456 1440 Sed
2504 1387 2696 1456 gratim
2725 1385 2943 1441 tandem
2977 1385 3315 1441 immortales
3344 1385 3454 1439 Deo
3480 1386 3687 1456 optimo
3709 1383 3857 1438 maxi-

2273 1495 2383 1549 mo,
2403 1480 2822 1551 sospitatori,ac
2853 1481 3053 1536 vindici
3075 1480 3599 1551 peragantur;quod
3630 1480 3854 1550 proxime

2280 1574 2577 1644 prmteritis
2608 1574 2767 1629 atttiis
2801 1574 2939 1630 18H
2976 1584 3032 1629 et
3061 1574 3223 1637 1815,
3256 1575 3450 1627 accitis
3477 1572 3531 1627 in
3561 1588 3745 1638 unum,
3773 1585 3859 1626 suo

2277 1665 2466 1723 divino
2488 1668 2735 1735 numine,
2773 1669 2943 1723 semel
2976 1679 3029 1722 et
3063 1667 3261 1723 iterum
3293 1667 3465 1721 totius
3497 1666 3722 1737 Europa:
3742 1665 3857 1721 viri-

2281 1760 2405 1826 bus,
2430 1762 2675 1831 mireque
2703 1762 3008 1831 compactis
3051 1763 3295 1815 omninm
3344 1760 3655 1830 principum
3687 1776 3746 1813 ac
3774 1774 3857 1829 po-

576 1864 754 1912 torum
808 1857 1030 1927 ingenio
1075 1856 1238 1912 unice
1284 1856 1509 1910 relicue.
1538 1855 1667 1910 Post
1699 1855 1929 1910 Romani
1962 1854 2175 1925 imperii
2206 1844 2253 1904 B
2285 1856 2560 1927 pulormn,
2610 1857 2739 1911 licet
2794 1856 3037 1924 natione,
3072 1856 3276 1925 lingua,
3309 1854 3578 1922 moribus,
3622 1853 3861 1925 religione

578 1962 859 2016 occasum,
890 1963 1013 2003 cum
1049 1957 1129 2003 tot
1159 1947 1404 2017 undique
1430 1949 1743 2003 dominatus
1772 1962 1835 2004 ac
1866 1964 2030 2017 regna
2065 1965 2176 2003 sur-

578 2043 845 2106 rexerint,
894 2040 1127 2111 aliisque
1183 2040 1423 2095 vicissim
1471 2040 1790 2097 cadentibus
1847 2042 2179 2097 emerserint

576 2134 702 2195 alia.
736 2148 967 2204 cumque
1009 2150 1075 2189 ex
1112 2133 1358 2189 Romano
1406 2136 1712 2204 praesertim
1749 2136 1871 2203 jure
1911 2135 2078 2190 veluti
2109 2151 2178 2191 ex

578 2227 781 2291 veteri,
814 2242 877 2282 ac
906 2226 1275 2283 celeberrimo
1318 2226 1473 2283 fume
1520 2228 1794 2297 :cquitatis
1829 2238 1993 2299 atque
2017 2228 2178 2299 justi-

574 2320 683 2387 tite,
721 2320 772 2375 in
826 2320 911 2375 his
946 2336 1067 2390 qua:
1102 2336 1250 2376 mere
1284 2321 1510 2375 humani
1552 2330 1677 2376 sunt
1700 2321 1862 2391 juris,
1897 2322 2045 2393 leges
2075 2323 2178 2379 sibi

577 2416 939 2483 sanciverint;
971 2418 1116 2472 nulla
1140 2416 1605 2483 Christianorum,
1634 2428 1689 2473 et
1717 2416 1955 2472 maxime
1980 2416 2179 2474 Catho-

575 2512 832 2577 licorum,
866 2512 1174 2567 dominatio
1205 2513 1327 2578 luit,
1350 2529 1472 2584 quae
1520 2523 1711 2568 contra
1752 2513 1928 2582 legem
1976 2512 2094 2575 Dei.
2125 2521 2180 2568 et

580 2606 967 2674 Evangelicam
1022 2605 1328 2660 doctrinam
1387 2606 1717 2661 reviviscere
1771 2606 2001 2673 fecerit,
2058 2624 2179 2679 qum

581 2701 808 2758 Romani
840 2702 1019 2772 legum
1052 2701 1257 2756 latores
1279 2701 1486 2769 antiqui
1528 2699 1864 2756 tradiderant
1886 2702 1953 2756 de
1985 2702 2177 2757 matri-

580 2796 889 2851 moniorum
920 2797 1195 2851 solutione
1219 2812 1315 2866 per
1346 2796 1828 2866 repudium,atque
1856 2796 2175 2865 divortium,

577 2902 635 2948 et
677 2907 839 2947 causa
889 2894 1221 2963 captivitatis
1245 2937 1259 2960 ,
1298 2893 1601 2955 servitutis,
1628 2893 2049 2960 deportationis,
2083 2901 2177 2948 aut

579 3007 645 3047 ex
677 2999 867 3045 mutuo
906 2990 1142 3060 partium
1174 3005 1467 3045 consensu.
1502 2990 1554 3044 Id
1603 3000 1803 3045 nostra:
1847 3004 1984 3045 serto
2031 2989 2178 3044 aetati

579 3082 798 3139 tandem
852 3084 1029 3139 fuerat
1074 3095 1437 3147 reservatum,
1474 3094 1530 3139 nt
1559 3101 1624 3141 ex
1666 3085 2045 3142 dominatiOne
2074 3102 2176 3141 nu-

578 3178 841 3248 perrima,
868 3195 1026 3245 quam
1060 3195 1242 3234 rerum
1275 3180 1706 3247 vicissitudines,
1738 3182 1887 3247 justo
1918 3181 2009 3235 Dei
2034 3180 2180 3250 judi-

2283 1950 2622 2021 negotiieque
2652 1950 3050 2020 sejunctorum,
3076 1949 3129 2004 in
3153 1949 3409 2004 eumdem
3443 1964 3668 2016 scopum
3695 1948 3863 2003 volun-

2285 2044 2506 2108 tatibus,
2530 2043 2958 2099 dominatioiiem
2989 2044 3135 2098 illam
3178 2058 3493 2114 procacem,
3524 2056 3647 2113 quae
3669 2057 3726 2097 se
3748 2055 3863 2097 con-

2285 2147 2365 2192 tra
2420 2136 2627 2203 Deum,
2660 2136 2886 2207 ejusque
2930 2137 3079 2207 leges
3129 2137 3510 2191 sanctissimas
3537 2179 3549 2203 ,
3594 2144 3650 2190 et
3696 2146 3862 2190 contra

2284 2227 2588 2284 Ecclesiam
2621 2228 2950 2284 catholicam
2998 2229 3307 2283 divinarum
3353 2228 3531 2296 legum
3583 2241 3865 2298 propugna-

2285 2321 2508 2384 tricem,
2554 2321 2947 2391 superbissime
2999 2330 3274 2387 erexerat,
3324 2320 3586 2376 comi-ivit
3640 2322 3861 2387 demum,

2285 2415 2603 2486 prostravit,
2637 2417 2961 2486 penitusque
3004 2416 3244 2480 delevit;
3298 2424 3358 2469 ut
3385 2414 3640 2485 exemplo
3669 2416 3862 2470 suculis

2283 2508 2539 2565 omnibus
2568 2524 2690 2565 esse
2722 2510 2916 2579 possit,
2949 2525 3109 2579 quam
3150 2524 3281 2563 vere
3310 2509 3577 2579 scriptum
3624 2509 3712 2576 sit,
3738 2507 3861 2579 quod

2285 2621 2386 2659 non
2414 2615 2487 2660 est
2518 2606 2778 2676 sapientia
2802 2647 2815 2671 ,
2840 2615 3040 2659 nonest
3068 2604 3363 2675 prudentia,
3387 2620 3487 2658 non
3512 2611 3586 2657 est
3614 2603 3863 2657 consilium

2284 2707 2466 2752 contra
2489 2696 2792 2760 Dominum,
2831 2697 2990 2752 Prov.
3020 2713 3133 2763 χιι,
3166 2696 3268 2760 ’5ος
3299 2705 3355 2751 et
3385 2696 3530 2767 quod
3564 2698 3676 2766 ipse
3702 2694 3864 2749 Domi-

2285 2807 2381 2845 nus
2410 2791 2628 2860 dissipat
2660 2790 2878 2845 consilia
2919 2791 3166 2861 gentium,
3194 2789 3439 2860 reprobat
3481 2801 3652 2843 autem
3690 2790 3862 2856 cogita-

2285 2884 2450 2939 tiones
2501 2885 2843 2956 populorum,
2897 2892 2945 2937 et
2984 2882 3226 2955 reprobat
3277 2883 3499 2936 consilia
3548 2884 3862 2953 principum,

2282 2976 2430 3033 Psal.
2467 2993 2643 3038 xxxu.
2688 2978 2775 3034 10.
2811 2977 2875 3032 Et
2930 2992 3069 3030 nunc
3121 2993 3267 3048 reges
3325 2976 3513 3045 itaque
3564 2975 3862 3045 intelligite:

2284 3072 2581 3138 erudimini,
2612 3076 2701 3142 qui
2724 3072 2975 3142 judicatis
3002 3080 3228 3135 terram;
3260 3070 3330 3123 ita
3364 3084 3462 3123 rex
3484 3068 3859 3134 sanctissimus,

2282 3166 2466 3221 divino
2494 3165 2692 3234 spiritu
2739 3167 2976 3230 afﬂatus,
3010 3179 3166 3236 reges
3189 3178 3385 3219 omnes
3414 3163 3565 3217 orbis
3589 3170 3860 3225 terrarum,

576 3271 664 3326 cio
692 3272 1067 3339 permittente,
1094 3273 1147 3327 in
1174 3282 1499 3342 potestatem
1525 3276 1916 3344 amplissimam
1941 3290 2006 3330 ex
2029 3248 2177 3344 prin-
2204 3248 2248 3313 C
2284 3260 2375 3331 (Ιυί
2420 3258 2585 3313 Muri
2634 3268 2841 3324 9‘59“:
2870 3258 3220 3325 θάηιοηθυων
3260 3256 3403 3311 ΡεθΙο
3441 3271 3519 3321 ιι»
3554 3254 3641 3309 ίθ·
3677 3253 3780 3309 sed
3805 3254 3862 3308 de

576 3363 736 3432 cipiis
768 3365 981 3433 exiguis
1006 3367 1342 3430 extulerunt,
1377 3382 1605 3438 qumque
1639 3382 1698 3422 se
1722 3366 1786 3421 ad
1812 3366 2047 3422 fallenda
2080 3367 2179 3421 ho-

577 3456 785 3512 minum
814 3457 993 3513 studia
1022 3457 1378 3514 christianam
1407 3471 1570 3527 atque
1610 3460 1936 3516 catholicam
1983 3461 2179 3529 prmdi—

577 3548 766 3616 cabat;
794 3559 877 3615 ut,
903 3552 1147 3621 inquam.
1172 3568 1239 3608 ex
1267 3568 1327 3608 ea
1358 3553 1601 3609 codicem
1630 3555 1807 3625 legum
1828 3553 2174 3620 haberemus,

577 3644 938 3700 dominatoris
978 3645 1199 3700 nomine
1230 3646 1596 3703 NAPOLEONEII
1634 3648 2004 3703 communiter
2042 3663 2178 3701 nun-

577 3752 856 3809 cupatum.
880 3752 934 3798 et
981 3745 1080 3799 toti
1122 3759 1263 3814 pene
1298 3744 1551 3811 Europae,
1577 3760 1683 3815 qna
1712 3745 1788 3810 vi,
1821 3760 1924 3816 qua
1970 3744 2179 3799 blandi-

580 3837 692 3897 tiis.
725 3852 830 3906 qua
875 3837 1241 3908 negotiatione
1288 3840 1583 3906 indictum;
1614 3839 1665 3893 in
1711 3854 1821 3910 quo
1868 3838 2177 3906 posthabito

579 3928 765 3986 divino
784 3930 927 3999 jure.
955 3931 1327 4004 neglectisque
1355 3930 1693 3999 Evangelicis
1720 3931 2004 3995 institutis,
2025 3946 2181 3987 revo-

577 4033 838 4081 carentur
868 4028 921 4080 in
948 4042 1131 4091 usum,
1165 4042 1286 4094 qure
1320 4026 1523 4081 tamdiu
1548 4025 1952 4089 obsoleverant,
1980 4024 2171 4080 Roma-

579 4130 772 4171 norum
825 4128 1097 4185 veterum,
1144 4119 1233 4185 qui
1294 4119 1464 4174 Deum
1514 4133 1622 4173 non
1668 4127 1971 4184 noverant,
2030 4117 2177 4188 leges

578 4209 911 4265 matrimonii
936 4213 1283 4267 sanctitatem
1315 4210 1642 4266 allicientes.
1666 4210 1800 4278 Quis
1830 4225 1936 4265 non
1974 4210 2178 4267 exhor-

575 4301 709 4365 ruit,
741 4304 861 4375 quis
886 4321 992 4359 non
1016 4306 1302 4377 ingemuit,
1322 4304 1450 4360 dum
1485 4305 2173 4375 ibidem,exempligratia,

572 4415 775 4471 poenam
803 4400 1060 4466 infamia’,
1083 4410 1301 4455 mortem
1323 4402 1525 4455 civilem
1550 4401 1889 4469 appellatam,
1910 4399 2179 4456 intellexit

572 4507 793 4549 causam
825 4494 933 4550 dici
968 4495 1257 4549 solutionis
1281 4494 1490 4549 vinculi
1521 4492 2177 4564 cunjugalis,adulterium

572 4604 793 4660 quoque
832 4589 1152 4643 alterutrius
1179 4588 1385 4658 partis;
1415 4588 1582 4643 immo
1610 4599 1844 4641 mutuum
1884 4588 2071 4649 etiam,
2096 4595 2179 4640 at-

573 4694 682 4750 que
747 4689 1093 4736 constantem
1146 4694 1476 4735 consensum
1536 4679 1873 4750 coniugum?
1912 4678 2178 4735 Mittimus

574 4779 773 4827 cmtera
815 4786 984 4841 super
1026 4774 1124 4827 hac
1156 4787 1215 4826 re
1246 4772 1314 4825 ab
1337 4772 1528 4826 eodem
1556 4772 1745 4827 codice
1783 4773 2100 4835 constituta,
2128 4782 2184 4829 et

574 4863 776 4920 divinis
808 4865 1040 4934 legibus.
1070 4863 1446 4935 doctrinaeque
1484 4864 1746 4920 Ecclesia:
1778 4866 2063 4923 catholicre
2092 4885 2179 4922 re-

577 4958 872 5030 pugnantia
899 5000 914 5023 ,
949 4973 1071 5028 quae.
1114 4957 1319 5013 addere
1370 4957 1459 5013 hic
1509 4973 1829 5026 possemus.
1864 4960 1907 5013 si
1966 4960 2175 5031 singula

573 5050 833 5123 persequi
858 5059 1008 5106 esset
1046 5050 1284 5119 animus,
1314 5059 1409 5106 aut
1456 5051 1689 5107 instituti
1721 5053 1892 5108 nostri
1924 5052 2063 5108 ratio
2086 5069 2179 5125 pa-

575 5154 806 5203 teretur.

653 5240 861 5295 Paucos
889 5240 1108 5310 quidem
1142 5239 1331 5295 habuit
1373 5241 1517 5297 inter
1537 5239 1857 5296 Catholicos
1887 5241 2058 5296 codex
2092 5240 2182 5295 ille

577 5333 1001 5390 anticatbolicus
1031 5335 1117 5405 qui
1144 5350 1211 5390 eo
1245 5336 1368 5405 jure
1395 5339 1472 5392 uti
1508 5336 1781 5391 voluerint
1809 5335 1875 5389 ad
1902 5333 2182 5389 matrimo-

575 5428 651 5483 nii
687 5429 1033 5484 sanctitatem
1064 5429 1374 5488 violandam
1408 5449 1421 5485 :
1452 5440 1616 5502 atque
1657 5430 1711 5487 hi
1756 5430 1841 5485 vel
1889 5445 1955 5485 ex
1988 5444 2182 5483 eorum

576 5534 807 5576 numero
835 5521 1073 5588 fuerunt,
1097 5524 1185 5593 qui
1220 5524 1573 5592 perditissimi
1598 5523 1879 5578 hominum
1909 5519 2179 5588 appellari

571 5626 804 5687 possunt
832 5614 903 5670 ob
924 5617 1236 5688 proﬂigatos
1263 5632 1465 5683 mores,
1490 5616 1924 5687 religionemque
1956 5614 2177 5679 penitus

573 5724 606 5766 e
635 5708 805 5766 corde
834 5725 1122 5767 excussam
1158 5729 1171 5766 :
1205 5712 1289 5766 vel
1336 5727 1401 5766 ex
1434 5711 1535 5769 eis.
1565 5709 1654 5779 qui
1687 5724 1788 5780 pro
1829 5706 2060 5777 quadam
2090 5705 2176 5760 iu-

574 5802 718 5873 genii
743 5804 1045 5872 mentisque
1068 5804 1291 5859 levitate
1319 5802 1477 5855 facile
1497 5801 1865 5869 decipiuntur,
1885 5810 1937 5853 et
1968 5813 1995 5851 a
2025 5807 2179 5852 recto

593 5896 818 5959 ramite,
850 5912 959 5951 non
987 5903 1084 5950 sua
1127 5892 1347 5964 quidem
1387 5898 1606 5963 sponte,
1632 5883 1726 5947 sed
1762 5890 2052 5959 impiorum
2080 5905 2176 5959 poa

2286 3355 2389 3410 hoc
2412 3355 2523 3424 jam
2553 3352 2710 3409 satis.
2734 3353 2751 3427 ]

2355 3446 2501 3520 [xcv]
2533 3447 2658 3501 Post
2686 3446 2828 3501 dicta
2853 3444 3122 3516 quaadam,
3152 3460 3274 3515 quze
3298 3445 3676 3515 expendimus,
3707 3442 3861 3499 sancti

2282 3540 2606 3604 Chromatii,
2629 3540 2908 3609 praeterire
2931 3554 3073 3595 nunc
3095 3538 3311 3593 silentio
3337 3554 3444 3593 non
3469 3538 3598 3594 licet
3626 3538 3858 3605 elegium,

2283 3650 2391 3705 quo
2423 3634 2675 3689 eumdem
2719 3642 2964 3687 sanctum
3010 3632 3297 3702 prresulem
3335 3631 3622 3687 exornavit
3661 3631 3860 3685 ﬂutiuus

2284 3729 2570 3799 presbyter
2610 3728 2661 3780 in
2694 3725 2920 3797 Prologo
2948 3723 3413 3780 adChromatium
3438 3725 3637 3794 ipsum,
3663 3722 3714 3777 in
3741 3719 3859 3775 Tra-

2282 3832 2475 3878 ctatum
2506 3822 2744 3891 Origenis
2767 3836 2921 3887 super
2943 3819 3126 3873 librum
3147 3816 3179 3871 J
3188 3834 3274 3872 esu
3294 3817 3460 3879 Nave,
3476 3817 3862 3888 quodqueinter

2292 3915 2531 3971 Veterum
2553 3914 2617 3969 de
2640 3912 2935 3968 Chromatio
2953 3911 3271 3966 Testimonia
3292 3907 3862 3965 eollocavimus.Chro-

2283 4010 2504 4065 tuatium
2527 4018 2796 4073 nostrum,
2821 4016 3055 4059 sanctum
3078 4004 3644 4075 papam,venerabilem
3671 4016 3858 4073 papam,

2282 4103 2487 4173 plurius
2508 4100 2720 4155 dixerat
2745 4103 2964 4153 sanctus
2987 4097 3379 4168 Hieronymus;
3404 4096 3677 4153 communi
3701 4106 3859 4149 tamen

2280 4198 2495 4253 illorum
2528 4207 2831 4263 temporum
2862 4192 3076 4248 dicendi
3104 4192 3492 4262 scribendique
3515 4195 3735 4258 ratione,
3753 4204 3858 4243 cum

2279 4290 2349 4346 de
2371 4289 2643 4359 epiScOpis
2665 4304 2847 4343 sermo
2874 4296 3022 4344 esset
3041 4304 3054 4340 :
3075 4286 3285 4341 dixerat
3303 4302 3525 4357 quoque
3546 4284 3707 4357 (quod
3730 4297 3860 4338 cont-

2280 4398 2443 4438 mune
2493 4399 2599 4437 non
2657 4381 2806 4453 erat)
2860 4382 3217 4453 episcOporum
3269 4379 3661 4443 doctissimum;
3713 4380 3860 4433 immo

2279 4476 2636 4547 episwporum
2679 4474 3065 4527 sanctissimum
3103 4483 3256 4536 atque
3294 4472 3676 4537 doctissimum,
3705 4469 3775 4525 uti
3813 4469 3859 4521 in

2283 4566 2488 4622 eisdem
2534 4566 2776 4621 Veterum
2819 4566 3122 4621 testimoniis
3161 4565 3347 4619 videre
3395 4574 3501 4620 est.
3543 4564 3661 4635 Ipse
3699 4569 3858 4617 autem

2289 4660 2516 4715 Ruﬁnus
2573 4660 2918 4714 venerandum
2966 4657 3181 4713 Patrem
3224 4658 3593 4729 appellaverat
3619 4656 3861 4713 Chroma-

2286 4756 2442 4819 tium,
2474 4768 2684 4809 necnon
2733 4768 2837 4808 una
2880 4768 3002 4808 cum
3047 4752 3286 4807 Eusebio
3328 4752 3448 4821 ejus
3488 4751 3673 4813 fratre.
3716 4761 3859 4818 atque

2282 4848 2499 4911 Iovino,
2542 4849 2959 4916 apittatissimum
2998 4857 3045 4901 et
3090 4847 3506 4917 probatissimum
3549 4847 3602 4901 in
3642 4842 3861 4900 Ecclesia

2286 4944 2384 4999 Dei
2427 4946 2748 5014 episcopum,
2782 4951 2941 5011 prout
2973 4946 3026 4997 in
3066 4943 3250 4997 citatis
3290 4940 3640 5003 Testimoniis.
3679 4923 3859 4995 Verum

2284 5041 2451 5096 multa
2484 5052 2537 5095 et
2565 5055 2756 5108 magna
2785 5038 3087 5094 Chromatii
3118 5039 3310 5092 merita
3346 5038 3465 5107 ipse
3498 5036 3658 5091 simul
3685 5046 3861 5103 conige-

2286 5138 2377 5203 rit,
2411 5146 2572 5208 atque
2603 5136 2795 5190 eodem
2842 5144 3085 5204 tempore
3128 5149 3249 5203 qua:
3295 5133 3446 5188 illius
3485 5128 3862 5202 quodammodo

2285 5230 2477 5286 merita
2508 5230 2779 5302 praecipua
2815 5228 3010 5284 fuerint
3040 5226 3278 5281 ostendit
3330 5228 3383 5281 iu
3428 5230 3596 5283 citato
3628 5224 3860 5292 Prologo,

2285 5324 2412 5378 dum
2442 5339 2564 5378 eum
2596 5322 2915 5389 simpliciter
2954 5319 3240 5375 Beseleheli
3284 5319 3553 5375 Israelita:
3580 5321 3860 5387 comparat.

2284 5424 2341 5471 et
2366 5413 2711 5469 Beseleltelem
2737 5415 2899 5468 nostri
2918 5414 3162 5484 temporis
3183 5411 3541 5467 Chromatium
3562 5411 3708 5466 dicit.
3728 5407 3865 5461 Bese-

2284 5511 2499 5565 lehelem
2526 5524 2690 5581 porro
2717 5525 2879 5564 nemo
2901 5509 3133 5579 ignorat,
3152 5508 3323 5563 Exodi
3345 5523 3502 5573 xxxi,
3523 5522 3551 5561 a
3582 5507 3688 5561 Deo
3717 5514 3864 5555 voca-

2281 5612 2420 5669 tum,
2469 5613 2524 5658 et
2569 5601 2850 5670 impletum
2891 5600 3097 5670 Spiritu
3128 5601 3242 5668 Dei,
3274 5601 3555 5670 sapientia,
3601 5609 3646 5653 et
3686 5591 3863 5650 inti-lli-

2282 5702 2472 5773 gentia.
2503 5710 2551 5753 et
2596 5699 2811 5754 scientia
2856 5699 2909 5752 in
2957 5698 3101 5752 omni
3152 5713 3322 5769 opere,
3367 5697 3436 5751 ad
3487 5690 3864 5768 excogitandum

2280 5793 2531 5863 quidquid
2555 5790 2699 5863 fabre
2728 5791 2843 5859 ﬁeri
2865 5800 3027 5862 potest
3053 5806 3119 5845 ea:
3148 5806 3298 5855 auro,
3328 5801 3376 5844 et
3405 5801 3640 5861 argento,
3668 5797 3712 5839 et
3735 5794 3861 5868 aere,

2280 5881 2556 5951 marmore,
2586 5895 2631 5938 et
2658 5885 2892 5954 gemmis.
2934 5895 2983 5939 et
3025 5879 3324 5939 diversitate
3371 5884 3653 5949 lignorum,
3684 5882 3733 5936 in
3773 5873 3865 5930 ei‘
