4056 6340
600 308 702 374 ast

1640 311 1698 368 s.
1740 292 2188 367 CIIBOMATIUS
2231 287 2334 363 ab.
2379 292 2877 376 AQUILEIENSIS.

3789 300 3879 375 εις

604 430 825 485 tanious
869 428 923 483 in
982 426 1205 484 Romani
1244 427 1474 500 episcopi
1520 424 1885 494 appellatione
1937 422 2204 477 intellexit
2231 420 2285 483 Α
2308 420 2512 487 lubeat,
2542 422 3052 477 animadversiones
3076 428 3294 476 nostras
3322 421 3388 478 ad
3417 422 3707 479 Fontanioi
3733 425 3881 483 Lucu-

607 525 923 592 episeopnm
958 520 1205 575 Ecclesia:
1233 520 1457 587 Latinw,
1482 518 1547 573 ad
1572 518 1868 571 discrimen
1918 515 2205 584 episcOpo-

607 633 728 673 t'um
762 615 1007 671 Ecclesia:
1029 614 1238 677 (ἕνωσιν,
1265 628 1361 667 seu
1395 610 1692 665 Orientalis.
1730 609 1805 664 De
1829 607 2035 662 Rttheis
2076 620 2205 661 vero

609 710 661 765 in
692 708 902 783 [\Lvut]
927 709 1042 763 suis
1092 707 1438 761 Monumentis
1472 702 1717 757 Ecclesia!
1747 700 2084 770 Aquileiensis
2107 714 2203 753 ve-

614 803 844 858 risimile
896 800 1097 871 putavit
1134 800 1433 871 episcopum
1470 796 1768 851 Romanum
1795 795 2002 849 dictum
2036 793 2207 847 fuisse

611 896 981 951 Chromatium
1009 911 1103 965 per
1124 892 1560 953 amanuensium,
1577 902 1664 944 aut
1689 890 1919 943 aliorum
1937 902 2204 951 errorem;

612 1004 677 1044 ac
705 988 811 1044 dici
856 990 1037 1059 potius
1066 997 1119 1041 et
1148 986 1315 1041 scribi
1363 984 1622 1038 debuisse
1670 983 1969 1055 episcopum
2019 979 2211 1033 Roma-

610 1082 756 1144 tium,
802 1092 894 1135 aut
950 1079 1327 1143 Romatinum;
1372 1092 1435 1133 ex
1492 1077 1664 1147 patria
1718 1076 1997 1137 nimirum,
2051 1088 2210 1142 quam

611 1173 961 1231 Chromatius
1013 1172 1214 1228 habere
1251 1174 1487 1242 potuerit
1536 1172 1590 1225 in
1637 1169 1803 1224 Portu
1853 1169 2085 1224 Romatio
2113 1183 2212 1222 seu

613 1270 909 1332 Romatino,
940 1268 1195 1323 ditem-sis
1228 1276 1356 1321 tunc
1377 1265 1765 1336 Aquileiensis,
1790 1272 1846 1318 et
1872 1263 1939 1316 ab
1968 1261 2214 1329 Aquileia

613 1379 721 1419 non
765 1364 833 1417 ita
868 1364 1029 1432 longe
1077 1363 1291 1416 dissito.
1328 1359 1465 1415 Cum
1525 1367 1651 1412 ante
1678 1357 1974 1412 editionem
2014 1353 2215 1410 Fonta-

566 1456 819 1511 Ininiani
862 1457 1052 1526 operis
1087 1454 1357 1525 posthumi
1415 1452 1753 1505 Monumenta
1805 1466 1900 1505 sua
1942 1449 2218 1519 vulgasset

604 1550 943 1604 clarissimus
973 1550 1060 1602 hic
1107 1558 1315 1611 auctor;
1343 1547 1498 1610 hinc,
1530 1544 1751 1613 cognita
1774 1541 1971 1597 eruditi
2004 1542 2216 1595 Prasu-

612 1640 681 1695 lts
709 1642 1006 1709 Opinione,
1036 1640 1089 1693 in
1138 1640 1254 1693 suis
1308 1650 1499 1707 postea
1550 1635 2013 1689 Dissertationibtts
2060 1634 2219 1687 varice

608 1734 914 1787 eruditionis
953 1741 1230 1788 momenta
1254 1732 1436 1785 omnia
1457 1730 1773 1800 expendere
1804 1728 1997 1793 voluit,
2022 1728 2219 1798 quibus

2310 513 2618 579 brationem,
2651 530 2813 585 quam
2847 512 3145 569 Chromatii
3177 514 3395 584 scriptis
3450 516 3783 587 subjicimus,
3807 520 3879 577 ubi

2307 607 2374 662 de
2404 608 2676 679 Pontiﬁcis
2727 610 2939 662 maximi
2976 608 3349 679 appellatione
3395 608 3710 666 Cbromatio
3752 616 3883 670 attri-

2309 698 2437 754 buta
2457 713 2638 754 sermo
2669 712 2771 754 esr.
2802 700 2942 769 Quid
2972 715 3115 757 nunc
3142 701 3309 772 igitur
3335 702 3490 757 nobis
3522 712 3647 774 post
3674 703 3825 761 hac?

2383 791 2588 847 Placuit
2607 792 2821 861 quidem
2840 804 3082 863 semper,
3109 803 3270 865 atque
3289 795 3485 851 lterum
3511 796 3711 865 piaret,
3730 798 3777 852 in
3801 798 3884 857 hac

2312 896 2419 940 tam
2447 891 2651 943 incerta
2698 902 2765 943 ac
2801 887 3101 958 disceptata
3131 905 3210 957 re,
3235 891 3577 962 excogitatas
3619 891 3884 952 clarissimi

2314 978 2631 1048 przelaudati
2661 979 2765 1034 viri
2799 977 3061 1035 Bernardi
3092 981 3272 1037 Marizc
3300 983 3375 1038 De
3407 983 3611 1038 [lubeis
3639 985 3689 1038 in
3720 983 3883 1040 Monu-

2314 1075 2536 1143 mentis;
2575 1088 2634 1131 ut
2670 1078 2885 1132 scilicet
2916 1078 2969 1131 in
3002 1078 3232 1149 episc0pi
3262 1094 3357 1133 seu
3404 1078 3656 1132 antistitis
3690 1076 3884 1133 Romani

2313 1170 2540 1225 vocibus
2602 1171 3017 1225 amanuensinm
3093 1184 3337 1226 errorem
3405 1171 3763 1240 suspicemur,
3813 1173 3887 1241 qui

2317 1259 2613 1317 Romanum
2652 1263 2910 1318 facillime
2954 1262 3408 1334 scriptitarerint.
3455 1263 3545 1319 ubi
3598 1264 3884 1330 Itanwtituu,

2318 1369 2412 1409 seu
2455 1353 2792 1410 Romatinum
2833 1357 3013 1426 legere
3060 1371 3123 1411 ac
3151 1357 3521 1412 transcribere
3558 1356 3886 1424 debuissent;

2318 1446 2445 1502 licet
2495 1449 2705 1505 interea
2747 1465 2853 1503 non
2890 1464 3045 1519 teque
3088 1450 3328 1506 arrideat
3371 1446 3517 1520 quod
3546 1451 3665 1521 ipse
3714 1450 3887 1518 subdit,

2320 1539 2522 1595 dictum
2557 1556 2750 1610 nempe
2779 1540 3072 1596 Romatinm
3107 1543 3223 1597 sive
3264 1541 3598 1598 Romatinum
3629 1544 3890 1613 episcopum

2320 1628 2478 1686 facile
2509 1632 2675 1688 fuisse
2696 1632 3092 1697 Chromatium,
3134 1635 3260 1705 quia
3302 1632 3524 1689 Portum
3568 1634 3887 1705 Ilontatinum,

2320 1734 2419 1782 seu
2448 1738 2556 1782 non
2594 1728 2758 1798 longe
2797 1729 3040 1784 dissitam
3079 1729 3439 1785 Concordiam
3469 1731 3679 1797 urbem,
3718 1732 3889 1788 habue-

614 1824 956 1882 Fontaninus
978 1839 1130 1879 suam
1186 1822 1504 1892 opinimtem
1555 1821 1829 1885 iuicierat,
1854 1834 2029 1889 eaque
2054 1818 2120 1873 ad
2148 1818 2216 1872 il-
2248 1812 2293 1873 Β
2322 1819 2395 1875 rit
2425 1822 2673 1889 patriam.
2726 1820 2838 1876 Cur
2867 1836 2993 1876 vero
3040 1821 3307 1876 llomatius
3338 1837 3435 1878 seu
3472 1820 3773 1878 Romatinus
3798 1824 3892 1895 epi-

610 1918 719 1974 lam
744 1919 1001 1974 tuendum
1033 1916 1243 1970 iniirma
1268 1929 1391 1970 esse
1417 1914 1744 1968 monstravit
1786 1930 1798 1965 :
1848 1911 2163 1981 addiditque
2184 1926 2214 1966 e

609 2017 863 2084 VCSllglO,
888 2015 980 2069 ubi
1022 2029 1158 2084 opus
1193 2022 1361 2077 esset,
1399 2012 1743 2083 hypothesim
1793 2011 1993 2074 aliam;
2024 2015 2083 2062 ut
2110 2008 2210 2063 sci-

606 2108 733 2162 licet
760 2108 991 2177 episcopi
1019 2107 1235 2161 Ilomani
1256 2105 1650 2175 appellatione,
1677 2120 1799 2173 qua:
1821 2102 2055 2158 maxime
2073 2101 2216 2156 exis-

604 2202 833 2255 timetur
881 2198 1189 2254 Chromatti
1215 2190 1483 2266 tempore,
1518 2206 1609 2249 aut
1648 2212 1758 2250 non
1792 2195 1866 2249 ita
1916 2204 2039 2264 post
2069 2192 2214 2248 illius

606 2291 919 2359 decessum,
953 2291 1176 2360 Scriptis
1226 2291 1343 2360 ejus
1397 2290 1680 2359 apposita,
1732 2287 1963 2357 intelligi
2018 2287 2218 2342 debeat

610 2387 881 2455 episcopus
930 2385 1237 2451 catholicus,
1289 2383 1355 2437 ad
1403 2381 1774 2437 dilferentiam
1828 2383 2214 2450 episcoporum

604 2478 959 2543 Arianorum,
995 2479 1086 2548 qui
1121 2488 1253 2531 tunc
1285 2476 1504 2547 plurimi
1546 2483 1729 2540 erant,
1760 2483 1923 2545 atque
1953 2467 2117 2530 etiam
2160 2475 2213 2529 in

606 2569 783 2633 Italia,
812 2578 1098 2640 postquam
1117 2570 1449 2625 Gouhorom
1474 2583 1607 2638 gens
1637 2567 1889 2633 barbara,
1918 2581 2041 2637 quae
2060 2566 2216 2621 Aria-

609 2666 845 2717 nismum
878 2663 1259 2732 proﬁtebatur,
1288 2676 1407 2716 eam
1435 2663 1729 2715 invaserat.

684 2754 1028 2810 Nmissimus
1070 2757 1238 2809 etiam
1281 2755 1461 2809 editor
1501 2753 1730 2823 Operam
1760 2752 2214 2819 Alcuini,elariso

604 2847 779 2904 simus
798 2848 981 2903 Abbas
1030 2848 1359 2914 Frobenius,
1402 2848 1456 2902 in
1488 2850 1771 2903 notatione
1803 2848 1867 2901 ad
1908 2846 2213 2902 Chromatii

606 2950 813 2996 teritum
842 2943 912 2997 ab
952 2940 1182 2997 Alcuino
1217 2943 1447 2996 relatum
1486 2943 1540 2996 in
1572 2941 1747 2995 libello
1801 2941 2049 2994 adrersns
2089 2938 2213 2994 Hae-

604 3035 759 3089 resim
786 3033 977 3089 Felicis
1001 3036 1255 3105 cpierpi,
1288 3045 1341 3088 et
1372 3036 1459 3089 hic
1504 3035 1645 3088 inter
1676 3032 1918 3086 Veterum
1960 3030 2213 3085 Testimo-

604 3131 694 3185 nia
719 3130 903 3196 sitttm,
934 3129 1058 3185 licet
1116 3131 1367 3183 incertum
1397 3127 1601 3182 dixerit
1640 3142 1749 3197 quo.
1783 3142 1935 3179 sensu
1964 3124 2210 3179 Chroma-

2316 1926 2517 1981 scopus
2572 1913 2834 1983 appellari
2897 1914 3137 1983 potuetit
3177 1913 3528 1970 Chromatius
3569 1925 3770 1985 noster,
3817 1919 3890 1988 qui

2316 2005 2479 2060 dubio
2522 2006 2710 2075 procul
2762 2006 3051 2077 episcopus
3083 2007 3451 2076 Aquileiensis
3481 2009 3615 2064 fuit?
3644 2008 3769 2065 item
3805 2011 3891 2066 late

2314 2098 2720 2154 cnuelearimus
2751 2100 2805 2153 in
2831 2108 3017 2155 sancto
3050 2100 3234 2155 Niceta
3264 2102 3528 2172 cpiscotto
3559 2102 3888 2175 Aquileiensi,

2315 2192 2404 2261 qui
2438 2192 2643 2261 pariter
2670 2204 2723 2249 et
2744 2191 2993 2248 Romana:
3022 2195 3242 2248 civitatis
3267 2198 3565 2269 episcopus,
3584 2198 3704 2252 utin
3736 2198 3890 2267 aliquo

2316 2282 2579 2340 Gennadii
2609 2287 2797 2341 codice
2823 2303 2927 2343 ms.
2961 2289 3160 2343 ibidem
3190 2288 3452 2357 indicato,
3484 2305 3547 2346 ac
3575 2291 3626 2346 in
3663 2292 3889 2346 Vetustis-

2317 2379 2451 2433 sima
2482 2393 2714 2449 quoque.
2750 2379 2913 2435 immo
2940 2383 3109 2452 prima
3142 2383 3367 2438 editione
3396 2384 3672 2438 rarissima
3698 2383 3889 2441 Genna-

2316 2470 2460 2525 diani
2488 2472 2670 2542 operis
2696 2472 2876 2544 (cujus
2900 2473 3179 2544 exemplar
3203 2475 3343 2545 apud
3374 2474 3736 2532 clarissimum
3766 2477 3889 2532 Mau-

2316 2579 2434 2619 rum
2462 2564 2617 2630 Boni,
2643 2566 2731 2636 qui
2755 2565 2858 2621 hoc
2886 2565 3038 2621 nobis
3073 2583 3247 2637 nuper
3270 2567 3668 2626 humanissime
3704 2570 3888 2641 signiti-

2314 2657 2503 2729 cavit),
2533 2668 2587 2715 et
2616 2658 2959 2727 Romatianw,
2991 2670 3043 2717 ct
3086 2660 3481 2731 Romntitianw,
3513 2672 3567 2720 et
3614 2664 3889 2719 [lammina

2315 2752 2537 2805 civitatis
2588 2752 2767 2808 dictus
2820 2755 3040 2824 legitur.
3096 2753 3210 2810 Non
3245 2768 3328 2811 est
3382 2755 3471 2811 hic
3519 2767 3696 2812 tamen
3726 2774 3813 2813 cur
3834 2757 3889 2811 ad

2315 2844 2730 2899 Auxiliariorum
2758 2847 3140 2916 episco;-orum
3182 2862 3395 2905 morem
3426 2849 3480 2906 in
3514 2850 3751 2908 Ecclesia
3782 2861 3889 2907 tunc

2314 2939 2578 3008 temporis
2615 2940 2949 2995 obtinentem
3008 2956 3373 3009 recurramus,
3434 2957 3596 3012 prout
3626 2945 3677 3000 lu
3726 2954 3889 3000 sancto

2318 3028 2503 3084 Niceta
2530 3041 2709 3087 actum
2752 3033 2849 3087 init
2881 3051 2894 3086 :
2942 3034 3231 3089 ordinatus
3276 3050 3515 3108 namque
3563 3053 3591 3092 a
3622 3037 3743 3093 divo
3779 3038 3889 3093 Am-

2314 3124 2500 3179 brosio
2535 3125 2926 3183 Mediolanensi
2980 3128 3327 3185 Chromatius
3380 3131 3704 3201 perhibetur
3748 3132 3889 3204 Aqui-

601 3226 706 3279 tius
736 3224 1101 3295 Aquileiensis
1138 3223 1319 3278 dictus
1351 3223 1515 3277 fuerit
1555 3222 1826 3291 episcopus
1856 3218 2122 3272 Romanus
2150 3218 2206 3271 in
2234 3200 2280 3264 C
2319 3218 2601 3274 leiensium
2637 3219 2927 3291 episcopus
2948 3224 3129 3277 statim
3154 3223 3221 3278 ab
3246 3224 3393 3279 obitu
3427 3228 3603 3283 sancti
3639 3225 3888 3282 Valeriani

608 3317 890 3373 codicibus
920 3316 1309 3386 manuscriplis
1341 3316 1491 3370 illius
1524 3315 1733 3387 Scripta
1776 3312 2210 3379 continentibus,

604 3410 757 3464 addit
813 3411 1167 3464 nihilominus
1209 3409 1509 3478 cogitatum
1550 3423 1733 3471 suum,
1762 3407 1907 3477 quod
1942 3414 1996 3461 et
2018 3415 2212 3461 nostro

586 3479 824 3572 .quoque
853 3502 930 3556 De
972 3502 1181 3555 Rubeis
1208 3501 1263 3554 in
1308 3509 1548 3554 utentem
1572 3509 1829 3565 venerat;
1870 3499 2126 3553 nimirum
2159 3500 2212 3555 in

608 3594 976 3664 appellatione
1006 3593 1230 3665 episcopi
1254 3590 1483 3645 Romani
1514 3597 1647 3662 forte
1700 3593 2041 3661 descriptores
2085 3591 2211 3646 inde

607 3686 847 3753 deceptos
879 3686 1067 3749 fuisse,
1102 3686 1248 3756 quod
1288 3694 1512 3740 sanctus
1555 3686 1921 3756 Hieronymus
1954 3685 2209 3740 eumdem

608 3776 985 3834 Chromatium
1033 3778 1350 3848 episc0pum
1377 3820 1391 3843 ,
1420 3788 1658 3831 sanctum
1689 3792 1901 3849 papam,
1933 3786 1989 3831 et
2040 3779 2210 3831 semel

606 3879 667 3928 et
713 3873 913 3927 iterum
953 3873 1339 3940 appellaverit.
1376 3891 1395 3923 ι
1449 3874 1554 3928 Sed
1591 3872 1794 3927 nemini
1839 3880 1998 3926 vetus
2027 3872 2115 3925 illa
2144 3888 2211 3929 ac

609 3966 808 4037 passim
826 3966 985 4020 obvia
1012 3967 1236 4021 honoris
1256 3966 1601 4035 compellatio
1627 3965 1798 4019 lrattdi
1825 3979 1946 4019 esse
1974 3967 2205 4035 potuit.»

608 4062 791 4117 aiebat
838 4062 1175 4116 Clal‘lSaillllli
1212 4058 1547 4123 Vallarslus,
1583 4060 1817 4129 idipsum
1867 4061 2205 4118 animadver-

608 4162 733 4208 tens
760 4154 815 4209 in
847 4153 1231 4209 Notatiunibus
1256 4155 1373 4207 suis
1400 4153 1466 4207 ad
1497 4153 1900 4222 Aquileiensem
1931 4153 2205 4221 Ruﬁnum;

607 4247 695 4301 ubi
750 4247 971 4315 insuper
995 4246 1373 4301 Chromatium
1416 4255 1687 4311 nostrum,
1732 4262 1837 4301 non
1890 4246 2052 4302 modo
2099 4248 2207 4319 (ρὶ-

603 4357 818 4409 scarium
844 4342 1159 4405 Romanum,
1175 4351 1230 4397 et
1255 4341 1503 4395 Romana:
1516 4343 1795 4397 antistitem
1819 4340 2090 4409 Ecclesia},
2109 4343 2206 4399 sed

607 4449 738 4490 vere
767 4434 1098 4489 etabsolnte
1138 4433 1451 4504 Pontiﬁcem
1506 4437 1788 4489 interimam
1834 4446 2205 4507 nuncupatum

605 4526 867 4582 observat
888 4528 940 4579 itt
962 4526 1278 4596 Prtefatione
1302 4526 1482 4595 [iu/ini
1498 4527 1568 4579 ad
1582 4526 1939 4581 Chromatium
1962 4529 2014 4580 in
2032 4545 2202 4597 suam,

2317 3315 2707 3369 antecesseris:
2742 3324 2797 3371 et
2840 3326 2989 3372 certe
3018 3316 3321 3374 Chromatii
3350 3320 3676 3392 episcotialis
3714 3321 3887 3395 gradus

2314 3409 2523 3463 mentio
2570 3410 2735 3477 nulla,
2770 3411 2976 3466 nullum
3008 3411 3288 3477 iudicium,
3320 3413 3488 3469 immo
3518 3414 3663 3471 nulla
3694 3418 3887 3488 conjec-

2316 3500 2461 3555 tandi
2502 3512 2594 3557 aut
2622 3505 2836 3558 occasio
2870 3516 2959 3559 attt
3012 3504 3336 3575 necessitas,
3397 3517 3691 3581 antequam
3742 3509 3888 3582 Aqui-

2314 3592 2537 3648 leiensis
2567 3595 2713 3650 sedis
2742 3596 3036 3665 episcopus
3082 3606 3248 3654 esset.
3295 3598 3519 3656 Sedisse
3545 3604 3722 3672 itaque
3740 3603 3889 3659 Chro-

2315 3686 2538 3742 matium
2568 3696 2836 3753 nostrum,
2876 3689 2929 3743 in
2976 3691 3273 3761 episcOpali
3303 3691 3416 3761 jam
3447 3692 3776 3766 Aquileiensi
3812 3708 3889 3751 ca-

2312 3777 2505 3833 thedra
2557 3784 2949 3848 constitutum;
3019 3782 3247 3850 sedisse,
3301 3784 3568 3856 inquam,
3622 3788 3888 3859 aliquando

2312 3880 2683 3939 autumamus,
2714 3876 2894 3944 petius
2922 3891 3084 3945 quam
3116 3877 3400 3947 Aquilone,
3433 3882 3485 3935 in
3518 3878 3681 3937 Porta
3716 3878 3889 3937 Roma-

2310 3966 2385 4019 tio
2431 3981 2525 4021 seu
2585 3967 2884 4035 Ilomatino,
2940 3972 3033 4039 qui
3080 3978 3207 4025 tunc
3239 3971 3305 4026 ad
3346 3973 3747 4043 Aquileiensem
3792 3974 3892 4044 cpi-

2311 4074 2536 4128 scopum
2587 4063 2912 4129 pertinebat,
2962 4063 3163 4133 quique
3214 4072 3344 4120 tunc
3381 4066 3546 4122 etiam
3575 4068 3641 4124 ad
3681 4066 3889 4122 Romani

2310 4168 2406 4207 seu
2440 4154 2704 4208 Nomatini
2730 4154 2877 4210 iluvii
2928 4156 3125 4211 ostium
3158 4158 3361 4222 stabat,
3389 4160 3462 4214 uti
3496 4176 3561 4216 ex
3616 4162 3783 4218 Plinio
3807 4161 3889 4215 ha-

2310 4244 2548 4310 bemus;
2611 4246 2843 4318 ideoque
2897 4248 3159 4305 l‘aclllime
3222 4252 3556 4321 appellatum
3612 4255 3887 4325 episcOpam

2312 4336 2615 4393 Rotnativm
2644 4355 2742 4395 seu
2795 4342 3144 4409 Romatirmm,
3180 4346 3359 4413 potius
3390 4361 3556 4416 quant
3602 4346 3887 4418 Aqtti’eien—

2310 4447 2446 4498 sem,
2481 4450 2508 4484 a
2536 4434 2653 4489 loco
2682 4436 2960 4500 nimirum,
2992 4437 3104 4503 ubi,
3154 4438 3585 4496 circumstantiis
3614 4456 3676 4497 ac
3697 4439 3887 4496 Vicissi-

2304 4526 2586 4581 tudinibus
2633 4530 3135 4597 compellentibus,
3183 4537 3241 4585 et
3290 4532 3500 4602 plurius
3560 4533 3786 4590 fortasse
3816 4528 3885 4605 [ι]

604 4632 651 4678 et
674 4620 1222 4675 EusebiiCmariensis
1245 4619 1487 4673 Latinam
1512 4621 1572 4674 ab
1595 4637 1655 4674 eo
1674 4624 1866 4691 {actam
1889 4621 2200 4691 Historiam,
2230 4590 2282 4652 ί)
2308 4617 2522 4683 adesse,
2547 4628 2605 4675 et
2627 4622 2836 4677 diutine
2857 4638 3076 4694 quoque
3100 4625 3429 4682 commutari
3459 4626 3728 4684 debuerit.
3766 4628 3884 4681 Rem

601 4730 670 4770 ex
691 4714 936 4767 editione
962 4712 1157 4767 [leuati
1202 4712 1481 4767 Laurentii
1518 4714 1590 4766 De
1620 4714 1667 4767 la
1696 4714 1880 4781 Barre,
1912 4725 1966 4770 et
1995 4719 2203 4787 absque

603 4806 772 4863 dubio
825 4822 894 4861 cx
943 4808 1314 4873 tnanuseripto
1356 4808 1653 4877 exemplari
1710 4808 2037 4877 Ruﬂttiano,
2095 4828 2202 4883 quo

603 4916 736 4955 usus
769 4902 853 4954 hic
869 4899 1050 4955 editor
1080 4901 1177 4953 fuit
1214 4899 1468 4970 :decepti
1491 4904 1633 4957 enim
1670 4903 1981 4974 Antiquarii,
2003 4918 2060 4961 ut
2082 4906 2203 4963 νειΙέ

602 4992 796 5047 larsius
829 4991 1043 5055 scribit,
1074 5006 1258 5060 neque
1310 4993 1551 5051 assecuti
1603 5010 1705 5065 qua
1765 4999 1979 5055 ratione
2029 5016 2203 5071 quove

605 5100 769 5139 sensu
802 5086 1079 5139 diceretur
1102 5084 1456 5141 Chromatius
1472 5098 1533 5143 ct
1559 5089 1825 5146 Romanus
1846 5095 2201 5167 episcOpus,et

605 5173 857 5232 Romanae
883 5178 1094 5232 antistes
1122 5178 1785 5248 Ecclesiaexistitnarunt
1808 5186 1959 5244 hisce
1981 5190 2200 5246 dicendi

605 5270 784 5325 modis
828 5270 1085 5325 denotari
1138 5276 1361 5343 proprie
1408 5277 1732 5349 episcopum
1787 5280 1939 5335 urbis
1984 5281 2195 5351 Bonae,

607 5372 662 5420 et
717 5364 894 5437 [ιιιιιι]
933 5364 1196 5420 Romanae
1237 5366 1501 5424 Ecclesia:
1567 5372 1885 5428 cathedram
1939 5374 2194 5430 obtineo.

606 5468 749 5525 tem;
784 5460 1012 5529 ideoque
1039 5477 1144 5515 non
1178 5470 1304 5515 sunt
1344 5464 1503 5518 veriti
1530 5466 1875 5532 {itemtdaria
1908 5480 2000 5521 sua
2033 5468 2201 5523 inter-

606 5553 817 5623 polare,
844 5552 1079 5609 utetiam
1110 5554 1419 5623 Pontiﬁcem
1438 5562 1723 5611 maximum
1746 5560 2001 5613 eumdem
2022 5560 2198 5616 Caro.

602 5650 828 5701 matiam
854 5647 1119 5705 dicerent.
1141 5648 1438 5703 Videantur
1462 5649 1638 5704 Rulini
1667 5651 2034 5721 Aquileiensis
2058 5650 2195 5721 Ope-

598 5755 659 5795 ra
686 5757 753 5797 ex
801 5741 1047 5797 editione
1104 5742 1353 5797 Vallarsii
1382 5743 1492 5798 cui.
1516 5744 1622 5799 209
1643 5754 1699 5800 et
1730 5745 2111 5818 sequentibus,
2142 5746 2195 5802 in

593 5835 859 5904 sulrjectis
882 5834 1081 5892 eruditi
1104 5836 1206 5891 viri
1238 5835 1637 5894 Notatienibus.
1666 5838 1847 5895 Adeas
1878 5837 2123 5910 insuper,
2150 5840 2198 5896 si

2308 4714 2488 4784 itaque
2509 4717 2864 4785 probabilem,
2891 4735 2955 4774 ex
2984 4720 3108 4775 alibi
3136 4721 3436 4792 prasertim
3461 4723 3623 4779 dictis
3644 4722 3712 4781 de
3738 4722 3888 4781 Chro-

2306 4807 2476 4861 matio
2502 4807 2622 4879 ipso
2642 4811 2784 4881 apud
2808 4821 3053 4868 sanctum
3082 4812 3349 4884 Nicetam,
3382 4830 3543 4888 quam
3585 4816 3887 4874 brevissime

2306 4901 2679 4958 ostendamus.

2380 4994 2723 5053 Prasntittere
2747 4998 2919 5068 juvat,
2953 5000 3197 5055 nondum
3222 4999 3532 5060 Chromatii
3552 5015 3797 5078 tempore
3822 5003 3885 5058 ita

2306 5088 2622 5153 residentiw,
2681 5090 2759 5144 uti
2808 5090 2979 5158 aiunt,
3036 5094 3361 5165 episc0palis
3391 5097 3512 5153 loca
3560 5101 3757 5170 ubique
3790 5098 3885 5153 lixa

2305 5192 2469 5252 atque
2509 5182 2675 5237 veluti
2720 5186 2929 5239 sancito
2972 5187 3161 5253 fuisse,
3216 5200 3377 5260 prout
3406 5192 3757 5263 sequentibus
3796 5202 3886 5247 saec

2308 5276 2484 5341 culis;
2517 5276 2749 5347 ideoque
2775 5278 3007 5333 liberum
3041 5290 3170 5337 tune
3199 5285 3492 5356 episcopis,
3527 5287 3715 5344 relicto
3739 5287 3886 5343 ctiam

2308 5369 2433 5425 loco
2485 5372 2790 5441 principali,
2839 5373 2978 5428 intra
3023 5379 3259 5448 proprim
3299 5381 3557 5438 ditecesis
3599 5384 3730 5439 ﬂiies
3763 5396 3887 5450 quo-

2304 5476 2539 5531 cumque
2578 5468 2778 5521 Vellent
2824 5468 3117 5537 divertere,
3177 5472 3360 5544 ibique
3398 5476 3655 5547 quamdiu
3707 5477 3889 5533 vellent

2306 5560 2653 5613 commorari.
2708 5560 2762 5616 Id
2790 5577 2919 5618 vero
2960 5564 3209 5622 obtinere
3244 5570 3482 5627 maxime
3528 5576 3886 5633 consueverat.

2307 5649 2399 5706 ubi
2425 5650 2568 5707 ratio
2613 5652 2829 5711 adesset
2854 5656 3056 5728 aliqua,
3083 5676 3205 5731 qua:
3244 5676 3339 5718 eos
3367 5674 3566 5737 reapSe
3596 5666 3660 5723 ad
3697 5668 3745 5723 id
3770 5681 3887 5719 con-

2304 5744 2412 5801 silii
2461 5747 2785 5817 impelleret.
2844 5750 3194 5811 Chromatius
3247 5768 3481 5829 noster,
3540 5772 3662 5833 p05t
3697 5760 3884 5815 obitum

2304 5838 2616 5908 Valeriani,
2652 5842 2917 5901 Ecclesia)
2972 5847 3345 5919 Aquileiensis
3411 5854 3624 5912 clavum
3694 5849 3886 5923 accepit
