4056 6340
125 361 223 423 297

1378 354 1755 416 PREFATIO
1791 352 2133 413 EDITOBIS.

3323 354 3432 415 298

124 480 551 554 patriarcharum
586 480 1011 548 Aquileiensium
1036 522 1050 546 ,
1079 480 1170 553 qui
1223 494 1416 534 omnes
1462 486 1588 548 post
1615 493 1714 531 an-
1742 476 1790 533 Α
1822 472 1999 527 adhuc
2028 488 2094 527 eo
2119 482 2367 543 tempore
2394 472 2727 543 imperabat,
2748 472 3112 544 probabiliter
3134 472 3439 542 pertinent,

125 589 242 628 nunt
275 573 636 629 millesimum
673 575 786 629 cusi
820 573 1055 638 fuerunt,
1104 586 1155 629 ct
1189 581 1437 643 prostant
1466 570 1609 640 apud
1648 570 1721 623 De

126 665 315 721 Rnbeis
342 667 741 724 dissertatione
788 669 959 739 prima
1006 670 1068 723 de
1112 667 1354 723 Nummis
1397 665 1722 735 patriarcha-

126 774 232 811 rum
272 757 712 829 Aquileiensium,
760 771 813 813 et
854 761 996 832 apud
1027 760 1272 816 Lirutum
1321 757 1471 814 bella
1514 756 1723 811 Moneta

126 850 199 907 clt'
224 853 341 906 ehbe
366 868 522 907 cono
551 854 607 907 in
630 852 824 918 Friuli,
856 864 961 911 etc.

189 948 300 1004 Non
356 948 663 1005 diffitemur
709 950 925 1021 quidem
966 949 1275 1020 singulares
1322 963 1450 1004 esse
1508 946 1564 1002 itt
1618 944 1725 1001 hoc

128 1045 371 1117 plumbeo
404 1048 745 1103 nttmismate
775 1061 871 1102 seu
899 1047 1077 1116 sigillo
1110 1048 1309 1101 formas
1341 1046 1651 1099 litterarum
1682 1038 1724 1095 C

129 1144 179 1193 et
200 1136 262 1202 Ο,
290 1153 529 1208 qttarum
565 1138 716 1205 prior
743 1139 795 1193 in
823 1139 999 1193 antica
1043 1148 1199 1207 parte
1229 1138 1306 1193 uti
1335 1138 1533 1196 littera.
1567 1142 1624 1190 et
1669 1133 1722 1188 in

129 1231 320 1301 postica
374 1232 455 1284 ttti
510 1240 639 1286 nota
695 1231 1030 1299 ttutneralis,
1072 1232 1288 1287 duobus
1317 1230 1484 1286 rectis
1510 1228 1725 1298 angulis

130 1332 330 1378 constat
349 1340 381 1379 a
412 1334 573 1394 tergo
603 1326 756 1391 sitis;
785 1326 1026 1381 ctaltera
1055 1324 1357 1397 quaternis.
1382 1324 1471 1394 qui
1498 1322 1723 1393 ﬁguram

133 1416 360 1487 perfecte
408 1418 739 1488 quadratam
778 1421 1137 1475 constituunt.
1187 1418 1388 1473 Verum
1439 1417 1556 1473 haec
1612 1418 1726 1487 ipsa

133 1511 341 1567 duarum
374 1513 684 1569 litterarum
723 1516 1082 1586 singularitas
1126 1514 1506 1585 antiquitatem
1552 1510 1728 1584 quinti

134 1606 359 1662 ineuntis
387 1607 584 1662 sa-culi
616 1608 685 1661 ab
717 1610 819 1663 hoc
860 1609 1189 1664 numisruate
1236 1606 1511 1672 excludit,
1543 1622 1606 1661 ac
1637 1622 1726 1662 se-

133 1702 360 1772 quiorem
405 1702 661 1771 ejusdem
694 1713 909 1758 tetatem
940 1704 1219 1767 ostendit,
1245 1717 1605 1773 qtttrcttntqtte
1635 1702 1731 1756 de-

132 1810 263 1850 mum
308 1810 373 1851 ea
422 1796 703 1851 censenda
739 1798 832 1851 sit.
864 1797 931 1852 Et
966 1799 1204 1867 priorem
1242 1796 1462 1864 quide
1492 1795 1728 1849 litteram

1827 564 1962 639 [Lvt]
2006 581 2069 621 ac
2098 567 2295 621 eodem
2327 576 2478 622 certe
2508 567 2839 637 posteriores
2868 582 2991 622 esse
3021 582 3129 622 non
3163 575 3391 636 possunt
3423 582 3438 618 :

1825 673 2060 728 quorum
2092 674 2438 714 nummorum
2480 671 2639 733 typos
2671 672 2927 715 accurate
2958 676 3069 716 mre
3109 659 3316 713 incisos
3361 659 3444 713 vi-

1826 752 1955 807 deus
1990 753 2040 806 in
2072 756 2293 825 egregia
2346 754 2729 811 lucubratione
2777 753 2977 809 nobilis
3022 753 3128 808 viri
3166 751 3443 807 Leonardi

1827 845 2029 900 Martini
2061 848 2307 909 comitis,
2355 848 2576 903 Patricii
2605 847 2827 914 Veneti,
2860 850 2947 903 cui
2982 846 3174 901 titulus
3201 864 3216 903 :
3245 845 3448 901 Memo-

1826 942 1902 995 rie
1940 942 2380 996 atorico-criliche
2411 944 2619 997 intorno
2646 944 2699 997 la
2727 944 2861 1012 vita,
2895 944 3234 1009 traslazione,
3268 944 3332 997 ed
3358 944 3444 998 in-

1827 1035 2062 1089 venz‘oni
2089 1036 2142 1089 di
2170 1052 2268 1090 san
2304 1036 2485 1091 Murco
2509 1039 2833 1110 evangelista
2852 1080 2866 1105 ,
2917 1039 3214 1111 principale
3246 1049 3446 1109 protel-

1828 1138 1938 1181 tore
1965 1126 2022 1180 di
2055 1127 2301 1184 Venezia.
2339 1128 2565 1184 Venezia
2602 1133 2761 1188 l815.

1899 1220 2059 1286 Quod
2088 1237 2220 1276 vero
2247 1232 2462 1292 spectat
2490 1225 2555 1278 ad
2582 1224 2821 1281 litteram
2846 1226 2913 1292 Ο,
2944 1227 2999 1281 in
3029 1242 3097 1282 eo
3124 1227 3347 1298 plumbo
3375 1229 3449 1283 ita

1830 1314 2141 1379 formatam,
2168 1326 2228 1372 ut
2249 1318 2473 1374 schema
2502 1320 2747 1389 perfeCIe
2769 1322 3094 1393 quadratum
3116 1326 3448 1389 consdtuat;

1830 1411 1932 1466 etsi
1968 1411 2021 1463 in
2055 1411 2263 1467 Grmcis
2310 1414 2519 1483 aliquot
2564 1415 2956 1471 vetustissimis
3000 1420 3239 1473 nummis
3282 1434 3451 1489 appa-

1830 1513 1988 1558 reant
2014 1504 2085 1557 ita
2119 1505 2423 1560 eﬂ'urmatu:
2446 1506 2652 1563 Graeca!
2678 1510 2872 1565 littera-
2900 1513 3131 1567 omicrrm
3163 1522 3216 1568 et
3244 1530 3448 1585 antega,

1831 1605 1891 1651 ut
1918 1598 2179 1653 admonet
2211 1599 2559 1655 clarissimus
2588 1601 2922 1659 Franciscus
2956 1604 3305 1671 Neutnanus,
3344 1606 3455 1661 Ρο-

1833 1692 2078 1763 pulorutn
2125 1705 2174 1750 et
2217 1712 2397 1767 regum
2456 1696 2623 1750 Νωνιὶ
2680 1708 2870 1754 veteres
2916 1700 3132 1769 inediti,
3187 1713 3339 1772 parte
3394 1717 3449 1767 ι,

1832 1803 1955 1860 pag.
2004 1789 2144 1855 2'21,
2180 1790 2519 1846 Vindobonm
2548 1793 2724 1859 1779;
2774 1794 3050 1850 fatendum
3104 1806 3283 1851 tamen
3312 1795 3451 1850 nihil

133 1887 197 1954 C,
227 1906 289 1947 eo
319 1890 487 1945 modo
520 1892 739 1947 ductam
771 1892 861 1960 qui
904 1892 959 1947 in
992 1892 1215 1960 plumbo
1250 1904 1438 1946 nostro
1464 1898 1727 1959 apparet,
1760 1870 1809 1929 B
1838 1882 1999 1937 nobis
2029 1884 2344 1953 ltujnsniodi
2370 1889 2681 1944 occurrisse
2705 1887 2757 1942 in
2794 1888 3001 1942 Latinis
3026 1891 3305 1944 veteribus
3337 1904 3455 1943 mo-

134 1984 334 2041 exhibet
366 2002 572 2056 parvus
599 2003 856 2042 nummus
885 1998 1185 2057 argenteus
1213 1987 1456 2041 Venetus
1488 1985 1629 2057 apud
1651 1986 1730 2040 ci-

136 2087 287 2132 latum
321 2078 576 2135 Ltrulum
612 2081 723 2134 tab.
760 2096 848 2144 vt,
890 2080 992 2134 sub
1034 2095 1184 2135 num.
1235 2079 1345 2144 60;
1376 2094 1538 2148 quam
1564 2078 1726 2132 etiam

136 2171 406 2240 pertinere
427 2172 493 2227 ad
526 2171 1009 2243 Langobardorum
1042 2182 1285 2242 tempora
1312 2172 1431 2241 ipse
1458 2179 1724 2238 autumat,

134 2276 190 2318 ac
218 2262 445 2321 fortasse
478 2263 548 2319 ad
579 2276 788 2334 parlem
825 2267 1062 2334 priorem
1106 2264 1291 2320 saeculi
1328 2279 1458 2330 vui,
1496 2263 1571 2317 uti
1602 2278 1728 2317 eru-

135 2354 235 2412 dite
278 2356 508 2413 disserit
566 2359 765 2413 ibidem
816 2374 937 2429 pag.
989 2357 1094 2413 NO
1146 2367 1202 2413 et
1257 2373 1410 2428 seqq.
1467 2355 1728 2411 Eamdem

140 2450 295 2521 ipsam
343 2453 585 2507 litteram
641 2452 826 2507 Romae
872 2451 1084 2507 viderat
1136 2466 1202 2507 eo
1237 2452 1517 2520 ipsissinio
1566 2448 1729 2503 modo

141 2538 380 2607 setlptatn
411 2539 580 2591 etiam
629 2537 682 2590 in
718 2536 1022 2608 fragmento
1050 2535 1225 2591 Latini
1258 2533 1452 2601 lapidis
1483 2535 1533 2589 in
1582 2534 1731 2604 pavi-

138 2641 305 2685 mento
332 2630 552 2687 Sanctae
580 2630 807 2701 Agatltze
832 2629 1161 2686 Gotthorum
1186 2628 1253 2683 ad
1289 2628 1558 2684 Suburam
1580 2629 1727 2683 cele-

141 2721 239 2778 bris
267 2724 537 2778 Antonius
568 2722 737 2777 Maria
760 2722 996 2792 Lupius:
1031 2721 1175 2793 quod
1207 2722 1568 2793 fragmentum
1602 2722 1732 2777 licet

140 2818 269 2871 omni
293 2832 457 2873 sensu
486 2818 841 2883 destitutum,
868 2817 939 2871 ob
964 2816 1399 2887 singularitatem
1424 2826 1603 2871 tamen
1633 2814 1733 2869 hu-

138 2905 215 2977 jus
243 2908 435 2963 littera:
481 2910 749 2965 exhibere
780 2908 953 2963 voluit
984 2908 1038 2964 in
1069 2924 1165 2964 sua
1204 2908 1575 2964 eruditissima
1618 2909 1733 2965 dis-

140 3005 421 3060 sertatione
464 3004 534 3059 ad
570 3003 910 3076 Epitaphium
942 3004 1150 3059 Severo:
1173 3004 1439 3075 martyris,
1465 3017 1588 3074 pag.
1628 3002 1731 3058 104

140 3096 381 3153 editionis
432 3097 834 3153 Pttnormitatta:
877 3096 1037 3153 1754.
1084 3096 1203 3152 Jam
1244 3111 1374 3152 vero
1421 3095 1729 3152 Gollhorum

143 3208 324 3250 nomen
349 3193 447 3249 ςεᾱί
480 3194 710 3265 Agathze
738 3192 1031 3249 adhaerens
1058 3193 1191 3247 satis
1243 3191 1484 3247 indicare
1514 3192 1731 3247 videtur

142 3286 388 3357 originem
411 3285 560 3341 illius
589 3287 751 3342 fracti
780 3287 977 3357 lapidis
1004 3287 1214 3358 absque
1235 3301 1438 3351 sensu;
1466 3298 1522 3342 ut
1544 3287 1729 3343 mirari

144 3380 357 3450 amplius
384 3394 493 3434 non
523 3380 724 3434 subeat
755 3379 995 3436 litteram
1014 3395 1231 3450 quoque
1256 3379 1297 3434 C
1328 3378 1580 3435 Latinam
1618 3380 1731 3435 Ro-

146 3487 342 3529 manam
400 3472 631 3529 formam
685 3473 829 3544 apud
893 3489 1015 3529 eam
1058 3484 1277 3545 gentem
1323 3474 1731 3544 quodammodo

148 3568 382 3635 exuisse,
431 3576 487 3623 et
520 3576 580 3622 ut
624 3564 845 3623 demum
873 3566 1198 3639 colligamus
1229 3566 1296 3621 ad
1344 3568 1515 3639 quinti
1548 3567 1735 3623 saeculi

150 3656 344 3714 initium
371 3674 491 3715 eam
524 3659 783 3729 formam,
817 3676 845 3714 a
879 3661 1057 3731 prisca
1088 3662 1159 3715 ita
1186 3659 1537 3732 degenerem,
1566 3661 1738 3733 perti-

150 3767 267 3809 nere
288 3770 390 3809 non
422 3771 608 3826 posse.
631 3755 901 3811 Caeterum
934 3754 1165 3811 formam
1196 3754 1339 3811 hanc
1365 3756 1546 3811 tertiae
1571 3754 1735 3827 hujus

152 3843 339 3904 Latinae
369 3849 563 3905 littera:
607 3848 771 3903 valde
794 3850 1139 3919 frequentem
1172 3849 1371 3903 asserit
1410 3850 1464 3903 in
1505 3849 1738 3919 inscrip-

156 3941 373 4000 tionibus
400 3943 588 4001 saaculi
617 3959 675 3999 ιι
704 3947 943 3999 domnus
964 3943 1259 3999 Vainesius
1288 3959 1355 3999 ex
1382 3943 1737 3999 Benedictina

154 4039 556 4109 congregatione
597 4038 786 4095 Sancti
815 4038 987 4094 Mauri
1018 4040 1071 4094 in
1116 4053 1217 4094 suo
1249 4037 1601 4093 Dictionnat’re
1626 4038 1737 4092 rai—

154 4135 297 4186 aonné
320 4137 378 4187 de
421 4131 834 4206 Diplomatique,
882 4142 1031 4187 tomo
1060 4131 1111 4199 Ι,
1160 4147 1285 4202 pag.
1312 4131 1440 4197 215,
1481 4130 1737 4187 editionis

162 4220 462 4281 Parisiensis
507 4225 672 4282 1774.
706 4223 862 4294 Quod
909 4234 1090 4281 autem
1146 4224 1202 4279 in
1247 4224 1484 4280 nummis
1523 4239 1738 4295 quoque

162 4313 314 4384 ipsius
348 4320 532 4375 saeculi
566 4334 622 4375 χι
653 4318 849 4374 eadem
898 4318 1062 4387 hujus
1093 4315 1273 4372 tertiae
1306 4316 1514 4372 Latium
1545 4318 1738 4372 litterae

162 4406 315 4467 forma
338 4421 628 4485 appareret
659 4414 742 4485 (ut
768 4412 874 4467 alia
898 4412 985 4467 hic
1004 4419 1363 4467 monumenta
1394 4425 1575 4467 coaeva
1600 4426 1739 4481 prte-

166 4508 429 4580 tereamus)
467 4508 604 4565 satis
631 4507 932 4564 ostendunt
958 4508 1167 4564 nummi
1206 4506 1423 4563 Henrici
1451 4508 1736 4580 imperato-

164 4598 230 4652 ria
278 4602 485 4657 nomine
525 4600 760 4672 signati,
797 4602 888 4671 qui
938 4602 1236 4658 novissime
1270 4601 1505 4658 Venitiis
1533 4599 1740 4657 inventi

1830 1978 2105 2031 nutrientis
2135 1979 2277 2050 typis
2306 1980 2486 2044 editis,
2520 1997 2642 2052 quze
2691 1983 2988 2039 consulere
3020 1985 3314 2055 pctuimtts.
3349 1983 3444 2040 Ni-

1831 2068 2132 2125 hilominus
2162 2072 2356 2126 horum
2389 2074 2508 2129 loco
2529 2074 2751 2129 abunde
2782 2086 2867 2130 est
2899 2077 3043 2146 quod
3081 2078 3267 2133 videre
3294 2076 3448 2133 licuit

1830 2162 1883 2218 in
1931 2166 2143 2235 paginis
2174 2180 2269 2219 seu
2308 2168 2513 2223 tabulis
2544 2169 2818 2240 plumbeis
2840 2213 2853 2233 ,
2890 2187 3063 2241 nuper
3093 2172 3337 2228 Venetiis
3368 2172 3455 2229 in—

1830 2257 2007 2313 ventis
2034 2274 2064 2313 a
2114 2260 2451 2331 prtelandato
2481 2264 2602 2318 viro
2651 2265 2962 2320 clarissimo
2992 2266 3150 2321 Moro
3183 2266 3314 2321 Boni
3335 2310 3347 2327 .
3380 2283 3448 2323 ex

1829 2364 2046 2408 vetnsra
2090 2363 2145 2409 et
2186 2354 2467 2426 hucusque
2516 2359 2881 2425 scriptoribus
2927 2361 3185 2416 omnibus
3225 2362 3446 2432 ignota,

1830 2445 2153 2504 Corrariana
2174 2453 2439 2507 societate
2464 2452 2761 2514 litterario.
2792 2470 2914 2524 qua:
2942 2456 3052 2522 jam
3084 2471 3112 2509 a
3140 2456 3344 2511 saeculo
3369 2473 3444 2519 ιιι,

1831 2542 1907 2595 uti
1936 2559 1965 2596 a
2001 2543 2105 2599 lide
2131 2544 2309 2614 dignis
2337 2546 2597 2616 omnique
2620 2545 2929 2601 eruditione
2959 2546 3285 2603 clarissimis
3312 2549 3450 2603 viris

1831 2639 2175 2707 accepimus,
2219 2638 2422 2695 ibidem
2469 2640 2759 2705 exsmbat;
2814 2642 3049 2709 cuique,
3106 2642 3254 2697 inter
3301 2643 3445 2711 alia,

1830 2744 1976 2786 curie
2000 2732 2344 2802 potissimum
2370 2732 2471 2788 fuit
2490 2735 2541 2789 in
2563 2734 2850 2806 plumbeas
2874 2734 2995 2789 illas
3020 2734 3250 2789 laminas
3274 2746 3449 2791 trans-

1831 2822 2009 2889 ferre,
2060 2839 2154 2879 seu
2202 2824 2433 2893 Latino,
2487 2842 2582 2882 seu
2634 2827 2847 2896 vulgari
2902 2842 3089 2882 eorum
3138 2836 3447 2896 temporum

1833 2913 2163 2971 Venetorum
2217 2933 2508 2983 sermone,
2545 2918 2861 2990 vigontique
2912 2929 3039 2975 tunc
3079 2920 3403 2977 charactere
3430 2962 3445 2985 .

1832 3008 2097 3079 quidquid
2142 3011 2533 3067 memoriarum
2580 3026 2646 3066 ac
2694 3012 3148 3068 documentorum
3196 3024 3444 3069 veterum

1835 3102 2036 3158 habere
2067 3113 2122 3159 et
2154 3104 2430 3174 inquirere
2463 3105 2638 3175 pctuit
2669 3105 2722 3159 in
2757 3106 3103 3177 pergam-uiis
3130 3120 3437 3174 curatum,

1835 3204 1893 3250 ut
1919 3196 2000 3250 his
2028 3196 2192 3251 etiam
2232 3198 2469 3253 decur~u
2515 3199 2778 3265 temporis
2826 3198 3123 3269 fragilitate
3168 3214 3263 3254 sua
3293 3200 3445 3253 fatis-

1835 3286 2124 3354 centibus,
2157 3296 2249 3342 aut
2282 3288 2507 3343 omnino
2537 3304 2754 3359 quoque
2787 3290 3151 3359 pereuntibus
3173 3332 3188 3357 ,
3213 3290 3444 3346 Solidior

1836 3380 2043 3447 plumbi
2077 3381 2302 3436 materia
2325 3381 2631 3450 posteritati
2663 3397 2725 3437 ea
2755 3383 2936 3437 omnia
2963 3393 3315 3439 conservaret
3336 3384 3439 3456 (a).

1837 3473 1893 3529 In
1936 3474 2020 3529 his
2071 3489 2233 3545 porro
2278 3474 2476 3529 tabulis
2521 3474 2664 3546 (quae
2696 3475 2818 3532 luce
2862 3476 3026 3532 etiam
3080 3477 3333 3547 publica,
3367 3478 3445 3532 uti
3522 3512 3525 3515 ι

1836 3582 2152 3639 speramus,
2212 3568 2509 3639 aliquando
2560 3570 2943 3643 gaudebunt),
2992 3571 3447 3641 qn0tiescumque

1838 3662 1995 3737 [Lvn]
2022 3664 2203 3719 littera
2232 3663 2299 3730 0,
2324 3678 2421 3720 seu
2452 3663 2507 3719 in
2538 3663 2733 3719 Latino
2773 3679 2871 3719 seu
2902 3664 2957 3719 in
2989 3665 3287 3719 vernaculo
3316 3673 3447 3720 tunc

1838 3756 2170 3813 Venetorum
2195 3773 2451 3814 sermone
2477 3759 2737 3825 occurrit,
2765 3758 2881 3815 haec
2911 3771 3176 3830 perpetuo
3206 3761 3448 3832 perfecte

1838 3853 2208 3924 quadrangulo
2252 3862 2379 3921 est,
2434 3863 2597 3925 prout
2648 3855 2700 3909 in
2742 3856 3069 3912 numismale
3118 3871 3214 3912 seu
3269 3856 3452 3927 sigillo

1838 3946 2228 4002 Cltromatiano
2250 3956 2485 4017 apparet
2510 3962 2524 4013 ;
2556 3946 2713 4003 sicuti
2741 3948 3012 4019 angulata:
3041 3949 3205 4005 etiam
3228 3990 3243 4015 ,
3274 3949 3450 4004 modis

1842 4047 2027 4095 tamen
2054 4039 2289 4094 diversis
2310 4081 2325 4105 ,
2355 4040 2582 4110 reliqum
2613 4054 2806 4095 omnes
2837 4040 3037 4096 ibidem
3069 4042 3267 4098 litterae
3295 4050 3447 4109 sunt,

1841 4149 1908 4190 ex
1936 4134 2192 4205 quadam,
2224 4144 2281 4188 ut
2309 4134 2544 4201 videtur,
2577 4135 2871 4205 angulatim
2899 4135 3177 4191 scribendi
3205 4138 3449 4205 praprie-

1841 4236 1953 4282 tate
1972 4267 1988 4293 ,
2019 4243 2143 4297 quae
2167 4234 2296 4280 tunc
2326 4226 2524 4281 ibidem
2544 4268 2559 4291 ,
2583 4227 2867 4296 cujusdam
2900 4230 3135 4282 fortasse
3161 4229 3451 4299 elegantia:

1841 4333 2003 4375 causa
2026 4359 2043 4387 ,
2078 4320 2131 4373 in
2159 4331 2257 4373 usu
2288 4317 2461 4374 fuisse
2490 4318 2723 4373 videtur.
2764 4318 2936 4389 Hujus
2959 4318 3142 4374 Latini
3172 4319 3447 4387 alphabeti

1843 4412 2049 4469 litterae
2103 4411 2148 4468 Ο
2194 4411 2514 4483 quadratam
2563 4412 2835 4479 lormam,
2892 4412 2947 4467 in
3000 4412 3452 4482 inscriptionibus

1846 4516 2185 4577 usurpatam,
2208 4503 2430 4561 exhibet
2462 4502 2713 4558 laudatus
2742 4518 2956 4575 quoque
2981 4502 3268 4559 Vainesius
3293 4501 3348 4557 in
3376 4503 3455 4559 ci-

1846 4611 1957 4658 tato
1980 4600 2316 4658 Dictionario
2340 4614 2440 4653 suo
2463 4597 2846 4669 Diplomatico,
2884 4606 3033 4653 tomo
3060 4596 3128 4663 ll,
3159 4613 3280 4668 pag.
3309 4597 3408 4653 Ml
3436 4615 3451 4665 ;

161 4693 347 4749 suntin
377 4699 513 4751 Area
534 4736 550 4758 ,
585 4670 676 4750 ubi
706 4670 852 4750 anno
884 4695 1024 4752 1094
1062 4696 1365 4752 recondita:
1408 4698 1627 4753 luerunt
1652 4712 1741 4752 sa-
1766 4670 1823 4733 D
1847 4713 2011 4769 quam
2043 4707 2259 4761 tamen,
2289 4708 2395 4747 una
2422 4707 2545 4748 cum
2574 4691 2899 4763 quibusdam
2929 4693 3051 4748 aliis
3083 4691 3456 4763 peculiaribus

161 4788 474 4843 cmexuvia:
517 4788 635 4842 divi
668 4786 830 4844 Marci
873 4790 1262 4859 evangelistae;
1307 4790 1507 4863 quique
1534 4790 1742 4846 idcirco

163 4875 222 4933 ad
242 4877 518 4938 Hernicum
548 4882 851 4954 Angustum
881 4883 1040 4956 hujus
1064 4884 1299 4940 nominis
1319 4894 1574 4955 quartum
1598 4926 1614 4952 ,
1647 4886 1738 4957 qui

228 4994 298 5065 (a)
325 4997 526 5055 loventi
558 4998 719 5065 hujus
750 5000 1170 5069 anspicatissimi
1196 5003 1423 5070 primam
1449 5001 1609 5059 nobis
1639 5018 1737 5058 no-

165 5064 317 5141 liliattt
345 5073 567 5140 praebuit
598 5064 953 5137 clarissimus,
987 5064 1272 5141 nostrique
1299 5074 1731 5141 amantissimus,

167 5137 775 5217 abbasllumalduleusis
803 5144 1061 5217 in_sancli
1089 5137 1367 5217 Michaelis
1393 5145 1463 5201 de
1487 5137 1739 5217 Mttriano

170 5207 523 5282 Vettetiarum,
570 5213 823 5271 Placidus
862 5214 1060 5282 Zurla,
1090 5216 1236 5269 datis
1281 5215 1346 5268 ad
1391 5233 1494 5271 nos
1544 5216 1737 5272 litteris

169 5280 269 5333 suis
289 5286 375 5358 sub
396 5285 482 5358 die
508 5287 577 5341 27
603 5285 729 5341 Julii
762 5286 931 5349 13M;
965 5291 1019 5341 in
1046 5280 1243 5351 quibus
1267 5291 1549 5353 specimen
1602 5304 1739 5358 quo-

171 5366 263 5416 que
287 5356 427 5413 nobis
458 5357 829 5412 ﬁdelissimum
851 5357 1254 5417 transmittens,
1285 5375 1391 5412 non
1418 5360 1580 5413 modo
1607 5356 1739 5413 cha-

172 5425 373 5479 racteiis
405 5430 773 5496 plumbearum
806 5431 1015 5483 illarum
1050 5430 1395 5493 laminarum,
1428 5430 1525 5485 sed
1553 5446 1736 5484 rerum

172 5498 311 5620 ﬁgam
351 5503 702 5571 quarumdam
748 5516 868 5571 quae
912 5502 967 5556 in
1017 5499 1127 5556 illis
1159 5502 1451 5566 habentur,
1497 5503 1568 5556 ita
1605 5500 1740 5557 scri-

270 5580 329 5620 at.

270 5580 329 5621 al,

242 5654 259 5687 t
282 5638 628 5717 Ellagtrovera
657 5643 805 5699 varie
843 5658 970 5699 cosc
1002 5644 1054 5699 in
1078 5716 1081 5717 ν
1107 5644 1307 5700 diversi
1340 5644 1615 5717 linguaggi
1638 5687 1655 5709 ,
1706 5645 1744 5700 il

176 5714 299 5790 ιιιξιη
340 5715 658 5790 fedeltnente
686 5757 701 5781 ,
743 5734 775 5771 e
821 5731 936 5790 coo_
977 5716 1257 5790 iudiedt‘tlc
1303 5714 1748 5790 pavenza'trasg

175 5788 316 5857 eritto
337 5788 396 5838 da
423 5799 571 5842 certe
596 5790 880 5842 Iaotinette
907 5788 960 5841 di
993 5789 1211 5855 piombo
1236 5831 1249 5850 ,
1275 5788 1362 5857 gia
1390 5790 1441 5840 di
1475 5788 1750 5857 propr-icta

177 5848 220 5901 di
251 5867 338 5931 una
359 5858 575 5931 patr-ilia
601 5858 843 5930 fatuiglii
874 5848 1094 5931 Correr,
1122 5860 1169 5912 la
1194 5848 1357 5931 quale
1380 5848 1549 5931 ave-va
1578 5848 1751 5931 insua

176 5932 287 5979 Casa
313 5926 412 5984 lino
436 5929 520 5984 dal
551 5926 815 5988 sectilo'xt
842 5930 933 5985 uu’
954 5926 1285 5988 Accadeuiia
1306 5932 1359 5987 dt
1383 5930 1671 5999 Letterati,
1703 5930 1756 5985 la

428 6023 708 6087 Ρηιιοι..
743 6022 900 6087 XX.

1850 4787 2096 4859 ejusdem
2128 4784 2387 4841 elementi
2418 4782 2609 4840 formis
2633 4825 2647 4847 .
2677 4799 3020 4855 nequaquam
3049 4784 3114 4837 ad
3149 4782 3327 4853 priora
3353 4800 3452 4841 seu

1852 4892 1981 4940 ante
2004 4898 2098 4939 seu
2132 4890 2256 4952 post
2299 4878 2579 4935 Christum
2627 4880 2860 4945 saecula,
2904 4878 2999 4935 sed
3024 4879 3092 4933 ad
3124 4877 3230 4934 late
3262 4886 3455 4947 patens

1840 5001 1967 5075 qnal
2004 4998 2328 5075 Accademia
2350 5040 2365 5061 ,
2386 5012 2549 5075 come
2570 4997 2634 5051 da
2658 4996 2784 5075 vari.
2805 4996 3109 5075 argomenti
3138 4999 3445 5067 apparisce,

1841 5068 1981 5130 ébhe
2017 5087 2147 5127 cura
2182 5071 2233 5124 di
2268 5068 2353 5123 far
2386 5069 2627 5123 incidere
2658 5069 2711 5122 itt
2737 5069 2953 5137 piotnbo
2988 5070 3041 5125 le
3084 5080 3296 5125 vetuste
3331 5086 3444 5125 me-

1844 5145 2017 5199 morie
2048 5142 2149 5195 cllo
2182 5142 2235 5194 in
2282 5149 2432 5194 carte
2465 5142 2693 5206 pellicee
2736 5141 3049 5195 esistevano
3079 5141 3147 5194 ab
3176 5143 3388 5206 antico,
3424 5160 3457 5199 e

1843 5215 2136 5269 antlavano
2166 5228 2194 5265 a
2230 5213 2442 5278 perire;
2479 5211 2625 5265 delle
2664 5211 2811 5277 quali
2843 5221 2994 5267 carte
3039 5213 3268 5282 pellicce
3289 5215 3456 5281 origi-

1844 5290 1949 5342 nali
1985 5283 2149 5337 rtusci
2177 5298 2307 5351 pore
2333 5285 2380 5334 al
2408 5282 2539 5335 Boni
2578 5290 2843 5338 trovarne
2881 5287 3075 5338 alcune
3096 5326 3109 5344 ,
3141 5300 3173 5338 e
3197 5288 3453 5352 grandis-

1843 5360 1985 5413 simo
2012 5354 2044 5409 ὁ
2087 5354 2120 5407 il
2154 5369 2385 5408 numero
2420 5354 2474 5406 di
2516 5355 2725 5408 ('0t|e\ll
2774 5356 3010 5419 piombi,
3042 5355 3143 5410 clte
3174 5358 3454 5420 riportano

1848 5428 1964 5483 latti
1993 5428 2148 5492 patrii
2174 5425 2313 5478 dalla
2340 5423 2625 5479 fomlaziou
2653 5426 2706 5480 di
2728 5426 2957 5482 Venezta
2989 5428 3164 5481 linoal
3190 5428 3327 5482 1500
3349 5431 3455 5481 cir-

1846 5516 1931 5555 ca,
1965 5498 2142 5567 Largo
2174 5511 2391 5551 rmnore
2412 5495 2571 5552 desto
2603 5499 2647 5551 la
2682 5512 2933 5568 scirperta
2970 5498 3023 5552 di
3053 5501 3247 5553 cotesti
3284 5499 3455 5567 pioru-

1850 5572 1901 5627 bi
1925 5613 1941 5633 ,
1976 5586 2095 5624 resa
2123 5568 2373 5641 pubblioa
2405 5567 2457 5620 itt
2492 5584 2559 5641 un
2593 5567 2905 5641 ragguaglio
2930 5572 3156 5625 recitato
3182 5571 3233 5621 in
3263 5578 3457 5641 questo

1854 5646 2063 5698 Ateoeo
2092 5640 2181 5693 dal
2217 5637 2464 5707 predetto
2495 5640 2630 5694 Boni
2661 5637 2812 5697 nello
2833 5656 3020 5695 θεοί-μη
3044 5640 3287 5708 Maggio;
3313 5656 3343 5693 e
3370 5639 3452 5691 al-

1854 5716 1979 5769 enni
2005 5713 2050 5767 si
2080 5726 2354 5781 opposero
2388 5716 2691 5767 vivameute
2734 5712 3049 5767 negandone
3077 5710 3110 5762 ι’
3137 5709 3455 5781 autenticita

1859 5788 1995 5841 sulla
2035 5779 2169 5855 grati
2206 5796 2431 5855 ragtone
2453 5825 2475 5855 ,ν
2501 5784 2602 5837 cite
2632 5784 2700 5838 ne
2732 5785 2762 5837 ιΙ
2792 5782 3070 5837 Εοςρκτίηἱ
3098 5821 3134 5855 ._
3163 5779 3231 5834 ne
3268 5782 3390 5855 altri
3422 5780 3458 5855 Ii

1860 5848 2174 5914 ctmolrbero
2193 5898 2207 5915 .
2233 5848 2491 5921 e'perche
2518 5865 2860 5923 conteogono
2888 5857 3079 5909 alcune
3108 5848 3239 5907 frasi
3270 5850 3373 5907 che
3412 5851 3461 5907 si

1863 5930 2064 5986 dicouo
2098 5927 2301 5985 usitate
2330 5927 2570 5983 solt-amo
2596 5926 2664 5981 da
2694 5929 2817 5997 poi,
2850 5934 2957 5980 etc.
2982 5942 3002 5979 ι

2880 6014 2961 6075 10
