4056 6340
565 341 672 415 3'49

1601 339 1658 396 s.
1703 334 2154 395 cunonmus
2192 334 2300 390 Et).
2345 335 2844 404 AQUILEIENSIS.
3745 315 3829 396 δοῦ

573 465 735 521 medii
781 462 877 516 arvi
911 460 1146 531 spatium
1180 455 1426 513 absolute
1453 466 1506 512 et
1537 455 1852 511 indistincte
1901 455 2174 525 pertinere
2207 455 2248 512 Α
2283 453 2475 522 posita,
2511 464 2565 508 et
2597 453 2822 522 proprio
2854 468 2915 506 ac
2947 453 3179 522 j‘roptize
3227 452 3465 506 civitatis
3509 456 3710 509 nomine
3748 461 3834 514 car-

575 557 868 613 existimat.

650 651 790 707 Nihil
843 651 1026 718 itaque
1076 644 1430 714 probabilius,
1478 659 1639 712 quam
1682 643 1950 697 numistna
2005 643 2180 712 plum-

578 745 734 799 beum
800 738 1248 797 Chromatianum
1311 745 1432 805 post
1492 750 1694 790 annum
1757 735 1919 789 etiam
1977 731 2177 787 Christi

576 837 928 894 millesimum
992 832 1270 889 conditum
1321 831 1515 896 fuisse;
1564 830 1794 900 ideoque
1841 829 2177 884 numeralem

579 941 764 987 notam
796 928 940 984 illius
968 925 1140 997 partis
1188 923 1408 992 postica:
1435 921 1544 976 420
1571 921 1748 978 nihilo
1782 921 1952 988 pluris
1979 920 2180 975 iacien-

571 1028 704 1082 dam
731 1065 746 1092 ,
796 1039 959 1094 quam
1005 1036 1085 1077 ea:
1132 1019 1438 1076 habeantur
1467 1057 1480 1080 ,
1524 1031 1660 1087 quas
1703 1015 1870 1071 rebus
1919 1013 2182 1082 factisque

586 1122 824 1191 priorum
888 1126 1010 1187 post
1076 1113 1359 1168 Christum
1423 1111 1750 1168 saeculorum
1811 1117 2184 1179 apposuerunt

579 1214 881 1283 scriptores
912 1205 1164 1262 historici
1210 1206 1483 1276 sequioris
1529 1205 1728 1266 aetatis,
1761 1219 1882 1257 cum
1915 1201 1980 1256 ad
2026 1201 2185 1256 Chri-

582 1309 815 1364 stianam
865 1318 1029 1357 aeram
1070 1317 1132 1356 ea
1185 1299 1393 1356 referre
1434 1298 1764 1362 voluerunt,
1809 1313 1930 1368 quae
1979 1296 2182 1352 Christi

582 1399 742 1458 annis
775 1407 902 1455 tunc
936 1395 1159 1451 minime
1190 1394 1549 1464 signabantur
1571 1411 1584 1448 :
1605 1391 1744 1447 adeo
1769 1401 1825 1446 ut
1851 1391 2028 1459 potior
2051 1389 2186 1445 ﬁdes

582 1495 637 1550 in
673 1493 756 1549 his
786 1504 1056 1546 annorum
1087 1486 1589 1557 computationibus
1608 1483 1854 1540 habenda
1885 1482 2186 1538 sitcriticis

582 1595 636 1644 et
665 1583 1020 1655 chronologis
1050 1581 1273 1647 nostris,
1302 1580 1394 1650 qui
1429 1594 1516 1634 res
1549 1577 1792 1647 singulas
1830 1591 2048 1630 summo
2073 1586 2187 1630 stu-

583 1679 672 1734 dio
691 1677 1097 1750 expenderunt,
1117 1689 1179 1728 ac
1199 1672 1465 1728 consultis
1489 1671 1789 1739 praesertim
1819 1679 1894 1726 tot
1919 1668 2186 1741 synchro-

585 1772 668 1830 nis
699 1769 1074 1827 monumentis
1118 1781 1239 1835 quae
1286 1773 1419 1819 aetas
1467 1764 1520 1816 in
1569 1763 1812 1832 apricum
1857 1760 2102 1829 protulit,
2135 1769 2189 1815 et

2280 561 2401 600 cum
2432 546 2681 614 scripto?

2351 642 2553 696 Verum
2584 641 2852 696 nomisma
2886 648 3128 696 nostrum
3153 680 3165 703 ,
3195 641 3298 696 etsi
3326 639 3490 710 sigilli
3529 639 3739 698 formam
3763 641 3838 698 ha-

2281 737 2426 800 beat,
2457 735 2692 806 sigillum
2720 743 2901 789 tamen
2930 749 3118 788 verum
3148 749 3210 788 ac
3239 733 3544 805 proprium,
3574 749 3672 803 quo
3695 732 3839 790 Chro-

2282 830 2482 886 matius
2531 845 2659 886 usus
2709 830 2902 894 fuerit,
2945 844 3070 884 esse
3123 844 3230 884 non
3284 837 3497 897 potest;
3532 837 3636 882 tum
3670 824 3748 884 'ob
3791 846 3839 886 ea

2283 925 2465 980 omnia
2511 939 2635 996 quae
2682 923 2936 993 superius
2981 922 3220 978 diximus
3270 934 3327 978 ut
3361 921 3493 978 illud
3537 937 3843 980 censeremus

2284 1034 2422 1090 opus
2452 1027 2578 1090 post
2603 1017 2954 1073 millesimum
2981 1033 3185 1072 annum
3214 1017 3554 1081 confectum;
3582 1027 3682 1072 tum
3713 1020 3845 1077 etiam

2285 1114 2408 1184 quia
2444 1112 2498 1168 in
2530 1122 2683 1182 parte
2714 1112 2918 1182 postica
2947 1125 3099 1167 caret
3135 1112 3324 1166 ansula
3349 1154 3362 1177 ,
3393 1126 3490 1166 seu
3519 1109 3845 1175 adminiculo,

2285 1221 2398 1277 quo
2429 1205 2686 1259 inStructa
2718 1204 2894 1274 sigilla
2946 1213 3104 1259 erant
3130 1247 3142 1265 ,
3176 1212 3237 1257 ut
3279 1218 3468 1259 eorum
3521 1201 3686 1256 facilis
3729 1213 3847 1257 esset

2288 1314 2442 1354 usus.
2475 1298 2614 1365 Quid
2650 1298 2811 1370 igitur
2857 1299 3263 1368 conjiciendum
3313 1306 3438 1368 post
3467 1297 3615 1352 hmo?
3641 1298 3852 1353 Viderint

2289 1393 2545 1447 nimirum
2591 1401 2715 1460 post
2745 1407 2944 1445 annum
2987 1391 3193 1446 Christi
3248 1391 3597 1446 millesimum
3626 1389 3852 1445 Chroma-

2293 1487 2426 1540 tiani
2466 1484 2628 1555 sigilli
2664 1485 3080 1554 impressionem
3128 1484 3364 1554 aliquam
3413 1483 3588 1539 adhuc
3630 1487 3854 1553 superstio

2293 1590 2398 1636 tem
2423 1620 2437 1643 ,
2489 1593 2717 1648 eamque
2749 1588 2842 1632 aut
2873 1593 2997 1633 cera
3046 1585 3142 1632 aut
3167 1592 3338 1649 gypso
3371 1588 3460 1631 aut
3492 1587 3635 1632 creta
3684 1577 3852 1631 forma-

2293 1684 2435 1738 tam;
2461 1673 2720 1739 viderint,
2741 1674 2981 1740 inquam,
2998 1672 3088 1741 qui
3117 1672 3197 1727 rei
3219 1672 3500 1725 litterariae
3523 1680 3576 1725 et
3601 1671 3854 1738 antiquita-

2298 1778 2409 1825 tum
2438 1768 2666 1823 studiosi
2692 1777 2820 1822 tunc
2841 1775 3014 1828 erant,
3037 1776 3094 1818 et
3117 1764 3351 1819 fortasse
3373 1764 3704 1818 Corrarianae
3722 1763 3857 1832 ipsius

584 1880 674 1923 ars
705 1860 1102 1936 typographica
1129 1857 1442 1913 communia
1481 1855 1737 1912 omnibus
1770 1855 1896 1909 fecit
1916 1897 1928 1917 ,
1957 1869 2184 1923 qumque

2309 1862 2433 1932 tpud
2463 1861 2696 1916 Venetos
2717 1859 3000 1915 societatis
3015 1859 3242 1913 alumni.
3272 1857 3638 1928 Fragilitatem
3663 1857 3853 1925 proinde

587 1959 782 2030 priscis
835 1957 980 2020 illis,
1010 1952 1344 2022 creteroquin
1394 1950 1753 2008 benemeritis
1800 1949 2186 2020 scriptoribus,

588 2052 750 2109 obvia
774 2066 896 2110 esse
927 2065 1035 2105 non
1069 2054 1343 2119 poterant.

662 2146 743 2200 Sit
792 2141 958 2214 igitur
1004 2157 1100 2210 pro
1146 2137 1316 2192 nihilo
1377 2134 1626 2192 habenda
1676 2149 1842 2204 super
1890 2131 2190 2190 Chromatii

595 2237 766 2296 nostri
792 2237 898 2289 vita
932 2242 1025 2286 aut
1055 2232 1204 2286 obitu
1232 2227 1530 2287 numeralis
1558 2226 1649 2284 illa
1674 2235 1798 2282 uota
1831 2225 1992 2293 hujus
2019 2222 2192 2279 Chro-

590 2329 808 2388 matiani
840 2325 1184 2382 numismatis
1219 2322 1459 2394 plumbei
1505 2337 1602 2376 seu
1636 2319 1835 2391 sigilli;
1869 2329 1929 2376 ut
1959 2333 2054 2376 eas
2099 2333 2193 2385 po-

589 2426 695 2480 tius
726 2421 1142 2492 amplectamur,
1170 2431 1359 2486 parum
1387 2416 1529 2470 inter
1553 2427 1611 2470 se
1634 2413 2036 2480 discrepantes,
2062 2423 2196 2479 quas

591 2527 833 2574 statuere
862 2513 1206 2567 Fontaniuus
1239 2520 1399 2582 atque
1429 2508 1504 2563 De
1533 2505 1758 2564 Rnltcis.
1807 2502 1943 2572 Quid
1978 2502 2195 2562 interim

590 2609 763 2685 [mu]
814 2604 1187 2671 sentiendum.
1214 2603 1281 2657 de
1325 2601 1658 2656 uumismate
1702 2598 1824 2668 ipso
1856 2611 1950 2652 seu
1984 2593 2196 2664 sigillo,

597 2699 724 2774 post
769 2715 971 2755 annum
1025 2694 1375 2750 millesimum
1420 2689 1801 2764 proculdubio,
1837 2690 1912 2746 uti
1944 2686 2202 2756 conjicie-

598 2796 814 2857 batnus,
847 2788 1133 2846 conlecto?
1162 2787 1272 2854 Qua
1306 2787 1560 2842 nimirum
1584 2783 1652 2837 de
1677 2796 1838 2836 causa
1869 2789 1957 2833 aut
1980 2793 2196 2842 ensum,

597 2896 691 2943 aut
724 2887 906 2958 potius
950 2883 1203 2938 caelatum
1250 2889 1537 2950 putamus;
1583 2875 1669 2932 vel
1710 2876 1794 2930 cui
1829 2874 1946 2932 usui
1975 2871 2200 2929 dedica.

596 2980 748 3036 tum?
780 2995 893 3033 rem
943 2991 1094 3030 ntere
1149 2973 1579 3042 conjecturalem
1614 2965 2002 3039 aggredimur:
2046 2964 2204 3033 longe

600 3083 781 3128 tamen
818 3085 1008 3125 sumus
1039 3077 1094 3120 nt
1123 3065 1486 3135 suspicemur,
1521 3061 1678 3128 hujus
1712 3055 2060 3114 munismatis
2089 3055 2204 3112 sive

603 3165 764 3236 sigilli
796 3162 1112 3217 conditores
1155 3156 1399 3212 voluisse
1443 3156 1618 3208 l'ucum
1669 3154 1845 3210 facere
1876 3149 2203 3220 posteritati.

604 3257 854 3330 Sigillum
890 3269 1047 3307 suum
1081 3249 1388 3321 episcolrale
1416 3247 1670 3302 habuisse
1702 3244 2076 3300 Chromatium
2107 3241 2207 3298 tni-
2234 3229 2282 3298 Ο

606 3351 751 3404 nime
791 3347 1124 3406 dubitamus,
1159 3357 1266 3413 quo
1317 3340 1520 3410 scripta
1570 3351 1665 3392 sua
1689 3377 1701 3400 ,
1734 3336 1824 3390 ubi
1869 3351 2004 3408 opus
2037 3344 2206 3400 esset,

607 3440 979 3512 epistolasque
1013 3436 1254 3506 signaret
1281 3450 1292 3484 :
1320 3432 1371 3486 id
1406 3431 1552 3486 enim
1589 3430 1639 3484 in
1670 3444 1768 3484 usu
1798 3429 2036 3497 positum
2065 3427 2206 3496 apud

607 3535 896 3606 episcopos
929 3531 1078 3584 illius
1109 3543 1171 3582 ac
1201 3524 1501 3594 superioris
1537 3539 1754 3598 quoque
1786 3523 1986 3588 altatis,
2026 3532 2210 3580 vetera

610 3633 963 3682 monumenta
1014 3638 1114 3676 nos
1164 3620 1399 3684 docent;
1430 3628 1484 3672 et
1517 3618 1823 3688 Ducangius
1853 3617 1904 3672 in
1941 3615 2211 3672 Glossario

613 3721 794 3776 meditt’
833 3728 878 3772 et
922 3718 1117 3785 inﬁnite
1146 3713 1444 3766 Latinitatis
1464 3754 1478 3780 ,
1508 3726 1714 3766 necnon
1761 3710 2106 3769 Mabillonius
2136 3709 2212 3769 De

612 3832 666 3870 re
710 3810 1084 3882 Diplomatica,
1139 3805 1277 3860 libro
1328 3821 1388 3872 tt,
1422 3819 1540 3876 cap.
1581 3804 1668 3868 15,
1717 3820 1864 3858 ιιιιιιι.
1916 3804 1966 3868 1,
1998 3802 2210 3862 erudite

613 3904 926 3961 ostendunt.
956 3899 1145 3970 Sigilta
1177 3896 1488 3971 hujusmodi
1524 3897 1675 3956 varia
1705 3895 1872 3954 fuisse
1897 3903 2116 3958 constat
2145 3911 2212 3952 ex

614 3998 806 4054 eodem
832 3994 1144 4051 Mabillonio
1167 4010 1181 4050 :
1205 4007 1266 4046 ac
1291 3990 1715 4062 unumquodque
1741 3993 2044 4060 prtesertim
2069 4005 2215 4063 sa‘pe

618 4105 816 4147 nomen
845 4089 1102 4145 habuisse
1132 4086 1371 4156 episcopi
1417 4084 1570 4152 cujus
1602 4095 1738 4140 erat.
1776 4083 1953 4140 Facile
1997 4099 2214 4156 quoque

614 4183 888 4239 credimus
923 4181 1115 4236 Crucis
1166 4178 1394 4233 virit’ica:
1441 4178 1656 4248 signum
1703 4179 1770 4234 ab
1811 4179 2122 4248 episc~0pis,
2159 4188 2216 4234 ut

617 4276 943 4348 plurimum,
970 4272 1168 4342 sigillis
1201 4272 1515 4344 impositum
1545 4285 1669 4323 cum
1707 4270 1927 4342 proprio
1956 4269 2175 4330 nomine
2201 4287 2214 4324 :

618 4368 720 4422 hoc
743 4365 886 4420 enim
912 4366 1123 4432 signum
1150 4362 1370 4433 proprio
1401 4361 1606 4415 nemini
1638 4362 2044 4434 anteponebant
2065 4361 2216 4428 olim,

618 4475 740 4516 cum
771 4458 905 4512 actis
940 4463 1035 4510 aut
1077 4455 1282 4510 chartis
1311 4453 1742 4514 subscriberent,
1777 4461 1834 4512 ut
1861 4453 2000 4506 idem
2033 4453 2222 4510 Mobil-

622 4554 800 4609 lonius
825 4551 1022 4604 ibidem
1057 4549 1234 4616 capite
1263 4546 1357 4611 22,
1391 4561 1544 4599 num.
1577 4545 1663 4598 12.
1699 4543 1896 4612 Quidni
1929 4545 2092 4616 igitur
2119 4547 2218 4602 hu-

2293 1955 2536 2011 materiaa
2559 1953 2969 2024 perpenderint,
3001 1967 3064 2006 ac
3090 1950 3415 2020 periculum,
3441 1950 3604 2021 quod,
3633 1949 3856 2018 temporis

2291 2048 2474 2115 lapsu,
2505 2056 2618 2101 tum
2649 2045 2937 2117 impressio
2961 2052 3266 2114 superstes,
3304 2053 3416 2096 tum
3443 2041 3604 2112 sigilli
3635 2039 3856 2095 memoria

2295 2139 2549 2198 interiret
2599 2155 2613 2193 ε
2656 2139 2890 2208 ideoque
2937 2137 3228 2191 statuerint
3281 2135 3504 2204 plumbo
3550 2134 3855 2188 commissam

2294 2234 2610 2303 relinquere
2638 2232 2944 2301 posteritati
2973 2231 3120 2284 illius
3150 2229 3378 2284 formam
3408 2229 3590 2300 sigilli,
3623 2226 3754 2298 quod
3775 2241 3861 2295 pra:

2297 2329 2473 2384 oculis
2520 2327 2825 2390 habebant;
2863 2325 3084 2380 inducta
3135 2326 3350 2380 scilicet
3392 2325 3445 2380 in
3490 2323 3665 2378 medio
3703 2321 3865 2375 areola:

2299 2421 2504 2487 Cruce,
2560 2430 2614 2474 et
2669 2420 2873 2475 circum
2931 2418 3195 2488 appositis
3245 2417 3433 2470 verbis
3487 2410 3861 2469 CHROMATII-

2303 2511 2865 2578 EPISCO-AQlllL-,
2917 2509 3159 2564 adhibita
3227 2518 3412 2562 tamen
3470 2522 3533 2562 ea
3599 2506 3862 2558 litterarum

2305 2607 2497 2671 forma,
2532 2622 2651 2675 qua:
2682 2604 2898 2673 pr0pria
2926 2617 3039 2658 sua:
3086 2612 3232 2657 esset
3264 2601 3443 2656 aetatis
3473 2618 3483 2653 :
3510 2608 3562 2654 et
3585 2613 3704 2654 ecce
3734 2608 3864 2651 natu-

2306 2699 2474 2753 ralem
2509 2709 2563 2750 et
2594 2697 2815 2752 obviam
2840 2738 2853 2760 ,
2882 2693 3342 2764 quemadmodum
3393 2703 3748 2757 autumamus,
3772 2688 3862 2741 ori~

2304 2793 2484 2863 ginem
2539 2789 2734 2844 antica:
2795 2789 2970 2858 partis
3027 2788 3187 2857 hujus
3244 2786 3480 2857 plumbei
3531 2780 3866 2840 Chronratiani

2308 2886 2680 2948 numismatis,
2713 2899 2808 2939 seu
2837 2882 3019 2938 verius
3049 2881 3236 2952 sigilli.

2379 2977 2398 3049 [
2431 2993 2512 3032 ιιι
2540 2977 2559 3047 j
2612 2974 2766 3042 Quod
2798 2975 2863 3029 ad
2894 2973 3160 3045 posticam
3183 2979 3394 3035 autem,
3432 2971 3484 3024 in
3533 2983 3635 3041 qua
3687 2966 3854 3038 pedum

2309 3071 2618 3142 episcopale
2665 3085 2788 3126 cum
2849 3069 3091 3123 Romana
3153 3066 3541 3120 numeratione
3589 3059 3870 3122 CCCC“;

2311 3163 2452 3218 hanc
2486 3163 2634 3217 trulla
2677 3162 3026 3216 dubitatione
3059 3173 3355 3215 censemus
3395 3174 3603 3213 merum
3637 3173 3695 3210 ac
3727 3165 3874 3209 totum

2312 3271 2436 3311 esse
2463 3254 2750 3309 arbitrium
2781 3268 2995 3318 eorum,
3031 3252 3120 3322 qui
3165 3269 3281 3308 rem
3330 3252 3504 3321 ipsum
3539 3265 3606 3306 eo
3638 3259 3872 3318 tempore,

2314 3350 2570 3404 nimirum
2604 3358 2724 3418 post
2755 3363 2960 3402 annum
2985 3348 3362 3412 millesimum,
3396 3355 3752 3407 curaverunt;
3779 3341 3874 3409 qui-

2314 3458 2422 3512 que
2449 3450 2664 3512 partem
2694 3454 2923 3494 vacuam
2958 3439 3181 3508 operire
3213 3439 3376 3494 modo
3399 3437 3586 3508 aliquo
3618 3436 3878 3503 cupientes

2317 3535 2585 3604 plumme
2617 3534 2763 3588 illius
2795 3531 3035 3595 Iamiam,
3074 3548 3188 3588 rem
3212 3543 3424 3605 gratam
3450 3533 3591 3586 bona
3616 3531 3719 3586 ﬁde
3762 3545 3869 3598 pos-

2315 3631 2450 3685 teris
2482 3645 2542 3685 se
2577 3628 2818 3682 facturos
2840 3637 3131 3697 putarunt,
3159 3629 3202 3681 si
3253 3635 3438 3680 notam
3472 3626 3674 3681 Ibidem
3704 3635 3882 3690 tenipo-

2317 3723 2391 3777 ris
2420 3722 2696 3791 signarent
2739 3719 2976 3790 aliquam
3003 3718 3158 3788 juxta
3194 3721 3472 3788 vigentem
3519 3733 3680 3773 teram
3731 3714 3881 3769 cluis-

2317 3812 2544 3872 tianam,
2574 3811 2626 3865 in
2657 3825 2766 3880 quo
2794 3808 3123 3864 Chromatius
3164 3809 3508 3880 Aquileiensis
3540 3810 3798 3879 episwpns
3821 3819 3874 3858 ex

2317 3904 2535 3975 propria
2567 3903 2840 3960 sententia
2874 3902 3097 3956 vixisset
3133 3917 3148 3966 ;
3195 3913 3246 3955 et
3279 3902 3362 3966 si,
3395 3917 3500 3970 pro
3528 3901 3746 3956 inducto
3779 3906 3880 3951 lltltc

2317 4012 2492 4062 more,
2512 3997 2724 4066 insigne
2739 4010 2955 4066 quoque
2973 3993 3264 4064 pastoralis
3281 3994 3404 4060 ejus
3422 3995 3706 4065 regiminis
3721 3989 3884 4060 pedum

2319 4090 2589 4150 adderent
2615 4087 2958 4158 episcOpale.
3002 4085 3330 4156 Episcopatu
3384 4101 3550 4155 porro
3592 4081 3882 4156 pedum(ut

2319 4183 2525 4255 aliquid
2557 4184 2627 4240 de
2654 4181 2760 4238 hoc
2790 4180 2986 4246 etiam,
3015 4179 3140 4234 data
3171 4179 3486 4242 occasione,
3535 4179 3843 4246 attingamus
3871 4167 3886 4238 )

2321 4278 2450 4348 quis
2484 4291 2744 4346 umquam
2770 4273 2929 4337 vidit,
2957 4281 3048 4328 aut
3075 4284 3439 4328 memoratum
3473 4271 3615 4339 apud
3661 4266 3891 4340 synchru-

2324 4387 2422 4425 uos
2453 4379 2706 4428 auctores
2740 4368 2897 4439 legit,
2930 4366 2985 4423 in
3016 4366 3410 4435 episcOporum
3466 4364 3658 4435 sigillis
3712 4356 3888 4433 quarti,

2323 4475 2416 4524 aut
2447 4466 2620 4534 quinti
2664 4465 2900 4522 ineuntis
2929 4462 3116 4519 saeculi
3148 4461 3170 4513 ?
3224 4459 3483 4514 Formam
3519 4466 3699 4512 autem
3749 4452 3887 4520 hujus

2327 4555 2448 4623 pedi
2480 4555 2534 4612 in
2567 4555 2820 4623 plumbea
2851 4564 3042 4610 nostra
3070 4553 3274 4609 lamina
3309 4565 3654 4620 expressam,
3681 4563 3778 4600 non
3801 4546 3893 4612 pri-

617 4647 706 4716 jus
729 4643 914 4708 utique
939 4640 1322 4705 forma-,quam
1347 4635 1658 4704 plumbeum
1685 4644 1928 4689 nostrum
1955 4637 2222 4696 nomisma
2254 4631 2304 4696 Π
2332 4647 2577 4706 mitivam
2611 4645 2824 4715 utique,
2853 4661 3031 4717 neque
3053 4646 3233 4715 quarti
3266 4654 3360 4698 aut
3385 4642 3564 4712 quinti
3592 4638 3786 4698 smculi,
3817 4631 3896 4687 sed

624 4739 678 4790 in
728 4735 905 4788 antica
964 4730 1220 4800 praefert,
1280 4729 1447 4781 fuisse
1498 4726 1873 4781 existimemus
1924 4726 2224 4789 Chromatii

630 4825 994 4898 Aquileiensis
1023 4821 1294 4890 sigillum;
1343 4833 1505 4872 cruce
1537 4817 1789 4874 nimirum
1836 4820 1886 4872 in
1921 4821 2100 4877 medio
2125 4839 2224 4895 po.

702 5004 1049 5060 Clarissimus
1093 5014 1222 5055 vero
1262 4997 1394 5051 Βοιιί
1436 5012 1556 5049 emn
1608 4995 1723 5049 hare
1765 4998 2006 5068 objecta,
2040 5013 2092 5057 et
2119 5006 2219 5059 alia

629 5091 843 5147 quoque
872 5073 1318 5147 audiSset,_atque
1342 5069 1556 5147 interim
1592 5069 1741 5147 plnura
1766 5070 1867 5123 alia
1893 5075 2022 5128 varii
2056 5092 2222 5144 gena-

626 5137 704 5201 ris
755 5137 1098 5200 inonutnenta
1137 5137 1358 5201 Veneta,
1392 5142 1602 5212 tortuna
1637 5137 1867 5200 favente,
1896 5137 2219 5212 detexisset,

633 5218 878 5283 plumbea
929 5213 1217 5277 nimirum,
1246 5210 1686 5283 utetnhranacea,
1723 5213 1927 5281 lapidea
1957 5258 1970 5280 ,
2007 5210 2217 5273 necnmi

630 5282 819 5358 Sigilla,
858 5299 1124 5358 nummos,
1158 5292 1211 5335 et
1259 5282 1515 5349 nigellata
1555 5297 1756 5358 operai,
1791 5287 1985 5355 quibus
2030 5299 2085 5343 et
2133 5306 2221 5345 res

631 5355 889 5413 hactenus
913 5356 1240 5429 Venetartun
1276 5368 1456 5404 rerum
1481 5355 1845 5429 scriptoribus
1877 5358 2073 5426 ignotae
2096 5375 2221 5429 pm-

630 5432 920 5490 debentur,
951 5437 1005 5479 et
1039 5426 1414 5492 plumbearum
1452 5439 1717 5494 [tl'fIBCIPlle
1750 5427 1962 5481 illarum
1994 5426 2221 5484 lam—ina-

633 5519 750 5556 rum
768 5499 1052 5556 sinceritas
1074 5497 1412 5558 iniciebatur,
1429 5496 1497 5548 oh
1517 5496 1704 5549 miram
1725 5502 2007 5564 quamdam
2031 5507 2220 5556 harum

631 5589 752 5628 cum
806 5572 914 5625 illis
957 5568 1372 5642 consensionem
1417 5567 1467 5619 in
1514 5568 1978 5642 epoehis,l'at:-tis
2005 5612 2018 5632 ,
2059 5589 2222 5642 atque

633 5644 940 5712 nominibus
999 5641 1159 5705 ipsis;
1223 5642 1337 5712 hzee
1391 5639 1568 5712 omnia
1630 5641 1852 5712 protulit
1916 5639 2218 5712 insequenti

631 5730 772 5770 anno
806 5710 944 5767 1815
975 5712 1024 5762 itt
1067 5713 1255 5764 eodem
1295 5709 1459 5779 llcgio
1507 5709 1697 5762 Veneto
1725 5710 2017 5781 Athenaeo;
2049 5709 2218 5781 raque

625 5787 782 5839 simul
815 5793 1048 5852 sumpta,
1081 5800 1197 5850 qua:
1225 5781 1607 5852 antiquitatum
1643 5779 1955 5852 hujusn_t_odi
1986 5779 2217 5837 immen-

628 5872 742 5911 sam
793 5849 957 5924 ιιι-ι)μὰ
996 5849 1372 5909 cutiectionom
1412 5851 1779 5917 constituunt,
1822 5849 2215 5924 Neographiam

2331 4740 2515 4809 potius
2528 4741 2742 4811 qualem
2761 4741 3068 4798 obtinuisse
3083 4739 3340 4794 novimus
3358 4747 3478 4807 post
3493 4754 3518 4787 a
3530 4751 3694 4789 unum
3717 4727 3893 4786 Christi

2336 4831 2726 4898 millesimum,
2779 4833 3107 4903 qualemque
3130 4831 3183 4887 iu
3217 4829 3453 4885 nununis
3479 4827 3780 4898 praesertim
3815 4834 3894 4892 pa-

2345 5011 2590 5086 ι’ἐρριαιιι
2619 5014 2958 5086 conﬁdenter
2985 5017 3301 5086 appellavit.

2336 5083 2667 5163 ,__El“5d0"_|
2740 5085 2922 5163 Veneti
2959 5083 3189 5163 Athenaei
3242 5091 3460 5163 hortatu
3488 5131 3502 5154 ,
3551 5087 3790 5163 eruditus
3835 5083 3897 5135 vir

2336 5153 2609 5231 illustrare
2642 5158 2751 5211 hinc
2777 5158 2958 5231 omnia
2985 5160 3190 5231 scripto
3222 5162 3360 5231 typis
3388 5153 3602 5214 edendo
3629 5159 3900 5213 constitue-

2335 5235 2457 5308 Γειιῇ
2478 5227 2570 5280 Sed
2608 5244 2742 5308 cunt
2777 5227 3109 5308 lPSeJ-allltt
3139 5227 3258 5298 post
3286 5227 3566 5308 ’_Societati
3598 5231 3720 5285 .losu
3753 5239 3902 5292 nuper

2331 5301 2616 5375 restittttw,
2649 5310 2704 5355 et
2725 5301 2834 5375 jam
2869 5301 2995 5375 oliui
3028 5318 3170 5375 suae,
3205 5303 3316 5357 voti
3343 5318 3554 5375 tncmor
3579 5315 3632 5356 ct
3665 5312 3895 5375 contng

2331 5369 2528 5421 iterum
2575 5386 2767 5424 nomen
2802 5371 3043 5435 dederit;
3074 5373 3278 5428 utinam
3312 5373 3450 5428 alius
3475 5416 3488 5434 ,
3526 5374 3666 5428 inter
3700 5382 3771 5426 tot
3798 5369 3903 5421 illu-

2328 5444 2469 5494 stres
2526 5438 2854 5495 Venetarum
2915 5458 3094 5498 rerum
3153 5446 3434 5506 cultores,
3491 5445 3630 5499 hanc
3686 5451 3900 5513 spartam

2329 5522 2598 5561 exornare
2628 5515 2996 5580 aggrediatur.

2399 5580 2578 5660 Adeat
2629 5581 2846 5637 interim
2902 5584 3291 5660 Lectot‘_typis
3347 5587 3549 5660 editam
3611 5586 3906 5660 Relationem

2325 5648 2726 5733 z‘lcna'emicarn,
2770 5670 2929 5733 quam
2966 5648 3366 5733 lltllillll'S-llltt‘r
3397 5659 3496 5714 hac
3539 5675 3601 5713 re
3643 5659 3693 5711 in
3743 5655 3909 5708 Veneto

2325 5718 2603 5802 ᾼιᾷρηᾳζο,
2634 5722 2723 5778 die
2777 5718 2846 5778 {2
2892 5727 3034 5802 .lunii
3086 5718 3557 5802 l8l4,'laudatus
3609 5729 3913 5784 Franciscus

2321 5787 2827 5878 ᾒςξίυξμερξαῃριι,
2858 5800 3019 5878 altam
3070 5787 3317 5878 ejusdem
3362 5802 3616 5878 super-itis
3659 5809 3914 5855 memoras

2325 5861 2430 5924 litin
2461 5861 2570 5926 diei
2597 5863 2669 5926 εδ
2705 5861 2831 5928 Maii
2861 5869 2992 5926 auiti
3022 5861 3406 5942 subsequentis
3431 5861 3603 5930 λιιιδ.
