4056 6340
589 314 697 371 505

1621 301 1681 360 S.
1720 293 2167 358 CHROMATIUS
2206 293 2317 352 EI’.
2359 290 2862 365 AQUILEIENSIS.

3764 281 3857 344 3M

589 444 697 502 que
724 442 912 483 veram
950 441 1014 483 ac
1048 425 1340 497 genuinam
1386 438 1510 480 esse
1557 418 1881 489 nosmetipsi
1927 415 2187 488 Aquileire
2216 415 2271 473 A
2295 411 2417 477 bat;
2451 412 2550 467 sed
2583 408 2923 481 probabilius
2973 402 3310 502 Hadrian-um
3337 408 3643 502 autumasse
3693 397 3864 502 Asqui-

584 525 708 579 visu
742 532 997 593 tactuque
1024 521 1378 588 cognovimUs
1402 517 1501 591 (α).

626 637 801 713 [LW]

880 612 1902 814 —————l

1081 857 1323 943 IMP.
1407 854 1695 941 CAES

1025 997 1115 1059 111
1196 994 1448 1058 11111111
1520 993 1737 1054 111111

1090 1098 1178 1161 111
1224 1097 1531 1159 11111111
1576 1096 1667 1156 111

1042 1198 1716 1263 11111111111111111111

1071 1300 1469 1366 INVICTUS.
1519 1300 1709 1361 AVG.

1052 1402 1699 1482 AQVIl.EIENS|VM

1117 1506 1637 1570 RESTITVTOR

1087 1610 1217 1670 ET.
1264 1607 1677 1671 CONDITOR

1070 1711 1304 1773 VIAM.
1352 1708 1685 1785 QVOQVE

1187 1812 1571 1874 GEMINAM

1010 1918 1088 1978 A.
1140 1915 1405 1977 PORTA
1418 1962 1433 1978 .
1483 1913 1743 1989 VSQVE

1121 2018 1255 2078 AD.
1302 2015 1635 2077 PONTEM

1089 2122 1263 2182 PER.
1311 2116 1655 2180 TIRONES

991 2224 1432 2286 IVVENTVT.
1479 2218 1756 2283 NOVAE

1040 2325 1447 2389 ITALICAE.
1505 2323 1713 2385 SVAE

918 2430 1209 2493 DILECT
1220 2428 1334 2489 VS.
1385 2422 1835 2488 POSTERIOR

1010 2530 1284 2592 LONGI.
1337 2524 1743 2588 TEMPORIS

991 2634 1226 2697 LABE.
1272 2626 1768 2694 CORRVPTAM

1111 2733 1483 2797 MVNIVIT.
1545 2730 1643 2793 AC

1145 2832 1591 2898 RESTITUIT.

648 3206 804 3270 llujus
820 3203 1028 3270 alterius
1042 3197 1220 3270 lapidis
1235 3193 1801 3270 Aaoeipedimo'nsioges:
1815 3216 1876 3270 -ς-
1892 3191 2100 3270 altitudo
2112 3200 2194 3270 est
2221 3202 2267 3267 (ς

585 3254 763 3330 ped—tim
855 3280 966 3316 uno.
993 3254 1361 3330 tiri-latitudo-
1374 3264 1453 3306 est
1475 3257 1652 3330 pydum
1677 3255 1727 3330 2,
1754 3268 1870 3330 tt_nc..
1895 3254 1918 3304 l
1946 3264 1999 3330 et
2022 3256 2191 3307 semis.

581 3318 642 3366 ἶ·-
662 3318 1050 3383 (Ζιιειεειίιιόὶιιθιιὶ
1068 3323 1203 3375 celat
1227 3321 1412 3385 paries,
1437 3318 1516 3369 cui
1540 3320 1757 3369 insertus
1775 3318 1902 3382 lapis
1921 3326 2017 3370 est.

657 3463 757 3520 Uni
781 3462 1069 3530 eidemque
1086 3454 1321 3529 principi
1349 3454 1607 3510 videnlur
1636 3454 1691 3509 hi
1724 3454 1833 3510 duo
1861 3455 2068 3526 lapides
2098 3469 2194 3526 po—

583 3558 672 3614 siti
696 3598 709 3619 ,
744 3556 815 3612 ob
837 3555 944 3610 duo
976 3552 1219 3623 ejusdem
1242 3550 1463 3621 generis
1490 3564 1659 3619 opera
1690 3550 1743 3604 in
1767 3550 2194 3621 Aquileiensium

586 3650 877 3705 utilitatem
909 3646 1095 3709 facta;
1126 3646 1263 3699 viam
1312 3659 1509 3712 nempe
1542 3644 1764 3697 Anniam
1784 3645 2101 3709 restitutam,
2135 3652 2197 3699 ut.

584 3746 640 3800 itt
684 3743 882 3815 priori;
916 3750 974 3797 et.
1015 3741 1160 3795 Viam
1186 3755 1391 3812 quoque
1422 3736 1691 3792 Geminam
1722 3739 1974 3793 munitam
2026 3756 2085 3794 ac
2113 3756 2196 3794 re-

580 3840 845 3903 stitutam,
876 3848 933 3892 ut
962 3838 1017 3891 in
1042 3834 1306 3891 secundo.
1349 3833 1623 3889 llactenus
1653 3832 1869 3902 ignotus
1902 3833 2003 3888 fuit
2053 3833 2192 3903 lapis

582 3933 827 4002 primus,
872 3931 940 3986 ad
981 3947 1140 4002 quem
1174 3928 1449 3986 secundus
1500 3926 1839 3983 referebatur
1869 3943 1968 3998 per
2001 3943 2190 3984 vocem

583 4029 951 4101 copulativam
975 4044 1214 4099 quoque;
1237 4026 1361 4098 quia
1392 4024 1607 4079 scilicet
1631 4064 1645 4089 ,
1670 4032 1869 4094 prmter
1896 4021 2185 4091 Geminam,

582 4123 727 4177 viam
755 4122 918 4177 aliam
952 4120 1307 4193 proculdubio
1335 4118 1610 4175 indicabat
1636 4118 1703 4172 ab
1730 4117 1921 4174 eodem
1947 4118 2192 4190 principe

584 4216 875 4271 restitutam
896 4258 910 4282 ,
944 4230 1107 4286 quam
1135 4228 1279 4269 nunc
1312 4213 1535 4267 Anniam
1592 4211 1756 4266 fuisse
1783 4212 2186 4283 cognoscimus.

582 4304 793 4364 Prmter
819 4324 978 4379 quam
1002 4306 1146 4377 quod
1167 4348 1180 4369 ,
1219 4306 1398 4377 elogio
1434 4305 1630 4376 prioris
1662 4304 1858 4374 lapidis
1881 4348 1895 4371 ,
1938 4321 2045 4375 quo
2075 4307 2193 4375 plu-

583 4403 715 4456 rima
740 4401 1183 4469 indulgentiarum
1206 4416 1422 4453 suarum
1453 4400 1693 4469 princeps
1732 4399 1821 4455 ille
1847 4400 2191 4471 providentis-

584 4498 746 4550 simus
771 4497 826 4550 in
851 4494 1203 4565 Aquileienses
1230 4495 1531 4549 contulisse
1559 4494 1782 4557 dicitur,
1831 4497 2034 4564 Optime
2057 4510 2189 4550 con-

2297 521 2424 561 num
2448 547 2463 571 ,
2491 503 2583 574 qui
2616 504 2685 559 de
2724 502 2915 558 eodem
2950 500 3051 554 hoc
3084 496 3266 570 lapide
3288 537 3302 563 ,
3341 493 3670 565 supracitato
3700 491 3861 547 itidem

2296 601 2418 656 loco
2440 641 2457 667 ,
2492 598 2811 654 immediate
2837 606 2956 667 post
2988 593 3271 651 Bertolnm
3319 604 3625 646 sermonem
3671 588 3861 655 ltabuit;

2295 691 2558 763 quidquid
2582 690 2781 747 deinde
2804 688 3091 758 scripserit
3119 686 3386 740 adversus
3412 681 3553 737 hanc
3582 680 3866 749 Opinionem

2297 784 2553 840 Bertoltts
2583 783 2701 852 ipse
2748 782 2800 838 in
2837 778 3139 847 Opusculo,
3169 776 3315 849 quod
3363 783 3558 831 contra
3596 774 3863 838 Asquinum

2296 878 2465 933 εόίιΙίι
2495 878 2548 931 in
2576 874 2893 931 Collectione
2921 874 3093 944 prima
3144 871 3501 942 Calugeriana
3534 866 3597 922 Di
3649 866 3865 933 Opuscoli

2298 972 2570 1038 scienti/ici
2600 987 2627 1025 e
2656 969 2930 1040 ﬁlologici,
2956 978 3106 1021 tumo
3137 964 3340 1028 XXVI,
3377 979 3503 1035 pag.
3532 961 3657 1018 501.
3686 960 3739 1017 1ιι
3781 964 3867 1016 As-

2299 1066 2447 1138 quini
2479 1077 2659 1119 autem
2710 1062 3039 1118 sententiam
3082 1061 3185 1116 ivit
3227 1059 3392 1115 etiam
3436 1058 3518 1113 vir
3567 1056 3869 1111 clarissimus

2301 1173 2473 1227 nuper
2500 1157 2752 1214 laudatus
2774 1198 2788 1222 ,
2820 1165 2879 1212 et
2922 1154 3312 1225 antiquitatum
3349 1151 3631 1214 omnium,
3664 1150 3870 1205 maxime

2299 1266 2430 1307 vero
2458 1260 2769 1305 uestrarum
2800 1247 3235 1317 Aquileiensium
3278 1245 3641 1316 peritissimus
3667 1286 3681 1310 ,
3708 1242 3866 1299 Corti-

2300 1344 2525 1410 novius;
2549 1344 2707 1415 cujus
2727 1358 2893 1412 super
2913 1341 3014 1398 hac
3044 1341 3237 1397 eadem
3261 1340 3626 1410 Inscriptinne
3656 1336 3867 1394 secunda

2300 1438 2571 1494 eruditam
2626 1435 2936 1491 Memoriam
2988 1450 3095 1491 ms.
3144 1444 3349 1500 teneo;
3402 1443 3458 1489 et
3490 1436 3543 1489 in
3594 1448 3693 1504 qtta
3741 1431 3872 1487 illam

2300 1530 2466 1585 trium
2498 1543 2751 1584 versuum
2775 1530 3028 1582 lacunam
3052 1543 3081 1581 a
3112 1541 3172 1582 se
3195 1524 3463 1597 Aquileiae
3490 1541 3558 1581 ex
3588 1526 3701 1591 ipso
3720 1523 3875 1591 lapide

2300 1631 2558 1679 accurate
2603 1621 2947 1690 desumptam
2977 1661 2993 1687 ,
3043 1637 3219 1691 neque
3262 1618 3526 1675 continua
3577 1617 3875 1675 lineolarum

2300 1717 2650 1772 successione
2667 1716 2934 1786 signatam
2957 1725 3015 1769 ttt
3037 1714 3182 1786 apud
3206 1714 3481 1770 Bertolum
3505 1720 3563 1769 et
3582 1712 3874 1783 Asqttinnm,

2219 1812 2269 1873 B
2298 1809 2394 1864 sed
2422 1809 2673 1879 spatinlis
2703 1809 2888 1863 vacuis
2930 1807 3231 1879 interjectis
3276 1806 3593 1863 distinctam
3622 1816 3765 1872 prout
3795 1805 3874 1862 hic

2296 1900 2580 1969 dedimus,
2629 1902 2702 1957 ita
2734 1916 2805 1957 ex
2836 1900 2962 1956 aliis
2994 1900 3242 1970 pluribus
3274 1899 3537 1954 Hadriani
3567 1898 3781 1967 Augusti
3802 1898 3878 1954 ln-

2294 1992 2707 2061 scriptionibus,
2736 2009 2857 2064 quae
2880 1994 3105 2062 integra:
3131 2001 3451 2063 supersunt,
3480 1990 3754 2062 ingeniose
3767 2005 3881 2062 sup-

2296 2085 2534 2156 plevttiu
2564 2086 2839 2157 margine,
2868 2086 3080 2141 ratione
3108 2084 3288 2141 habita
3319 2085 3529 2155 absque
3550 2084 3713 2139 dubio
3732 2083 3881 2140 etiam

2295 2180 2614 2250 capacitatis
2658 2180 2763 2235 loci
2798 2179 2980 2236 verbis
3022 2179 3276 2236 omnibus
3303 2178 3564 2250 siglisque
3612 2178 3882 2234 admitten-

2295 2270 2404 2327 dis.

2921 2367 3084 2447 Imp.
3132 2366 3305 2431 Caes.

2576 2490 2768 2553 DIVI.
2813 2490 3173 2553 TRAIANI.
3221 2490 3608 2554 PARTHICI

2703 2614 2777 2675 F.
2812 2614 3007 2675 DIVI.
3044 2612 3397 2675 NERVAE.
3434 2614 3488 2676 N

2618 2736 3046 2798 TRAIANVS.
3108 2736 3581 2799 HADRIANVS

2826 2859 3144 2923 Invictus.
3190 2858 3358 2940 Aug.

3032 2986 3155 3047 etc.

2368 3176 2686 3234 Clarissima
2702 3179 3019 3238 Cortinovio
3045 3182 3099 3239 in
3123 3183 3225 3241 hac
3247 3184 3515 3242 Hadriani
3539 3188 3717 3259 patius
3736 3204 3884 3262 quam

2299 3267 2615 3326 Diocletiani
2643 3275 2911 3330 sententia
2940 3276 3267 3348 subscripsit
3300 3294 3476 3348 nuper
3506 3283 3671 3337 etiam
3717 3283 3882 3340 erudi-

2301 3366 2547 3422 tissimus
2576 3367 2829 3424 Ftliasius
2863 3370 3115 3426 Mentorie
3136 3373 3364 3429 storiclte
3388 3376 3472 3429 dei
3530 3375 3709 3432 Veneti
3741 3377 3888 3432 Primi

2294 3475 2322 3513 e
2350 3459 2577 3515 Secundi
2606 3474 2753 3516 tonio
2774 3462 2843 3530 ll,
2871 3479 2994 3533 cap.
3018 3464 3110 3530 25,
3143 3482 3263 3537 pag.
3295 3466 3403 3522 221
3426 3510 3441 3534 ,
3470 3468 3717 3526 Venetiis
3744 3470 3885 3536 I796;

2294 3554 2386 3610 ubi
2437 3562 2617 3612 tamen
2661 3556 3067 3628 Aquileiensem
3121 3559 3535 3631 Inscriptionem
3586 3564 3749 3637 hujus
3808 3567 3889 3621 rite

2295 3647 2529 3705 Geminte
2560 3651 2729 3707 refert
2759 3652 2825 3708 ad
2860 3654 3081 3709 modum
3114 3670 3337 3725 prorsus
3384 3656 3589 3714 Bertoli
3618 3671 3781 3732 atque
3805 3660 3892 3715 As-

2293 3741 2485 3813 quini,
2528 3744 2767 3801 indicata
2810 3762 3006 3817 nempe
3039 3750 3203 3804 trium
3250 3766 3509 3807 versuum
3558 3752 3754 3810 lacuna
3798 3770 3886 3825 per

2290 3839 2605 3893 continuam
2641 3850 2965 3909 punctorum
2994 3842 3191 3896 seriem
3216 3884 3232 3910 ,
3260 3843 3468 3915 absque
3499 3845 3613 3901 ullo
3644 3846 3889 3904 interrae-

2294 3928 2507 3985 diarutn
2537 3934 2868 3987 vacuitatum
2898 3933 3137 3990 indicio:
3164 3935 3309 3993 unde
3330 3949 3569 4005 constat,
3595 3939 3890 3997 Cortinovii

2292 4022 2513 4093 quidem
2546 4024 2730 4097 (quam
2758 4027 3044 4095 amplexus
3085 4027 3227 4099 erat)
3254 4029 3572 4097 opinionem
3604 4030 3689 4087 illi
3721 4045 3888 4089 nctam

2293 4115 2690 4188 probatamque
2719 4117 2885 4173 luisse
2910 4160 2924 4184 ,
2957 4120 3182 4175 minime
3213 4135 3345 4177 vero
3373 4133 3726 4195 perspectam
3760 4126 3893 4183 lacu-

2293 4228 2378 4269 nte
2406 4213 2872 4281 emendationem,
2914 4230 3081 4287 quam
3113 4215 3320 4273 idcirco
3360 4233 3508 4275 nunc
3538 4235 3641 4276 nos
3671 4222 3889 4292 primum

2291 4322 2359 4363 ex
2405 4306 2624 4382 scltedis
2665 4306 2870 4378 ipsius,
2915 4307 3159 4379 periculo
3209 4308 3337 4366 dein
3387 4319 3580 4368 nostro
3625 4313 3889 4381 ﬁrmatis,

2291 4398 2648 4469 proferimus.

2364 4493 2532 4565 [utv]
2582 4494 2889 4551 Romanum
2921 4494 3227 4566 principem
3278 4495 3424 4552 hunc
3452 4495 3623 4553 deleti
3668 4496 3892 4554 nominis

586 4590 721 4645 cinit
745 4589 885 4658 lapis
903 4587 1060 4648 alter,
1088 4601 1196 4656 quo
1218 4585 1359 4641 idem
1386 4586 1672 4655 princeps,
1728 4587 1800 4642 ob
1830 4603 1891 4642 ea
1940 4589 2187 4657 profecto
2212 4593 2265 4654 Ι)
2291 4586 2561 4640 autntnari
2591 4600 2751 4655 posse
2772 4587 3062 4655 Trajanum
3089 4591 3389 4656 Augustum
3412 4588 3677 4645 Iladriani
3701 4601 3894 4662 patrem

588 4683 818 4751 plurima
836 4721 851 4745 ,
883 4691 935 4737 et
959 4685 1093 4733 viam
1115 4680 1342 4732 Anniam
1363 4720 1378 4744 ,
1421 4691 1477 4733 et
1505 4681 1637 4733 viam
1662 4696 1863 4751 quoque
1883 4680 2187 4751 Geminam,

586 4774 655 4828 de
685 4787 792 4840 qua
820 4771 1018 4826 ibidem
1048 4810 1065 4837 ,
1106 4771 1305 4825 merito
1335 4770 1739 4841 Aquileiensium
1766 4774 2033 4827 restitutor
2058 4791 2195 4829 nun-

584 4873 837 4932 cupatur,
866 4879 928 4917 ac
950 4864 1112 4917 etiam
1142 4863 1542 4932 quodammodo
1566 4862 1738 4935 [thtt]
1765 4865 2021 4934 conditor,
2042 4868 2192 4937 juxta

581 4958 805 5013 illorum
828 4966 1135 5024 temporqu
1161 4970 1270 5010 non
1313 4954 1685 5025 infrequentes
1715 4959 2035 5029 p0pulorum
2065 4978 2191 5035 erga

582 5048 860 5120 principes
890 5048 1314 5103 assentationes.

655 5142 790 5207 Quis
833 5141 922 5196 ltic
953 5142 1206 5213 princeps
1238 5140 1434 5202 fuerit,
1465 5143 1620 5212 cujus
1662 5157 1860 5202 nomen
1904 5148 2195 5222 utrobique

582 5233 862 5301 deletum,
897 5234 1070 5287 dicam
1104 5236 1384 5301 absolute,
1409 5233 1792 5295 Diocletianum
1820 5244 1996 5299 visum
2027 5245 2195 5303 fuisse

577 5325 804 5385 Bertolo
834 5327 1174 5398 supracitato
1204 5330 1295 5401 qui
1344 5332 1644 5388 secundum
1687 5335 1920 5406 lapidem
1954 5340 2195 5397 illustra-

573 5491 931 5570 quisivimtts,
963 5490 1454 5570 ut_inscriptionem
1485 5494 1807 5567 originalem
1840 5516 1938 5555 nos
1960 5516 2177 5570 quoque

572 5561 697 5636 cum
730 5564 871 5636 etlita
900 5561 1299 5619 cottferretnu~.
1332 5561 1599 5621 Cu-terum
1632 5579 1752 5636 post
1790 5561 2171 5627 auctoritatem

571 5635 820 5710 Dor-toris
847 5633 1026 5687 thlh
1049 5650 1207 5701 quam
1243 5638 1542 5700 attulimus,
1563 5633 1791 5710 ptistque
1811 5644 2172 5699 assertionem

567 5708 904 5761 oculatorunt
942 5712 1162 5779 leslmm
1195 5724 1354 5779 qnam
1388 5708 1774 5775 indwavtntm,
1823 5717 2002 5769 nullis
2029 5727 2176 5770 certe

564 5787 814 5853 θυμω-ρει
843 5778 1097 5843 prudenti
1123 5778 1287 5853 dubio
1316 5781 1497 5844 locus,
1532 5794 1621 5835 aut
1663 5798 1831 5847 super
1869 5786 2063 5853 lapidts
2089 5787 2175 5840 itt-

559 5852 846 5919 ventione,
874 5859 973 5908 aut
1004 5866 1170 5923 super
1197 5852 1579 5923 inscriptionis
1609 5852 1951 5911 sinceritate.

2296 4678 2737 4736 existimaveram
2769 4682 2886 4752 ipse
2918 4681 3248 4752 aliquando,
3286 4692 3400 4738 tum
3432 4682 3503 4737 ob
3533 4682 3780 4741 Italicam
3808 4698 3893 4756 pa-

2301 4775 2460 4830 triam
2491 4790 2641 4832 suam
2669 4776 2721 4833 in
2750 4778 2930 4849 lapide
2976 4785 3333 4833 memoratam
3357 4817 3372 4841 ,
3408 4786 3522 4831 tum
3565 4777 3642 4833 ob
3676 4779 3895 4849 plurima

2298 4882 2463 4942 atque
2491 4873 2737 4941 praclara
2763 4888 2958 4945 opera,
2994 4888 3115 4945 qua:
3140 4881 3249 4927 tam
3274 4871 3464 4928 Romae
3489 4886 3655 4942 quam
3690 4874 3743 4929 in
3774 4886 3896 4943 prte-

2298 4965 2474 5036 cipuis
2504 4966 2717 5038 itrperii
2768 4966 2992 5023 urbibus
3040 4976 3093 5021 et
3126 4965 3243 5036 ipse
3282 4965 3424 5020 idem
3467 4964 3635 5033 fecit;
3669 4966 3897 5021 maxime

2299 5072 2479 5117 autem
2508 5062 2579 5117 ob
2612 5061 2725 5117 vias
2752 5062 2919 5117 italia:
2952 5076 3089 5131 pene
3115 5075 3311 5116 omnes
3347 5060 3418 5115 ab
3442 5074 3511 5115 eo
3541 5060 3897 5128 instauratas,

2296 5158 2372 5211 uti
2405 5171 2728 5225 acceperam
2773 5172 2840 5212 ex
2873 5156 3095 5210 fortuita
3140 5154 3334 5211 Galeni
3384 5154 3585 5211 medici
3631 5155 3896 5219 lectione.

2294 5252 2386 5322 qui
2422 5250 2655 5306 .lletltodi
2682 5249 2923 5305 medendi
2951 5250 3090 5304 libro
3115 5264 3177 5305 ix
3200 5290 3215 5313 ,
3245 5248 3425 5320 capite
3447 5249 3516 5312 8,
3548 5248 3624 5303 ita
3655 5250 3895 5322 scripsit:

2300 5361 2321 5393 ι
2357 5341 2548 5414 Itaque
2573 5358 2698 5398 cum
2742 5344 2823 5399 sic
2850 5356 2909 5397 se
2957 5340 3226 5398 baberent
3255 5340 3335 5415 (in
3384 5340 3669 5397 deteriore
3701 5342 3901 5399 scilicet

2358 5501 2437 5573 (α)
2464 5500 2559 5554 llic
2589 5499 2750 5569 lapis,
2774 5500 2868 5571 qui
2887 5513 3137 5569 tempore
3158 5514 3268 5571 quo
3293 5497 3547 5555 Bertolus
3571 5494 3899 5573 noslerscri-

2284 5570 2479 5632 bebat,
2506 5570 2860 5627 viselmtur’in
2891 5570 3206 5641 pavimento
3231 5573 3367 5625 a-dis
3389 5585 3561 5626 sacrae
3585 5571 3898 5625 tuonialium

2285 5654 2415 5697 tunc
2448 5644 2880 5712 Aquileiensium
2909 5644 2973 5698 Ο.
3009 5644 3067 5700 S.
3096 5644 3182 5710 Β..
3203 5652 3387 5698 exstat
3414 5658 3559 5697 nunc
3590 5644 3758 5709 paulo
3787 5655 3898 5706 pro-

2283 5715 2371 5769 cul
2399 5716 2470 5768 ab
2490 5716 2683 5768 eodem
2718 5718 2837 5768 loco
2865 5716 2914 5767 in
2946 5715 3154 5768 :rdtlnts
3178 5719 3441 5769 cmuitnm
3466 5714 3538 5769 de
3562 5716 3757 5769 Ca~sis
3774 5712 3896 5769 Plia-

2284 5801 2544 5850 raouum;
2575 5785 2756 5851 ibique
2784 5785 2838 5841 in
2876 5787 3237 5841 Pinacotlteca
3282 5786 3726 5854 Aquileiensium
3752 5792 3894 5840 sele.

2281 5871 2404 5913 rum
2438 5868 2920 5913 monumentorum
2956 5858 3259 5930 principem
3286 5857 3451 5913 habet
3474 5857 3684 5914 locum.
