4056 6340
174 378 276 437 505

1459 368 1841 431 PRIEFATIO
1876 369 2217 433 EDITORIS.

3387 375 3491 431 506

171 507 307 554 statu
338 500 556 571 essent)
586 514 785 557 omnes
813 501 865 556 in
913 499 1069 556 Italia
1105 498 1242 565 vite,
1273 511 1368 553 eas
1394 494 1662 564 Traianus
1693 492 1789 549 ille
1815 493 1871 553 Α
1895 508 2019 565 pag.
2054 495 2163 551 286
2193 496 2347 552 citati
2379 497 2568 567 operis
2609 496 2679 552 Le
2710 497 2973 552 Antichita
3018 499 3337 573 d‘AquiIeja,
3369 500 3494 556 ani-

173 590 386 646 refecit:
412 607 541 662 qua:
568 594 797 660 quidem
825 608 1009 647 earum
1032 590 1271 647 humidae
1295 605 1360 645 ac
1384 589 1579 644 lutosa:
1604 599 1788 657 partes

171 693 356 749 erant,
389 684 682 755 lapidibus
730 695 1016 750 sternens,
1044 695 1141 740 aut
1168 684 1333 740 editis
1378 682 1788 753 aggesdonibus

171 777 441 833 exaltans:
476 794 610 848 qua:
661 779 949 835 senticosa:
993 786 1047 834 et
1095 793 1304 848 aspera:
1331 784 1525 845 erant,
1559 790 1651 831 eas
1681 790 1785 830 ex-

172 884 437 942 purgans:
476 887 546 927 ac
600 873 868 939 flumina,
914 889 1034 943 qua:
1082 870 1307 928 transiri
1357 889 1467 927 non
1517 879 1782 941 possent,

172 965 415 1036 pontibus
436 963 727 1035 iungens:
758 966 847 1022 ubi
880 966 1120 1038 longior,
1151 982 1314 1035 quam
1343 979 1484 1036 opus
1510 973 1625 1020 erat
1649 1005 1663 1029 ,
1698 964 1783 1018 via

169 1056 476 1119 videbatur.
512 1059 688 1116 aliam
728 1060 1032 1116 breviorem
1080 1060 1414 1115 exeindeus:
1446 1058 1619 1115 sicubi
1653 1072 1784 1133 vero

171 1160 384 1222 propter
426 1150 677 1208 arduum
718 1153 913 1209 collem
962 1152 1201 1209 difficilis
1238 1163 1386 1220 erat,
1418 1168 1517 1224 per
1564 1152 1783 1207 mitiora

171 1243 280 1301 loca
326 1243 677 1302 deﬂectens:
706 1248 819 1317 jam
860 1248 907 1303 si
954 1247 1175 1304 obsessa
1226 1248 1396 1311 feris,
1427 1250 1513 1304 vel
1562 1248 1781 1304 deserta

170 1350 306 1407 erat,
334 1342 406 1397 ab
456 1341 553 1397 illa
609 1342 981 1411 transferens,
1009 1359 1075 1399 ac
1123 1359 1218 1414 per
1251 1343 1491 1399 habitata
1537 1344 1780 1399 ducens:

172 1440 276 1488 tum
305 1449 540 1504 asperas
570 1437 956 1509 complanans.
996 1456 1015 1491 ι
1038 1436 1114 1491 lla
1144 1436 1597 1500 Galenus,altero
1622 1438 1782 1495 circi-

172 1536 247 1583 ter
272 1526 341 1583 ab
369 1527 618 1599 imperio
643 1530 864 1600 Trajani
892 1530 1124 1600 saeculo,
1156 1530 1224 1586 de
1259 1529 1433 1586 Italia:
1462 1528 1563 1589 viis
1589 1530 1657 1586 ab
1687 1545 1777 1587 eo-

170 1616 281 1674 dem
306 1620 563 1692 principe
591 1622 889 1680 restitutis.

234 1711 430 1769 Verum
463 1713 596 1781 quis
627 1716 846 1773 interim
872 1715 1100 1783 dixerit,
1132 1715 1351 1785 Trajani
1398 1730 1597 1773 nomen
1625 1716 1775 1772 delee

172 1814 273 1861 tum
302 1806 357 1862 in
401 1806 732 1877 lapidibus,
766 1809 857 1881 qui
906 1811 1225 1866 memoriam
1274 1810 1483 1866 viarum
1536 1813 1607 1866 ab
1659 1811 1777 1881 ipso

1892 587 2203 646 madvertit.
2232 590 2371 658 Quid
2424 605 2578 656 vero,
2627 591 2770 661 quod
2811 590 3029 661 Trajani
3065 608 3265 648 nomen
3293 603 3347 648 et
3378 592 3495 648 Ha-

1891 679 2106 735 drianus
2144 686 2462 753 assumpsit,
2521 684 2653 738 illud
2687 686 2912 755 proprio
2937 696 3298 756 anteponens,
3336 696 3498 758 prout

1890 774 1943 829 in
1989 775 2260 845 lapidibus
2299 793 2363 834 ac
2388 778 2809 835 uumismalihus
2862 780 3130 844 videmus,
3157 780 3297 836 IMP.
3351 781 3495 837 CAS-

1891 867 2025 925 SAR
2056 912 2071 926 .
2104 870 2455 929 TRAIANUS
2490 914 2502 926 .
2539 872 2938 930 HADRIANUS
2966 914 2977 925 .
3010 873 3494 946 AUG.;quemad-

1888 965 2109 1019 modum
2143 977 2270 1022 ante
2298 982 2421 1021 eum
2456 966 2728 1037 Trajanus
2760 968 2876 1037 ipse
2897 966 3088 1023 Nervm
3125 971 3494 1024 antecessoris

1888 1072 2086 1113 nomen
2111 1073 2211 1112 suo
2240 1072 2636 1131 prmposuerat,
2672 1061 2786 1116 IMP
2820 1102 2833 1115 .
2865 1061 3120 1117 C/ESAR
3152 1103 3168 1119 .
3200 1061 3439 1117 NERVA
3474 1105 3487 1117 .

1889 1150 2240 1210 TRAIANUS
2274 1195 2286 1207 .
2314 1153 2457 1211 AUG
2485 1196 2498 1209 .
2524 1156 2547 1209 ?
2580 1155 2838 1211 Fortasse
2879 1157 3042 1227 igitur
3056 1157 3219 1211 etiam
3250 1156 3491 1212 Galenus

1889 1247 2130 1303 medicus
2158 1248 2445 1318 Trajanum
2478 1250 2803 1321 simpliciter
2850 1251 3127 1317 scribens,
3170 1250 3493 1321 Trajanum-

1888 1340 2221 1396 Hadrianum
2254 1343 2565 1413 significare.
2586 1344 2784 1409 voluit;
2811 1343 2939 1399 licet
2959 1356 3174 1399 constet
3207 1344 3248 1399 Τ
3250 1348 3492 1418 rajanum

1886 1450 2102 1506 quoque
2129 1436 2387 1508 operibus
2410 1436 2514 1492 huc
2544 1436 2672 1491 illuc
2691 1437 3101 1503 construendis,
3128 1437 3207 1492 uti
3252 1439 3489 1501 aiebam,

1886 1528 2220 1585 incubuisse.
2270 1530 2328 1586 In
2365 1531 2597 1586 vetustis
2642 1531 2832 1594 rebus,
2882 1543 3047 1603 atque
3088 1532 3339 1600 incertis,
3394 1531 3492 1586 ba-

1885 1621 2075 1678 riolari
2106 1627 2272 1677 etiam
2303 1624 2632 1692 quandoque
2661 1625 2784 1694 quis
2816 1627 2999 1680 vetet?

1959 1716 2082 1772 Siut
2127 1715 2311 1785 itaque
2359 1715 2634 1770 Hadriano
2668 1717 2905 1785 principi
2958 1717 3012 1771 lii
3055 1717 3163 1772 duo
3216 1726 3490 1775 nostrates

1888 1808 2098 1879 lapides
2163 1810 2482 1878 nuncupati.
2526 1810 2634 1864 Sed
2687 1825 2784 1864 cur
2829 1808 3072 1864 deletum
3129 1810 3183 1864 in
3246 1811 3492 1880 utrisque

174 1898 593 1956 instauratarum
655 1914 1060 1974 perennarent;
1109 1918 1231 1959 cum
1294 1903 1553 1975 principis
1596 1905 1777 1973 optimi
1809 1894 1859 1955 Β
1886 1905 2032 1975 apud
2072 1904 2454 1975 Aquileienses
2485 1905 2645 1976 hujus
2688 1905 2923 1970 Augusti
2957 1904 3194 1959 nomen?
3232 1905 3363 1960 Post
3414 1914 3494 1960 tot

173 1994 588 2064 appellationem
636 2012 704 2052 es
754 1996 813 2053 S.
854 1997 916 2052 C.
956 1998 1261 2070 acceperit,
1310 2007 1367 2053 et
1411 1999 1481 2052 ita
1524 1999 1780 2054 omnibus

174 2100 286 2143 cara
313 2088 462 2145 illius
490 2092 791 2153 memoria,
822 2093 985 2148 etiam
1017 2104 1141 2164 p05t
1168 2100 1422 2155 mortem.
1454 2092 1632 2148 habita
1664 2094 1777 2160 sit,

174 2189 225 2236 ut
252 2183 482 2255 populus
508 2184 805 2240 Romanus
835 2187 991 2242 novis
1024 2195 1146 2255 post
1172 2202 1295 2241 eum
1330 2186 1664 2257 principibus
1689 2202 1781 2242 ac-

175 2272 399 2332 clamare
434 2280 847 2333 consueverit:
894 2278 984 2334 Sis
1031 2278 1238 2349 [elicior
1282 2279 1513 2349 Augusto
1540 2321 1554 2344 ,
1598 2281 1781 2335 melior

178 2367 427 2442 Trojano:
455 2372 619 2443 quasi
673 2388 868 2443 nempe
914 2373 981 2428 ad
1013 2372 1231 2444 Trajani
1274 2374 1566 2429 bonitatem
1600 2374 1780 2432 nullus

178 2468 289 2515 ante
313 2471 509 2532 etpost
537 2478 673 2519 eum
698 2464 1065 2520 Romanorum
1088 2466 1395 2535 principum
1422 2467 1777 2535 pervenisset,

177 2554 318 2610 sicuti
349 2573 515 2614 nemo
546 2558 916 2631 proculdubio
946 2560 1013 2613 ad
1044 2560 1269 2629 Augusti
1302 2559 1609 2615 felicitatem
1649 2576 1778 2632 per-

178 2650 426 2705 venerat?
457 2651 843 2722 Acquiescere
868 2652 1030 2723 igitur
1056 2652 1300 2723 Asquino
1325 2661 1380 2708 et
1423 2652 1741 2707 Cortinovio
1760 2695 1776 2720 ,

181 2741 269 2799 hac
295 2746 533 2802 maxime
578 2744 658 2801 de
707 2760 903 2812 causa,
931 2761 1048 2801 Cﬂat
1067 2754 1154 2801 tus
1194 2744 1301 2808 fui.
1342 2752 1400 2799 et
1452 2744 1780 2800 Hadrianum

181 2837 344 2908 potius
373 2854 499 2894 cum
542 2839 686 2911 ipsis
714 2840 768 2895 in
818 2838 922 2896 hoc
966 2839 1205 2895 sewudo
1251 2836 1432 2908 lapide
1462 2839 1686 2905 intueri;
1716 2854 1782 2893 ac

180 2940 449 3002 propterea
478 2936 658 2990 etiam
692 2932 747 2989 in
779 2934 984 3005 primo,
1014 2934 1104 3005 qui
1139 2932 1307 2989 frater
1336 2931 1511 3002 major
1554 2934 1779 2990 secundi

179 3037 239 3079 ex
261 3026 511 3095 superius
537 3026 712 3082 dictis
738 3026 1001 3097 appellari
1032 3035 1228 3096 potest.

242 3119 317 3174 Ac
350 3119 611 3187 proferto
659 3119 882 3175 Italicus
929 3124 1102 3189 patria
1129 3162 1143 3187 ,
1187 3136 1284 3176 seu
1330 3121 1540 3192 origine
1564 3163 1578 3188 ,
1613 3121 1779 3177 etiam

181 3210 473 3270 Hadrianus
502 3215 645 3278 fuit,
666 3222 723 3271 et
748 3213 963 3284 Trajani
989 3213 1352 3269 consobrinus
1370 3256 1385 3279 ,
1414 3229 1477 3268 ac
1501 3224 1684 3285 postea
1714 3213 1776 3268 fi-

1886 1997 2104 2064 laudes,
2134 1999 2329 2069 quibus
2357 1997 2560 2053 ibidem
2594 1996 2879 2053 estollitur
2898 2039 2910 2061 ,
2938 1999 3189 2069 principis
3218 1998 3494 2070 providen-

1885 2093 2107 2159 tissimi,
2168 2094 2516 2160 plurimarum
2563 2092 3009 2164 indulgentiarum
3039 2093 3094 2145 in
3134 2090 3487 2162 Aquileienses

1884 2185 2186 2256 largitoris,
2218 2196 2273 2239 et
2300 2184 2705 2253 Aquileiensium
2734 2184 3046 2237 restitutoris
3070 2200 3131 2239 ac
3166 2184 3489 2249 conditoris;

1885 2279 1940 2333 in
1987 2293 2095 2346 quo
2142 2287 2325 2347 postea
2364 2277 2433 2332 de
2464 2277 2907 2344 Aquileiensibus
2930 2278 3076 2331 male
3128 2279 3358 2332 meritus
3395 2280 3495 2333 fuit

1888 2370 2216 2433 Hadrianus,
2250 2381 2308 2423 ut
2336 2385 2535 2425 nomen
2571 2370 2717 2424 illius
2747 2385 2778 2425 (ι
2810 2370 3085 2439 lapidibus
3107 2370 3492 2426 excideretur?

1885 2466 1955 2521 At
1986 2464 2293 2519 Hadrianus
2320 2465 2565 2535 quidem,
2592 2480 2698 2518 non
2725 2465 2895 2534 magis
2925 2464 2995 2519 de
3021 2464 3487 2534 Aquileiensibus,

1885 2574 2046 2629 quani
2095 2558 2163 2613 de
2190 2557 2470 2623 omnibus,
2512 2566 2573 2611 ut
2598 2559 2672 2610 ita
2700 2556 2902 2622 dicam,
2932 2555 3161 2611 Romani
3213 2556 3365 2612 orbis
3406 2573 3492 2612 re-

1885 2650 2141 2721 gionibus
2166 2666 2232 2705 ac
2278 2650 2597 2706 civitatibus
2638 2650 2848 2720 optime
2880 2649 3109 2704 meritus
3142 2648 3261 2717 fuit,
3293 2649 3363 2704 ob
3395 2651 3493 2705 bc~

1886 2745 2079 2801 neficia
2133 2760 2254 2813 quae
2309 2745 2515 2813 ubique
2545 2744 2834 2814 praestitit,
2865 2742 3171 2800 Romanum
3201 2744 3489 2814 imperium

1886 2839 2161 2895 continuis
2193 2838 2485 2893 itinerilms
2515 2839 2859 2904 perlustrans
2907 2851 3105 2906 magno
3135 2838 3372 2906 stipatus
3400 2853 3497 2891 ve-

1888 2936 1983 2990 luti
2012 2934 2260 2989 exercitu
2291 2933 2743 2999 architectorum,
2778 2944 2942 3002 atque
2984 2932 3260 2986 fabrorum
3309 2932 3494 2986 omnis

1886 3031 2128 3098 generis,
2158 3026 2235 3080 u'i
2289 3026 2509 3081 tradunt
2563 3025 2817 3081 Aurelius
2874 3024 3060 3080 Victor
3100 3025 3152 3079 in
3198 3023 3445 3095 Epitome
3474 3070 3491 3094 ,

1884 3132 1937 3176 et
1963 3121 2287 3191 Spartianus
2318 3121 2369 3175 in
2411 3118 2709 3174 Hadriano.
2764 3118 3061 3173 sllllmettsi
3110 3117 3317 3173 laboris
3360 3118 3496 3181 (Ha-

1887 3214 2160 3284 drianus),
2186 3212 2358 3285 [vat]
2382 3216 2583 3284 quippe
2597 3215 2686 3281 qui
2718 3214 3024 3283 pr0vincias
3046 3227 3239 3266 omnes
3258 3213 3491 3281 pedibus

178 3305 271 3361 lius
294 3308 588 3376 adaptivus
620 3306 871 3371 habitus,
900 3307 1155 3378 illiusque
1186 3309 1236 3362 in
1286 3307 1517 3376 imperio
1561 3321 1779 3362 succes-
1803 3289 1854 3354 (ἶ
1885 3312 2244 3375 circumierit,
2282 3326 2475 3379 agmen
2533 3308 2909 3363 comitantium
2959 3316 3313 3377 prmvertens,
3362 3322 3487 3362 cum

178 3414 286 3462 scr:
314 3403 367 3458 in
412 3420 527 3474 quo
554 3405 731 3459 etiam
773 3403 1104 3459 constitutus
1124 3446 1138 3470 ,
1169 3401 1399 3469 plurima
1432 3402 1631 3471 ubique
1661 3417 1779 3455 mn-

178 3494 456 3553 niticeutite
484 3513 555 3554 ac
596 3497 952 3567 indulgentiae
980 3512 1091 3552 sua:
1136 3507 1488 3551 montunenta
1538 3496 1776 3567 reliquit.

176 3588 303 3658 Quin
326 3592 493 3648 etiam
513 3634 532 3657 ,
558 3602 612 3645 et
639 3591 900 3661 Aquileia:
930 3606 1138 3661 magna:
1160 3592 1318 3647 molis
1338 3590 1779 3661 admiraudaique

176 3693 455 3741 structura:
509 3684 826 3741 Hadrianus
874 3684 1163 3740 mdificium
1210 3684 1496 3750 condidit,
1544 3683 1781 3738 Hadria-

177 3796 331 3835 nwnm
372 3794 674 3852 promerea
707 3781 945 3837 dictum:
976 3781 1117 3851 quod
1153 3780 1380 3852 profano
1427 3790 1557 3836 tunc
1601 3781 1778 3836 numi-

176 3888 292 3929 num
316 3877 483 3931 cultui
517 3874 882 3944 proculdubio
908 3876 1147 3931 dicatum
1166 3917 1180 3939 ,
1210 3884 1402 3943 quarto
1427 3875 1643 3930 demum
1674 3875 1779 3928 Ec-

174 3964 342 4021 clesite
368 3968 582 4024 sarculo
620 3966 811 4022 adulto
848 3964 1286 4022 CliriSIianorum
1319 3967 1492 4021 sacris
1532 3973 1773 4033 aptatum

176 4060 552 4134 addictumque
581 4062 721 4125 fuit;
749 4061 1012 4133 cujusque
1055 4062 1271 4117 tandem
1307 4060 1651 4116 fundamenta
1695 4071 1777 4115 at-

176 4166 271 4222 que
296 4155 527 4223 insignia
564 4153 765 4210 rudera
795 4170 898 4209 non
934 4154 1116 4208 multis
1143 4155 1209 4208 ab
1233 4155 1359 4210 hinc
1386 4156 1542 4209 annis
1566 4155 1775 4209 detecta

178 4245 413 4317 fuerunt,
448 4248 616 4324 μιν]
643 4264 767 4304 cum
809 4248 1153 4305 domunculae
1180 4250 1519 4318 erigerentur
1546 4252 1698 4303 novis
1745 4265 1776 4305 e

177 4337 391 4397 Gracia:
435 4343 691 4413 partibus
717 4382 733 4409 ,
774 4340 915 4396 haud
967 4341 1159 4396 faustis
1199 4341 1420 4411 quidem
1469 4341 1726 4409 auspiciis
1755 4383 1773 4409 ,

177 4432 384 4490 adscitis
431 4436 573 4492 illuc
624 4434 870 4498 colonis,
912 4433 1003 4505 qui
1058 4435 1277 4489 brevem
1320 4432 1523 4488 idcirco
1571 4433 1773 4488 ibidem

176 4540 368 4583 motam
417 4528 714 4593 fecerunt;
748 4527 825 4582 uti
856 4542 922 4582 ex
970 4527 1191 4583 Filiasio
1234 4526 1485 4597 superius
1517 4525 1732 4581 laudato
1754 4576 1769 4597 ,

177 4628 325 4691 atque
371 4623 571 4679 eodem
624 4620 791 4675 citato
820 4628 966 4674 tomo
995 4618 1071 4683 ll,
1103 4635 1224 4690 cap.
1252 4620 1325 4674 22
1346 4662 1361 4684 ,
1394 4634 1513 4690 pag.
1546 4619 1689 4683 212,
1720 4629 1774 4674 et

176 4687 283 4783 cap.
313 4715 415 4781 26,
447 4732 579 4790 pag.
611 4714 741 4770 225.
776 4717 952 4783 Atque
982 4713 1086 4769 hoc
1112 4687 1243 4769 sane
1275 4687 1537 4768 Hadriani
1565 4714 1773 4769 Princi-
1799 4687 1855 4748 D

175 4810 251 4879 pis
280 4814 607 4882 prmclarum
644 4824 783 4879 Opus
814 4808 866 4864 in
898 4809 1323 4881 Aquileiensium
1353 4810 1581 4880 gratiam
1612 4820 1774 4881 atque

175 4901 224 4956 in
251 4903 517 4975 Aquileia:
550 4902 704 4959 urbis
727 4902 981 4958 decorem
1011 4903 1258 4958 molitum
1279 4944 1297 4971 ,
1328 4906 1486 4968 cuius
1514 4903 1776 4957 memoria

174 4994 234 5048 ad
265 5012 359 5053 nos
389 5014 570 5069 usque
611 4996 893 5066 pervenit;
923 4994 1055 5061 hoc,
1090 4998 1308 5065 inquam
1332 5036 1347 5059 ,
1374 5011 1539 5050 unum
1567 4996 1665 5050 fuit
1707 5012 1774 5051 ex

174 5088 235 5145 iis
278 5094 520 5163 plurimis
574 5092 1021 5165 indulgentiarum
1068 5105 1284 5144 suarum
1331 5090 1387 5144 in
1425 5090 1777 5158 Aquileienses

175 5188 576 5254 monumentis,
611 5185 681 5241 de
728 5184 924 5253 quibus
971 5184 1179 5253 primus
1230 5183 1370 5254 lapis
1420 5183 1687 5255 loquitur,
1720 5192 1777 5241 et

175 5295 391 5351 quorum
407 5296 576 5339 causa
607 5278 661 5335 in
687 5278 866 5349 lapide
888 5280 1060 5334 altero
1075 5278 1478 5349 Aquileiensium
1517 5280 1780 5335 restitutor

175 5383 218 5429 et
238 5377 477 5431 conditor
502 5375 687 5429 dictus
714 5371 842 5437 fuit;
870 5385 1212 5440 quorumque
1237 5373 1345 5426 alia
1395 5371 1625 5428 fortasse
1674 5373 1776 5428 sub

176 5473 306 5525 terra
332 5468 515 5524 adhuc
544 5465 767 5523 latentia
801 5464 853 5519 in
882 5465 1120 5534 apricum
1153 5464 1401 5533 proferet
1426 5475 1581 5520 tetas.

238 5560 715 5620 Praetereainaicti
740 5558 979 5628 elogium
1018 5558 1069 5613 in
1115 5557 1365 5629 utrisque
1404 5559 1777 5629 inscriptioni-

174 5657 268 5714 bus
289 5659 614 5715 intuemur:
648 5654 791 5726 quod
825 5655 954 5709 olim
992 5654 1102 5708 diis
1136 5654 1515 5709 tantummodo
1544 5656 1778 5711 attriltn-

174 5759 302 5819 tum,
338 5767 442 5807 nec
485 5749 732 5817 Trajano
782 5746 884 5815 ipsi
926 5745 1191 5810 delatum,
1228 5744 1505 5799 Hadriano
1539 5749 1773 5812 primum

175 5844 313 5902 inter
370 5843 657 5916 principes
707 5842 764 5896 in
809 5840 1081 5912 lapidibus
1133 5838 1255 5893 dari
1287 5839 1495 5907 coepit,
1548 5850 1607 5893 ut
1658 5840 1779 5908 ipse

176 5925 422 5994 Bertotus
450 5942 665 6005 noster,
692 5947 911 5991 causam
942 5948 1096 5991 suam
1121 5945 1291 6003 agens
1314 5945 1413 6001 pro
1450 5928 1778 5987 Diocletiano

1884 3404 2080 3475 oppida
2147 3405 2401 3459 universa
2460 3403 2829 3468 restitueret,
2879 3411 3104 3471 augeret
3176 3400 3484 3456 ordinibus.

1881 3498 2128 3566 Namque
2156 3497 2222 3552 ad
2254 3497 2529 3566 specimen
2556 3497 2829 3567 legionum
2883 3494 3226 3555 militarium,
3277 3492 3484 3562 fabros,

1882 3594 2459 3664 perpendiculatores,
2491 3591 2850 3653 architectos.
2903 3605 3187 3660 gelusque
3232 3602 3491 3646 cunctum

1883 3686 2338 3741 exstruendoruui
2369 3685 2532 3741 tnmni
2561 3701 2652 3750 .m,
2685 3700 2781 3739 seu
2808 3684 3270 3748 decorandorum,
3297 3685 3348 3739 in
3396 3699 3493 3739 co-

1883 3780 2069 3836 hortes
2124 3780 2578 3835 centuriaverat:
2620 3799 2639 3831 ι
2675 3779 2747 3833 ita
2810 3778 3067 3834 Aurelius
3120 3778 3326 3835 Vicmr.
3376 3797 3395 3831 ι
3429 3780 3486 3834 In

1882 3876 2139 3932 omnibus
2166 3891 2306 3946 pene
2337 3875 2564 3930 urbibus
2595 3885 2647 3931 et
2667 3875 2873 3947 aliquid
2896 3874 3207 3940 aedificavit,
3230 3886 3288 3930 et
3335 3875 3486 3932 lusus

1882 3969 2053 4026 edidit
2086 3989 2099 4022 :
2138 3990 2157 4023 ›
2190 3971 2262 4025 ita
2309 3970 2660 4039 Spartianus.

1956 4061 2157 4117 Verum
2192 4063 2308 4115 haec
2328 4063 2507 4117 omnia
2538 4062 2823 4118 benefacta
2860 4063 3161 4119 Hadrianus
3188 4064 3487 4131 imperator

1882 4154 2175 4220 nigredine
2204 4155 2374 4209 veluti
2409 4155 2547 4210 foeda
2579 4158 2912 4223 conspersit,
2949 4157 3117 4212 immo
3149 4157 3329 4226 potius
3357 4157 3490 4211 abo-

1883 4247 2033 4308 levit,
2061 4254 2176 4300 tum
2232 4245 2504 4301 licentiori
2535 4247 2660 4300 vitae
2706 4262 2817 4301 suae
2861 4247 3098 4312 ratione,
3127 4263 3231 4317 qua
3286 4264 3489 4306 exosus

1880 4327 2133 4394 omnibus
2159 4348 2313 4404 erat;
2346 4349 2456 4393 tum
2486 4341 2677 4394 effreni
2708 4340 2937 4407 quadam
2968 4341 3191 4396 audacia
3215 4358 3491 4410 quemque

1881 4431 2171 4501 superandi
2213 4432 2264 4485 in
2295 4447 2637 4503 quacumque
2672 4433 2975 4488 litterarum
3019 4446 3071 4489 ct
3101 4435 3367 4490 bonarum
3398 4452 3489 4491 ar-

1882 4529 2014 4583 tium
2061 4527 2371 4599 disciplina,
2408 4528 2482 4582 ita
2512 4536 2568 4582 ttt
2596 4528 2804 4582 nullum
2832 4528 2935 4582 sibi
2966 4544 3222 4599 umquam
3258 4530 3483 4600 impune

1881 4618 2125 4690 prmferri
2178 4621 2509 4682 susunerct;
2554 4620 2695 4675 sicut
2743 4620 2905 4675 etiam
2955 4623 3262 4678 vehementi
3314 4623 3486 4680 animi

1884 4711 2118 4776 feritate,
2147 4729 2249 4779 qua
2278 4722 2335 4769 et
2365 4714 2632 4778 insontes,
2672 4723 2727 4768 et
2760 4714 2951 4768 doctos
2994 4716 3298 4781 praesertim
3330 4731 3486 4771 rom-

1882 4806 2063 4877 plures
2092 4804 2185 4877 qui
2212 4805 2313 4860 sibi
2357 4807 2409 4860 in
2462 4806 2661 4875 ingenii
2713 4805 2872 4860 laude
2914 4805 3171 4861 invidiam
3217 4808 3483 4876 facerent,

1882 4914 1988 4954 non
2019 4899 2138 4953 sine
2168 4898 2433 4953 bonorum
2459 4898 2698 4952 omnium
2727 4898 3118 4969 indignatione,
3153 4910 3206 4956 et
3247 4902 3488 4956 severis-

1880 4992 2020 5046 sime
2065 4990 2275 5055 ltabuit,
2336 5000 2394 5046 et
2440 4992 2740 5046 crudeliter
2794 4993 3032 5055 sustulit,
3092 4993 3167 5049 uti
3212 5009 3279 5050 ex
3311 4996 3482 5052 citato

1879 5084 2187 5153 Spartiano,
2244 5094 2408 5151 atque
2437 5100 2500 5139 ev
2562 5084 2729 5140 Dione
2757 5084 2949 5140 Cas~io
2982 5086 3118 5143 libro
3160 5105 3288 5144 LXIX
3320 5090 3489 5147 habe;

1881 5194 2018 5234 mus.
2046 5177 2186 5246 Quid
2225 5192 2381 5243 vero,
2403 5178 2546 5247 quod
2568 5180 2617 5231 in
2643 5190 2891 5234 extremo
2922 5180 3048 5235 vita:
3073 5197 3207 5244 sum,
3234 5183 3283 5238 vi
3314 5183 3484 5239 etiam

1880 5273 2080 5338 m0rbi,
2114 5288 2222 5341 quo
2250 5271 2369 5325 dire
2405 5270 2789 5340 afflictabatur,
2831 5273 3109 5330 crudelior
3137 5275 3386 5341 effectus,
3422 5277 3479 5331 in

1880 5375 2128 5422 senatum
2188 5365 2363 5433 ipsum
2415 5366 2687 5434 praecipue
2742 5366 3009 5432 desaeviit,
3078 5384 3266 5438 magna
3328 5377 3482 5437 parte

1881 5460 2023 5514 illius
2049 5458 2257 5513 ordinis
2294 5457 2721 5526 splendidissimi
2756 5461 2936 5515 necari
2963 5459 3141 5529 jussa,
3193 5461 3269 5533 uti
3311 5460 3484 5515 refert

1881 5552 2083 5607 citatus
2124 5550 2379 5604 Aurelius
2398 5549 2581 5605 Victor
2605 5550 2831 5615 ibidem,
2872 5566 2935 5606 ac
2964 5551 3026 5604 de
3053 5550 3375 5613 Ca’saribus;
3410 5552 3482 5605 ita

1882 5655 1940 5701 ut
1992 5654 2214 5701 senatus
2250 5646 2365 5714 ipse
2398 5643 2543 5699 illius
2591 5654 2710 5699 acta
2743 5653 2868 5715 post
2894 5653 3124 5699 mortem
3159 5644 3313 5699 irrita
3358 5646 3479 5701 ﬁeri

1880 5741 2067 5806 vellet,
2124 5738 2384 5809 illumque
2423 5749 2703 5793 ι’θθιιειιπιθι
2749 5741 2920 5792 divum
2968 5738 3264 5805 appellare,
3320 5747 3485 5805 prout

1881 5837 2217 5894 consuetudo
2263 5837 2500 5899 ferebat,
2545 5835 2648 5890 nisi
2690 5833 3000 5889 Antoninus
3050 5832 3193 5887 filius
3250 5834 3483 5892 somniis

1884 5930 2593 6005 precibus-intervenisset,
2641 5928 2733 5998 qui
2766 5928 2865 5982 hac
2893 5924 3056 5982 etiam
3096 5925 3164 5984 de
3209 5910 3371 5983 caiisa
3399 5911 3485 5983 Pii
