4056 6340
204 272 300 329 309

1105 280 1190 335 DE
1230 281 1286 337 S.
1330 279 1739 339 CIIROMATIO
1778 282 2120 340 VETERUM
2162 287 2605 344 TESTiliONiA.

3403 299 3508 352 510

203 392 314 447 liori
344 407 476 447 sane
506 395 664 447 cultu
691 394 863 466 [eam
893 411 1052 461 quam
1080 407 1232 451 antea
1267 409 1457 451 ornata
1489 399 1802 468 piodirent;
1834 403 1883 459 Α
1914 401 2043 453 stilis
2069 415 2285 472 semper
2310 419 2584 474 Superque
2609 405 2868 471 facturus,
2908 409 2950 460 si
2985 409 3034 460 iu
3070 409 3152 462 his
3181 412 3524 468 Voluntatenr

204 495 302 538 ttun
334 493 391 537 ut
413 485 620 554 aliquid
674 489 840 542 etiam
885 490 1234 560 nosinetipsi,
1262 501 1385 560 post
1420 492 1658 546 virorum
1695 494 1803 546 cia-

201 576 534 632 r-issimorum
573 580 815 641 labores,
872 581 1122 637 conferre
1152 583 1483 646 videremur,
1537 585 1683 653 qttod
1736 585 1802 640 ad

201 669 492 738 argumenti
544 669 976 725 illustrationcm
1012 675 1517 744 quomodocumque
1547 678 1800 732 serviret.

203 761 317 816 Ha-c
362 760 583 830 itaque,
643 765 855 832 Optime
904 765 1098 831 lector,
1150 767 1290 836 aequi
1329 767 1567 836 bonique
1599 767 1802 833 facias;

1909 493 2103 548 saltetn
2126 507 2495 567 conatumque
2531 500 2868 569 probaveris,
2899 505 2940 555 si
2970 513 3150 557 ert-ala
3179 521 3390 576 quoque
3422 509 3517 563 bc-

1911 585 2074 654 uigne
2123 587 2450 652 donaveris;
2486 591 2709 646 meliora
2745 594 2990 656 interim,
3030 597 3284 653 uberiora
3311 641 3323 662 ,
3356 603 3522 654 aceti;

1909 677 2242 750 ratioraque,
2280 693 2401 752 post
2424 684 2524 738 hoc
2548 687 2678 754 perit
2701 688 2846 742 nlmn
2885 700 3156 755 nostrum,
3191 701 3516 762 exspectans

1908 771 1978 824 ab
2009 771 2150 827 aliis.

2343 934 3461 958 _.______________

235 1097 383 1180 DE
458 1097 550 1180 S.
640 1098 1359 1183 CHROMATIO
1437 1099 2027 1186 VETERUM
2101 1092 2809 1193 TESTIMONIA
2887 1104 3432 1201 SELECTA.

1669 1263 1694 1272 ν
1721 1265 1968 1272 ._,_.._.__._-.-
1991 1267 2064 1271 ...σε

203 1421 356 1496 [LXXI]
381 1421 416 1479 S
468 1423 851 1490 "IEBONYMUS,
885 1427 1040 1494 epist.
1071 1427 1126 1494 7,
1151 1425 1219 1479 ad
1249 1427 1632 1488 CHROHATIUM,
1665 1420 1811 1475 Jovi-

225 1533 227 1536 '
265 1538 401 1584 num,
425 1531 471 1574 et
499 1519 812 1588 Eusebium,
843 1539 984 1575 num.
1020 1521 1041 1576 1
1078 1531 1125 1576 et
1157 1521 1210 1590 6,
1242 1539 1329 1575 an.
1365 1521 1512 1586 575;
1538 1538 1650 1590 qum
1679 1528 1808 1572 e.t‘st.

218 1623 222 1628 ‘
269 1613 398 1681 Opp.
435 1622 579 1666 tomo
617 1611 678 1678 i,
741 1612 842 1669 τοι.
885 1615 951 1668 17
982 1623 1028 1667 et
1075 1629 1180 1682 seq.
1209 1613 1453 1667 editionis
1499 1609 1814 1666 Veronensis

222 1715 227 1719 ‘
270 1703 524 1758 Dominici
559 1703 837 1759 Vallarsii.

265 1797 375 1851 Non
419 1798 587 1853 debet
631 1801 833 1854 charta
890 1800 1148 1855 dividere
1190 1814 1329 1869 quos
1397 1814 1552 1852 amor
1592 1807 1812 1852 mutuus

1913 1433 2151 1489 quuntur
2207 1436 2262 1481 et
2315 1429 2598 1486 setibttnti
2651 1433 2741 1501 qui
2791 1433 2920 1487 dum
2982 1449 3078 1490 sua
3137 1437 3325 1493 uolunt
3374 1440 3513 1495 furta

1913 1521 2193 1586 cognosci,
2223 1531 2278 1576 et
2308 1522 2504 1594 ingrati
2541 1536 2666 1580 sunt
2699 1527 2751 1580 in
2783 1529 3126 1599 magistrum,
3162 1533 3365 1589 ideirco
3389 1537 3516 1591 sim-
3606 1522 3608 1524 1

1912 1609 2084 1677 plices
2113 1612 2182 1668 ab
2207 1613 2352 1669 illius
2382 1616 2618 1671 lectione
2643 1617 2966 1674 deterrent?
2995 1620 3322 1678 Nominatitu
3347 1626 3516 1682 debes

1914 1700 2118 1766 dicere,
2153 1714 2207 1758 et
2233 1708 2382 1775 ipsos
2418 1707 2670 1763 homines
2699 1709 2988 1766 denotare.
3023 1713 3168 1784 Ergo
3212 1714 3354 1770 beati
3386 1717 3518 1787 Epi-

1917 1800 2065 1868 sc0pi
2100 1801 2452 1868 Anastasius,
2503 1816 2556 1858 et
2602 1804 2981 1877 Theophilus,
3029 1820 3082 1863 et
3134 1808 3434 1879 Venerius,
3467 1823 3525 1868 et

205 1889 466 1960 cepulavlt
499 1907 515 1946 :
565 1907 675 1947 nec
721 1908 818 1963 per
862 1893 1112 1964 singulos
1145 1892 1324 1948 oiiicia
1359 1893 1464 1946 mei
1511 1900 1642 1944 sunt
1688 1904 1809 1959 par-
1844 1880 1890 1939 B
1917 1890 2284 1963 Cnaouarws,
2312 1907 2366 1952 et
2394 1901 2573 1954 omnis
2605 1908 2714 1955 tam
2748 1902 2989 1957 Orientis
3020 1919 3180 1973 quam
3210 1905 3524 1962 Occidentis

207 1984 374 2037 ticnda
421 1984 738 2050 sermonis,
786 1999 908 2039 eum
949 1988 1031 2040 sic
1073 1985 1310 2040 invicem
1352 1997 1452 2038 vos
1495 1982 1712 2047 ametis,
1754 1990 1811 2034 ιιι

209 2092 303 2132 non
346 2078 524 2132 minus
558 2087 679 2132 tres
711 2077 956 2133 charitas
991 2079 1227 2149 jungat,
1262 2093 1420 2146 quam
1455 2076 1594 2130 duos
1621 2085 1811 2129 natura

209 2171 452 2235 sociavit;
485 2173 621 2241 quin
671 2172 855 2242 potius
882 2171 929 2225 si
962 2171 1038 2226 rei
1073 2173 1320 2226 conditio
1368 2177 1672 2241 pateretur,
1713 2167 1814 2221 sub

214 2279 307 2318 uno
348 2265 602 2320 litterulm
648 2268 810 2334 apice
854 2269 1071 2320 nomina
1122 2266 1355 2321 indivisa
1398 2263 1811 2327 concluderem,

212 2360 389 2413 vestris
417 2375 642 2430 quoque
672 2360 747 2413 ita
781 2375 868 2415 me
895 2359 1092 2416 litteris
1114 2358 1567 2430 provocantibus,
1594 2365 1652 2410 ιιι
1679 2367 1732 2410 ct
1760 2356 1812 2410 in

214 2471 309 2511 ιιιιο
335 2465 462 2525 tres,
495 2466 554 2514 et
582 2458 636 2512 in
675 2459 851 2512 tribus
884 2474 1047 2513 unum
1081 2468 1449 2528 putaretn.....

277 2549 497 2604 Matrem
545 2565 900 2606 communem
950 2551 1095 2622 (qua:
1147 2567 1273 2607 cum
1325 2551 1482 2606 vobis
1527 2548 1816 2604 sanctitate

218 2642 438 2696 societur
464 2685 478 2707 ,
515 2644 570 2698 in
596 2658 668 2700 eo
703 2659 799 2698 vos
833 2646 1130 2713 praevenit,
1166 2647 1291 2715 quia
1322 2645 1460 2700 tales
1490 2641 1697 2714 genuit,
1725 2657 1818 2696 cu-

216 2733 292 2801 ius
319 2749 440 2789 vere
463 2745 671 2792 venter
699 2751 898 2792 aureus
932 2749 1112 2807 poteSt
1143 2737 1278 2808 diei)
1301 2752 1366 2793 eo
1397 2737 1699 2791 salutamus
1723 2729 1818 2789 ho-

222 2843 339 2882 nore
359 2870 373 2893 ,
412 2845 518 2899 quo
550 2831 730 2884 nostis
758 2849 769 2883 :
804 2846 906 2884 una
937 2845 1155 2900 quoque
1184 2831 1565 2900 suscipiendas
1594 2837 1818 2883 cunctas

223 2933 446 2987 s-irorcs,
492 2937 618 2992 qua:
649 2937 846 2978 sexum
873 2924 1058 2978 vicere
1090 2937 1214 2978 cum
1241 2924 1471 2985 sarculo,
1517 2935 1658 2990 quae,
1694 2920 1819 2975 oleo

226 3013 281 3066 ad
305 3015 574 3085 lampades
608 3018 839 3088 largiter
865 3027 1198 3088 prmparato,
1231 3019 1430 3089 Sponsi
1456 3017 1819 3088 opperiuntur

226 3105 522 3165 adventum.
556 3109 603 3164 Ο
649 3111 813 3164 beata
843 3110 1040 3164 domus
1066 3153 1081 3176 ,
1116 3111 1168 3164 in
1213 3126 1313 3178 qua
1347 3119 1626 3162 morantur
1665 3108 1818 3161 Anna

229 3200 406 3266 vidua,
449 3202 704 3273 virgines
735 3203 1124 3272 prOphetissee,
1171 3203 1420 3273 geminus
1455 3200 1672 3256 Samuel
1717 3215 1814 3252 uu-

229 3295 373 3350 tritus
405 3297 456 3350 in
489 3297 733 3366 templo!
768 3298 810 3350 O
841 3307 979 3352 lecta
1013 3297 1210 3362 felicia,
1239 3296 1291 3351 in
1319 3295 1514 3366 quibus
1545 3295 1819 3348 cernimus
1847 3307 1892 3368 ρ

229 3387 642 3446 Μουιιιιὶιῑιιοιοιιηι
670 3399 974 3463 martyrum
1008 3393 1231 3446 coronis
1263 3392 1495 3444 cinctam
1525 3398 1818 3458 martyrem

231 3485 467 3538 matrem!
505 3486 644 3538 Nam
678 3484 813 3540 licet
841 3485 1089 3554 quotidie
1117 3485 1395 3539 Christum
1427 3481 1818 3546 conﬁteamini,

232 3575 342 3629 dum
379 3579 496 3647 ejus
541 3589 823 3649 praecepta
874 3579 1155 3634 servatis:
1210 3587 1389 3634 tamen
1439 3579 1504 3632 ad
1555 3578 1820 3647 privatam

231 3667 439 3735 gloriam
470 3671 701 3741 publica
753 3670 869 3725 lucc
902 3673 1138 3726 accessit
1181 3672 1334 3726 vobis
1365 3680 1417 3727 et
1460 3680 1649 3740 aperta
1681 3683 1819 3725 con-

235 3759 402 3820 l'chio.
427 3765 567 3832 quod
599 3779 706 3836 per
733 3779 827 3817 vos
856 3766 923 3818 ab
949 3765 1082 3818 urbe
1114 3776 1298 3819 vestra
1325 3765 1512 3819 Ariani
1545 3761 1818 3832 quondam

234 3853 476 3925 dogmatis
502 3857 660 3912 virus
690 3857 970 3912 exclusum
1003 3867 1107 3912 est.

239 3944 372 4013 lat-zu,
416 3948 565 4018 epist.
597 3948 670 4013 8,
705 3948 774 4001 ad
820 3948 1038 4002 Niceam
1090 3948 1528 4020 Hypodt'aconum
1579 3947 1824 4018 Aquileia:

298 4060 376 4097 an.
407 4045 547 4114 573;
579 4058 701 4117 quae
729 4050 857 4096 exst.
891 4042 1071 4095 eodem
1105 4041 1242 4114 Opp.
1295 4051 1433 4095 tomo
1462 4040 1480 4094 i
1509 4041 1680 4094 citata:
1717 4039 1826 4092 edi-

299 4136 439 4191 tionis
477 4135 760 4200 Vallarsii,
789 4134 888 4188 col.
924 4134 1016 4188 21.

308 4226 437 4282 Ecre
469 4230 664 4284 beatus
704 4225 1056 4282 Conon/crtus
1087 4243 1210 4282 cum
1235 4237 1426 4281 sancto
1455 4225 1689 4280 Eusebio
1719 4237 1825 4279 non

241 4321 343 4386 plus
372 4332 559 4378 natura
591 4338 758 4394 quam
797 4337 1007 4376 utoru'n
1041 4323 1360 4393 :eqttalitate
1390 4335 1652 4392 germano
1673 4363 1686 4385 ,
1736 4318 1824 4372 lito

241 4415 426 4469 teraiiu
474 4433 558 4471 me
591 4418 910 4486 provocavit
941 4415 1143 4471 ollicio.

241 4500 378 4572 Ιιιειι,
409 4510 558 4580 epist.
608 4509 703 4572 60,
735 4508 802 4561 ad
846 4507 1216 4562 Heliodorum
1252 4523 1394 4560 num.
1445 4507 1535 4574 19,
1567 4523 1654 4560 an.
1688 4503 1830 4572 596;

301 4615 405 4667 qua:
432 4611 563 4657 exat.
623 4601 808 4656 eodem
863 4600 1004 4669 Opp.
1065 4613 1206 4657 tomo
1267 4599 1285 4654 Ι
1339 4601 1514 4655 τὶιαιω
1563 4599 1830 4666 editionis,

303 4693 396 4746 col.
425 4693 528 4750 545
561 4740 573 4752 .

305 4783 592 4856 iungamur
634 4786 855 4856 spiritu,
891 4787 1230 4858 stringamur
1275 4785 1495 4851 adiectu,
1530 4796 1585 4840 et
1616 4785 1832 4841 fortitu-

243 4872 407 4930 dinem
437 4879 662 4944 mentis,
691 4893 848 4947 quam
877 4879 1070 4935 beatus
1102 4893 1239 4950 papa
1269 4877 1624 4935 Cttaon'rws
1649 4885 1834 4934 osten-

248 4969 315 5023 dit
340 4971 388 5025 iu
419 4973 750 5030 dormitione
775 4979 1046 5044 germani,
1082 4989 1183 5029 nos
1214 4973 1495 5030 imitemur
1529 4974 1580 5028 in
1611 4973 1743 5028 tilio.

251 5062 424 5142 [Lxxu]
448 5070 600 5131 lusu.
631 5070 784 5140 epist.
815 5069 906 5134 81,
927 5069 995 5124 ad
1017 5069 1298 5141 Ruﬁnum,
1333 5085 1480 5123 num.
1511 5066 1569 5129 (Ξ.
1593 5085 1682 5122 an.
1711 5067 1837 5132 599;

283 5175 386 5226 qua:
401 5173 526 5218 etest.
561 5163 741 5219 eodem
771 5161 914 5232 Opp.
964 5161 1056 5216 1.1
1086 5164 1260 5216 citata
1284 5160 1553 5225 editionis,
1577 5160 1680 5214 col.
1711 5159 1837 5215 508.

320 5249 497 5310 Frater
526 5271 679 5310 meus
704 5255 1058 5312 Paulinianus
1088 5254 1324 5310 necdum
1355 5254 1425 5310 de
1450 5255 1621 5324 patria
1655 5267 1842 5307 rever-

255 5355 338 5396 sus
357 5353 456 5410 est,
487 5356 539 5400 et
577 5360 712 5417 puto
743 5347 888 5416 quod
930 5363 1051 5402 eum
1104 5345 1375 5417 Aquileiae
1418 5346 1560 5416 apud
1593 5355 1842 5400 sanctum

259 5445 430 5502 papam
458 5436 816 5495 Canouutuu
849 5439 1076 5494 videris.

260 5518 396 5591 Ιῐιειι,
441 5530 526 5584 lib.
579 5547 642 5598 ιι,
698 5540 879 5584 contra
930 5532 1202 5602 Ruﬁnum,
1259 5545 1402 5584 num.
1449 5531 1543 5594 2'2,
1584 5531 1718 5599 Opp.
1753 5531 1840 5584 cit.

689 5627 814 5681 edit.
845 5636 980 5683 tomo
1009 5627 1073 5694 ll,
1108 5626 1212 5678 col.
1250 5623 1375 5679 515.

327 5716 418 5780 Qui
459 5730 583 5775 sunt
622 5719 734 5786 isti,
764 5723 855 5791 qui
887 5720 940 5775 in
973 5719 1219 5776 Ecclesia
1249 5717 1531 5788 disputare
1563 5719 1729 5772 latius
1759 5734 1850 5774 so-

268 5802 404 5878 lent?
431 5810 519 5882 qui
550 5811 722 5885 libros
753 5813 1034 5868 scribere?
1064 5811 1158 5882 qui
1196 5817 1370 5865 totum
1399 5811 1468 5866 de
1498 5811 1730 5882 Origene
1763 5813 1845 5870 lo-

1915 1983 2320 2042 Cathoiicorum
2353 1991 2618 2060 synodus,
2651 1994 2742 2061 qui
2777 1996 2892 2063 pari
2924 1996 3229 2063 sententia,
3257 1998 3378 2068 quia
3407 2003 3521 2069 pari

1913 2085 1967 2128 et
1995 2077 2209 2146 spiritu,
2235 2079 2384 2133 illum
2421 2082 2739 2139 luereticnm
2764 2086 3092 2142 denuntiant
3115 2091 3352 2160 populis,
3377 2091 3526 2147 fures

1916 2167 2182 2224 librorum
2212 2171 2800 2243 illiusjudicandisunt
2831 2197 2842 2233 :
2871 2183 3233 2250 etquandoin
3260 2183 3522 2240 Ecclesiis

1916 2265 2235 2332 prtedicanl,
2259 2283 2366 2322 non
2394 2269 2803 2340 Scripturarum
2829 2275 3111 2345 mysteria,
3141 2276 3237 2331 sed
3267 2277 3525 2348 Origeuis

1917 2355 2057 2412 furta
2090 2365 2562 2419 commemorant?

1917 2452 2069 2520 insit,
2103 2457 2282 2510 eodem
2312 2457 2444 2513 libro
2473 2475 2508 2513 ιι
2533 2469 2712 2514 contra
2737 2460 3013 2532 Ruﬁnum,
3057 2479 3203 2516 num.
3237 2464 3307 2517 ‘27
3329 2503 3344 2533 ,
3378 2465 3516 2536 Opp.

2312 2551 2400 2603 cit.
2425 2552 2548 2606 edit.
2582 2563 2718 2607 tomo
2745 2553 2808 2620 ll,
2843 2556 2944 2609 col.
2976 2553 3103 2611 5‘21.

1993 2639 2194 2694 Ponam
2227 2651 2280 2696 et
2313 2642 2456 2696 aliud
2494 2643 2894 2713 testimonium,
2928 2661 2998 2701 ne
3029 2663 3176 2703 nunc
3220 2664 3309 2705 me
3336 2665 3521 2704 rerqu

1921 2734 2245 2788 necessitate
2271 2737 2614 2806 compulsum
2645 2738 2798 2794 dicas
2831 2749 3074 2796 mutasse
3104 2742 3520 2798 seuteutiam.|u

1921 2827 2056 2881 libro
2075 2827 2428 2899 Temporum,
2457 2830 2508 2885 id
2536 2843 2620 2886 est
2641 2831 3107 2903 Paralipomenon,
3133 2833 3225 2906 qui
3256 2836 3524 2892 llebraicc

1921 2920 2118 2976 dicitur
2147 2921 2323 2977 Dabre
2355 2922 2558 2992 lamin,
2606 2924 2708 2981 hac
2735 2927 2801 2980 ad
2834 2935 3082 2982 sanctum
3126 2943 3319 2998 papam
3349 2928 3526 2986 Canos

1923 3028 2128 3069 ιιιιτιυιι
2171 3015 2592 3072 Praeiatiuncula
2638 3033 2771 3073 usus
2819 3034 2962 3074 sum.
3017 3039 3035 3071 ι
3077 3021 3132 3076 Si
3178 3024 3521 3093 septuaginta

1924 3105 2306 3175 interpretum,
2331 3117 2440 3162 etc.
2481 3128 2500 3160 ι
2536 3109 2756 3177 Reliqua
2782 3111 2896 3166 ride
2921 3113 3084 3182 infra.

1926 3199 2055 3254 lout
2077 3241 2090 3264 ,
2122 3201 2297 3254 eodem
2323 3200 2456 3254 libro
2487 3218 2524 3256 ιι
2557 3213 2739 3258 contra
2780 3205 3047 3271 Ruﬁnum,
3083 3223 3226 3261 num.
3259 3209 3348 3273 31,
3380 3209 3518 3281 Opp.

2317 3296 2405 3348 cit.
2439 3297 2566 3350 edit.
2592 3307 2730 3350 tomo
2753 3297 2815 3364 ll,
2842 3299 2944 3352 col.
2978 3299 3102 3355 526.

1996 3388 2306 3444 Salomonis
2343 3389 2505 3444 etiam
2538 3390 2733 3456 libros,
2766 3407 2905 3461 quos
2935 3392 3064 3447 olim
3095 3393 3249 3462 juxta
3293 3395 3526 3465 Septua-

1925 3484 2068 3554 ginta
2101 3481 2302 3538 additis
2344 3483 2518 3539 obelis
2563 3491 2619 3538 et
2661 3485 2938 3540 asteriscis
2983 3486 3033 3539 iu
3066 3487 3298 3542 latinum
3349 3497 3528 3543 verte-

1925 3591 2064 3640 ram,
2116 3591 2181 3630 ex
2217 3575 2489 3629 liebraieo
2524 3576 2880 3642 transferens,
2931 3590 2985 3632 et
3027 3579 3287 3634 dedicans
3318 3583 3526 3635 sanctis

1926 3667 2199 3736 episcopis
2251 3666 2570 3723 Ctmomrto
2615 3675 2672 3724 et
2713 3668 3034 3736 Heliodoro,
3077 3670 3193 3726 haec
3224 3673 3275 3725 in
3323 3672 3528 3727 Praela-

1928 3761 2183 3815 llUIIClllll!
2218 3777 2352 3815 metu
2384 3762 2490 3814 line
2521 3762 2732 3831 subjeci
2759 3780 2772 3815 :
2809 3781 2825 3813 ι
2853 3764 2908 3818 Si
2943 3764 3030 3818 cui
3060 3767 3417 3835 Septuaginta
3447 3767 3528 3820 inv

1930 3860 2231 3922 terpretum
2287 3853 2455 3923 magis
2484 3853 2651 3909 editio
2688 3855 2911 3926 placet,
2956 3856 3119 3911 habet
3147 3873 3266 3911 eam
3299 3875 3328 3913 a
3372 3859 3528 3912 nobis

1929 3946 2057 3999 olim
2089 3945 2456 4001 emendatam.
2483 3945 2672 4018 Neque
2700 3950 2847 4003 enim
2887 3949 2965 4004 sic
2997 3965 3141 4004 nova
3169 3949 3438 4016 cudimus,
3476 3965 3532 4004 ιιι

1931 4046 2111 4092 vetera
2139 4037 2505 4093 destruamus.
2547 4060 2563 4092 ι

1932 4130 2141 4202 [ωιιιιιι]
2159 4130 2310 4198 lusu,
2334 4133 2532 4188 librotn
2551 4143 2727 4187 contra
2755 4135 3025 4203 Ruﬁnum,
3046 4152 3189 4188 num.
3205 4135 3260 4200 2,
3281 4137 3419 4206 Opp.
3442 4139 3532 4189 cit.

2396 4226 2518 4278 edit.
2543 4237 2680 4277 (omo
2707 4225 2772 4290 ll,
2798 4227 2897 4279 col.
2925 4227 3051 4281 εδδ.

2006 4315 2228 4369 Tesrsu
2262 4316 2452 4369 invoco
2483 4315 2668 4370 Jcsutu
2721 4319 3078 4373 conscientia:
3126 4334 3298 4384 mete,
3347 4321 3440 4387 qui
3483 4331 3538 4372 et

1936 4409 2044 4463 has‘
2068 4409 2298 4475 litteras,
2323 4417 2379 4464 et
2409 4418 2552 4462 tuam
2579 4411 2864 4480 epistolam
2882 4411 3224 4481 iudicaturus
3241 4419 3347 4472 est,
3367 4425 3453 4464 me
3475 4412 3542 4463 ad

1935 4504 2420 4560 commonitionem
2443 4504 2617 4560 sancti
2660 4519 2814 4575 papae
2842 4503 3151 4558 Cunounn
3175 4501 3414 4556 voluisse
3454 4517 3545 4556 re-

1940 4601 2106 4656 licere
2132 4641 2146 4665 ,
2197 4611 2253 4656 et
2300 4600 2460 4654 linetn
2513 4599 2696 4657 facere
2728 4600 3071 4656 simultatum
3101 4635 3115 4663 ,
3161 4605 3218 4652 et
3243 4597 3467 4653 vincere
3495 4597 3550 4652 in

1858 4705 1914 4769 D
1941 4693 2083 4749 bono
2115 4694 2351 4758 malum;
2385 4695 2476 4748 sed
2511 4695 2635 4765 quia
2655 4693 2883 4751 minaris
2911 4691 3210 4759 interitum,
3233 4691 3332 4746 nisi
3365 4701 3552 4746 tacuee

1940 4803 2004 4842 ro
2023 4831 2036 4855 ,
2065 4787 2400 4856 restiondere
2430 4787 2756 4857 compellor,
2783 4801 2852 4842 ue
2876 4787 3060 4841 videar
3087 4785 3317 4842 tacendo
3341 4787 3549 4842 crimen

1942 4897 2240 4953 agnoscere
2263 4923 2276 4945 ,
2308 4892 2362 4936 et
2395 4882 2675 4936 lenitatem
2728 4897 2944 4946 meam,
2997 4881 3150 4936 malae
3193 4883 3547 4937 conscientia:

1944 4978 2158 5044 signum
2191 4975 2590 5045 interpreteris.

1946 5067 2100 5132 IDEM,
2126 5069 2178 5121 in
2203 5067 2429 5138 Prologo
2451 5067 2517 5120 ad
2539 5067 2724 5121 librum
2751 5084 2767 5122 ι
2796 5066 3292 5124 Commentariorum
3317 5071 3372 5124 in
3415 5068 3552 5124 Aba-

2021 5175 2113 5212 cuc
2141 5158 2444 5230 prophetam
2469 5173 2486 5212 :
2518 5158 2656 5230 Opp.
2679 5161 2766 5213 cit.
2793 5161 2916 5235 edit.
2944 5170 3081 5214 tomo
3098 5161 3184 5228 Vl,
3210 5162 3312 5216 col.
3330 5161 3454 5216 587.

2027 5255 2266 5309 Primum
2286 5293 2302 5320 ,
2317 5251 2597 5308 CHROMATI
2617 5293 2634 5321 ,
2653 5253 3031 5324 episcoporum
3055 5255 3390 5319 doctissime,
3413 5255 3556 5310 scire

1955 5362 2056 5402 nos
2081 5346 2370 5412 convenit,
2404 5355 2660 5416 corrupte
2688 5345 2828 5412 apud
2857 5347 3076 5403 Graecos
3118 5356 3172 5401 et
3216 5346 3432 5401 Latinos
3459 5362 3554 5401 no-

1957 5456 2083 5496 men
2140 5439 2423 5493 Ambacum
2465 5439 2744 5508 propbetze
2779 5440 2918 5509 legi,
2974 5441 3063 5510 qui
3125 5438 3266 5508 apud
3300 5437 3557 5492 Hebraeos

1954 5535 2152 5589 dicitur
2172 5533 2376 5585 Abacuc
2396 5571 2412 5597 ,
2435 5540 2488 5584 et
2516 5532 2901 5600 interpretatur
2931 5531 3198 5600 amplexus
3220 5570 3235 5594 ,
3269 5540 3376 5582 etc.

1965 5624 2096 5680 IDEM
2130 5623 2180 5676 in
2205 5621 2437 5694 Prologo
2457 5622 2526 5674 ad
2555 5622 2744 5676 librum
2768 5640 2804 5677 ιι
2828 5621 3323 5676 (.‘ommentariorum
3346 5620 3397 5672 in
3426 5620 3561 5674 Aba-

2031 5732 2124 5769 cuc
2146 5713 2454 5788 prophetam
2473 5756 2486 5781 ,
2519 5715 2656 5787 Opp.
2686 5717 2774 5770 cit.
2793 5716 2916 5768 edit.
2948 5726 3080 5767 tomo
3102 5711 3187 5776 Vl,
3215 5714 3314 5766 col.
3339 5714 3464 5766 6'31.

2037 5808 2280 5865 Alterum
2306 5849 2320 5875 ,
2353 5811 2421 5861 tui
2447 5809 2763 5874 (ἶιιιιυιιιιτι,
2789 5821 2922 5877 papa
2953 5802 3272 5859 venerabilis
3292 5845 3305 5871 ,
3333 5807 3382 5860 in
3417 5808 3561 5865 Aba-
