4056 6340
519 290 617 347 511
1542 289 1598 348 S.
1642 287 2093 346 CHROMATIUS
2134 288 2245 346 ΕΡ.
2289 289 2799 360 AQUILEIENSIS.
3704 285 3813 350 3η

516 420 615 461 cuc
638 404 835 461 librum
858 404 1147 461 scribimus
1168 446 1184 473 ,
1242 405 1519 476 proprium
1560 404 1773 459 cantico
1822 404 1942 474 ejus
1971 420 2107 474 apo.
2135 407 2189 470 Α
2212 406 2436 463 auribus
2458 410 2557 463 ista
2583 408 2895 465 transferre.
2916 406 3023 463 Sed
3050 406 3245 463 melius
3266 420 3387 463 esse
3411 405 3657 475 judicans
3682 403 3819 461 Pha-

517 501 729 556 sculum
767 499 1113 565 dedicantes,
1162 513 1579 569 sermonemque
1623 497 1837 568 epicum
1886 506 1941 553 et
1973 497 2118 567 ρεπιι-

517 592 670 657 terii,
704 592 755 647 id
788 602 903 659 est,
945 592 1111 664 lyrico
1140 607 1291 648 more
1316 592 1675 661 compositum
1700 632 1718 658 ,
1752 590 1881 646 totis
1909 591 2115 646 viribus

516 687 915 758 aggredientes.
943 687 1136 743 Sibilet
1167 689 1327 755 igitur
1350 696 1565 741 excetra
1586 728 1600 751 ,
1630 696 1685 741 et
1709 684 2116 755 Sardanapalus

518 783 783 849 insultet,
817 782 1025 851 turpior
1055 781 1200 836 vitiis
1226 796 1385 851 quam
1438 780 1658 836 nomine
1700 798 1713 834 :
1748 795 1847 835 nos
1876 788 2114 849 coeptum

518 893 808 949 carpamus
841 880 975 944 iter;
1009 888 1062 934 et
1082 878 1417 933 orationibus
1442 876 1578 942 tuis,
1617 877 1706 946 qui
1757 891 1975 931 carnem
2009 876 2117 930 vir-

517 981 631 1028 tute
662 973 931 1042 Supr-rasti
953 1014 967 1036 ,
1003 972 1501 1028 manifestissimum
1529 970 1597 1025 de
1638 968 1855 1023 Christo
1886 970 2119 1039 prophe-

515 1065 645 1117 tiam
678 1064 728 1117 in
752 1074 942 1119 octavo
972 1064 1266 1134 propheta,
1318 1062 1369 1117 id
1423 1073 1539 1129 est,
1596 1062 1648 1117 in
1699 1061 2118 1118 resurrectionis

468 1155 478 1162 ’
520 1158 819 1212 Dominica:
850 1174 1077 1212 numero
1102 1157 1458 1212 disseramus.

518 1250 649 1306 Inest
670 1293 682 1317 ,
718 1249 1036 1322 Prwfutione
1062 1251 1113 1304 in
1142 1249 1301 1305 libros
1324 1249 1621 1304 Salomonis
1644 1293 1657 1315 ,
1698 1248 1836 1321 Opp.
1861 1250 1949 1304 cit.
1987 1248 2113 1301 edit.

1018 1356 1158 1400 tomo
1181 1345 1275 1409 IX,
1304 1344 1401 1399 col.
1437 1345 1596 1401 1295.

587 1441 902 1497 CHROIATIO
928 1451 979 1497 et
1010 1439 1308 1495 Heliodoro
1335 1439 1628 1509 episcopis,
1664 1438 2043 1508 Hieronymus.

588 1533 791 1604 Jungat
821 1534 1047 1604 epistola
1070 1575 1085 1600 ,
1124 1547 1261 1603 quos
1288 1532 1464 1602 jungit
1484 1530 1849 1585 sacerdotium
1879 1546 1892 1585 :
1952 1530 2117 1583 immo

514 1626 704 1681 charta
739 1642 847 1681 non
877 1626 1122 1690 dividat,
1156 1641 1295 1695 quos
1321 1624 1521 1679 Christi
1552 1626 1719 1679 neCIit
1743 1638 1919 1677 amor.
1952 1622 2118 1677 Corn-

513 1723 813 1776 meutarios
845 1722 896 1775 in
923 1720 1097 1785 Osee,
1130 1723 1298 1773 Amos
1320 1760 1334 1783 ,
1367 1718 1682 1773 Zachariam
1702 1759 1716 1784 ,
1751 1716 2071 1773 Malacliiam
2097 1759 2111 1781 ,

515 1831 655 1885 quos
690 1814 943 1883 poscitis,
968 1814 1343 1882 scripsissem,
1374 1812 1420 1867 si
1462 1811 1707 1865 licuisset
1754 1826 1865 1879 pra:
1914 1811 2119 1866 valetu—
2149 1819 2197 1879 Β

514 1906 664 1962 dine.
694 1906 903 1960 Mittitis
930 1905 1120 1959 solatia
1169 1912 1516 1973 sumptuum:
1548 1901 1791 1956 nctarios
1818 1912 2035 1957 nostros
2065 1913 2119 1957 et

517 2000 773 2055 librarios
799 1998 1151 2063 sustentatis,
1184 1998 1418 2052 utvobis
1474 1998 1817 2067 potissimum
1871 2011 2115 2050 IIOSil'unl

517 2092 748 2148 desudet
781 2093 1076 2162 ingenium.
1105 2092 1172 2146 Et
1198 2106 1326 2146 ecce
1347 2107 1411 2145 ex
1442 2091 1608 2145 latere
1640 2088 1896 2161 frequens
1926 2090 2079 2145 turba
2098 2131 2114 2157 ,

514 2186 727 2241 diversa
762 2187 1135 2255 poscentium:
1167 2186 1318 2255 quasi
1355 2196 1448 2238 aut
1494 2200 1709 2255 aequum
1737 2186 1806 2239 sit
1833 2224 1848 2247 ,
1883 2200 1991 2247 me,
2023 2199 2118 2239 vo-

514 2279 599 2334 bis
641 2278 1036 2343 esurientibus,
1078 2277 1200 2332 aliis
1230 2277 1511 2332 laborare:
1554 2284 1647 2330 aut
1678 2278 1729 2331 in
1761 2278 1973 2333 ratione
2002 2276 2115 2331 dati

513 2382 567 2427 et
597 2372 837 2441 accepti,
861 2387 1147 2441 cuiquam,
1183 2380 1381 2441 prieter
1407 2387 1526 2435 vos,
1558 2370 1830 2425 obnoxius
1852 2375 1979 2425 sim.
2009 2370 2113 2425 Ita-

512 2480 620 2536 que
650 2465 807 2535 longa
839 2465 1199 2536 aegrotatione
1232 2462 1473 2536 [Lxxtv]
1521 2463 1759 2531 fractus,
1804 2480 1870 2519 ne
1902 2466 2117 2535 penitus

523 2562 625 2615 hoc
649 2573 793 2613 anno
821 2560 1144 2625 reticerem,
1177 2566 1232 2612 et
1269 2556 1411 2626 apud
1439 2571 1534 2611 vos
1565 2570 1745 2612 mutus
1773 2572 1992 2623 essem,
2024 2558 2116 2612 tri-

514 2655 605 2709 dui
636 2670 775 2724 opus
825 2653 1035 2708 nomini
1078 2662 1262 2707 vestro
1304 2652 1666 2720 consecravi,
1711 2652 2117 2722 interpretatio-

517 2764 641 2805 nem
662 2747 1097 2803 videliccttrium
1127 2744 1433 2802 Salomonis
1463 2746 1795 2801 voluminum
1815 2786 1829 2809 ,
1860 2744 2111 2811 Matlotlt,

512 2858 649 2913 quas
675 2841 889 2897 Hebraei
920 2839 1207 2895 Parabolas
1229 2882 1244 2905 ,
1282 2840 1503 2911 vulgata
1552 2849 1733 2894 autem
1764 2838 1933 2893 editio
1976 2837 2113 2892 Pro-

514 2936 684 2989 verbia
710 2944 905 2989 vocat:
928 2932 1169 2999 Coelet/t,
1208 2948 1367 3004 quem
1397 2932 1590 2988 Grtece
1622 2930 2001 2991 Ecclesiasten,
2035 2930 2114 2985 la-

511 3030 627 3084 tine
658 3026 1079 3082 Concionatorem
1132 3041 1417 3096 possumus
1459 3024 1685 3079 dicere:
1731 3022 1823 3077 Sir
1858 3022 2111 3087 Assirim,

510 3123 653 3194 quod
686 3122 739 3176 in
773 3132 959 3177 nostra
990 3122 1173 3193 lingua
1199 3122 1433 3177 vertitur
1452 3119 1723 3175 Canticum
1756 3114 2111 3183 Canticorum,

514 3230 621 3273 CIC.

513 3310 678 3377 lusit,
714 3310 1037 3380 Prwfatione
1066 3312 1120 3363 in
1142 3311 1299 3363 libros
1329 3308 1771 3380 Paralipomenon
1798 3351 1812 3373 ,
1851 3306 1989 3377 Opp.
2025 3307 2113 3361 cit.

942 3402 1069 3455 edit.
1093 3412 1218 3455 tom.
1251 3400 1346 3465 IX,
1374 3400 1476 3455 col.
1508 3399 1672 3457 1405.

585 3499 643 3555 Si
669 3497 1024 3568 Septuaginta
1056 3496 1419 3565 interpretum
1450 3510 1616 3564 pura,
1659 3503 1716 3549 et
1743 3505 1801 3549 ut
1828 3494 1895 3549 ab
1938 3494 2019 3547 eis
2064 3495 2117 3547 iu

514 3594 765 3651 Graecum
810 3607 968 3646 versa
1020 3598 1135 3655 est,
1185 3588 1354 3644 editio
1405 3598 1788 3658 permaneret,
1844 3587 2121 3658 superﬂue

512 3703 633 3753 me,
692 3688 762 3741 mi
805 3687 1087 3742 Cnnouut
1136 3686 1519 3755 episcoporum
1563 3684 1909 3739 sanctissime
1952 3696 2118 3753 atque

511 3779 830 3835 doctiSsime
852 3821 867 3847 ,
893 3778 1233 3845 inipelleres,
1270 3789 1325 3831 ut
1350 3777 1408 3832 Hc
1432 3778 1577 3831 linea
1619 3776 1893 3831 volumina
1928 3776 2120 3831 Latino

508 3888 762 3930 sermone
811 3870 1190 3928 transferrem.
1233 3871 1385 3938 Quod
1423 3872 1567 3925 enim
1594 3870 1765 3925 semel
1814 3884 1975 3923 aures
2022 3870 2119 3924 lio-

511 3969 721 4023 minum
753 3975 1151 4036 occupaverat,
1199 3972 1255 4018 et
1292 3964 1568 4018 nascentis
1601 3962 1863 4017 Ecclesiae
1892 3962 2118 4017 robora-

508 4071 663 4117 verat
686 4062 845 4115 fidem
864 4102 880 4126 ,
899 4060 1108 4130 justum
1142 4072 1259 4113 erat
1287 4058 1456 4112 etiam
1490 4065 1683 4110 nostro
1710 4053 1935 4109 silentio
1963 4070 2118 4109 Com—

511 4157 756 4225 probari.
786 4154 937 4209 Nunc
969 4168 1102 4208 vero
1134 4167 1255 4207 cum
1290 4166 1387 4222 pro
1414 4151 1681 4205 varietate
1725 4150 2005 4219 regionum
2036 4150 2119 4205 tli-

510 4264 666 4306 versa
702 4248 942 4304 ferantur
964 4246 1299 4317 exemplaria
1324 4288 1340 4313 ,
1370 4256 1425 4300 et
1446 4260 1706 4316 germana
1737 4244 1825 4299 illa
1856 4248 2115 4313 antiqua-

510 4358 615 4413 que
646 4342 935 4397 translatio
967 4352 1224 4408 corrupta
1245 4339 1346 4404 sit,
1370 4348 1533 4408 atque
1564 4338 1794 4392 violata:
1829 4337 1998 4391 no~tri
2030 4352 2116 4390 ar-

507 4436 661 4492 bitrii
692 4444 879 4501 putas,
912 4442 1006 4487 aut
1028 4449 1058 4488 e
1082 4433 1325 4503 pluribus
1350 4432 1606 4501 judicare
1632 4430 1760 4498 quid
1789 4446 1980 4485 verum
2009 4429 2112 4495 sit,

508 4537 600 4582 aut
628 4542 827 4581 novum
860 4540 997 4595 opus
1026 4525 1077 4577 in
1109 4523 1282 4578 veteri
1310 4538 1479 4592 opere
1502 4521 2117 4587 cudere,illudentibus-

506 4619 862 4691 queludaeis,
893 4617 1209 4684 cornicum,
1242 4627 1299 4671 ut
1326 4616 1551 4682 dicitur,
1578 4615 1768 4669 oculos
1799 4614 2076 4684 conligere
2098 4654 2113 4681 ,
2144 4624 2195 4681 ι)

508 4722 619 4768 etc.

506 4805 677 4870 IDEI,
730 4806 1049 4877 Prwfatione
1103 4806 1158 4859 in
1201 4804 1393 4858 librum
1449 4804 1650 4869 Tobiae,
1707 4800 1844 4873 Opp.
1866 4802 1951 4855 cit.
1985 4803 2111 4856 edit.

1016 4908 1138 4952 tom.
1174 4897 1222 4952 Χ
1243 4939 1256 4964 ,
1285 4898 1385 4951 col.
1411 4898 1435 4951 I
1468 4906 1514 4950 et
1540 4897 1597 4949 ἓ.

575 4994 895 5049 Cunouuio
944 5000 997 5047 et
1043 4990 1345 5045 Heliodoro
1392 4989 1696 5060 episc0pis,
1746 4987 2111 5060 Hieronymus

505 5086 797 5155 presbyter
837 5084 892 5137 in
928 5082 1157 5136 Domino
1187 5082 1444 5137 salutem.

576 5178 759 5232 Mirari
787 5194 893 5233 non
922 5177 1118 5233 desino
1167 5178 1472 5234 exactionis
1513 5188 1713 5235 vestra:
1754 5180 2107 5237 instantiam:

504 5270 723 5340 exigitis
754 5272 897 5325 enim
918 5312 932 5334 ,
957 5282 1017 5325 ut
1041 5272 1238 5327 librum
1278 5270 1539 5328 Chaldaeo
1564 5288 1821 5331 sermone
1863 5279 2109 5332 conscri-

505 5374 692 5436 ptum,
724 5365 790 5418 ad
824 5363 1075 5419 Latinum
1106 5367 1305 5437 stylum
1361 5366 1606 5436 traham,
1668 5368 1865 5424 librum
1922 5371 2111 5440 utique

506 5457 726 5521 Tobiae,
751 5474 912 5530 quem
947 5458 1163 5515 Hebrzei
1192 5461 1258 5516 de
1285 5462 1543 5533 Catalogo
1588 5463 1896 5519 divinarum
1928 5467 2113 5537 Scrip-

504 5561 754 5606 turarnm
788 5564 1040 5608 secantes
1062 5595 1078 5620 ,
1108 5554 1225 5621 his,
1259 5569 1385 5624 quae
1412 5557 1720 5629 apocrypha
1754 5569 2059 5614 memorant
2086 5600 2104 5626 ,

504 5644 912 5711 manciparunt.
942 5645 1066 5700 Feci
1095 5646 1227 5701 satis
1256 5646 1533 5704 desiderio
1561 5660 1762 5713 vestro,
1790 5666 1894 5707 non
1923 5661 2107 5706 tamen

505 5749 630 5790 meo
650 5736 853 5793 studio.
888 5740 1137 5809 Arguunt
1158 5739 1303 5795 enim
1337 5755 1433 5795 nos
1486 5741 1837 5798 Hebraeorum
1890 5744 2104 5811 studia,

503 5837 560 5883 et
584 5829 850 5899 imputant
881 5832 1075 5897 nobis,
1127 5842 1315 5889 contra
1368 5850 1523 5890 suum
1578 5833 1857 5891 Canonem
1902 5836 2109 5892 Latinis

2218 499 2502 556 risaorum
2532 499 2824 570 displicere
2846 498 3056 570 judicio
3081 542 3095 565 ,
3124 510 3179 554 et
3218 499 3601 570 episcoporum
3623 500 3820 569 jnssio.

2218 597 2381 651 nibus
2409 597 2695 655 deservire
2718 640 2731 662 ,
2766 598 2936 653 institi
2971 609 3030 651 ut
3053 598 3225 668 potui.
3280 597 3345 652 Et
3373 596 3493 668 quia
3526 598 3698 652 vicina
3740 604 3823 654 est

2218 688 2594 743 Chaldworum
2611 689 2789 759 lingua
2810 691 3049 745 sermoni
3076 689 3351 745 Hebraico
3370 731 3383 754 ,
3419 690 3702 758 utriuSque
3722 689 3822 745 lin-

2218 798 2336 852 guto
2365 783 2754 851 peritissimum
2779 783 3062 853 loquacem
3090 782 3374 852 reperiens
3393 825 3406 848 ,
3435 781 3593 835 unius
3614 781 3718 837 diei
3741 782 3819 837 la-

2220 873 2409 928 borem
2439 874 2641 943 arripui
2668 893 2681 930 :
2743 884 2799 929 et
2827 874 3090 945 quidquid
3121 874 3211 929 ille
3239 875 3372 929 mihi
3405 874 3682 930 Hebraicis
3708 890 3824 931 rer-

2222 966 2305 1021 bis
2335 968 2637 1037 expressit.
2670 968 2773 1023 hoc
2829 986 2928 1038 ego
2975 970 3152 1024 accito
3186 970 3398 1024 notario
3421 1010 3435 1034 ,
3484 968 3821 1026 sermonibus

2221 1060 2430 1115 Latinis
2458 1062 2710 1129 exposui.
2737 1063 3088 1119 Orationibus
3110 1063 3307 1119 vestris
3339 1063 3646 1119 mercedem
3672 1062 3822 1133 hujus

2219 1154 2405 1222 operis
2454 1155 2855 1224 compensabo,
2900 1171 3023 1211 cum
3065 1168 3278 1227 gratum
3330 1156 3486 1211 vobis
3541 1156 3820 1225 didicero,

2221 1260 2308 1301 me
2333 1287 2347 1313 ,
2382 1246 2522 1317 quod
2551 1247 2747 1318 jubere
2768 1248 2900 1304 estis
2929 1250 3164 1319 dignati,
3208 1249 3537 1321 complesse.

2220 1380 2425 1455 [Lxxv]
2475 1384 2535 1439 S.
2580 1384 2904 1452 Ambrosius,
2952 1388 3168 1459 epistola
3214 1388 3313 1454 50,
3358 1390 3427 1443 ad
3465 1387 3824 1451 Cnnoutrwl

2291 1478 2668 1547 Aquileiensem
2732 1481 3067 1549 episc0pum,
3126 1480 3189 1534 de
3246 1482 3519 1553 prophetia
3574 1483 3819 1555 Balaam,

2292 1588 2435 1625 nunt.
2501 1572 2603 1638 16,
2679 1590 2764 1626 an.
2823 1574 2963 1639 390,
3014 1589 3129 1643 qua:
3180 1584 3310 1628 exat.
3372 1574 3508 1647 Opp.
3566 1587 3700 1631 (omo
3744 1578 3822 1646 ll,

2291 1666 2391 1719 col.
2416 1664 2548 1730 996,
2569 1665 2810 1721 editionis
2842 1665 3023 1721 Paris.
3054 1665 3166 1720 BB.
3197 1666 3258 1723 S.
3286 1665 3462 1722 Mauri
3498 1669 3819 1727 16864690.

2296 1780 2411 1837 Hoc
2456 1784 2843 1839 munusculum
2887 1792 3093 1839 sancta:
3144 1784 3317 1841 menti
3362 1794 3468 1840 tuae
3520 1788 3821 1854 transmisi;

2223 1878 2349 1947 quia
2380 1878 2462 1932 vis
2490 1893 2576 1933 me
2599 1879 2803 1950 aliquid
2828 1880 2895 1934 de
2921 1890 3169 1936 veterum
3198 1880 3539 1950 scriptorum
3568 1882 3827 1951 interpre-

2224 1970 2523 2026 tationibus
2566 1973 2845 2043 paginare.
2883 1974 2995 2042 Ego
3041 1984 3226 2029 autem
3271 1978 3543 2046 assumpsi
3574 1977 3824 2044 epistolas

2224 2063 2478 2120 familiari
2524 2082 2788 2123 sermone
2830 2078 3098 2132 attexere.
3146 2069 3464 2125 redolentes
3507 2070 3711 2141 aliquid
3757 2071 3820 2128 de

2224 2166 2438 2226 patrum
2492 2159 2774 2226 moribus;
2825 2176 3054 2230 quarum
3100 2171 3322 2232 gustum
3373 2163 3418 2217 si
3471 2163 3820 2233 probaveris,

2220 2258 2346 2321 post
2399 2250 2518 2306 haac
2577 2250 2892 2322 hujusmodi
2954 2254 3174 2310 mittere
3226 2270 3334 2327 non
3392 2255 3818 2312 verecundabor.

2221 2342 2365 2396 Malo
2390 2345 2540 2399 enim
2573 2345 2842 2400 senilibus
2871 2347 3057 2402 verbis
3082 2347 3151 2403 de
3174 2350 3431 2419 supernis
3460 2350 3627 2405 rehns
3658 2350 3822 2405 hallu-

2220 2434 2388 2489 cinari
2436 2445 2638 2504 tecum,
2677 2440 2821 2510 quod
2858 2455 3041 2511 griece
3076 2440 3269 2496 dicunt
3313 2441 3709 2517 ἀδολεσχῆσαιε

2220 2530 2388 2597 malo,
2421 2531 2665 2602 inquam,
2714 2533 3043 2589 ballucinari
3093 2546 3269 2590 tecum
3311 2538 3499 2591 verbis
3543 2539 3818 2605 senilibus,

2222 2640 2289 2679 ne
2336 2626 2523 2681 videar
2564 2639 2738 2682 artem
2784 2629 3119 2698 deseruisse,
3170 2646 3332 2700 quam
3378 2632 3819 2688 concitatioribus

2220 2718 2427 2773 deliare
2464 2720 2668 2791 aliquid
2709 2722 2821 2792 jam
2868 2739 2970 2779 nec
3010 2724 3208 2780 studiis
3250 2726 3457 2781 nostris
3496 2737 3682 2797 aptum
3729 2741 3817 2782 nec

2224 2813 2456 2869 viribus.
2486 2814 2639 2881 Vale,
2670 2828 2723 2871 et
2755 2832 2858 2873 nos
2884 2819 3085 2888 dilige;
3118 2820 3250 2889 quin
3282 2835 3385 2890 ego
3420 2830 3472 2875 te
3500 2820 3696 2891 diligo.

2221 2906 2463 2963 RUFINUS
2498 2910 2761 2982 presbyter
2790 2912 3155 2983 Aquileiensis,
3192 2912 3514 2983 Praefatione
3557 2916 3627 2969 ad
3654 2916 3819 2972 Cano-

2292 3015 2496 3055 ιιΑτιωι
2545 3005 2844 3072 episcopum
2896 3003 3150 3075 Aquileiae
3191 3005 3245 3058 in
3292 3023 3473 3073 suam,
3523 3016 3572 3061 et
3624 3006 3818 3062 Eusebii

2290 3092 2621 3149 Cmariensis
2657 3096 2873 3149 latinam
2909 3096 2973 3148 ab
3008 3112 3067 3150 eo
3105 3100 3302 3167 fectant
3350 3096 3675 3158 Historiam:
3713 3116 3820 3168 qua:

2291 3200 2425 3244 εχει.
2468 3189 2606 3259 Opp.
2650 3190 2751 3244 col.
2795 3189 2902 3246 209
2938 3190 3178 3246 editionis
3231 3189 3539 3249 Veronensis
3568 3191 3820 3249 Dominiri

2303 3282 2578 3337 Vallarsii.

2293 3374 2600 3431 Peritornm
2630 3376 2817 3432 dicunt
2847 3392 2970 3432 esse
3000 3376 3339 3433 medicorum
3360 3418 3377 3447 ,
3411 3378 3503 3435 ubi
3544 3379 3821 3436 imminere

2224 3469 2471 3535 urbibus,
2503 3471 2590 3525 vel
2620 3471 2953 3541 regionibus,
2983 3472 3272 3541 generales
3307 3473 3552 3529 viderint
3584 3474 3820 3541 morbos,

2224 3562 2518 3631 provudere
2563 3563 2771 3635 aliquid
2814 3564 3235 3629 medicamenti,
3276 3565 3365 3620 vel
3416 3567 3596 3635 poculi
3636 3582 3819 3637 genus,

2222 3669 2330 3724 quo
2370 3662 2681 3727 praemuniit
2726 3658 2973 3713 homines
3002 3658 3070 3713 ab
3124 3658 3433 3714 imminenti
3463 3659 3820 3715 defenduntur

2222 3748 2416 3803 exilio.
2449 3749 2603 3817 Quod
2637 3758 2694 3804 tu
2726 3766 2964 3821 qttoque,
2994 3750 3307 3805 venerande
3340 3761 3494 3821 pater
3521 3750 3817 3817 CBBOIATI,

2223 3840 2512 3896 medicina:
2557 3859 2836 3913 exequi-ns
2880 3859 3087 3912 genus,
3134 3852 3381 3912 tempore
3422 3858 3552 3912 quo,
3595 3844 3822 3915 diruptis

2224 3933 2393 3988 Italire
2415 3935 2673 3991 claustris
2697 3937 2765 3990 ab
2791 3935 3011 3990 Alarico
3038 3936 3178 3990 duce
3206 3934 3535 4004 Gothorum,
3569 3953 3633 3993 se
3664 3938 3822 4009 pesti-

2222 4026 2303 4081 fer
2343 4026 2567 4083 morbus
2609 4027 2827 4093 inl‘udit,
2866 4038 2919 4084 et
2950 4044 3133 4096 agros,
3166 4040 3443 4095 armenta,
3475 4034 3629 4085 viros
3672 4031 3823 4101 longe

2222 4118 2441 4184 lateque
2466 4124 2722 4187 vastavit,
2751 4124 2968 4193 pupulis
2992 4123 3141 4178 tibia
3175 4124 3284 4178 Deo
3309 4123 3627 4181 commissis
3649 4125 3824 4181 feralis

2221 4213 2372 4266 exitii
2422 4213 2641 4284 aliquod
2672 4214 2976 4270 remedium
3010 4231 3298 4285 quiorens,
3346 4231 3444 4285 per
3484 4218 3628 4288 quod
3675 4234 3824 4287 argi-ai

2223 4314 2440 4359 mentes
2484 4307 2556 4358 ab
2608 4308 2913 4376 ingruentis
2963 4306 3093 4361 mali
3140 4307 3468 4378 contagione
3519 4310 3824 4375 subtractaz,

2223 4398 2545 4453 melioribus
2589 4410 2870 4471 occupata:
2919 4400 3113 4456 studiis
3167 4410 3488 4458 tenerentur
3528 4420 3541 4457 :
3595 4403 3827 4474 iniungis

2222 4493 2355 4546 mihi
2383 4502 2440 4549 ut
2475 4494 2926 4552 Beelesiasticam
2958 4496 3264 4561 historiam,
3293 4513 3456 4565 quam
3476 4497 3561 4553 vir
3582 4499 3828 4554 eruditis-

2222 4585 2393 4639 simus
2442 4588 2709 4643 Eusebius
2750 4589 3110 4645 Cmsarieusis
3154 4588 3345 4645 Gra'co
3393 4606 3657 4646 sermone
3698 4605 3825 4646 ron-

2221 4678 2465 4747 scripsit,
2500 4682 2552 4734 in
2583 4680 2835 4737 Latinum
2867 4695 3079 4738 vertam
3106 4701 3119 4737 :
3151 4683 3309 4753 cujus
3352 4684 3592 4741 lcetione
3624 4688 3828 4741 animus

2176 4758 2185 4763 ”
2217 4770 2560 4827 audientium
2604 4774 2841 4843 vinctus,
2871 4778 3001 4830 dum
3048 4776 3299 4830 notitiam
3340 4792 3521 4832 rerum
3560 4790 3825 4849 gestarant

2214 4860 2425 4918 avidius
2479 4867 2646 4934 petit,
2698 4868 3031 4924 oblivionem
3084 4869 3495 4937 quodammodo
3538 4873 3820 4937 malorum,

2213 4968 2339 5023 quae
2368 4966 2718 5026 gererentur,
2746 4962 3041 5031 acciperet.

2215 5069 2376 5139 luent,
2406 5074 2679 5143 Apologia:
2717 5076 2771 5129 in
2809 5076 2873 5130 S.
2918 5075 3298 5148 Hieronymum
3337 5080 3542 5148 librat,
3582 5098 3726 5137 nunt.
3756 5083 3820 5149 ις

2502 5169 2592 5239 qui
2620 5179 2753 5224 exat.
2789 5168 2926 5242 Opp.
2955 5171 3046 5225 cit.
3077 5173 3229 5237 edit.,
3257 5171 3361 5227 col.
3385 5174 3513 5229 510.

2288 5279 2426 5350 Ego,
2457 5281 2599 5337 sicut
2637 5290 2693 5338 et
2734 5283 2852 5351 ipse
2891 5291 2948 5337 et
2989 5298 3183 5338 omnes
3230 5293 3461 5350 norunt,
3498 5298 3627 5343 ante
3657 5303 3821 5344 annos

2214 5376 2332 5429 fere
2361 5377 2581 5446 triginta
2612 5376 2665 5430 in
2696 5378 3027 5431 monasterio
3063 5378 3175 5447 jam
3208 5382 3436 5449 positus,
3471 5400 3571 5451 per
3596 5389 3819 5457 gratiam

2214 5467 2476 5537 Baptismi
2514 5476 2893 5538 regeneratus,
2928 5471 3296 5539 signaculum,
3332 5475 3457 5530 fidei
3498 5489 3822 5533 consecutus

2214 5577 2333 5617 sum
2406 5578 2501 5631 per
2557 5574 2777 5618 sanctos
2837 5563 2997 5619 viros
3059 5564 3463 5636 Cnmmnwu,
3526 5571 3817 5637 Iovinum,

2212 5655 2439 5729 [Lxxvt]
2468 5667 2521 5709 et
2546 5657 2861 5723 Eu~ebium,
2890 5660 3301 5728 opinatissimos
3325 5672 3383 5717 et
3405 5666 3817 5733 probatissimos

2212 5748 2265 5802 in
2293 5747 2532 5803 Ecclesia
2563 5748 2657 5803 Dei
2680 5751 2991 5820 episcopos,
3017 5766 3250 5820 quorum
3274 5754 3413 5810 alter
3437 5767 3567 5813 tunc
3594 5760 3813 5829 presbyo

2212 5846 2298 5896 ter
2329 5840 2499 5897 beatae
2531 5843 2812 5899 memoria:
2859 5840 3154 5909 Valeriani,
3198 5846 3338 5902 alter
3375 5847 3809 5913 archidiaconus.
