4056 6340
213 366 317 427 515

1129 365 1221 423 DE
1259 366 1322 424 S.
1362 365 1765 426 CHROMATIO
1804 366 2139 429 VETERUM
2178 370 2625 431 TESTIMONIA.

3424 379 3533 440 514

210 484 344 539 alius
383 482 665 540 diaconus
696 484 964 557 simulque
993 492 1143 557 paler
1191 483 1327 541 mihi
1355 492 1413 542 et
1439 484 1633 543 doctor
1663 486 1823 560 Sym-
1846 487 1902 549 A
1997 498 2126 546 eteo;
2142 489 2393 564 Epistolis
2408 491 3081 564 Romanorumpontiﬁcum
3106 495 3252 553 Petri
3278 496 3533 555 Constan-

213 577 318 633 boli
344 593 409 633 ac
442 577 578 634 ﬁdei
615 578 739 635 fuit.

208 689 355 754 lusit.
383 693 624 765 Prologo
650 694 721 748 ad
743 694 1096 754 Cnnoutt'rtmt
1123 700 1419 772 episcOpum
1440 699 1495 753 in
1516 699 1819 754 Tractatum

275 785 518 858 Origenis
568 803 732 858 super
786 789 973 843 librum
1019 791 1147 845 Jesu
1198 789 1382 858 Nave,
1436 808 1501 846 ea:
1554 802 1690 846 tonio
1738 791 1816 858 ll,

271 896 388 952 pag.
424 880 559 943 596,
600 883 745 951 Opp.
789 882 1027 956 Origenis
1058 885 1123 940 G.
1155 896 1203 940 et
1242 884 1303 941 L.
1347 887 1476 941 edit.
1512 884 1687 942 Paris.
1720 886 1819 941 Ca-

268 974 365 1027 roli
383 971 626 1028 Delarue
647 973 713 1029 0.
730 973 792 1032 S.
813 974 877 1029 Β.
897 994 923 1030 e
939 975 1344 1059 Congregatione
1358 977 1419 1034 S.
1447 977 1626 1032 Mauri
1652 978 1811 1033 1755.

269 1093 324 1149 in
371 1093 589 1149 divinis
643 1097 1016 1153 voluminibus
1062 1098 1328 1165 refertur,
1378 1099 1523 1171 quod
1571 1099 1637 1155 ad
1684 1114 1816 1155 con-

202 1189 553 1244 stmctionem
604 1192 796 1261 templi
830 1191 929 1264 (al.
962 1192 1028 1247 ad
1058 1194 1524 1248 construerionem
1562 1193 1813 1249 taberna-

198 1281 334 1351 culi)
380 1284 770 1356 unusquisque
815 1301 912 1356 pro
962 1286 1166 1342 viribus
1210 1286 1521 1343 obtulerit:
1561 1296 1811 1357 potentes

198 1375 429 1448 quidem,
462 1386 520 1432 et
554 1379 839 1449 principes
869 1380 1047 1451 populi
1081 1396 1301 1447 aurum,
1332 1391 1639 1451 argentum,
1674 1381 1809 1452 lapi-

197 1466 286 1523 des
314 1471 623 1538 pretiosos,
660 1488 793 1539 aera,
838 1483 893 1529 et
936 1474 1026 1528 alii
1078 1473 1241 1545 ligna,
1274 1474 1371 1529 sed
1404 1475 1759 1544 impulribilia
1791 1491 1805 1529 :

194 1561 403 1631 quidam
451 1566 626 1618 etiam
676 1580 924 1631 coccum,
974 1583 1307 1637 purpuram,
1352 1577 1410 1625 et
1455 1570 1701 1640 byssum,
1751 1584 1808 1628 et

194 1654 352 1711 linum
380 1658 501 1725 alii,
534 1660 793 1716 vestibus
820 1660 936 1717 hzcc
963 1662 1544 1733 quoquesacerdotum
1572 1673 1627 1720 et
1651 1666 1806 1721 stolae

196 1749 455 1819 pontiﬁcis
516 1752 841 1822 profutura.
902 1754 1263 1825 Pauperiores
1320 1767 1539 1823 autem,
1601 1759 1802 1830 quique

193 1844 344 1897 etiam
391 1843 575 1915 pelles
626 1846 825 1901 rubras
867 1846 1162 1904 oﬂ‘creutes
1207 1858 1261 1904 et
1306 1850 1446 1920 pilos
1490 1866 1772 1921 caprarum

196 1951 292 1993 non
331 1949 703 2010 respuuntur.
746 1941 954 1998 Idcirco
997 1959 1230 2015 namque
1276 1945 1561 2001 Beselehel
1597 1947 1686 2002 ille
1715 1963 1803 2003 re-

192 2029 358 2100 pletus
390 2047 519 2087 esse
557 2034 770 2089 dicitur
810 2037 957 2091 omni
998 2037 1261 2107 sapientia
1285 2051 1313 2091 a
1348 2038 1479 2100 Deo,
1514 2048 1573 2093 ut
1600 2038 1802 2094 intelli-

194 2138 317 2193 gens
345 2126 568 2197 singula
604 2126 729 2182 haec
757 2128 955 2198 quibus
987 2130 1176 2186 usibus
1221 2140 1347 2200 apta
1386 2132 1515 2197 sint,
1560 2130 1693 2187 nihil
1732 2146 1797 2187 ex

190 2216 527 2276 oﬂ'erentium
573 2221 875 2278 devotione
912 2224 1179 2295 repudiet.
1215 2226 1350 2292 Quia
1392 2242 1521 2296 ergo
1558 2237 1612 2281 et
1658 2237 1733 2291 tu,
1766 2243 1799 2282 ο

192 2310 312 2365 mihi
358 2328 588 2383 semper
638 2315 974 2371 venerabilis
1006 2327 1164 2386 pater
1201 2316 1502 2385 CHROIATI,
1534 2319 1797 2390 injungis,

191 2412 241 2457 et
274 2406 527 2475 praecipis
577 2408 768 2469 nobis,
824 2418 884 2463 ut
912 2410 1113 2480 aliquid
1164 2412 1229 2465 ad
1276 2412 1692 2468 :cdilicationem
1744 2422 1801 2468 et

191 2502 663 2558 conatructionem
689 2503 864 2557 divini
894 2503 1228 2560 tabernaculi
1248 2522 1313 2559 ex
1338 2505 1651 2561 Graecorum
1681 2507 1798 2577 opi-

193 2589 282 2646 bus
302 2603 355 2648 et
376 2594 560 2664 copiis
582 2597 958 2664 conferamus,
981 2597 1363 2654 Oratiunculas
1384 2616 1508 2654 xxvi
1534 2600 1586 2654 in
1610 2599 1793 2655 Jesum

190 2684 345 2755 Nave,
376 2704 514 2759 quas
554 2707 633 2745 ex
681 2702 927 2762 tempore
970 2693 1022 2748 in
1066 2693 1319 2750 Ecclesia
1353 2696 1627 2764 peroravit
1655 2694 1800 2750 Ada-

192 2778 415 2833 mantius
445 2795 650 2848 senex,
680 2797 750 2837 ex
776 2798 957 2853 graeco
983 2783 1152 2841 latine
1185 2786 1279 2840 tibi
1306 2801 1406 2855 pro
1433 2787 1625 2841 virium
1649 2803 1797 2843 mea-

192 2882 299 2925 rum
324 2873 601 2942 parvitate
627 2874 1016 2931 disseruimus.
1042 2877 1142 2933 'l‘ui
1167 2894 1299 2934 sane
1331 2882 1502 2935 nostri
1534 2883 1794 2951 temporis

190 2958 514 3019 Beselehelis
534 2965 743 3036 judicii
777 2967 870 3033 sit,
896 2968 947 3022 in
978 2968 1064 3024 his
1092 2985 1213 3041 qua:
1245 2970 1550 3039 oﬁerimus,
1578 2975 1794 3030 etiamsi

189 3055 311 3112 nihil
341 3058 630 3116 invenitur
669 3062 788 3116 auri
836 3062 958 3133 puri
1004 3065 1150 3135 quod
1196 3065 1261 3119 ad
1302 3068 1477 3122 altare
1525 3069 1792 3138 proficiat,

190 3162 277 3204 nec
306 3155 519 3223 argenti
554 3153 710 3223 quod
755 3155 1130 3212 columnarum
1177 3157 1438 3214 Ecclesiae
1479 3160 1637 3216 bases
1676 3161 1796 3215 effi-

187 3241 283 3298 ciat
310 3255 400 3300 aut
428 3248 909 3317 capita‘decoret,
940 3251 987 3305 si
1021 3251 1200 3307 nullus
1228 3267 1294 3307 ex
1322 3252 1406 3307 his
1434 3252 1487 3307 in
1519 3252 1625 3307 illis
1656 3253 1791 3323 lapi-

186 3334 330 3391 dibus
367 3339 609 3395 inveniri
650 3350 830 3409 potest
868 3343 959 3412 qui
1008 3343 1154 3413 lngio
1195 3344 1437 3401 insertus
1480 3347 1791 3416 pontiﬁcale

185 3440 408 3486 vestrum
452 3443 511 3489 et
547 3432 872 3490 divinorum
904 3438 1187 3492 conscium
1226 3447 1416 3508 pectus
1450 3451 1706 3509 exornet,
1738 3449 1792 3494 at

184 3534 318 3580 certe
361 3529 693 3597 perSpicere
739 3529 784 3583 si
833 3530 917 3584 vel
963 3545 1220 3602 purpurtc
1263 3533 1461 3603 aliquis
1500 3534 1555 3587 in
1587 3533 1695 3602 liis,
1737 3543 1793 3590 et

184 3614 304 3688 regii
337 3618 585 3685 decoris,
618 3632 714 3675 aut
745 3623 921 3687 cocci,
955 3634 1008 3678 et
1040 3624 1255 3695 mystici
1285 3626 1500 3681 cruoris
1527 3626 1682 3681 color
1709 3626 1791 3682 in-

185 3710 410 3766 texitur:
442 3712 490 3769 si
521 3713 661 3783 quid
694 3718 983 3783 puritatem
1013 3716 1162 3788 byssi
1194 3718 1462 3785 imitetur,
1495 3731 1548 3775 et
1578 3718 1792 3775 fortitu-

184 3801 349 3859 dinem
381 3805 502 3872 lini,
534 3815 597 3863 et
635 3807 857 3878 dignum
891 3810 1097 3880 aiiquid
1131 3813 1330 3869 habeat
1358 3814 1790 3870 sacerdotalibus

186 3894 511 3956 indumentis
538 3919 553 3955 :
582 3915 866 3973 posuemo
889 3906 932 3958 si
960 3905 1043 3959 vel
1077 3906 1271 3961 rubras
1297 3907 1438 3975 apud
1469 3922 1567 3962 nos
1596 3909 1786 3978 pelles,

182 3992 561 4048 verecundiam
597 3994 793 4048 frontis
820 3996 1105 4052 invenias:
1140 3997 1205 4052 ad
1239 4000 1487 4054 ultimum
1518 4000 1562 4053 si
1593 4000 1677 4055 vel
1698 4016 1789 4055 ca-

181 4095 386 4152 prarum
432 4097 594 4142 certe
642 4091 887 4158 reperias
933 4089 1091 4158 pilos,
1129 4091 1325 4161 quibus
1370 4093 1452 4147 vel
1502 4093 1784 4161 penuriam

182 4188 409 4234 nostram
446 4192 727 4253 legamus,
752 4190 844 4237 aut
870 4183 915 4236 si
940 4198 1075 4255 quas
1107 4183 1436 4239 incurrimus
1462 4184 1650 4252 culpas
1675 4200 1786 4253 pue-

182 4268 391 4327 nitendo
428 4289 752 4345 purgemus.
804 4276 998 4331 Totum
1031 4292 1162 4349 ergo
1193 4280 1317 4336 hoc.
1350 4278 1415 4333 de
1453 4288 1543 4332 tuo
1578 4278 1786 4347 judicio

182 4366 420 4432 pendeat.
453 4370 513 4425 Si
560 4367 693 4439 quid
727 4383 862 4426 Sane
892 4382 974 4426 est
1015 4372 1161 4443 quod
1196 4373 1414 4442 placere
1446 4381 1645 4443 poleSf,
1684 4372 1786 4428 hoc

180 4458 242 4513 sit
268 4466 505 4519 auctoris
533 4487 547 4519 ;
585 4478 767 4531 neque
789 4464 935 4519 enim
964 4481 1085 4533 qua:
1114 4467 1238 4521 aliis
1268 4466 1453 4521 labore
1484 4476 1635 4536 parta
1658 4476 1782 4520 sunt

179 4551 442 4625 diripere,
475 4567 534 4613 et
564 4569 771 4613 nostra:
796 4558 941 4613 laudi
970 4559 1249 4629 applicare
1269 4559 1476 4630 justum
1504 4569 1780 4630 putamus.

177 4643 226 4700 Si
250 4663 371 4703 vero
394 4652 505 4704 vim
531 4665 819 4717 sensuum,
844 4652 1020 4706 oratio
1045 4651 1236 4706 inculti
1258 4650 1533 4708 sermonis
1555 4666 1782 4721 exaspe-

176 4750 271 4809 rat,
302 4743 405 4799 hoc
439 4746 529 4801 vel
581 4743 739 4811 ntihi,
774 4745 853 4799 vel
905 4745 987 4814 (ut
1027 4759 1149 4799 cum
1194 4752 1286 4801 tua
1331 4746 1487 4799 venia
1524 4742 1782 4815 dixerim)

175 4831 263 4889 tibi
288 4837 388 4909 ipsi
415 4848 702 4910 reputate,
735 4840 825 4909 qui
857 4854 996 4909 opus
1016 4840 1161 4909 quod
1195 4838 1425 4895 eruditis
1448 4839 1679 4895 deberet
1705 4840 1788 4894 iu-

170 4925 334 5001 jungi,
368 4933 590 5004 expetis
623 4932 693 4987 ab
730 4932 986 4989 indoctis.

176 5070 391 5149 [Lxxvu]
425 5077 487 5134 S.
523 5077 766 5133 Joannes
792 5076 1213 5137 Cuavsos'rouus
1254 5082 1307 5135 in
1346 5080 1567 5148 epistola
1602 5079 1671 5133 ad
1712 5079 1773 5134 S.

238 5166 606 5224 Innocentium
640 5188 828 5242 papam
867 5190 958 5227 an.
989 5173 1125 5239 40!;
1174 5189 1238 5227 ea:
1276 5172 1502 5243 Dialogo
1539 5171 1773 5226 Palladii

238 5261 671 5333 Helcrwpolitani
697 5262 763 5318 ϐ.
797 5274 845 5318 et
881 5264 970 5331 L.,
1012 5266 1075 5320 de
1113 5265 1253 5331 Vita,
1288 5275 1423 5332 etc.,
1455 5265 1517 5321 Β.
1550 5263 1773 5319 Joannis

238 5351 592 5425 Chrysostomi
630 5370 751 5424 cap.
800 5354 858 5423 2,
897 5356 951 5410 in
994 5355 1318 5411 Bibliotheca
1376 5356 1615 5411 Veterum
1661 5355 1771 5410 Pa-

238 5454 394 5513 trum,
420 5460 563 5512 etc.,
595 5448 818 5503 Andrea:
840 5448 1109 5505 Gallandii
1138 5462 1278 5505 tomo
1324 5448 1461 5518 Vlll,
1488 5468 1611 5522 pag.
1631 5450 1770 5517 262;

236 5609 310 5674 (α)
350 5610 408 5665 1η
458 5611 706 5667 editione
751 5612 1103 5669 Benedictioa
1152 5612 1400 5683 Operum
1441 5615 1499 5672 S.
1542 5616 1771 5673 Joannis

172 5676 635 5757 Cbrysostumit}.
666 5693 720 5738 et
748 5683 809 5757 L.
842 5696 992 5741 tnmo
1022 5685 1115 5749 Ill,
1154 5676 1279 5757 pag.
1310 5685 1451 5748 515.
1481 5701 1624 5743 exst.
1657 5690 1772 5745 hate

174 5756 394 5820 epistola
418 5772 434 5821 ;
458 5756 554 5809 sed
588 5772 710 5822 pag.
741 5756 867 5819 5'20,
900 5759 988 5811 uhi
1018 5756 1243 5815 desinit.
1269 5757 1417 5812 nulla
1449 5757 1586 5814 facta
1619 5778 1768 5817 men-

172 5823 311 5902 tione
338 5825 676 5902 aut_Ver.erii
696 5826 1121 5902 ‘Me’diola‘nensis
1152 5838 1250 5902 aut
1286 5826 1577 5885 Chromatii
1604 5833 1770 5902 Aqui-

173 5879 409 5961 leieiisis,
445 5879 528 5955 ita
543 5879 842 5955 summa?
861 5879 1118 5971 (signa?
1152 5879 1309 5968 ante,“
1324 5879 1379 5951 ,τί
1401 5879 1763 5972 ξέιὲἆῷὶὶΓῦὶὶὲ.

1999 583 2057 637 tii
2088 584 2211 638 edit.
2247 582 2591 651 Parisiensis,
2628 587 2731 641 col.
2763 587 2862 643 771
2896 598 2944 642 et
2973 605 3115 661 seqq.

1995 674 2263 732 Pietatem
2286 686 2545 744 vestram,
2569 680 2737 734 etiam
2759 690 3049 752 antequam
3076 682 3287 739 litteras
3307 694 3529 741 nostras

1922 770 2219 840 acciperet.
2268 770 2547 825 audivisse
2589 773 2787 841 opinor
2825 772 2952 843 quid
2997 771 3089 829 hic
3130 789 3263 830 ausa
3307 775 3378 830 sit
3421 775 3531 831 iui-

1920 863 2123 931 quitas.
2160 862 2238 916 Ea
2276 862 2422 918 enim
2469 878 2653 917 rerum
2698 872 2783 919 est
2821 865 3137 936 magnitudo
3174 876 3230 923 et.
3265 870 3527 937 gravitas,

1919 964 1979 1011 ut
2009 956 2156 1011 nulla
2190 954 2363 1011 ferme
2401 957 2552 1013 orbis
2597 972 2725 1028 pars
2763 959 2955 1014 relicta
3001 959 3092 1027 sit,
3142 977 3263 1032 quae
3305 961 3522 1019 tristem

1918 1046 2057 1102 hanc
2089 1048 2409 1119 tragcediam
2462 1064 2571 1103 non
2603 1049 2863 1116 audierit,
2904 1060 3010 1106 etc.
3040 1050 3106 1106 In
3137 1054 3241 1122 [ine
3279 1069 3399 1110 vero
3445 1057 3520 1112 ita

1915 1140 2128 1194 claudit.
2157 1140 2284 1195 llaec
2306 1140 2419 1209 ipsa
2450 1140 2747 1213 (Epistola)
2778 1142 2943 1198 etiam
2971 1145 3173 1216 scripta
3198 1156 3281 1200 est
3311 1146 3378 1201 ad
3409 1146 3520 1203 Ve-

1915 1235 2126 1290 nerium
2178 1233 2495 1306 episcopum
2546 1234 2876 1303 Mediolani,
2928 1248 2985 1292 et
3031 1238 3098 1292 ad
3149 1236 3518 1296 CHROIA'I'IUM

1911 1328 2179 1398 Aquileia:
2209 1329 2553 1397 episc0pum.
2591 1328 2722 1384 Vale
2744 1328 2797 1383 in
2826 1330 3057 1386 Domino
3091 1331 3191 1405 (a).

1909 1418 2041 1475 lusu
2074 1421 2127 1473 in
2158 1420 2383 1484 epistola
2417 1420 2484 1473 ad
2522 1420 2881 1477 (Innountun
2926 1422 3179 1494 Aquileiae
3219 1426 3518 1496 episc0pum

1980 1531 2071 1568 an.
2103 1512 2211 1569 406
2232 1529 2246 1578 ;
2271 1530 2386 1583 qua:
2419 1513 2521 1569 155
2558 1523 2629 1568 est
2658 1514 2794 1568 inter
2826 1514 3001 1583 Opera
3042 1515 3227 1571 Sancti
3273 1517 3517 1574 Doctoria

1982 1605 2048 1661 (ὖ.
2080 1616 2126 1661 et
2167 1605 2232 1660 L.
2278 1606 2525 1661 editionis
2558 1604 2670 1660 BB.
2718 1605 2783 1662 S.
2814 1605 3015 1676 Mauri,
3061 1618 3199 1663 tonio
3225 1608 3324 1677 lll,
3386 1627 3513 1681 pag.

1979 1700 2085 1757 689
2111 1711 2162 1755 et
2192 1717 2301 1771 seq.

1976 1794 2293 1851 Clarissima
2349 1795 2612 1852 ferventis
2665 1805 2772 1853 tua:
2825 1813 2891 1855 ac
2941 1799 3174 1856 sincera:
3225 1800 3514 1859 charitatis

1779 1894 1797 1919 ’
1831 1893 1879 1953 Β
1908 1892 2034 1945 tuba
2077 1889 2142 1945 ad
2183 1905 2285 1946 nos
2325 1905 2497 1961 usque
2532 1906 2730 1946 sonum
2780 1908 2938 1948 suum
2984 1892 3224 1960 diﬁ‘udit,
3256 1910 3512 1966 magnum

1900 1983 2161 2054 quiddam
2190 1999 2254 2038 ac
2284 1983 2602 2040 diutissime
2644 1984 2851 2041 durans
2878 2001 2949 2041 ex
2998 1995 3154 2042 tanto
3184 1987 3399 2043 itineris
3430 1989 3519 2044 in—

1902 2078 2138 2133 tervallo
2186 2079 2439 2147 spirans.
2487 2093 2657 2150 atque
2705 2082 2773 2136 ad
2817 2092 3098 2139 extremos
3139 2099 3309 2155 usque
3348 2093 3513 2141 teme

1900 2170 2040 2225 ﬁnes
2078 2170 2417 2241 pertingens.
2449 2171 2559 2227 Nec
2601 2187 2724 2239 nos,
2772 2172 2898 2229 licet
2943 2174 3145 2245 alioqui
3196 2186 3301 2229 tam
3347 2177 3510 2246 longe

1900 2263 2184 2332 disjuncti,
2216 2264 2395 2318 minus
2426 2278 2587 2335 quam
2622 2264 2658 2319 ii
2685 2264 2779 2335 qui
2822 2263 3053 2331 adsunt,
3088 2264 3515 2321 vehementissi—

1900 2372 2044 2412 mam
2089 2365 2253 2428 atque
2300 2357 2426 2426 igne
2469 2357 2685 2427 plenam
2734 2358 3087 2424 eharitatem,
3124 2360 3507 2430 sinceramque

1898 2460 1954 2506 et
1995 2452 2198 2519 ingenti
2246 2450 2502 2506 libertate
2552 2466 2616 2506 ac
2664 2450 2857 2506 ﬁducia
2907 2452 3184 2521 perfusam
3236 2452 3501 2522 linguam,

1897 2553 2061 2613 atque
2104 2543 2510 2599 adamantinam
2557 2545 2970 2600 contentionem
3008 2545 3359 2616 exploratam
3403 2546 3505 2601 ha-

1897 2637 2110 2694 bemus.
2138 2637 2265 2693 Ideo
2292 2646 2477 2693 vestro
2503 2638 2667 2693 etiam
2691 2648 2989 2707 conspectu
3012 2649 3178 2709 atque
3204 2653 3505 2709 congressu

1897 2731 2003 2789 frui
2035 2748 2367 2804 magnopere
2396 2732 2553 2787 nobis
2586 2733 2639 2787 in
2664 2733 2809 2787 votis
2834 2746 2999 2788 esset.
3025 2734 3293 2800 Quoniam
3320 2746 3508 2792 autem

1898 2825 1952 2880 id
1998 2840 2217 2895 quoque
2261 2824 2417 2880 nobis
2457 2840 2520 2881 ea
2570 2825 2831 2891 solitudo,
2882 2842 2988 2896 qua
3037 2842 3182 2881 nunc
3222 2837 3498 2899 tamquam

1897 2918 2257 2989 compedibus
2285 2918 2525 2974 restriCti
2557 2934 2767 2985 sumus,
2807 2920 3044 2989 eripuit;
3084 2919 3289 2977 idcirco
3327 2921 3505 2977 domi-

1898 3028 2025 3068 num
2084 3028 2265 3068 meum
2323 3012 2843 3068 reverendissimum
2896 3028 2961 3068 ac
3017 3014 3496 3083 religiosissimum

1898 3104 2278 3176 presbyterum
2328 3104 2495 3169 naCIi,
2533 3103 2892 3174 cupiditatem
2939 3114 3184 3160 nostram
3209 3148 3223 3171 ,
3258 3115 3316 3161 ut
3348 3106 3499 3175 licet,

1896 3197 2205 3266 explemus,
2249 3196 2557 3253 scribentes
2604 3207 2659 3251 et
2704 3197 3035 3261 salutantes,
3088 3198 3353 3266 vobisque
3403 3213 3504 3269 pro

1820 3287 1864 3349 C
1895 3308 1962 3349 eo
1992 3292 2197 3358 studio,
2225 3291 2369 3362 quod
2396 3301 2508 3346 toto
2537 3290 2642 3347 hoc
2672 3300 2779 3346 tam
2809 3291 3069 3346 diuturno
3097 3300 3346 3362 tempore
3377 3307 3496 3347 ma-

1891 3401 1995 3456 gna
2026 3400 2149 3442 cum
2180 3384 2349 3439 animi
2371 3384 2727 3440 contentione
2749 3384 3102 3455 praestitistis,
3128 3385 3496 3456 amplissimas

1890 3479 2092 3550 gratias
2121 3488 2364 3550 agentes.
2397 3480 2474 3534 Ac
2502 3494 2598 3534 vos
2632 3494 2890 3550 rogamus
2920 3492 2976 3535 et
3017 3479 3400 3545 obsecramus,
3433 3491 3494 3537 ut

1890 3588 2012 3628 cum
2046 3573 2161 3643 ipse
2190 3581 2522 3637 revertetur,
2554 3572 2885 3645 iusuperque
2912 3574 3106 3640 etiam,
3141 3573 3186 3627 si
3216 3574 3489 3630 tabellarii

1890 3677 2181 3723 occurrant
2233 3669 2322 3738 qui
2379 3669 2445 3722 ad
2502 3667 2643 3723 hanc
2698 3669 3055 3724 solitudinem
3110 3669 3363 3735 veniant,
3422 3669 3492 3725 de

1892 3774 2069 3817 vestra
2102 3762 2414 3817 valetudine
2449 3763 2515 3817 ad
2550 3778 2651 3819 nos
2678 3763 2952 3818 scribatis.
2992 3762 3114 3818 Scis
3143 3763 3289 3817 enim
3318 3778 3493 3834 quan-

1891 3868 1998 3915 tam
2029 3860 2156 3914 hinc
2180 3858 2513 3929 voluptatem
2540 3858 2858 3929 percepturi
2886 3859 3079 3921 simus,
3122 3873 3247 3913 cum
3279 3856 3349 3913 de
3387 3856 3490 3912 ho—

1891 3954 2098 4008 minum
2131 3962 2238 4005 tam
2278 3952 2539 4007 ardenter
2571 3966 2671 4006 nos
2709 3950 3013 4006 amantium
3057 3965 3318 4021 prospera
3352 3950 3500 4005 vale-

1889 4046 2078 4101 tudine
2103 4047 2358 4101 crebrius
2387 4046 2454 4100 ad
2482 4061 2582 4100 nos
2610 4046 2818 4117 aliquid
2848 4046 3130 4101 aﬂeretur.

1891 4140 2140 4213 [Lxxvm]
2174 4142 2442 4196 "ONORIUS
2467 4141 2731 4212 Augustus
2760 4141 2813 4194 in
2838 4138 3080 4211 Epistola
3109 4140 3179 4194 ad
3202 4139 3487 4194 Arcadium

1961 4234 2249 4305 Augustum
2280 4235 2493 4305 fratrem
2521 4250 2608 4286 an.
2639 4232 2779 4297 406;
2810 4248 2873 4285 ea:
2905 4230 3156 4285 Palladio
3189 4230 3485 4303 Helenopo-

1960 4327 2123 4380 litano
2153 4326 2204 4379 in
2239 4325 2463 4393 Dialogo
2492 4325 2558 4378 de
2609 4324 2747 4390 l’ita,
2790 4334 2925 4391 etc.,
2958 4322 3021 4375 Β.
3063 4322 3287 4376 Joannis
3323 4323 3491 4393 Chry-

1959 4421 2170 4475 sostomi
2205 4417 2267 4473 (ἕ.
2320 4430 2365 4472 et
2399 4417 2459 4472 L.
2491 4436 2606 4491 cap.
2642 4418 2698 4481 5,
2726 4419 2815 4488 qui
2865 4426 2995 4471 exat.
3048 4425 3183 4469 tomo
3225 4413 3341 4471 Vlll
3401 4414 3491 4468 Bi-

1959 4511 2224 4568 bliotheca:
2252 4511 2498 4567 Veterum
2521 4511 2765 4577 Patrum,
2791 4525 2925 4577 etc.,
2950 4510 3172 4566 Andreae
3194 4507 3488 4575 Gallundii;

1958 4618 2111 4678 atque
2161 4622 2225 4661 ea:
2281 4605 2530 4676 Epistolis
2582 4605 2932 4660 Romanorum
2976 4602 3297 4673 Pontiﬁcum
3346 4599 3495 4658 Petri

1810 4688 1861 4747 D
1963 4701 2255 4758 Coustantii
2277 4701 2517 4755 editionis
2540 4698 2713 4754 Paris.
2731 4742 2746 4767 ,
2772 4700 2872 4754 col.
2902 4698 3028 4754 806.

1956 4797 2142 4853 Tertio
2163 4795 2275 4866 jam
2300 4795 2481 4850 scribo
2503 4794 2570 4849 ad
2594 4792 3069 4849 mansuetudinem
3094 4802 3265 4859 tuam,
3291 4806 3494 4863 rogans

1883 4898 1941 4944 ut
1970 4904 2091 4960 quae
2131 4904 2201 4944 ex
2243 4895 2531 4958 compacto
2568 4898 2763 4943 contra
2801 4885 3069 4941 Joannem
3100 4884 3496 4941 Constantino-

1884 4983 2184 5053 politanum
2213 4983 2536 5053 episcopum
2580 4991 2734 5053 gesta
2766 4991 2923 5045 sunt,
2969 4980 3336 5036 emendentur
3368 4998 3381 5036 :
3413 4992 3490 5049 et,

1880 5087 1941 5131 ttt
1986 5078 2224 5141 videtur,
2275 5078 2523 5132 nondum
2568 5088 2651 5131 est
2705 5076 3030 5146 perfectum.
3082 5076 3265 5145 Quare
3307 5076 3487 5133 denuo

1879 5169 2072 5238 scripsi
2105 5185 2202 5240 per
2231 5170 2403 5225 hosce
2436 5170 2728 5241 episcopos
2764 5180 2820 5225 et
2850 5170 3222 5243 presbyteros,
3251 5170 3321 5225 de
3357 5186 3490 5242 pace

1879 5261 2274 5325 ecclesiastica,
2305 5278 2401 5331 per
2428 5274 2665 5333 quamet
2702 5273 2947 5317 nostrum
2974 5262 3264 5333 imperium
3296 5277 3485 5332 pacem

1882 5356 2114 5422 obtinet,
2145 5356 2306 5412 valde
2336 5357 2631 5422 sollicitus,
2667 5366 2725 5412 ut
2748 5358 2942 5427 jubere
2975 5357 3220 5426 digneris
3245 5355 3486 5410 Orientis

1884 5452 2177 5522 episcopos
2210 5449 2627 5507 Thessalonica:
2669 5451 2965 5506 convenire
2987 5492 2999 5513 ,
3035 5461 3193 5506 etc...
3224 5448 3486 5517 Quaenam

1876 5618 2080 5672 domine
2110 5619 2531 5672 reverendissime
2560 5628 2607 5672 et
2642 5617 2987 5672 sanctissime.
3018 5611 3361 5669 Prmferendzt
3398 5613 3481 5666 ni-

1876 5690 2171 5744 hilominus
2200 5690 2418 5743 vidi-tur
2448 5690 2600 5758 prior
2629 5690 2870 5744 clausula
2909 5702 3070 5750 quam
3100 5683 3480 5758 exhibet_Pa|-

1872 5762 2082 5837 latlius,
2127 5777 2398 5837 quamque
2433 5754 2666 5837 retinuit
2714 5762 3064 5837 (inustautius
3099 5772 3111 5808 :
3153 5770 3257 5823 qua
3424 5771 3485 5837 re

1873 5833 1995 5909 vide
2018 5825 2608 5909 Constantiumipjurn
2638 5834 2693 5909 i_u
2726 5829 3028 5909 Notatione,
3048 5842 3223 5909 .quam
3252 5825 3480 5895 subiicit

1874 5906 1938 5959 ad
1966 5904 2107 5958 hunc
2137 5905 2316 5961 locum
2344 5898 2585 5959 col.'787
2618 5904 2799 5959 citata:
2830 5898 3118 5955 editionis.-
