  <div class='ocr_page' id='page_1' title='image "/cluster/home/n/w/nwhite01/storage/ocr_20150623/20/hvd.32044015471352/163.png"; bbox 0 0 4056 6340; ppageno 0'>
   <div class='ocr_carea' id='block_1_1' title="bbox 568 319 675 380">
    <p class='ocr_par' dir='ltr' id='par_1_1' title="bbox 568 319 675 380">
     <span class='ocr_line' id='line_1_1' title="bbox 568 319 675 380; baseline -0.009 -1"><span class='ocrx_word' id='word_1_1' title='bbox 568 319 675 380; x_wconf 75' lang='grc'><strong>313</strong></span> 
     </span>
    </p>
   </div>
   <div class='ocr_carea' id='block_1_2' title="bbox 1603 333 3846 413">
    <p class='ocr_par' dir='ltr' id='par_1_2' title="bbox 1603 333 3846 413">
     <span class='ocr_line' id='line_1_2' title="bbox 1603 333 3846 413; baseline 0.011 -25"><span class='ocrx_word' id='word_1_2' title='bbox 1603 333 1659 388; x_wconf 87' lang='lat' dir='ltr'><strong>S.</strong></span> <span class='ocrx_word' id='word_1_3' title='bbox 1702 333 2152 395; x_wconf 66' lang='lat' dir='ltr'><strong>CllllOMATIUS</strong></span> <span class='ocrx_word' id='word_1_4' title='bbox 2192 340 2293 395; x_wconf 87' lang='lat' dir='ltr'><strong>EP.</strong></span> <span class='ocrx_word' id='word_1_5' title='bbox 2338 343 2851 413; x_wconf 66' lang='lat' dir='ltr'><strong>AQUILICIENSIS.</strong></span> <span class='ocrx_word' id='word_1_6' title='bbox 3757 358 3846 413; x_wconf 79' lang='grc'>316</span> 
     </span>
    </p>
   </div>
   <div class='ocr_carea' id='block_1_3' title="bbox 566 441 3851 535">
    <p class='ocr_par' dir='ltr' id='par_1_3' title="bbox 566 441 3851 535">
     <span class='ocr_line' id='line_1_3' title="bbox 566 441 3851 535; baseline 0.011 -43"><span class='ocrx_word' id='word_1_7' title='bbox 566 442 712 499; x_wconf 77' lang='lat' dir='ltr'><strong>eui=u</strong></span> <span class='ocrx_word' id='word_1_8' title='bbox 744 441 811 494; x_wconf 63' lang='lat' dir='ltr'><strong>sit</strong></span> <span class='ocrx_word' id='word_1_9' title='bbox 844 442 1275 501; x_wconf 69' lang='lat' dir='ltr'><strong>Occidentalium</strong></span> <span class='ocrx_word' id='word_1_10' title='bbox 1307 448 1373 501; x_wconf 86' lang='lat' dir='ltr'><strong>dc</strong></span> <span class='ocrx_word' id='word_1_11' title='bbox 1400 448 1609 503; x_wconf 86' lang='lat' dir='ltr'><strong>Joanne</strong></span> <span class='ocrx_word' id='word_1_12' title='bbox 1641 450 1905 521; x_wconf 90' lang='lat' dir='ltr'><strong>episcopo</strong></span> <span class='ocrx_word' id='word_1_13' title='bbox 1937 463 2165 509; x_wconf 86' lang='lat' dir='ltr'><strong>senten-</strong></span> <span class='ocrx_word' id='word_1_14' title='bbox 2194 460 2239 517; x_wconf 78' lang='grc' dir='ltr'><strong>Α</strong></span> <span class='ocrx_word' id='word_1_15' title='bbox 2272 460 2472 525; x_wconf 82' lang='lat' dir='ltr'><strong>clesiae,</strong></span> <span class='ocrx_word' id='word_1_16' title='bbox 2507 462 2560 517; x_wconf 93' lang='lat' dir='ltr'><strong>in</strong></span> <span class='ocrx_word' id='word_1_17' title='bbox 2592 464 2795 529; x_wconf 83' lang='lat' dir='ltr'><strong>libello.</strong></span> <span class='ocrx_word' id='word_1_18' title='bbox 2836 484 2993 535; x_wconf 89' lang='lat' dir='ltr'><strong>quem</strong></span> <span class='ocrx_word' id='word_1_19' title='bbox 3025 470 3090 523; x_wconf 80' lang='lat' dir='ltr'><strong>du</strong></span> <span class='ocrx_word' id='word_1_20' title='bbox 3130 478 3243 524; x_wconf 89' lang='lat' dir='ltr'><strong>octo</strong></span> <span class='ocrx_word' id='word_1_21' title='bbox 3278 470 3692 526; x_wconf 77' lang='lat' dir='ltr'><strong>Beatitudiuibas</strong></span> <span class='ocrx_word' id='word_1_22' title='bbox 3729 476 3851 529; x_wconf 81' lang='lat' dir='ltr'><strong>scri-</strong></span> 
     </span>
    </p>
   </div>
   <div class='ocr_carea' id='block_1_4' title="bbox 569 536 2169 614">
    <p class='ocr_par' dir='ltr' id='par_1_4' title="bbox 569 536 2169 614">
     <span class='ocr_line' id='line_1_4' title="bbox 569 536 2169 614; baseline 0.006 -25"><span class='ocrx_word' id='word_1_23' title='bbox 569 536 642 589; x_wconf 83' lang='lat' dir='ltr'><strong>tia</strong></span> <span class='ocrx_word' id='word_1_24' title='bbox 675 536 756 606; x_wconf 86' lang='lat' dir='ltr'><strong>(ut</strong></span> <span class='ocrx_word' id='word_1_25' title='bbox 807 547 1147 607; x_wconf 88' lang='lat' dir='ltr'><strong>compertum</strong></span> <span class='ocrx_word' id='word_1_26' title='bbox 1194 540 1444 612; x_wconf 74' lang='lat' dir='ltr'><strong>habeas),</strong></span> <span class='ocrx_word' id='word_1_27' title='bbox 1484 558 1551 597; x_wconf 76' lang='lat' dir='ltr'><strong>ex</strong></span> <span class='ocrx_word' id='word_1_28' title='bbox 1598 543 1853 598; x_wconf 83' lang='lat' dir='ltr'><strong>omnibus</strong></span> <span class='ocrx_word' id='word_1_29' title='bbox 1891 544 2169 614; x_wconf 81' lang='lat' dir='ltr'><strong>epistolis,</strong></span> 
     </span>
    </p>
   </div>
   <div class='ocr_carea' id='block_1_5' title="bbox 567 630 2171 707">
    <p class='ocr_par' dir='ltr' id='par_1_5' title="bbox 567 630 2171 707">
     <span class='ocr_line' id='line_1_5' title="bbox 567 630 2171 707; baseline 0.008 -27"><span class='ocrx_word' id='word_1_30' title='bbox 567 645 687 700; x_wconf 70' lang='lat' dir='ltr'><strong>qum</strong></span> <span class='ocrx_word' id='word_1_31' title='bbox 717 630 781 684; x_wconf 89' lang='lat' dir='ltr'><strong>ad</strong></span> <span class='ocrx_word' id='word_1_32' title='bbox 817 647 902 685; x_wconf 90' lang='lat' dir='ltr'><strong>me</strong></span> <span class='ocrx_word' id='word_1_33' title='bbox 947 634 1167 702; x_wconf 79' lang='lat' dir='ltr'><strong>scriptae</strong></span> <span class='ocrx_word' id='word_1_34' title='bbox 1194 643 1345 695; x_wconf 90' lang='lat' dir='ltr'><strong>sunt.</strong></span> <span class='ocrx_word' id='word_1_35' title='bbox 1390 636 1525 688; x_wconf 87' lang='lat' dir='ltr'><strong>duas</strong></span> <span class='ocrx_word' id='word_1_36' title='bbox 1568 635 1773 705; x_wconf 86' lang='lat' dir='ltr'><strong>subjeci</strong></span> <span class='ocrx_word' id='word_1_37' title='bbox 1807 636 1857 689; x_wconf 90' lang='lat' dir='ltr'><strong>id</strong></span> <span class='ocrx_word' id='word_1_38' title='bbox 1888 638 2035 707; x_wconf 90' lang='lat' dir='ltr'><strong>quod</strong></span> <span class='ocrx_word' id='word_1_39' title='bbox 2066 654 2171 692; x_wconf 71' lang='lat' dir='ltr'><strong>ca:-</strong></span> 
     </span>
    </p>
   </div>
   <div class='ocr_carea' id='block_1_6' title="bbox 568 722 2173 794">
    <p class='ocr_par' dir='ltr' id='par_1_6' title="bbox 568 722 2173 794">
     <span class='ocr_line' id='line_1_6' title="bbox 568 722 2173 794; baseline 0.005 -17"><span class='ocrx_word' id='word_1_40' title='bbox 568 730 701 777; x_wconf 77' lang='lat' dir='ltr'><strong>tera:</strong></span> <span class='ocrx_word' id='word_1_41' title='bbox 755 722 1119 787; x_wconf 78' lang='lat' dir='ltr'><strong>continentes,</strong></span> <span class='ocrx_word' id='word_1_42' title='bbox 1184 742 1343 778; x_wconf 84' lang='lat' dir='ltr'><strong>unum</strong></span> <span class='ocrx_word' id='word_1_43' title='bbox 1394 725 1669 793; x_wconf 80' lang='lat' dir='ltr'><strong>Romani,</strong></span> <span class='ocrx_word' id='word_1_44' title='bbox 1725 726 1954 781; x_wconf 83' lang='lat' dir='ltr'><strong>alterum</strong></span> <span class='ocrx_word' id='word_1_45' title='bbox 2009 729 2173 794; x_wconf 82' lang='lat' dir='ltr'><strong>AQUI-</strong></span> 
     </span>
    </p>
   </div>
   <div class='ocr_carea' id='block_1_7' title="bbox 572 816 1242 884">
    <p class='ocr_par' dir='ltr' id='par_1_7' title="bbox 572 816 1242 884">
     <span class='ocr_line' id='line_1_7' title="bbox 572 816 1242 884; baseline 0.007 -19"><span class='ocrx_word' id='word_1_46' title='bbox 572 827 810 867; x_wconf 72' lang='lat' dir='ltr'><strong>LEIENSIS</strong></span> <span class='ocrx_word' id='word_1_47' title='bbox 835 816 1101 884; x_wconf 82' lang='lat' dir='ltr'><strong>episc0pi,</strong></span> <span class='ocrx_word' id='word_1_48' title='bbox 1136 825 1242 871; x_wconf 89' lang='lat' dir='ltr'><strong>etc.</strong></span> 
     </span>
    </p>
   </div>
   <div class='ocr_carea' id='block_1_8' title="bbox 574 903 2174 983">
    <p class='ocr_par' dir='ltr' id='par_1_8' title="bbox 574 903 2174 983">
     <span class='ocr_line' id='line_1_8' title="bbox 574 903 2174 983; baseline 0.008 -24"><span class='ocrx_word' id='word_1_49' title='bbox 574 903 878 962; x_wconf 75' lang='lat' dir='ltr'><strong>PALLADIUS</strong></span> <span class='ocrx_word' id='word_1_50' title='bbox 911 908 1381 981; x_wconf 79' lang='lat' dir='ltr'><strong>Helenopolitanus</strong></span> <span class='ocrx_word' id='word_1_51' title='bbox 1424 912 1477 964; x_wconf 87' lang='lat' dir='ltr'><strong>in</strong></span> <span class='ocrx_word' id='word_1_52' title='bbox 1512 910 1737 983; x_wconf 87' lang='lat' dir='ltr'><strong>Dialogo</strong></span> <span class='ocrx_word' id='word_1_53' title='bbox 1771 912 1834 968; x_wconf 72' lang='grc' dir='ltr'><strong>(ἱ.</strong></span> <span class='ocrx_word' id='word_1_54' title='bbox 1884 924 1931 968; x_wconf 78' lang='lat' dir='ltr'><strong>et</strong></span> <span class='ocrx_word' id='word_1_55' title='bbox 1977 914 2064 983; x_wconf 91' lang='lat' dir='ltr'><strong>L.,</strong></span> <span class='ocrx_word' id='word_1_56' title='bbox 2111 917 2174 972; x_wconf 84' lang='lat' dir='ltr'><strong>de</strong></span> 
     </span>
    </p>
   </div>
   <div class='ocr_carea' id='block_1_9' title="bbox 656 998 2175 1078">
    <p class='ocr_par' dir='ltr' id='par_1_9' title="bbox 656 998 2175 1078">
     <span class='ocr_line' id='line_1_9' title="bbox 656 998 2175 1078; baseline 0.009 -26"><span class='ocrx_word' id='word_1_57' title='bbox 656 998 791 1066; x_wconf 85' lang='lat' dir='ltr'><strong>Vita,</strong></span> <span class='ocrx_word' id='word_1_58' title='bbox 817 1011 949 1067; x_wconf 83' lang='lat' dir='ltr'><strong>ctc.,</strong></span> <span class='ocrx_word' id='word_1_59' title='bbox 984 1003 1119 1056; x_wconf 83' lang='lat' dir='ltr'><strong>beati</strong></span> <span class='ocrx_word' id='word_1_60' title='bbox 1169 1004 1393 1059; x_wconf 84' lang='lat' dir='ltr'><strong>Joannis</strong></span> <span class='ocrx_word' id='word_1_61' title='bbox 1434 1003 1813 1076; x_wconf 81' lang='lat' dir='ltr'><strong>Cltrysostomi,</strong></span> <span class='ocrx_word' id='word_1_62' title='bbox 1845 1024 1967 1078; x_wconf 85' lang='lat' dir='ltr'><strong>cap.</strong></span> <span class='ocrx_word' id='word_1_63' title='bbox 2004 1010 2061 1075; x_wconf 73' lang='grc'>4,</span> <span class='ocrx_word' id='word_1_64' title='bbox 2112 1027 2175 1065; x_wconf 74' lang='lat' dir='ltr'><strong>ea:</strong></span> 
     </span>
    </p>
   </div>
   <div class='ocr_carea' id='block_1_10' title="bbox 648 1092 2168 1167">
    <p class='ocr_par' dir='ltr' id='par_1_10' title="bbox 648 1092 2168 1167">
     <span class='ocr_line' id='line_1_10' title="bbox 648 1092 2168 1167; baseline 0.005 -22"><span class='ocrx_word' id='word_1_65' title='bbox 648 1102 783 1146; x_wconf 88' lang='lat' dir='ltr'><strong>tomo</strong></span> <span class='ocrx_word' id='word_1_66' title='bbox 834 1092 940 1149; x_wconf 86' lang='lat' dir='ltr'><strong>Vlll</strong></span> <span class='ocrx_word' id='word_1_67' title='bbox 989 1094 1324 1151; x_wconf 62' lang='lat' dir='ltr'><strong>Bibliotheca?</strong></span> <span class='ocrx_word' id='word_1_68' title='bbox 1372 1096 1614 1152; x_wconf 82' lang='lat' dir='ltr'><strong>Veterum</strong></span> <span class='ocrx_word' id='word_1_69' title='bbox 1653 1096 1897 1165; x_wconf 88' lang='lat' dir='ltr'><strong>Patrum,</strong></span> <span class='ocrx_word' id='word_1_70' title='bbox 1930 1101 2168 1167; x_wconf 85' lang='lat' dir='ltr'><strong>antiquo-</strong></span> 
     </span>
    </p>
   </div>
   <div class='ocr_carea' id='block_1_11' title="bbox 645 1190 2166 1261">
    <p class='ocr_par' dir='ltr' id='par_1_11' title="bbox 645 1190 2166 1261">
     <span class='ocr_line' id='line_1_11' title="bbox 645 1190 2166 1261; baseline 0.006 -20"><span class='ocrx_word' id='word_1_71' title='bbox 645 1205 858 1258; x_wconf 82' lang='lat' dir='ltr'><strong><em>rumque</em></strong></span> <span class='ocrx_word' id='word_1_72' title='bbox 887 1190 1216 1261; x_wconf 74' lang='lat' dir='ltr'><strong>Scriptorum</strong></span> <span class='ocrx_word' id='word_1_73' title='bbox 1256 1191 1742 1248; x_wconf 81' lang='lat' dir='ltr'><strong>Ecclesiasticorum</strong></span> <span class='ocrx_word' id='word_1_74' title='bbox 1790 1194 2013 1250; x_wconf 71' lang='lat' dir='ltr'><strong>Andrcw</strong></span> <span class='ocrx_word' id='word_1_75' title='bbox 2043 1194 2166 1250; x_wconf 71' lang='lat' dir='ltr'><strong>(ial-</strong></span> 
     </span>
    </p>
   </div>
   <div class='ocr_carea' id='block_1_12' title="bbox 648 1282 1133 1355">
    <p class='ocr_par' dir='ltr' id='par_1_12' title="bbox 648 1282 1133 1355">
     <span class='ocr_line' id='line_1_12' title="bbox 648 1282 1133 1355; baseline 0.014 -21"><span class='ocrx_word' id='word_1_76' title='bbox 648 1282 833 1351; x_wconf 84' lang='lat' dir='ltr'><strong>landii,</strong></span> <span class='ocrx_word' id='word_1_77' title='bbox 857 1300 981 1355; x_wconf 82' lang='lat' dir='ltr'><strong>pag.</strong></span> <span class='ocrx_word' id='word_1_78' title='bbox 1008 1284 1133 1342; x_wconf 68' lang='grc'><strong>⁵268.</strong></span> 
     </span>
    </p>
   </div>
   <div class='ocr_carea' id='block_1_13' title="bbox 644 1379 2169 1453">
    <p class='ocr_par' dir='ltr' id='par_1_13' title="bbox 644 1379 2169 1453">
     <span class='ocr_line' id='line_1_13' title="bbox 644 1379 2169 1453; baseline 0.004 -22"><span class='ocrx_word' id='word_1_79' title='bbox 644 1379 779 1432; x_wconf 89' lang='lat' dir='ltr'><strong>Cum</strong></span> <span class='ocrx_word' id='word_1_80' title='bbox 804 1379 970 1449; x_wconf 92' lang='lat' dir='ltr'><strong>igitur</strong></span> <span class='ocrx_word' id='word_1_81' title='bbox 988 1390 1212 1434; x_wconf 89' lang='lat' dir='ltr'><strong>sanctus</strong></span> <span class='ocrx_word' id='word_1_82' title='bbox 1232 1380 1512 1449; x_wconf 61' lang='lat' dir='ltr'><strong>IEmiIius,</strong></span> <span class='ocrx_word' id='word_1_83' title='bbox 1538 1381 1840 1438; x_wconf 86' lang='lat' dir='ltr'><strong>Beneventi</strong></span> <span class='ocrx_word' id='word_1_84' title='bbox 1861 1383 2169 1453; x_wconf 85' lang='lat' dir='ltr'><strong>episcopus,</strong></span> 
     </span>
    </p>
   </div>
   <div class='ocr_carea' id='block_1_14' title="bbox 574 1470 2173 1541">
    <p class='ocr_par' dir='ltr' id='par_1_14' title="bbox 574 1470 2173 1541">
     <span class='ocr_line' id='line_1_14' title="bbox 574 1470 2173 1541; baseline 0.001 -15"><span class='ocrx_word' id='word_1_85' title='bbox 574 1480 630 1526; x_wconf 89' lang='lat' dir='ltr'><strong>et</strong></span> <span class='ocrx_word' id='word_1_86' title='bbox 654 1470 954 1541; x_wconf 81' lang='lat' dir='ltr'><strong>Cytbcgius</strong></span> <span class='ocrx_word' id='word_1_87' title='bbox 996 1481 1052 1526; x_wconf 91' lang='lat' dir='ltr'><strong>et</strong></span> <span class='ocrx_word' id='word_1_88' title='bbox 1089 1470 1459 1539; x_wconf 86' lang='lat' dir='ltr'><strong>Gaudentius,</strong></span> <span class='ocrx_word' id='word_1_89' title='bbox 1494 1489 1600 1527; x_wconf 91' lang='lat' dir='ltr'><strong>una</strong></span> <span class='ocrx_word' id='word_1_90' title='bbox 1632 1489 1754 1529; x_wconf 89' lang='lat' dir='ltr'><strong>cum</strong></span> <span class='ocrx_word' id='word_1_91' title='bbox 1790 1473 2173 1529; x_wconf 77' lang='lat' dir='ltr'><strong>Valentiniano</strong></span> 
     </span>
    </p>
   </div>
   <div class='ocr_carea' id='block_1_15' title="bbox 572 1565 2172 1635">
    <p class='ocr_par' dir='ltr' id='par_1_15' title="bbox 572 1565 2172 1635">
     <span class='ocr_line' id='line_1_15' title="bbox 572 1565 2172 1635; baseline -0.001 -12"><span class='ocrx_word' id='word_1_92' title='bbox 572 1575 627 1623; x_wconf 86' lang='lat' dir='ltr'><strong>et</strong></span> <span class='ocrx_word' id='word_1_93' title='bbox 651 1565 928 1620; x_wconf 67' lang='lat' dir='ltr'><strong>Boiiil‘acio</strong></span> <span class='ocrx_word' id='word_1_94' title='bbox 948 1567 1308 1635; x_wconf 85' lang='lat' dir='ltr'><strong>presbyteris,</strong></span> <span class='ocrx_word' id='word_1_95' title='bbox 1334 1568 1674 1635; x_wconf 82' lang='lat' dir='ltr'><strong>accepissent</strong></span> <span class='ocrx_word' id='word_1_96' title='bbox 1705 1568 1912 1621; x_wconf 89' lang='lat' dir='ltr'><strong>litteras</strong></span> <span class='ocrx_word' id='word_1_97' title='bbox 1939 1568 2172 1634; x_wconf 88' lang='lat' dir='ltr'><strong>impera-</strong></span> 
     </span>
    </p>
   </div>
   <div class='ocr_carea' id='block_1_16' title="bbox 568 1658 2167 1730">
    <p class='ocr_par' dir='ltr' id='par_1_16' title="bbox 568 1658 2167 1730">
     <span class='ocr_line' id='line_1_16' title="bbox 568 1658 2167 1730; baseline 0.001 -17"><span class='ocrx_word' id='word_1_98' title='bbox 568 1661 705 1713; x_wconf 83' lang='lat' dir='ltr'><strong>toris</strong></span> <span class='ocrx_word' id='word_1_99' title='bbox 736 1658 985 1725; x_wconf 81' lang='lat' dir='ltr'><strong>llouorii,</strong></span> <span class='ocrx_word' id='word_1_100' title='bbox 1018 1658 1345 1723; x_wconf 69' lang='lat' dir='ltr'><strong>lanoceutii,</strong></span> <span class='ocrx_word' id='word_1_101' title='bbox 1389 1670 1441 1713; x_wconf 89' lang='lat' dir='ltr'><strong>et</strong></span> <span class='ocrx_word' id='word_1_102' title='bbox 1474 1660 1732 1715; x_wconf 86' lang='lat' dir='ltr'><strong>[talorum</strong></span> <span class='ocrx_word' id='word_1_103' title='bbox 1763 1660 2167 1730; x_wconf 86' lang='lat' dir='ltr'><strong>episeoporum,</strong></span> 
     </span>
    </p>
   </div>
   <div class='ocr_carea' id='block_1_17' title="bbox 574 1751 2167 1823">
    <p class='ocr_par' dir='ltr' id='par_1_17' title="bbox 574 1751 2167 1823">
     <span class='ocr_line' id='line_1_17' title="bbox 574 1751 2167 1823; baseline -0.001 -15"><span class='ocrx_word' id='word_1_104' title='bbox 574 1751 878 1808; x_wconf 73' lang='lat' dir='ltr'><strong>Cuaounu</strong></span> <span class='ocrx_word' id='word_1_105' title='bbox 921 1752 1327 1823; x_wconf 84' lang='lat' dir='ltr'><strong>Aquileiensis,</strong></span> <span class='ocrx_word' id='word_1_106' title='bbox 1369 1765 1424 1808; x_wconf 89' lang='lat' dir='ltr'><strong>et</strong></span> <span class='ocrx_word' id='word_1_107' title='bbox 1468 1753 1683 1809; x_wconf 73' lang='lat' dir='ltr'><strong>Venerii</strong></span> <span class='ocrx_word' id='word_1_108' title='bbox 1725 1753 2167 1819; x_wconf 73' lang='lat' dir='ltr'><strong>Mediolanensis,</strong></span> 
     </span>
    </p>
   </div>
   <div class='ocr_carea' id='block_1_18' title="bbox 2277 553 3852 635">
    <p class='ocr_par' dir='ltr' id='par_1_18' title="bbox 2277 553 3852 635">
     <span class='ocr_line' id='line_1_18' title="bbox 2277 553 3852 635; baseline 0.01 -28"><span class='ocrx_word' id='word_1_109' title='bbox 2277 553 2399 619; x_wconf 82' lang='lat' dir='ltr'><strong>psit,</strong></span> <span class='ocrx_word' id='word_1_110' title='bbox 2434 555 2505 609; x_wconf 89' lang='lat' dir='ltr'><strong>ita</strong></span> <span class='ocrx_word' id='word_1_111' title='bbox 2539 556 2667 610; x_wconf 87' lang='lat' dir='ltr'><strong>dicit</strong></span> <span class='ocrx_word' id='word_1_112' title='bbox 2702 558 2777 630; x_wconf 90' lang='lat' dir='ltr'><strong>(c)</strong></span> <span class='ocrx_word' id='word_1_113' title='bbox 2810 577 2822 613; x_wconf 91' lang='lat'><strong>:</strong></span> <span class='ocrx_word' id='word_1_114' title='bbox 2858 579 2876 611; x_wconf 75' lang='grc' dir='ltr'><strong>ι</strong></span> <span class='ocrx_word' id='word_1_115' title='bbox 2916 566 2967 615; x_wconf 92' lang='lat' dir='ltr'><strong>In</strong></span> <span class='ocrx_word' id='word_1_116' title='bbox 3014 562 3277 633; x_wconf 89' lang='lat' dir='ltr'><strong>mysterio</strong></span> <span class='ocrx_word' id='word_1_117' title='bbox 3322 565 3465 617; x_wconf 89' lang='lat' dir='ltr'><strong>enim</strong></span> <span class='ocrx_word' id='word_1_118' title='bbox 3515 564 3767 635; x_wconf 88' lang='lat' dir='ltr'><strong>Baptismi</strong></span> <span class='ocrx_word' id='word_1_119' title='bbox 3803 578 3852 623; x_wconf 86' lang='lat' dir='ltr'><strong>et</strong></span> 
     </span>
    </p>
   </div>
   <div class='ocr_carea' id='block_1_19' title="bbox 2276 645 3850 725">
    <p class='ocr_par' dir='ltr' id='par_1_19' title="bbox 2276 645 3850 725">
     <span class='ocr_line' id='line_1_19' title="bbox 2276 645 3850 725; baseline 0.01 -26"><span class='ocrx_word' id='word_1_120' title='bbox 2276 645 2441 701; x_wconf 81' lang='lat' dir='ltr'><strong>Filius</strong></span> <span class='ocrx_word' id='word_1_121' title='bbox 2467 648 2548 719; x_wconf 75' lang='grc' dir='ltr'><strong>(ά)</strong></span> <span class='ocrx_word' id='word_1_122' title='bbox 2579 649 2793 705; x_wconf 89' lang='lat' dir='ltr'><strong>videtur</strong></span> <span class='ocrx_word' id='word_1_123' title='bbox 2822 654 2871 706; x_wconf 93' lang='lat' dir='ltr'><strong>iu</strong></span> <span class='ocrx_word' id='word_1_124' title='bbox 2902 669 3163 723; x_wconf 86' lang='lat' dir='ltr'><strong>corpore;</strong></span> <span class='ocrx_word' id='word_1_125' title='bbox 3197 664 3251 711; x_wconf 89' lang='lat' dir='ltr'><strong>et</strong></span> <span class='ocrx_word' id='word_1_126' title='bbox 3283 656 3517 725; x_wconf 79' lang='lat' dir='ltr'><strong>Spiritus</strong></span> <span class='ocrx_word' id='word_1_127' title='bbox 3556 667 3769 713; x_wconf 82' lang='lat' dir='ltr'><strong>sanctus</strong></span> <span class='ocrx_word' id='word_1_128' title='bbox 3804 659 3850 714; x_wconf 91' lang='lat' dir='ltr'><strong>in</strong></span> 
     </span>
    </p>
   </div>
   <div class='ocr_carea' id='block_1_20' title="bbox 2274 740 3853 813">
    <p class='ocr_par' dir='ltr' id='par_1_20' title="bbox 2274 740 3853 813">
     <span class='ocr_line' id='line_1_20' title="bbox 2274 740 3853 813; baseline 0.009 -19"><span class='ocrx_word' id='word_1_129' title='bbox 2274 740 2455 808; x_wconf 68' lang='lat' dir='ltr'><strong>Specie</strong></span> <span class='ocrx_word' id='word_1_130' title='bbox 2486 743 2751 799; x_wconf 60' lang='lat' dir='ltr'><strong>columba:</strong></span> <span class='ocrx_word' id='word_1_131' title='bbox 2796 746 3107 813; x_wconf 63' lang='lat' dir='ltr'><strong>descendit;</strong></span> <span class='ocrx_word' id='word_1_132' title='bbox 3150 759 3205 804; x_wconf 89' lang='lat' dir='ltr'><strong>et</strong></span> <span class='ocrx_word' id='word_1_133' title='bbox 3254 766 3356 804; x_wconf 82' lang='lat' dir='ltr'><strong>vox</strong></span> <span class='ocrx_word' id='word_1_134' title='bbox 3406 750 3581 804; x_wconf 84' lang='lat' dir='ltr'><strong>l‘atris</strong></span> <span class='ocrx_word' id='word_1_135' title='bbox 3626 751 3690 806; x_wconf 90' lang='lat' dir='ltr'><strong>de</strong></span> <span class='ocrx_word' id='word_1_136' title='bbox 3728 754 3853 809; x_wconf 75' lang='lat' dir='ltr'><strong>coelo</strong></span> 
     </span>
    </p>
   </div>
   <div class='ocr_carea' id='block_1_21' title="bbox 2276 832 3853 909">
    <p class='ocr_par' dir='ltr' id='par_1_21' title="bbox 2276 832 3853 909">
     <span class='ocr_line' id='line_1_21' title="bbox 2276 832 3853 909; baseline 0.011 -25"><span class='ocrx_word' id='word_1_137' title='bbox 2276 832 2513 902; x_wconf 87' lang='lat' dir='ltr'><strong>auditur,</strong></span> <span class='ocrx_word' id='word_1_138' title='bbox 2548 845 2603 888; x_wconf 92' lang='lat' dir='ltr'><strong>ut</strong></span> <span class='ocrx_word' id='word_1_139' title='bbox 2634 836 2914 894; x_wconf 75' lang='lat' dir='ltr'><strong>Trinitatis</strong></span> <span class='ocrx_word' id='word_1_140' title='bbox 2939 841 3117 896; x_wconf 87' lang='lat' dir='ltr'><strong>unitas</strong></span> <span class='ocrx_word' id='word_1_141' title='bbox 3140 841 3469 905; x_wconf 87' lang='lat' dir='ltr'><strong>declaretur.</strong></span> <span class='ocrx_word' id='word_1_142' title='bbox 3501 846 3624 909; x_wconf 83' lang='lat' dir='ltr'><strong>quia</strong></span> <span class='ocrx_word' id='word_1_143' title='bbox 3651 860 3742 899; x_wconf 90' lang='lat' dir='ltr'><strong>nec</strong></span> <span class='ocrx_word' id='word_1_144' title='bbox 3764 846 3853 901; x_wconf 90' lang='lat' dir='ltr'><strong>Pa-</strong></span> 
     </span>
    </p>
   </div>
   <div class='ocr_carea' id='block_1_22' title="bbox 2278 922 3853 1004">
    <p class='ocr_par' dir='ltr' id='par_1_22' title="bbox 2278 922 3853 1004">
     <span class='ocr_line' id='line_1_22' title="bbox 2278 922 3853 1004; baseline 0.01 -28"><span class='ocrx_word' id='word_1_145' title='bbox 2278 932 2359 977; x_wconf 90' lang='lat' dir='ltr'><strong>ter</strong></span> <span class='ocrx_word' id='word_1_146' title='bbox 2386 922 2502 979; x_wconf 87' lang='lat' dir='ltr'><strong>sine</strong></span> <span class='ocrx_word' id='word_1_147' title='bbox 2536 924 2668 980; x_wconf 89' lang='lat' dir='ltr'><strong>Filio</strong></span> <span class='ocrx_word' id='word_1_148' title='bbox 2697 925 2921 999; x_wconf 83' lang='lat' dir='ltr'><strong>intelligi</strong></span> <span class='ocrx_word' id='word_1_149' title='bbox 2952 940 3149 999; x_wconf 84' lang='lat' dir='ltr'><strong>potest,</strong></span> <span class='ocrx_word' id='word_1_150' title='bbox 3179 947 3278 986; x_wconf 90' lang='lat' dir='ltr'><strong>nec</strong></span> <span class='ocrx_word' id='word_1_151' title='bbox 3320 932 3486 987; x_wconf 89' lang='lat' dir='ltr'><strong>Filius</strong></span> <span class='ocrx_word' id='word_1_152' title='bbox 3518 935 3635 989; x_wconf 85' lang='lat' dir='ltr'><strong>sine</strong></span> <span class='ocrx_word' id='word_1_153' title='bbox 3668 936 3853 1004; x_wconf 77' lang='lat' dir='ltr'><strong>Spiritu</strong></span> 
     </span>
    </p>
   </div>
   <div class='ocr_carea' id='block_1_23' title="bbox 2276 1020 3854 1093">
    <p class='ocr_par' dir='ltr' id='par_1_23' title="bbox 2276 1020 3854 1093">
     <span class='ocr_line' id='line_1_23' title="bbox 2276 1020 3854 1093; baseline 0.008 -23"><span class='ocrx_word' id='word_1_154' title='bbox 2276 1026 2465 1071; x_wconf 85' lang='lat' dir='ltr'><strong>sancto</strong></span> <span class='ocrx_word' id='word_1_155' title='bbox 2495 1020 2771 1087; x_wconf 74' lang='lat' dir='ltr'><strong>cognosci.</strong></span> <span class='ocrx_word' id='word_1_156' title='bbox 2808 1020 2942 1076; x_wconf 82' lang='lat' dir='ltr'><strong>Vide</strong></span> <span class='ocrx_word' id='word_1_157' title='bbox 2972 1023 3045 1093; x_wconf 88' lang='lat' dir='ltr'><strong>(e)</strong></span> <span class='ocrx_word' id='word_1_158' title='bbox 3076 1024 3239 1093; x_wconf 83' lang='lat' dir='ltr'><strong>igitur</strong></span> <span class='ocrx_word' id='word_1_159' title='bbox 3266 1027 3427 1093; x_wconf 89' lang='lat' dir='ltr'><strong>quale</strong></span> <span class='ocrx_word' id='word_1_160' title='bbox 3450 1026 3623 1081; x_wconf 86' lang='lat' dir='ltr'><strong>Patris</strong></span> <span class='ocrx_word' id='word_1_161' title='bbox 3645 1028 3709 1083; x_wconf 87' lang='lat' dir='ltr'><strong>de</strong></span> <span class='ocrx_word' id='word_1_162' title='bbox 3732 1028 3854 1083; x_wconf 89' lang='lat' dir='ltr'><strong>Filio</strong></span> 
     </span>
    </p>
   </div>
   <div class='ocr_carea' id='block_1_24' title="bbox 2278 1109 3855 1175">
    <p class='ocr_par' dir='ltr' id='par_1_24' title="bbox 2278 1109 3855 1175">
     <span class='ocr_line' id='line_1_24' title="bbox 2278 1109 3855 1175; baseline 0.01 -14"><span class='ocrx_word' id='word_1_163' title='bbox 2278 1109 2649 1166; x_wconf 83' lang='lat' dir='ltr'><strong>testimonium</strong></span> <span class='ocrx_word' id='word_1_164' title='bbox 2691 1112 2759 1165; x_wconf 80' lang='lat' dir='ltr'><strong>sit</strong></span> <span class='ocrx_word' id='word_1_165' title='bbox 2787 1111 3054 1169; x_wconf 77' lang='lat' dir='ltr'><strong>dicentis:</strong></span> <span class='ocrx_word' id='word_1_166' title='bbox 3094 1114 3194 1169; x_wconf 79' lang='lat' dir='ltr'><strong>llic</strong></span> <span class='ocrx_word' id='word_1_167' title='bbox 3222 1127 3291 1172; x_wconf 85' lang='lat' dir='ltr'><strong>est</strong></span> <span class='ocrx_word' id='word_1_168' title='bbox 3323 1114 3500 1171; x_wconf 86' lang='lat' dir='ltr'><strong>Filius</strong></span> <span class='ocrx_word' id='word_1_169' title='bbox 3540 1135 3698 1174; x_wconf 81' lang='lat' dir='ltr'><strong>meus.</strong></span> <span class='ocrx_word' id='word_1_170' title='bbox 3733 1122 3855 1175; x_wconf 85' lang='lat' dir='ltr'><strong>Suus</strong></span> 
     </span>
    </p>
   </div>
   <div class='ocr_carea' id='block_1_25' title="bbox 2278 1200 3855 1282">
    <p class='ocr_par' dir='ltr' id='par_1_25' title="bbox 2278 1200 3855 1282">
     <span class='ocr_line' id='line_1_25' title="bbox 2278 1200 3855 1282; baseline 0.01 -29"><span class='ocrx_word' id='word_1_171' title='bbox 2278 1200 2461 1271; x_wconf 88' lang='lat' dir='ltr'><strong>utique</strong></span> <span class='ocrx_word' id='word_1_172' title='bbox 2500 1218 2605 1258; x_wconf 92' lang='lat' dir='ltr'><strong>non</strong></span> <span class='ocrx_word' id='word_1_173' title='bbox 2642 1218 2739 1272; x_wconf 90' lang='lat' dir='ltr'><strong>per</strong></span> <span class='ocrx_word' id='word_1_174' title='bbox 2782 1204 3128 1275; x_wconf 85' lang='lat' dir='ltr'><strong>adoptionem</strong></span> <span class='ocrx_word' id='word_1_175' title='bbox 3160 1210 3372 1279; x_wconf 67' lang='lat' dir='ltr'><strong>gratim,</strong></span> <span class='ocrx_word' id='word_1_176' title='bbox 3404 1226 3581 1281; x_wconf 88' lang='lat' dir='ltr'><strong>neque</strong></span> <span class='ocrx_word' id='word_1_177' title='bbox 3624 1227 3715 1282; x_wconf 87' lang='lat' dir='ltr'><strong>per</strong></span> <span class='ocrx_word' id='word_1_178' title='bbox 3742 1215 3855 1269; x_wconf 87' lang='lat' dir='ltr'><strong>reli-</strong></span> 
     </span>
    </p>
   </div>
   <div class='ocr_carea' id='block_1_26' title="bbox 2274 1293 3855 1375">
    <p class='ocr_par' dir='ltr' id='par_1_26' title="bbox 2274 1293 3855 1375">
     <span class='ocr_line' id='line_1_26' title="bbox 2274 1293 3855 1375; baseline 0.009 -28"><span class='ocrx_word' id='word_1_179' title='bbox 2274 1293 2490 1363; x_wconf 90' lang='lat' dir='ltr'><strong>gionem</strong></span> <span class='ocrx_word' id='word_1_180' title='bbox 2532 1304 2817 1361; x_wconf 62' lang='lat' dir='ltr'><strong>creaturae,</strong></span> <span class='ocrx_word' id='word_1_181' title='bbox 2853 1308 2911 1353; x_wconf 93' lang='lat' dir='ltr'><strong>ut</strong></span> <span class='ocrx_word' id='word_1_182' title='bbox 2939 1299 3180 1355; x_wconf 81' lang='lat' dir='ltr'><strong>haeretici</strong></span> <span class='ocrx_word' id='word_1_183' title='bbox 3226 1302 3445 1365; x_wconf 86' lang='lat' dir='ltr'><strong>volunt;</strong></span> <span class='ocrx_word' id='word_1_184' title='bbox 3490 1303 3586 1358; x_wconf 90' lang='lat' dir='ltr'><strong>sed</strong></span> <span class='ocrx_word' id='word_1_185' title='bbox 3632 1304 3711 1359; x_wconf 91' lang='lat' dir='ltr'><strong>sui</strong></span> <span class='ocrx_word' id='word_1_186' title='bbox 3750 1321 3855 1375; x_wconf 89' lang='lat' dir='ltr'><strong>pro-</strong></span> 
     </span>
    </p>
   </div>
   <div class='ocr_carea' id='block_1_27' title="bbox 2279 1386 3851 1457">
    <p class='ocr_par' dir='ltr' id='par_1_27' title="bbox 2279 1386 3851 1457">
     <span class='ocr_line' id='line_1_27' title="bbox 2279 1386 3851 1457; baseline 0.009 -18"><span class='ocrx_word' id='word_1_187' title='bbox 2279 1386 2505 1454; x_wconf 89' lang='lat' dir='ltr'><strong>prietate</strong></span> <span class='ocrx_word' id='word_1_188' title='bbox 2534 1389 2769 1457; x_wconf 81' lang='lat' dir='ltr'><strong>generis.</strong></span> <span class='ocrx_word' id='word_1_189' title='bbox 2796 1399 2848 1444; x_wconf 85' lang='lat' dir='ltr'><strong>et</strong></span> <span class='ocrx_word' id='word_1_190' title='bbox 2876 1391 3111 1449; x_wconf 82' lang='lat' dir='ltr'><strong>veritate</strong></span> <span class='ocrx_word' id='word_1_191' title='bbox 3141 1404 3367 1450; x_wconf 62' lang='lat' dir='ltr'><strong>natura).</strong></span> <span class='ocrx_word' id='word_1_192' title='bbox 3398 1394 3551 1451; x_wconf 82' lang='lat' dir='ltr'><strong>Multi</strong></span> <span class='ocrx_word' id='word_1_193' title='bbox 3578 1398 3717 1451; x_wconf 81' lang='lat' dir='ltr'><strong>enim</strong></span> <span class='ocrx_word' id='word_1_194' title='bbox 3742 1413 3851 1453; x_wconf 88' lang='lat' dir='ltr'><strong>san-</strong></span> 
     </span>
    </p>
   </div>
   <div class='ocr_carea' id='block_1_28' title="bbox 2276 1478 3855 1551">
    <p class='ocr_par' dir='ltr' id='par_1_28' title="bbox 2276 1478 3855 1551">
     <span class='ocr_line' id='line_1_28' title="bbox 2276 1478 3855 1551; baseline 0.009 -21"><span class='ocrx_word' id='word_1_195' title='bbox 2276 1490 2485 1531; x_wconf 88' lang='lat' dir='ltr'><strong>ctorum</strong></span> <span class='ocrx_word' id='word_1_196' title='bbox 2509 1478 2602 1533; x_wconf 86' lang='lat' dir='ltr'><strong>lilii</strong></span> <span class='ocrx_word' id='word_1_197' title='bbox 2629 1479 2721 1535; x_wconf 90' lang='lat' dir='ltr'><strong>Dei</strong></span> <span class='ocrx_word' id='word_1_198' title='bbox 2753 1481 3027 1547; x_wconf 90' lang='lat' dir='ltr'><strong>dicuntur,</strong></span> <span class='ocrx_word' id='word_1_199' title='bbox 3060 1494 3113 1539; x_wconf 91' lang='lat' dir='ltr'><strong>et</strong></span> <span class='ocrx_word' id='word_1_200' title='bbox 3144 1496 3303 1551; x_wconf 85' lang='lat' dir='ltr'><strong>sunt;</strong></span> <span class='ocrx_word' id='word_1_201' title='bbox 3336 1488 3429 1543; x_wconf 91' lang='lat' dir='ltr'><strong>sed</strong></span> <span class='ocrx_word' id='word_1_202' title='bbox 3466 1489 3553 1543; x_wconf 90' lang='lat' dir='ltr'><strong>hic</strong></span> <span class='ocrx_word' id='word_1_203' title='bbox 3592 1490 3706 1544; x_wconf 87' lang='lat' dir='ltr'><strong>sine</strong></span> <span class='ocrx_word' id='word_1_204' title='bbox 3728 1506 3855 1545; x_wconf 87' lang='lat' dir='ltr'><strong>eom-</strong></span> 
     </span>
    </p>
   </div>
   <div class='ocr_carea' id='block_1_29' title="bbox 2278 1570 3855 1650">
    <p class='ocr_par' dir='ltr' id='par_1_29' title="bbox 2278 1570 3855 1650">
     <span class='ocr_line' id='line_1_29' title="bbox 2278 1570 3855 1650; baseline 0.011 -30"><span class='ocrx_word' id='word_1_205' title='bbox 2278 1570 2560 1638; x_wconf 88' lang='lat' dir='ltr'><strong>paratione</strong></span> <span class='ocrx_word' id='word_1_206' title='bbox 2604 1572 2680 1644; x_wconf 75' lang='lat' dir='ltr'><strong>(f)</strong></span> <span class='ocrx_word' id='word_1_207' title='bbox 2718 1589 2855 1629; x_wconf 87' lang='lat' dir='ltr'><strong>unus</strong></span> <span class='ocrx_word' id='word_1_208' title='bbox 2899 1576 3007 1630; x_wconf 86' lang='lat' dir='ltr'><strong>Deo</strong></span> <span class='ocrx_word' id='word_1_209' title='bbox 3054 1576 3197 1633; x_wconf 85' lang='lat' dir='ltr'><strong>Patri</strong></span> <span class='ocrx_word' id='word_1_210' title='bbox 3243 1578 3412 1635; x_wconf 89' lang='lat' dir='ltr'><strong>Filius</strong></span> <span class='ocrx_word' id='word_1_211' title='bbox 3455 1579 3855 1650; x_wconf 64' lang='lat' dir='ltr'><strong>Unigenitus,ct</strong></span> 
     </span>
    </p>
   </div>
   <div class='ocr_carea' id='block_1_30' title="bbox 2281 1668 3852 1741">
    <p class='ocr_par' dir='ltr' id='par_1_30' title="bbox 2281 1668 3852 1741">
     <span class='ocr_line' id='line_1_30' title="bbox 2281 1668 3852 1741; baseline 0.008 -24"><span class='ocrx_word' id='word_1_212' title='bbox 2281 1679 2438 1718; x_wconf 86' lang='lat' dir='ltr'><strong>verus</strong></span> <span class='ocrx_word' id='word_1_213' title='bbox 2466 1676 2521 1719; x_wconf 87' lang='lat' dir='ltr'><strong>et</strong></span> <span class='ocrx_word' id='word_1_214' title='bbox 2550 1668 2823 1736; x_wconf 86' lang='lat' dir='ltr'><strong>proprius,</strong></span> <span class='ocrx_word' id='word_1_215' title='bbox 2861 1684 2965 1722; x_wconf 90' lang='lat' dir='ltr'><strong>non</strong></span> <span class='ocrx_word' id='word_1_216' title='bbox 2994 1669 3211 1725; x_wconf 88' lang='lat' dir='ltr'><strong>aliunde</strong></span> <span class='ocrx_word' id='word_1_217' title='bbox 3234 1686 3394 1741; x_wconf 88' lang='lat' dir='ltr'><strong>quam</strong></span> <span class='ocrx_word' id='word_1_218' title='bbox 3424 1673 3491 1725; x_wconf 87' lang='lat' dir='ltr'><strong>de</strong></span> <span class='ocrx_word' id='word_1_219' title='bbox 3514 1670 3671 1728; x_wconf 77' lang='lat' dir='ltr'><strong>Patre</strong></span> <span class='ocrx_word' id='word_1_220' title='bbox 3697 1683 3852 1740; x_wconf 84' lang='lat' dir='ltr'><strong>natus;</strong></span> 
     </span>
    </p>
   </div>
   <div class='ocr_carea' id='block_1_31' title="bbox 2277 1759 3859 1835">
    <p class='ocr_par' dir='ltr' id='par_1_31' title="bbox 2277 1759 3859 1835">
     <span class='ocr_line' id='line_1_31' title="bbox 2277 1759 3859 1835; baseline 0.008 -24"><span class='ocrx_word' id='word_1_221' title='bbox 2277 1759 2402 1826; x_wconf 87' lang='lat' dir='ltr'><strong>quia</strong></span> <span class='ocrx_word' id='word_1_222' title='bbox 2435 1767 2541 1813; x_wconf 90' lang='lat' dir='ltr'><strong>tam</strong></span> <span class='ocrx_word' id='word_1_223' title='bbox 2573 1778 2729 1815; x_wconf 90' lang='lat' dir='ltr'><strong>verus</strong></span> <span class='ocrx_word' id='word_1_224' title='bbox 2759 1762 2921 1818; x_wconf 85' lang='lat' dir='ltr'><strong>Pater</strong></span> <span class='ocrx_word' id='word_1_225' title='bbox 2956 1765 3113 1818; x_wconf 83' lang='lat' dir='ltr'><strong>l‘ater</strong></span> <span class='ocrx_word' id='word_1_226' title='bbox 3139 1776 3243 1832; x_wconf 90' lang='lat' dir='ltr'><strong>est,</strong></span> <span class='ocrx_word' id='word_1_227' title='bbox 3273 1782 3434 1835; x_wconf 91' lang='lat' dir='ltr'><strong>quam</strong></span> <span class='ocrx_word' id='word_1_228' title='bbox 3466 1784 3627 1822; x_wconf 86' lang='lat' dir='ltr'><strong>verus</strong></span> <span class='ocrx_word' id='word_1_229' title='bbox 3652 1779 3703 1823; x_wconf 90' lang='lat' dir='ltr'><strong>ct</strong></span> <span class='ocrx_word' id='word_1_230' title='bbox 3737 1770 3859 1824; x_wconf 87' lang='lat' dir='ltr'><strong>Deus</strong></span> 
     </span>
    </p>
   </div>
   <div class='ocr_carea' id='block_1_32' title="bbox 572 1845 3853 1933">
    <p class='ocr_par' dir='ltr' id='par_1_32' title="bbox 572 1845 3853 1933">
     <span class='ocr_line' id='line_1_32' title="bbox 572 1845 3853 1933; baseline 0.005 -34"><span class='ocrx_word' id='word_1_231' title='bbox 572 1855 737 1914; x_wconf 19' lang='lat' dir='ltr'><strong>at‘pie</strong></span> <span class='ocrx_word' id='word_1_232' title='bbox 760 1845 1015 1909; x_wconf 87' lang='lat' dir='ltr'><strong>aliorum,</strong></span> <span class='ocrx_word' id='word_1_233' title='bbox 1042 1862 1251 1901; x_wconf 88' lang='lat' dir='ltr'><strong>necnon</strong></span> <span class='ocrx_word' id='word_1_234' title='bbox 1275 1850 1755 1903; x_wconf 82' lang='lat' dir='ltr'><strong>commonitorium</strong></span> <span class='ocrx_word' id='word_1_235' title='bbox 1780 1847 1986 1919; x_wconf 85' lang='lat' dir='ltr'><strong>Synodi</strong></span> <span class='ocrx_word' id='word_1_236' title='bbox 2012 1850 2174 1902; x_wconf 85' lang='lat' dir='ltr'><strong>tetius</strong></span> <span class='ocrx_word' id='word_1_237' title='bbox 2206 1849 2251 1908; x_wconf 88' lang='grc' dir='ltr'>Β</span> <span class='ocrx_word' id='word_1_238' title='bbox 2279 1862 2394 1915; x_wconf 90' lang='lat' dir='ltr'><strong>est;</strong></span> <span class='ocrx_word' id='word_1_239' title='bbox 2428 1852 2585 1906; x_wconf 89' lang='lat' dir='ltr'><strong>sicuti</strong></span> <span class='ocrx_word' id='word_1_240' title='bbox 2618 1855 2782 1907; x_wconf 88' lang='lat' dir='ltr'><strong>etiam</strong></span> <span class='ocrx_word' id='word_1_241' title='bbox 2816 1854 2892 1926; x_wconf 89' lang='lat' dir='ltr'><strong>(g)</strong></span> <span class='ocrx_word' id='word_1_242' title='bbox 2923 1871 3081 1911; x_wconf 89' lang='lat' dir='ltr'><strong>verus</strong></span> <span class='ocrx_word' id='word_1_243' title='bbox 3110 1857 3283 1913; x_wconf 86' lang='lat' dir='ltr'><strong>Filius</strong></span> <span class='ocrx_word' id='word_1_244' title='bbox 3318 1859 3537 1931; x_wconf 91' lang='lat' dir='ltr'><strong>(Filius)</strong></span> <span class='ocrx_word' id='word_1_245' title='bbox 3576 1869 3675 1926; x_wconf 88' lang='lat' dir='ltr'><strong>est,</strong></span> <span class='ocrx_word' id='word_1_246' title='bbox 3714 1878 3853 1933; x_wconf 83' lang='lat' dir='ltr'><strong>quam</strong></span> 
     </span>
    </p>
   </div>
   <div class='ocr_carea' id='block_1_33' title="bbox 576 1940 2171 2010">
    <p class='ocr_par' dir='ltr' id='par_1_33' title="bbox 576 1940 2171 2010">
     <span class='ocr_line' id='line_1_33' title="bbox 576 1940 2171 2010; baseline 0 -16"><span class='ocrx_word' id='word_1_247' title='bbox 576 1940 935 2004; x_wconf 81' lang='lat' dir='ltr'><strong>Occidentis,</strong></span> <span class='ocrx_word' id='word_1_248' title='bbox 1003 1940 1217 2010; x_wconf 77' lang='lat' dir='ltr'><strong>publica</strong></span> <span class='ocrx_word' id='word_1_249' title='bbox 1286 1941 1576 1995; x_wconf 87' lang='lat' dir='ltr'><strong>evectione</strong></span> <span class='ocrx_word' id='word_1_250' title='bbox 1637 1940 2171 2010; x_wconf 82' lang='lat' dir='ltr'><strong>ConstantinOpulim</strong></span> 
     </span>
    </p>
   </div>
   <div class='ocr_carea' id='block_1_34' title="bbox 576 2032 2171 2103">
    <p class='ocr_par' dir='ltr' id='par_1_34' title="bbox 576 2032 2171 2103">
     <span class='ocr_line' id='line_1_34' title="bbox 576 2032 2171 2103; baseline -0.001 -16"><span class='ocrx_word' id='word_1_251' title='bbox 576 2032 807 2103; x_wconf 66' lang='lat' dir='ltr'><strong>profccﬁ</strong></span> <span class='ocrx_word' id='word_1_252' title='bbox 848 2042 973 2086; x_wconf 90' lang='lat' dir='ltr'><strong>sunt</strong></span> <span class='ocrx_word' id='word_1_253' title='bbox 1014 2049 1137 2087; x_wconf 86' lang='lat' dir='ltr'><strong>cum</strong></span> <span class='ocrx_word' id='word_1_254' title='bbox 1180 2032 1436 2103; x_wconf 83' lang='lat' dir='ltr'><strong>Cyriaco,</strong></span> <span class='ocrx_word' id='word_1_255' title='bbox 1484 2032 1782 2095; x_wconf 83' lang='lat' dir='ltr'><strong>Demetrio,</strong></span> <span class='ocrx_word' id='word_1_256' title='bbox 1831 2032 2075 2086; x_wconf 80' lang='lat' dir='ltr'><strong>Palladio</strong></span> <span class='ocrx_word' id='word_1_257' title='bbox 2117 2043 2171 2085; x_wconf 86' lang='lat' dir='ltr'><strong>et</strong></span> 
     </span>
    </p>
   </div>
   <div class='ocr_carea' id='block_1_35' title="bbox 576 2127 1128 2198">
    <p class='ocr_par' dir='ltr' id='par_1_35' title="bbox 576 2127 1128 2198">
     <span class='ocr_line' id='line_1_35' title="bbox 576 2127 1128 2198; baseline -0.004 -17"><span class='ocrx_word' id='word_1_258' title='bbox 576 2127 802 2198; x_wconf 72' lang='lat' dir='ltr'><strong>Eulysio</strong></span> <span class='ocrx_word' id='word_1_259' title='bbox 832 2128 1128 2195; x_wconf 69' lang='lat' dir='ltr'><strong>episcotiis.</strong></span> 
     </span>
    </p>
   </div>
   <div class='ocr_carea' id='block_1_36' title="bbox 579 2218 2169 2285">
    <p class='ocr_par' dir='ltr' id='par_1_36' title="bbox 579 2218 2169 2285">
     <span class='ocr_line' id='line_1_36' title="bbox 579 2218 2169 2285; baseline -0.003 -10"><span class='ocrx_word' id='word_1_260' title='bbox 579 2219 965 2277; x_wconf 61' lang='lat' dir='ltr'><strong>Cassronomus</strong></span> <span class='ocrx_word' id='word_1_261' title='bbox 992 2221 1057 2273; x_wconf 84' lang='lat' dir='ltr'><strong>de</strong></span> <span class='ocrx_word' id='word_1_262' title='bbox 1106 2220 1444 2275; x_wconf 71' lang='lat' dir='ltr'><strong>Institutione</strong></span> <span class='ocrx_word' id='word_1_263' title='bbox 1484 2221 1774 2275; x_wconf 85' lang='lat' dir='ltr'><strong>divinarum</strong></span> <span class='ocrx_word' id='word_1_264' title='bbox 1816 2218 2169 2285; x_wconf 87' lang='lat' dir='ltr'><strong>Litterarum,</strong></span> 
     </span>
    </p>
   </div>
   <div class='ocr_carea' id='block_1_37' title="bbox 650 2313 2169 2387">
    <p class='ocr_par' dir='ltr' id='par_1_37' title="bbox 650 2313 2169 2387">
     <span class='ocr_line' id='line_1_37' title="bbox 650 2313 2169 2387; baseline -0.001 -19"><span class='ocrx_word' id='word_1_265' title='bbox 650 2332 765 2386; x_wconf 86' lang='lat' dir='ltr'><strong>cap.</strong></span> <span class='ocrx_word' id='word_1_266' title='bbox 790 2315 861 2369; x_wconf 75' lang='lat'><strong>52</strong></span> <span class='ocrx_word' id='word_1_267' title='bbox 891 2332 902 2368; x_wconf 84' lang='lat'>:</span> <span class='ocrx_word' id='word_1_268' title='bbox 933 2331 996 2369; x_wconf 82' lang='lat' dir='ltr'><strong>ea:</strong></span> <span class='ocrx_word' id='word_1_269' title='bbox 1022 2315 1167 2368; x_wconf 87' lang='lat' dir='ltr'><strong>illius</strong></span> <span class='ocrx_word' id='word_1_270' title='bbox 1197 2314 1331 2386; x_wconf 83' lang='lat' dir='ltr'><strong>Opp.</strong></span> <span class='ocrx_word' id='word_1_271' title='bbox 1358 2315 1583 2368; x_wconf 80' lang='lat' dir='ltr'><strong>editione</strong></span> <span class='ocrx_word' id='word_1_272' title='bbox 1606 2314 1971 2387; x_wconf 60' lang='lat' dir='ltr'><strong>Rotomagtmi</strong></span> <span class='ocrx_word' id='word_1_273' title='bbox 2012 2313 2169 2378; x_wconf 83' lang='grc'>1679,</span> 
     </span>
    </p>
   </div>
   <div class='ocr_carea' id='block_1_38' title="bbox 648 2404 2173 2480">
    <p class='ocr_par' dir='ltr' id='par_1_38' title="bbox 648 2404 2173 2480">
     <span class='ocr_line' id='line_1_38' title="bbox 648 2404 2173 2480; baseline -0.003 -17"><span class='ocrx_word' id='word_1_274' title='bbox 648 2409 823 2463; x_wconf 73' lang='lat' dir='ltr'><strong>studio</strong></span> <span class='ocrx_word' id='word_1_275' title='bbox 874 2406 929 2463; x_wconf 77' lang='grc' dir='ltr'><strong>Ι.</strong></span> <span class='ocrx_word' id='word_1_276' title='bbox 988 2407 1185 2462; x_wconf 80' lang='lat' dir='ltr'><strong>Garetii</strong></span> <span class='ocrx_word' id='word_1_277' title='bbox 1238 2408 1393 2463; x_wconf 73' lang='lat'><strong>0.8.</strong></span> <span class='ocrx_word' id='word_1_278' title='bbox 1426 2407 1488 2461; x_wconf 84' lang='grc' dir='ltr'><strong>Β.</strong></span> <span class='ocrx_word' id='word_1_279' title='bbox 1552 2425 1577 2461; x_wconf 82' lang='grc' dir='ltr'><em>ε</em></span> <span class='ocrx_word' id='word_1_280' title='bbox 1632 2406 1821 2480; x_wconf 71' lang='grc' dir='ltr'><strong>(ἱοηθν.</strong></span> <span class='ocrx_word' id='word_1_281' title='bbox 1872 2406 1935 2461; x_wconf 88' lang='lat' dir='ltr'><strong>S.</strong></span> <span class='ocrx_word' id='word_1_282' title='bbox 1998 2404 2173 2459; x_wconf 77' lang='lat' dir='ltr'><strong>Mauri</strong></span> 
     </span>
    </p>
   </div>
   <div class='ocr_carea' id='block_1_39' title="bbox 650 2500 1186 2575">
    <p class='ocr_par' dir='ltr' id='par_1_39' title="bbox 650 2500 1186 2575">
     <span class='ocr_line' id='line_1_39' title="bbox 650 2500 1186 2575; baseline -0.006 -16"><span class='ocrx_word' id='word_1_283' title='bbox 650 2515 787 2560; x_wconf 90' lang='lat' dir='ltr'><strong>tomo</strong></span> <span class='ocrx_word' id='word_1_284' title='bbox 818 2503 883 2567; x_wconf 86' lang='lat' dir='ltr'><strong>ll,</strong></span> <span class='ocrx_word' id='word_1_285' title='bbox 907 2519 1027 2575; x_wconf 82' lang='lat' dir='ltr'><strong>pag.</strong></span> <span class='ocrx_word' id='word_1_286' title='bbox 1059 2500 1186 2558; x_wconf 82' lang='lat'><strong>556.</strong></span> 
     </span>
    </p>
   </div>
   <div class='ocr_carea' id='block_1_40' title="bbox 648 2596 2170 2669">
    <p class='ocr_par' dir='ltr' id='par_1_40' title="bbox 648 2596 2170 2669">
     <span class='ocr_line' id='line_1_40' title="bbox 648 2596 2170 2669; baseline 0.001 -20"><span class='ocrx_word' id='word_1_287' title='bbox 648 2596 989 2665; x_wconf 85' lang='lat' dir='ltr'><strong>Quapropter</strong></span> <span class='ocrx_word' id='word_1_288' title='bbox 1047 2596 1425 2651; x_wconf 86' lang='lat' dir='ltr'><strong>desideranter</strong></span> <span class='ocrx_word' id='word_1_289' title='bbox 1476 2597 1699 2651; x_wconf 89' lang='lat' dir='ltr'><strong>introite</strong></span> <span class='ocrx_word' id='word_1_290' title='bbox 1745 2597 2004 2669; x_wconf 86' lang='lat' dir='ltr'><strong>mysteria</strong></span> <span class='ocrx_word' id='word_1_291' title='bbox 2065 2598 2170 2651; x_wconf 83' lang='lat' dir='ltr'><strong>Do-</strong></span> 
     </span>
    </p>
   </div>
   <div class='ocr_carea' id='block_1_41' title="bbox 578 2690 2173 2761">
    <p class='ocr_par' dir='ltr' id='par_1_41' title="bbox 578 2690 2173 2761">
     <span class='ocr_line' id='line_1_41' title="bbox 578 2690 2173 2761; baseline -0.001 -13"><span class='ocrx_word' id='word_1_292' title='bbox 578 2692 738 2753; x_wconf 88' lang='lat' dir='ltr'><strong>mini,</strong></span> <span class='ocrx_word' id='word_1_293' title='bbox 792 2700 849 2745; x_wconf 92' lang='lat' dir='ltr'><strong>ut</strong></span> <span class='ocrx_word' id='word_1_294' title='bbox 894 2690 1252 2760; x_wconf 86' lang='lat' dir='ltr'><strong>sequentibus</strong></span> <span class='ocrx_word' id='word_1_295' title='bbox 1301 2691 1402 2746; x_wconf 89' lang='lat' dir='ltr'><strong>iter</strong></span> <span class='ocrx_word' id='word_1_296' title='bbox 1446 2691 1691 2746; x_wconf 86' lang='lat' dir='ltr'><strong>iudicare</strong></span> <span class='ocrx_word' id='word_1_297' title='bbox 1741 2693 1961 2761; x_wconf 73' lang='lat' dir='ltr'><strong>possitis</strong></span> <span class='ocrx_word' id='word_1_298' title='bbox 1996 2709 2008 2745; x_wconf 85' lang='lat'>:</span> <span class='ocrx_word' id='word_1_299' title='bbox 2048 2692 2173 2761; x_wconf 85' lang='lat' dir='ltr'><strong>quia</strong></span> 
     </span>
    </p>
   </div>
   <div class='ocr_carea' id='block_1_42' title="bbox 579 2783 2167 2856">
    <p class='ocr_par' dir='ltr' id='par_1_42' title="bbox 579 2783 2167 2856">
     <span class='ocr_line' id='line_1_42' title="bbox 579 2783 2167 2856; baseline 0.001 -20"><span class='ocrx_word' id='word_1_300' title='bbox 579 2798 789 2853; x_wconf 77' lang='lat' dir='ltr'><strong>magnae</strong></span> <span class='ocrx_word' id='word_1_301' title='bbox 818 2783 1169 2838; x_wconf 62' lang='lat' dir='ltr'><strong>verecundia:</strong></span> <span class='ocrx_word' id='word_1_302' title='bbox 1212 2784 1423 2853; x_wconf 89' lang='lat' dir='ltr'><strong>pondus</strong></span> <span class='ocrx_word' id='word_1_303' title='bbox 1453 2796 1535 2839; x_wconf 91' lang='lat' dir='ltr'><strong>est</strong></span> <span class='ocrx_word' id='word_1_304' title='bbox 1574 2785 1773 2840; x_wconf 87' lang='lat' dir='ltr'><strong>habere</strong></span> <span class='ocrx_word' id='word_1_305' title='bbox 1809 2785 1953 2855; x_wconf 92' lang='lat' dir='ltr'><strong>quod</strong></span> <span class='ocrx_word' id='word_1_306' title='bbox 1998 2786 2167 2856; x_wconf 80' lang='lat' dir='ltr'><strong>legas,</strong></span> 
     </span>
    </p>
   </div>
   <div class='ocr_carea' id='block_1_43' title="bbox 575 2877 2175 2947">
    <p class='ocr_par' dir='ltr' id='par_1_43' title="bbox 575 2877 2175 2947">
     <span class='ocr_line' id='line_1_43' title="bbox 575 2877 2175 2947; baseline 0.001 -15"><span class='ocrx_word' id='word_1_307' title='bbox 575 2886 631 2932; x_wconf 90' lang='lat' dir='ltr'><strong>et</strong></span> <span class='ocrx_word' id='word_1_308' title='bbox 656 2878 914 2947; x_wconf 83' lang='lat' dir='ltr'><strong>ignorare</strong></span> <span class='ocrx_word' id='word_1_309' title='bbox 945 2879 1084 2946; x_wconf 92' lang='lat' dir='ltr'><strong>quod</strong></span> <span class='ocrx_word' id='word_1_310' title='bbox 1115 2878 1333 2933; x_wconf 82' lang='lat' dir='ltr'><strong>doceas.</strong></span> <span class='ocrx_word' id='word_1_311' title='bbox 1362 2879 1423 2933; x_wconf 85' lang='lat' dir='ltr'><strong>Et</strong></span> <span class='ocrx_word' id='word_1_312' title='bbox 1453 2879 1574 2933; x_wconf 84' lang='lat' dir='ltr'><strong>ideo</strong></span> <span class='ocrx_word' id='word_1_313' title='bbox 1597 2877 1796 2933; x_wconf 66' lang='lat' dir='ltr'><strong>futura:</strong></span> <span class='ocrx_word' id='word_1_314' title='bbox 1820 2878 2175 2933; x_wconf 85' lang='lat' dir='ltr'><strong>beatitudinis</strong></span> 
     </span>
    </p>
   </div>
   <div class='ocr_carea' id='block_1_44' title="bbox 577 2970 2171 3040">
    <p class='ocr_par' dir='ltr' id='par_1_44' title="bbox 577 2970 2171 3040">
     <span class='ocr_line' id='line_1_44' title="bbox 577 2970 2171 3040; baseline -0.001 -15"><span class='ocrx_word' id='word_1_315' title='bbox 577 2985 873 3036; x_wconf 77' lang='lat' dir='ltr'><strong>memores,</strong></span> <span class='ocrx_word' id='word_1_316' title='bbox 906 2971 1042 3025; x_wconf 84' lang='lat' dir='ltr'><strong>vitas</strong></span> <span class='ocrx_word' id='word_1_317' title='bbox 1075 2970 1317 3033; x_wconf 84' lang='lat' dir='ltr'><strong>Patrum,</strong></span> <span class='ocrx_word' id='word_1_318' title='bbox 1347 2971 1719 3027; x_wconf 83' lang='lat' dir='ltr'><strong>confessiones</strong></span> <span class='ocrx_word' id='word_1_319' title='bbox 1748 2970 2012 3036; x_wconf 91' lang='lat' dir='ltr'><strong>ﬁdelium,</strong></span> <span class='ocrx_word' id='word_1_320' title='bbox 2048 2985 2171 3040; x_wconf 85' lang='lat' dir='ltr'><strong>pas-</strong></span> 
     </span>
    </p>
   </div>
   <div class='ocr_carea' id='block_1_45' title="bbox 573 3061 2173 3134">
    <p class='ocr_par' dir='ltr' id='par_1_45' title="bbox 573 3061 2173 3134">
     <span class='ocr_line' id='line_1_45' title="bbox 573 3061 2173 3134; baseline 0.003 -19"><span class='ocrx_word' id='word_1_321' title='bbox 573 3065 757 3121; x_wconf 84' lang='lat' dir='ltr'><strong>siones</strong></span> <span class='ocrx_word' id='word_1_322' title='bbox 786 3074 1085 3134; x_wconf 84' lang='lat' dir='ltr'><strong>martyrum</strong></span> <span class='ocrx_word' id='word_1_323' title='bbox 1121 3061 1332 3134; x_wconf 79' lang='lat' dir='ltr'><strong>[uxrx]</strong></span> <span class='ocrx_word' id='word_1_324' title='bbox 1364 3062 1523 3133; x_wconf 86' lang='lat' dir='ltr'><strong>legite</strong></span> <span class='ocrx_word' id='word_1_325' title='bbox 1554 3074 1869 3118; x_wconf 74' lang='lat' dir='ltr'><strong>constanter</strong></span> <span class='ocrx_word' id='word_1_326' title='bbox 1898 3070 2057 3134; x_wconf 85' lang='lat' dir='ltr'><strong>(quas</strong></span> <span class='ocrx_word' id='word_1_327' title='bbox 2091 3063 2173 3119; x_wconf 88' lang='lat' dir='ltr'><strong>in-</strong></span> 
     </span>
    </p>
   </div>
   <div class='ocr_carea' id='block_1_46' title="bbox 570 3156 2173 3227">
    <p class='ocr_par' dir='ltr' id='par_1_46' title="bbox 570 3156 2173 3227">
     <span class='ocr_line' id='line_1_46' title="bbox 570 3156 2173 3227; baseline 0.001 -17"><span class='ocrx_word' id='word_1_328' title='bbox 570 3163 652 3210; x_wconf 87' lang='lat' dir='ltr'><strong>ter</strong></span> <span class='ocrx_word' id='word_1_329' title='bbox 674 3157 776 3209; x_wconf 88' lang='lat' dir='ltr'><strong>alia</strong></span> <span class='ocrx_word' id='word_1_330' title='bbox 806 3156 857 3209; x_wconf 93' lang='lat' dir='ltr'><strong>in</strong></span> <span class='ocrx_word' id='word_1_331' title='bbox 891 3158 968 3225; x_wconf 89' lang='lat' dir='ltr'><strong>(a)</strong></span> <span class='ocrx_word' id='word_1_332' title='bbox 1002 3157 1231 3224; x_wconf 67' lang='lat' dir='ltr'><strong>cpistola</strong></span> <span class='ocrx_word' id='word_1_333' title='bbox 1262 3159 1434 3210; x_wconf 91' lang='lat' dir='ltr'><strong>sancti</strong></span> <span class='ocrx_word' id='word_1_334' title='bbox 1469 3156 1784 3227; x_wconf 82' lang='lat' dir='ltr'><strong>Hieronymi</strong></span> <span class='ocrx_word' id='word_1_335' title='bbox 1810 3156 1877 3211; x_wconf 90' lang='lat' dir='ltr'><strong>ad</strong></span> <span class='ocrx_word' id='word_1_336' title='bbox 1917 3157 2173 3213; x_wconf 68' lang='lat' dir='ltr'><strong>Canon-</strong></span> 
     </span>
    </p>
   </div>
   <div class='ocr_carea' id='block_1_47' title="bbox 575 3235 2247 3325">
    <p class='ocr_par' dir='ltr' id='par_1_47' title="bbox 575 3235 2247 3325">
     <span class='ocr_line' id='line_1_47' title="bbox 575 3235 2247 3325; baseline 0 -17"><span class='ocrx_word' id='word_1_337' title='bbox 575 3270 702 3308; x_wconf 80' lang='grc' dir='ltr'>τιυιι</span> <span class='ocrx_word' id='word_1_338' title='bbox 749 3263 805 3309; x_wconf 90' lang='lat' dir='ltr'><strong>et</strong></span> <span class='ocrx_word' id='word_1_339' title='bbox 846 3253 1199 3309; x_wconf 84' lang='lat' dir='ltr'><strong>Heliodorum</strong></span> <span class='ocrx_word' id='word_1_340' title='bbox 1228 3253 1523 3317; x_wconf 88' lang='lat' dir='ltr'><strong>destinata,</strong></span> <span class='ocrx_word' id='word_1_341' title='bbox 1567 3254 1756 3322; x_wconf 88' lang='lat' dir='ltr'><strong>procul</strong></span> <span class='ocrx_word' id='word_1_342' title='bbox 1786 3253 1957 3308; x_wconf 87' lang='lat' dir='ltr'><strong>dubio</strong></span> <span class='ocrx_word' id='word_1_343' title='bbox 1987 3252 2061 3325; x_wconf 89' lang='lat' dir='ltr'><strong>(b)</strong></span> <span class='ocrx_word' id='word_1_344' title='bbox 2090 3269 2173 3308; x_wconf 89' lang='lat' dir='ltr'><strong>re—</strong></span> <span class='ocrx_word' id='word_1_345' title='bbox 2203 3235 2247 3297; x_wconf 64' lang='grc' dir='ltr'><strong>(Ξ</strong></span> 
     </span>
    </p>
   </div>
   <div class='ocr_carea' id='block_1_48' title="bbox 579 3347 2181 3420">
    <p class='ocr_par' dir='ltr' id='par_1_48' title="bbox 579 3347 2181 3420">
     <span class='ocr_line' id='line_1_48' title="bbox 579 3347 2181 3420; baseline 0.001 -18"><span class='ocrx_word' id='word_1_346' title='bbox 579 3350 811 3420; x_wconf 85' lang='lat' dir='ltr'><strong>peritis)</strong></span> <span class='ocrx_word' id='word_1_347' title='bbox 840 3350 931 3417; x_wconf 86' lang='lat' dir='ltr'><strong>qui</strong></span> <span class='ocrx_word' id='word_1_348' title='bbox 958 3364 1052 3417; x_wconf 90' lang='lat' dir='ltr'><strong>per</strong></span> <span class='ocrx_word' id='word_1_349' title='bbox 1080 3357 1251 3403; x_wconf 64' lang='lat' dir='ltr'><strong>totum</strong></span> <span class='ocrx_word' id='word_1_350' title='bbox 1283 3349 1474 3404; x_wconf 84' lang='lat' dir='ltr'><strong>urbem</strong></span> <span class='ocrx_word' id='word_1_351' title='bbox 1513 3358 1782 3403; x_wconf 82' lang='lat' dir='ltr'><strong>terrarum</strong></span> <span class='ocrx_word' id='word_1_352' title='bbox 1824 3347 2092 3413; x_wconf 85' lang='lat' dir='ltr'><strong>ﬂoruere;</strong></span> <span class='ocrx_word' id='word_1_353' title='bbox 2124 3358 2181 3403; x_wconf 91' lang='lat' dir='ltr'><strong>ut</strong></span> 
     </span>
    </p>
   </div>
   <div class='ocr_carea' id='block_1_49' title="bbox 576 3441 2175 3511">
    <p class='ocr_par' dir='ltr' id='par_1_49' title="bbox 576 3441 2175 3511">
     <span class='ocr_line' id='line_1_49' title="bbox 576 3441 2175 3511; baseline -0.001 -15"><span class='ocrx_word' id='word_1_354' title='bbox 576 3452 763 3497; x_wconf 88' lang='lat' dir='ltr'><strong>sancta</strong></span> <span class='ocrx_word' id='word_1_355' title='bbox 809 3442 1044 3495; x_wconf 88' lang='lat' dir='ltr'><strong>imitatio</strong></span> <span class='ocrx_word' id='word_1_356' title='bbox 1086 3456 1184 3495; x_wconf 78' lang='lat' dir='ltr'><strong>vos</strong></span> <span class='ocrx_word' id='word_1_357' title='bbox 1234 3458 1558 3511; x_wconf 85' lang='lat' dir='ltr'><strong>provocans,</strong></span> <span class='ocrx_word' id='word_1_358' title='bbox 1602 3441 1669 3497; x_wconf 89' lang='lat' dir='ltr'><strong>ad</strong></span> <span class='ocrx_word' id='word_1_359' title='bbox 1714 3442 1962 3497; x_wconf 70' lang='lat' dir='ltr'><strong>etelestia</strong></span> <span class='ocrx_word' id='word_1_360' title='bbox 2010 3457 2175 3511; x_wconf 84' lang='lat' dir='ltr'><strong>regna</strong></span> 
     </span>
    </p>
   </div>
   <div class='ocr_carea' id='block_1_50' title="bbox 578 3536 862 3605">
    <p class='ocr_par' dir='ltr' id='par_1_50' title="bbox 578 3536 862 3605">
     <span class='ocr_line' id='line_1_50' title="bbox 578 3536 862 3605; baseline -0.004 -15"><span class='ocrx_word' id='word_1_361' title='bbox 578 3536 862 3605; x_wconf 88' lang='lat' dir='ltr'><strong>perducat.</strong></span> 
     </span>
    </p>
   </div>
   <div class='ocr_carea' id='block_1_51' title="bbox 577 3627 2177 3691">
    <p class='ocr_par' dir='ltr' id='par_1_51' title="bbox 577 3627 2177 3691">
     <span class='ocr_line' id='line_1_51' title="bbox 577 3627 2177 3691; baseline 0.001 -10"><span class='ocrx_word' id='word_1_362' title='bbox 577 3627 637 3681; x_wconf 85' lang='grc' dir='ltr'><strong>Β.</strong></span> <span class='ocrx_word' id='word_1_363' title='bbox 671 3627 915 3683; x_wconf 69' lang='lat' dir='ltr'><strong>Fucens</strong></span> <span class='ocrx_word' id='word_1_364' title='bbox 958 3642 1199 3691; x_wconf 60' lang='lat' dir='ltr'><strong>namus,</strong></span> <span class='ocrx_word' id='word_1_365' title='bbox 1248 3644 1335 3681; x_wconf 81' lang='lat' dir='ltr'><strong>seu</strong></span> <span class='ocrx_word' id='word_1_366' title='bbox 1382 3632 1653 3683; x_wconf 75' lang='lat' dir='ltr'><strong>ALcumus</strong></span> <span class='ocrx_word' id='word_1_367' title='bbox 1693 3628 1847 3682; x_wconf 82' lang='lat' dir='ltr'><strong>abbas</strong></span> <span class='ocrx_word' id='word_1_368' title='bbox 1899 3629 1951 3682; x_wconf 88' lang='lat' dir='ltr'><strong>in</strong></span> <span class='ocrx_word' id='word_1_369' title='bbox 2002 3628 2177 3683; x_wconf 76' lang='lat' dir='ltr'><strong>libello</strong></span> 
     </span>
    </p>
   </div>
   <div class='ocr_carea' id='block_1_52' title="bbox 647 3720 2174 3791">
    <p class='ocr_par' dir='ltr' id='par_1_52' title="bbox 647 3720 2174 3791">
     <span class='ocr_line' id='line_1_52' title="bbox 647 3720 2174 3791; baseline 0 -16"><span class='ocrx_word' id='word_1_370' title='bbox 647 3723 893 3776; x_wconf 79' lang='lat' dir='ltr'><strong>adversus</strong></span> <span class='ocrx_word' id='word_1_371' title='bbox 922 3720 1165 3775; x_wconf 75' lang='lat' dir='ltr'><strong>Ilwresin</strong></span> <span class='ocrx_word' id='word_1_372' title='bbox 1212 3721 1405 3775; x_wconf 72' lang='lat' dir='ltr'><strong>(&quot;elicis</strong></span> <span class='ocrx_word' id='word_1_373' title='bbox 1450 3722 1675 3791; x_wconf 77' lang='lat' dir='ltr'><strong>episcopi</strong></span> <span class='ocrx_word' id='word_1_374' title='bbox 1717 3720 1744 3791; x_wconf 83' lang='lat'>§</span> <span class='ocrx_word' id='word_1_375' title='bbox 1782 3720 1875 3785; x_wconf 64' lang='lat'><strong>“26,</strong></span> <span class='ocrx_word' id='word_1_376' title='bbox 1922 3736 1985 3774; x_wconf 75' lang='lat' dir='ltr'><strong>ea:</strong></span> <span class='ocrx_word' id='word_1_377' title='bbox 2035 3722 2174 3791; x_wconf 84' lang='lat' dir='ltr'><strong>Opp.</strong></span> 
     </span>
    </p>
   </div>
   <div class='ocr_carea' id='block_1_53' title="bbox 651 3812 2175 3884">
    <p class='ocr_par' dir='ltr' id='par_1_53' title="bbox 651 3812 2175 3884">
     <span class='ocr_line' id='line_1_53' title="bbox 651 3812 2175 3884; baseline 0.002 -17"><span class='ocrx_word' id='word_1_378' title='bbox 651 3824 788 3868; x_wconf 88' lang='lat' dir='ltr'><strong>tomo</strong></span> <span class='ocrx_word' id='word_1_379' title='bbox 818 3814 857 3879; x_wconf 90' lang='lat' dir='ltr'><strong>l,</strong></span> <span class='ocrx_word' id='word_1_380' title='bbox 890 3814 990 3866; x_wconf 87' lang='lat' dir='ltr'><strong>vol.</strong></span> <span class='ocrx_word' id='word_1_381' title='bbox 1025 3829 1086 3878; x_wconf 85' lang='grc' dir='ltr'>ιι,</span> <span class='ocrx_word' id='word_1_382' title='bbox 1118 3830 1237 3884; x_wconf 87' lang='lat' dir='ltr'><strong>pag.</strong></span> <span class='ocrx_word' id='word_1_383' title='bbox 1266 3813 1391 3880; x_wconf 86' lang='lat'><strong>767,</strong></span> <span class='ocrx_word' id='word_1_384' title='bbox 1416 3814 1657 3869; x_wconf 84' lang='lat' dir='ltr'><strong>editionis</strong></span> <span class='ocrx_word' id='word_1_385' title='bbox 1681 3814 1877 3869; x_wconf 75' lang='lat' dir='ltr'><strong>abbatis</strong></span> <span class='ocrx_word' id='word_1_386' title='bbox 1907 3812 2175 3883; x_wconf 79' lang='lat' dir='ltr'><strong>Frobenii,</strong></span> 
     </span>
    </p>
   </div>
   <div class='ocr_carea' id='block_1_54' title="bbox 658 3906 1141 3961">
    <p class='ocr_par' dir='ltr' id='par_1_54' title="bbox 658 3906 1141 3961">
     <span class='ocr_line' id='line_1_54' title="bbox 658 3906 1141 3961; baseline 0.006 -2"><span class='ocrx_word' id='word_1_387' title='bbox 658 3906 953 3961; x_wconf 74' lang='lat' dir='ltr'><strong>Ratisbonw</strong></span> <span class='ocrx_word' id='word_1_388' title='bbox 982 3906 1141 3961; x_wconf 88' lang='grc'>1777.</span> 
     </span>
    </p>
   </div>
   <div class='ocr_carea' id='block_1_55' title="bbox 653 4000 2173 4072">
    <p class='ocr_par' dir='ltr' id='par_1_55' title="bbox 653 4000 2173 4072">
     <span class='ocr_line' id='line_1_55' title="bbox 653 4000 2173 4072; baseline 0.004 -17"><span class='ocrx_word' id='word_1_389' title='bbox 653 4000 1006 4056; x_wconf 64' lang='grc' dir='ltr'>(Ζιιιιοιιλτιυε</span> <span class='ocrx_word' id='word_1_390' title='bbox 1040 4016 1255 4072; x_wconf 91' lang='lat' dir='ltr'><strong>quoque</strong></span> <span class='ocrx_word' id='word_1_391' title='bbox 1277 4010 1482 4057; x_wconf 76' lang='lat' dir='ltr'><strong>sanctae</strong></span> <span class='ocrx_word' id='word_1_392' title='bbox 1515 4001 1772 4057; x_wconf 81' lang='lat' dir='ltr'><strong>Romanae</strong></span> <span class='ocrx_word' id='word_1_393' title='bbox 1813 4004 2043 4059; x_wconf 88' lang='lat' dir='ltr'><strong>antistes</strong></span> <span class='ocrx_word' id='word_1_394' title='bbox 2073 4005 2173 4061; x_wconf 83' lang='lat' dir='ltr'><strong>Ec-</strong></span> 
     </span>
    </p>
   </div>
   <div class='ocr_carea' id='block_1_56' title="bbox 654 4161 2175 4288">
    <p class='ocr_par' dir='ltr' id='par_1_56' title="bbox 654 4161 2175 4288">
     <span class='ocr_line' id='line_1_56' title="bbox 654 4161 2175 4288; baseline 0.004 -73"><span class='ocrx_word' id='word_1_395' title='bbox 654 4162 729 4288; x_wconf 48' lang='lat' dir='ltr'><strong>i’a)</strong></span> <span class='ocrx_word' id='word_1_396' title='bbox 763 4180 780 4213; x_wconf 74' lang='grc' dir='ltr'><strong>ι</strong></span> <span class='ocrx_word' id='word_1_397' title='bbox 819 4162 1080 4216; x_wconf 78' lang='lat' dir='ltr'><strong>Duronius</strong></span> <span class='ocrx_word' id='word_1_398' title='bbox 1096 4161 1317 4216; x_wconf 69' lang='lat' dir='ltr'><strong>Prmlat.</strong></span> <span class='ocrx_word' id='word_1_399' title='bbox 1352 4162 1401 4214; x_wconf 92' lang='lat' dir='ltr'><strong>in</strong></span> <span class='ocrx_word' id='word_1_400' title='bbox 1428 4161 1773 4288; x_wconf 56' lang='lat' dir='ltr'><strong>Margrolog.</strong></span> <span class='ocrx_word' id='word_1_401' title='bbox 1796 4164 1955 4220; x_wconf 83' lang='lat' dir='ltr'><strong>Rom.</strong></span> <span class='ocrx_word' id='word_1_402' title='bbox 1978 4183 2100 4236; x_wconf 86' lang='lat' dir='ltr'><strong>cap.</strong></span> <span class='ocrx_word' id='word_1_403' title='bbox 2122 4168 2175 4230; x_wconf 90' lang='lat'><strong>7,</strong></span> 
     </span>
     <span class='ocr_line' id='line_1_57' title="bbox 697 4232 2175 4288; baseline 0.001 -1"><span class='ocrx_word' id='word_1_404' title='bbox 697 4236 794 4287; x_wconf 82' lang='lat' dir='ltr'><strong>ilat</strong></span> <span class='ocrx_word' id='word_1_405' title='bbox 817 4252 881 4287; x_wconf 80' lang='lat' dir='ltr'><strong>an</strong></span> <span class='ocrx_word' id='word_1_406' title='bbox 916 4234 986 4287; x_wconf 92' lang='lat' dir='ltr'><strong>sit</strong></span> <span class='ocrx_word' id='word_1_407' title='bbox 1020 4234 1356 4288; x_wconf 84' lang='lat' dir='ltr'><strong>llier0uvmi.</strong></span> <span class='ocrx_word' id='word_1_408' title='bbox 1390 4251 1409 4285; x_wconf 75' lang='grc' dir='ltr'><strong>ι</strong></span> <span class='ocrx_word' id='word_1_409' title='bbox 1440 4232 1513 4287; x_wconf 82' lang='lat' dir='ltr'><strong>[ta</strong></span> <span class='ocrx_word' id='word_1_410' title='bbox 1598 4237 1816 4288; x_wconf 79' lang='lat' dir='ltr'><strong>arctius.</strong></span> <span class='ocrx_word' id='word_1_411' title='bbox 1851 4238 1956 4288; x_wconf 80' lang='lat' dir='ltr'><strong>Sed</strong></span> <span class='ocrx_word' id='word_1_412' title='bbox 1982 4237 2175 4288; x_wconf 87' lang='lat' dir='ltr'><strong>Fonta-</strong></span> 
     </span>
    </p>
   </div>
   <div class='ocr_carea' id='block_1_57' title="bbox 582 4178 2180 4304">
    <p class='ocr_par' dir='ltr' id='par_1_57' title="bbox 582 4178 2180 4304">
     <span class='ocr_line' id='line_1_58' title="bbox 654 4178 2175 4288; baseline 0.004 -73"><span class='ocrx_word' id='word_1_413' title='bbox 654 4178 729 4288; x_wconf 49' lang='lat' dir='ltr'><strong>q&#39;a)</strong></span> <span class='ocrx_word' id='word_1_414' title='bbox 763 4180 780 4213; x_wconf 75' lang='grc' dir='ltr'><strong>ι</strong></span> <span class='ocrx_word' id='word_1_415' title='bbox 820 4178 1080 4216; x_wconf 82' lang='lat' dir='ltr'><strong>uaronms</strong></span> <span class='ocrx_word' id='word_1_416' title='bbox 1098 4178 1317 4216; x_wconf 72' lang='lat' dir='ltr'><strong>rrzetat.</strong></span> <span class='ocrx_word' id='word_1_417' title='bbox 1352 4179 1401 4214; x_wconf 87' lang='lat' dir='ltr'><strong>Ill</strong></span> <span class='ocrx_word' id='word_1_418' title='bbox 1428 4178 1773 4288; x_wconf 55' lang='lat' dir='ltr'><strong>marté&#39;romg.</strong></span> <span class='ocrx_word' id='word_1_419' title='bbox 1796 4178 1955 4220; x_wconf 74' lang='lat' dir='ltr'><strong>Itoni.</strong></span> <span class='ocrx_word' id='word_1_420' title='bbox 1978 4183 2100 4236; x_wconf 90' lang='lat' dir='ltr'><strong>cap.</strong></span> <span class='ocrx_word' id='word_1_421' title='bbox 2122 4178 2175 4230; x_wconf 88' lang='lat'><strong>7,</strong></span> 
     </span>
     <span class='ocr_line' id='line_1_59' title="bbox 582 4232 2180 4304; baseline 0.004 -17"><span class='ocrx_word' id='word_1_422' title='bbox 582 4235 652 4288; x_wconf 92' lang='lat' dir='ltr'><strong>du</strong></span> <span class='ocrx_word' id='word_1_423' title='bbox 697 4236 794 4287; x_wconf 87' lang='lat' dir='ltr'><strong>itat</strong></span> <span class='ocrx_word' id='word_1_424' title='bbox 817 4252 881 4287; x_wconf 85' lang='lat' dir='ltr'><strong>au</strong></span> <span class='ocrx_word' id='word_1_425' title='bbox 916 4234 986 4287; x_wconf 91' lang='lat' dir='ltr'><strong>sit</strong></span> <span class='ocrx_word' id='word_1_426' title='bbox 1020 4234 1356 4304; x_wconf 85' lang='lat' dir='ltr'><strong>llierOuymi.</strong></span> <span class='ocrx_word' id='word_1_427' title='bbox 1390 4251 1409 4285; x_wconf 80' lang='grc' dir='ltr'><strong>ι</strong></span> <span class='ocrx_word' id='word_1_428' title='bbox 1440 4232 1513 4287; x_wconf 85' lang='lat' dir='ltr'><strong>[ta</strong></span> <span class='ocrx_word' id='word_1_429' title='bbox 1598 4237 1816 4289; x_wconf 77' lang='lat' dir='ltr'><strong>aretius.</strong></span> <span class='ocrx_word' id='word_1_430' title='bbox 1851 4238 1956 4292; x_wconf 83' lang='lat' dir='ltr'><strong>Sed</strong></span> <span class='ocrx_word' id='word_1_431' title='bbox 1981 4237 2180 4293; x_wconf 88' lang='lat' dir='ltr'><strong>Fonta-</strong></span> 
     </span>
    </p>
   </div>
   <div class='ocr_carea' id='block_1_58' title="bbox 584 4306 2176 4377">
    <p class='ocr_par' dir='ltr' id='par_1_58' title="bbox 584 4306 2176 4377">
     <span class='ocr_line' id='line_1_60' title="bbox 584 4306 2176 4377; baseline 0.003 -16"><span class='ocrx_word' id='word_1_432' title='bbox 584 4310 743 4361; x_wconf 89' lang='lat' dir='ltr'><strong>ninus</strong></span> <span class='ocrx_word' id='word_1_433' title='bbox 761 4307 1057 4361; x_wconf 89' lang='lat' dir='ltr'><strong>arbitratur</strong></span> <span class='ocrx_word' id='word_1_434' title='bbox 1082 4306 1167 4359; x_wconf 89' lang='lat' dir='ltr'><strong>hic</strong></span> <span class='ocrx_word' id='word_1_435' title='bbox 1181 4320 1491 4377; x_wconf 87' lang='lat' dir='ltr'><strong>sermonem</strong></span> <span class='ocrx_word' id='word_1_436' title='bbox 1511 4320 1635 4361; x_wconf 88' lang='lat' dir='ltr'><strong>esse</strong></span> <span class='ocrx_word' id='word_1_437' title='bbox 1650 4308 1721 4362; x_wconf 88' lang='lat' dir='ltr'><strong>de</strong></span> <span class='ocrx_word' id='word_1_438' title='bbox 1737 4306 1864 4374; x_wconf 89' lang='lat' dir='ltr'><strong>alia,</strong></span> <span class='ocrx_word' id='word_1_439' title='bbox 1882 4319 1937 4363; x_wconf 88' lang='lat' dir='ltr'><strong>et</strong></span> <span class='ocrx_word' id='word_1_440' title='bbox 1959 4311 2176 4377; x_wconf 86' lang='lat' dir='ltr'><strong>quidem</strong></span> 
     </span>
    </p>
   </div>
   <div class='ocr_carea' id='block_1_59' title="bbox 580 4376 2180 4451">
    <p class='ocr_par' dir='ltr' id='par_1_59' title="bbox 580 4376 2180 4451">
     <span class='ocr_line' id='line_1_61' title="bbox 580 4376 2180 4451; baseline 0.002 -18"><span class='ocrx_word' id='word_1_441' title='bbox 580 4381 792 4433; x_wconf 84' lang='lat' dir='ltr'><strong>sincera</strong></span> <span class='ocrx_word' id='word_1_442' title='bbox 836 4394 897 4430; x_wconf 85' lang='lat' dir='ltr'><strong>ac</strong></span> <span class='ocrx_word' id='word_1_443' title='bbox 946 4377 1194 4451; x_wconf 73' lang='lat' dir='ltr'><strong>longiori,</strong></span> <span class='ocrx_word' id='word_1_444' title='bbox 1243 4376 1556 4451; x_wconf 55' lang='lat' dir='ltr'><strong>Hieronymi</strong></span> <span class='ocrx_word' id='word_1_445' title='bbox 1603 4380 1859 4448; x_wconf 89' lang='lat' dir='ltr'><strong>epistola,</strong></span> <span class='ocrx_word' id='word_1_446' title='bbox 1888 4376 2008 4451; x_wconf 60' lang='lat' dir='ltr'><strong>quae</strong></span> <span class='ocrx_word' id='word_1_447' title='bbox 2040 4398 2180 4436; x_wconf 87' lang='lat' dir='ltr'><strong>nunc</strong></span> 
     </span>
    </p>
   </div>
   <div class='ocr_carea' id='block_1_60' title="bbox 583 4447 2180 4523">
    <p class='ocr_par' dir='ltr' id='par_1_60' title="bbox 583 4447 2180 4523">
     <span class='ocr_line' id='line_1_62' title="bbox 583 4447 2180 4523; baseline 0.004 -22"><span class='ocrx_word' id='word_1_448' title='bbox 583 4467 689 4523; x_wconf 81' lang='lat' dir='ltr'><strong>non</strong></span> <span class='ocrx_word' id='word_1_449' title='bbox 718 4459 914 4503; x_wconf 85' lang='lat' dir='ltr'><strong>exstat.</strong></span> <span class='ocrx_word' id='word_1_450' title='bbox 946 4449 1079 4523; x_wconf 70' lang='lat' dir='ltr'><strong>Vide</strong></span> <span class='ocrx_word' id='word_1_451' title='bbox 1113 4450 1243 4500; x_wconf 77' lang='lat' dir='ltr'><strong>inira</strong></span> <span class='ocrx_word' id='word_1_452' title='bbox 1279 4448 1421 4523; x_wconf 75' lang='lat' dir='ltr'><strong>illius</strong></span> <span class='ocrx_word' id='word_1_453' title='bbox 1451 4447 1699 4523; x_wconf 66' lang='lat' dir='ltr'><strong>Historia:</strong></span> <span class='ocrx_word' id='word_1_454' title='bbox 1724 4447 1994 4507; x_wconf 65' lang='lat' dir='ltr'><strong>litterariae</strong></span> <span class='ocrx_word' id='word_1_455' title='bbox 2020 4454 2180 4523; x_wconf 86' lang='lat' dir='ltr'><strong>Aqui-</strong></span> 
     </span>
    </p>
   </div>
   <div class='ocr_carea' id='block_1_61' title="bbox 583 4518 1710 4589">
    <p class='ocr_par' dir='ltr' id='par_1_61' title="bbox 583 4518 1710 4589">
     <span class='ocr_line' id='line_1_63' title="bbox 583 4518 1710 4589; baseline -0.002 -14"><span class='ocrx_word' id='word_1_456' title='bbox 583 4522 787 4575; x_wconf 84' lang='lat' dir='ltr'><strong>leicnsis</strong></span> <span class='ocrx_word' id='word_1_457' title='bbox 809 4531 964 4589; x_wconf 88' lang='lat' dir='ltr'><strong>caput</strong></span> <span class='ocrx_word' id='word_1_458' title='bbox 992 4518 1047 4576; x_wconf 69' lang='grc'><strong>4.</strong></span> <span class='ocrx_word' id='word_1_459' title='bbox 1084 4535 1370 4572; x_wconf 90' lang='lat' dir='ltr'><strong>numerum</strong></span> <span class='ocrx_word' id='word_1_460' title='bbox 1397 4520 1449 4581; x_wconf 74' lang='grc' dir='ltr'>Ἰ,</span> <span class='ocrx_word' id='word_1_461' title='bbox 1480 4519 1602 4573; x_wconf 89' lang='lat' dir='ltr'><strong>libri</strong></span> <span class='ocrx_word' id='word_1_462' title='bbox 1634 4535 1710 4573; x_wconf 88' lang='lat' dir='ltr'><strong>nt.</strong></span> 
     </span>
    </p>
   </div>
   <div class='ocr_carea' id='block_1_62' title="bbox 2280 1947 3855 2021">
    <p class='ocr_par' dir='ltr' id='par_1_62' title="bbox 2280 1947 3855 2021">
     <span class='ocr_line' id='line_1_64' title="bbox 2280 1947 3855 2021; baseline 0.007 -23"><span class='ocrx_word' id='word_1_463' title='bbox 2280 1960 2443 1999; x_wconf 90' lang='lat' dir='ltr'><strong>verus</strong></span> <span class='ocrx_word' id='word_1_464' title='bbox 2473 1955 2528 1999; x_wconf 90' lang='lat' dir='ltr'><strong>et</strong></span> <span class='ocrx_word' id='word_1_465' title='bbox 2566 1947 2843 2002; x_wconf 85' lang='lat' dir='ltr'><strong>Dominus.</strong></span> <span class='ocrx_word' id='word_1_466' title='bbox 2874 1949 3118 2005; x_wconf 78' lang='lat' dir='ltr'><strong>Perfecta</strong></span> <span class='ocrx_word' id='word_1_467' title='bbox 3160 1967 3291 2021; x_wconf 83' lang='lat' dir='ltr'><strong>ergo</strong></span> <span class='ocrx_word' id='word_1_468' title='bbox 3328 1952 3462 2008; x_wconf 89' lang='lat' dir='ltr'><strong>ﬁdes</strong></span> <span class='ocrx_word' id='word_1_469' title='bbox 3490 1964 3573 2009; x_wconf 81' lang='lat' dir='ltr'><strong>est</strong></span> <span class='ocrx_word' id='word_1_470' title='bbox 3600 1954 3855 2011; x_wconf 89' lang='lat' dir='ltr'><strong>Trinitatis</strong></span> 
     </span>
    </p>
   </div>
   <div class='ocr_carea' id='block_1_63' title="bbox 2278 2040 3852 2106">
    <p class='ocr_par' dir='ltr' id='par_1_63' title="bbox 2278 2040 3852 2106">
     <span class='ocr_line' id='line_1_65' title="bbox 2278 2040 3852 2106; baseline 0.008 -15"><span class='ocrx_word' id='word_1_471' title='bbox 2278 2048 2519 2106; x_wconf 72' lang='lat' dir='ltr'><strong>ostensa,</strong></span> <span class='ocrx_word' id='word_1_472' title='bbox 2550 2057 2670 2094; x_wconf 80' lang='lat' dir='ltr'><strong>cum</strong></span> <span class='ocrx_word' id='word_1_473' title='bbox 2704 2054 2755 2095; x_wconf 90' lang='lat' dir='ltr'><strong>et</strong></span> <span class='ocrx_word' id='word_1_474' title='bbox 2783 2040 2945 2097; x_wconf 86' lang='lat' dir='ltr'><strong>Pater</strong></span> <span class='ocrx_word' id='word_1_475' title='bbox 2971 2043 3249 2098; x_wconf 89' lang='lat' dir='ltr'><strong>Christum</strong></span> <span class='ocrx_word' id='word_1_476' title='bbox 3296 2046 3585 2101; x_wconf 89' lang='lat' dir='ltr'><strong>Dominum</strong></span> <span class='ocrx_word' id='word_1_477' title='bbox 3616 2063 3675 2102; x_wconf 87' lang='lat' dir='ltr'><strong>ac</strong></span> <span class='ocrx_word' id='word_1_478' title='bbox 3705 2047 3852 2103; x_wconf 89' lang='lat' dir='ltr'><strong>Deum</strong></span> 
     </span>
    </p>
   </div>
   <div class='ocr_carea' id='block_1_64' title="bbox 2280 2130 3855 2207">
    <p class='ocr_par' dir='ltr' id='par_1_64' title="bbox 2280 2130 3855 2207">
     <span class='ocr_line' id='line_1_66' title="bbox 2280 2130 3855 2207; baseline 0.008 -26"><span class='ocrx_word' id='word_1_479' title='bbox 2280 2138 2524 2183; x_wconf 89' lang='lat' dir='ltr'><strong>nostrum</strong></span> <span class='ocrx_word' id='word_1_480' title='bbox 2559 2130 2753 2184; x_wconf 90' lang='lat' dir='ltr'><strong>Filium</strong></span> <span class='ocrx_word' id='word_1_481' title='bbox 2781 2146 2935 2186; x_wconf 91' lang='lat' dir='ltr'><strong>suum</strong></span> <span class='ocrx_word' id='word_1_482' title='bbox 2964 2150 3085 2188; x_wconf 88' lang='lat' dir='ltr'><strong>esse</strong></span> <span class='ocrx_word' id='word_1_483' title='bbox 3112 2144 3367 2201; x_wconf 88' lang='lat' dir='ltr'><strong>testatur;</strong></span> <span class='ocrx_word' id='word_1_484' title='bbox 3400 2146 3453 2192; x_wconf 89' lang='lat' dir='ltr'><strong>et</strong></span> <span class='ocrx_word' id='word_1_485' title='bbox 3482 2137 3715 2207; x_wconf 88' lang='lat' dir='ltr'><strong>Spiritus</strong></span> <span class='ocrx_word' id='word_1_486' title='bbox 3748 2156 3855 2193; x_wconf 87' lang='lat' dir='ltr'><strong>sau-</strong></span> 
     </span>
    </p>
   </div>
   <div class='ocr_carea' id='block_1_65' title="bbox 2278 2224 3851 2290">
    <p class='ocr_par' dir='ltr' id='par_1_65' title="bbox 2278 2224 3851 2290">
     <span class='ocr_line' id='line_1_67' title="bbox 2278 2224 3851 2290; baseline 0.009 -16"><span class='ocrx_word' id='word_1_487' title='bbox 2278 2230 2417 2288; x_wconf 88' lang='lat' dir='ltr'><strong>ctus,</strong></span> <span class='ocrx_word' id='word_1_488' title='bbox 2466 2224 2515 2276; x_wconf 89' lang='lat' dir='ltr'><strong>id</strong></span> <span class='ocrx_word' id='word_1_489' title='bbox 2562 2234 2665 2289; x_wconf 88' lang='lat' dir='ltr'><strong>est,</strong></span> <span class='ocrx_word' id='word_1_490' title='bbox 2698 2225 3034 2290; x_wconf 87' lang='lat' dir='ltr'><strong>Paraelctus.</strong></span> <span class='ocrx_word' id='word_1_491' title='bbox 3079 2228 3133 2282; x_wconf 91' lang='lat' dir='ltr'><strong>in</strong></span> <span class='ocrx_word' id='word_1_492' title='bbox 3178 2239 3327 2285; x_wconf 89' lang='lat' dir='ltr'><strong>tanto</strong></span> <span class='ocrx_word' id='word_1_493' title='bbox 3359 2230 3483 2286; x_wconf 88' lang='lat' dir='ltr'><strong>ﬁdei</strong></span> <span class='ocrx_word' id='word_1_494' title='bbox 3536 2244 3851 2288; x_wconf 85' lang='lat' dir='ltr'><strong>sacramento</strong></span> 
     </span>
    </p>
   </div>
   <div class='ocr_carea' id='block_1_66' title="bbox 2281 2314 3847 2391">
    <p class='ocr_par' dir='ltr' id='par_1_66' title="bbox 2281 2314 3847 2391">
     <span class='ocr_line' id='line_1_68' title="bbox 2281 2314 3847 2391; baseline 0.008 -25"><span class='ocrx_word' id='word_1_495' title='bbox 2281 2314 2423 2369; x_wconf 86' lang='lat' dir='ltr'><strong>Patri</strong></span> <span class='ocrx_word' id='word_1_496' title='bbox 2457 2316 2704 2386; x_wconf 86' lang='lat' dir='ltr'><strong>Filioque</strong></span> <span class='ocrx_word' id='word_1_497' title='bbox 2733 2319 3171 2389; x_wconf 81' lang='lat' dir='ltr'><strong>eunjnngitur,ut</strong></span> <span class='ocrx_word' id='word_1_498' title='bbox 3196 2339 3384 2377; x_wconf 89' lang='lat' dir='ltr'><strong>verum</strong></span> <span class='ocrx_word' id='word_1_499' title='bbox 3415 2324 3655 2391; x_wconf 85' lang='lat' dir='ltr'><strong>Patrem,</strong></span> <span class='ocrx_word' id='word_1_500' title='bbox 3687 2342 3847 2381; x_wconf 82' lang='lat' dir='ltr'><strong>verum</strong></span> 
     </span>
    </p>
   </div>
   <div class='ocr_carea' id='block_1_67' title="bbox 2282 2405 3849 2481">
    <p class='ocr_par' dir='ltr' id='par_1_67' title="bbox 2282 2405 3849 2481">
     <span class='ocr_line' id='line_1_69' title="bbox 2282 2405 3849 2481; baseline 0.008 -21"><span class='ocrx_word' id='word_1_501' title='bbox 2282 2405 2500 2475; x_wconf 80' lang='lat' dir='ltr'><strong>Filium,</strong></span> <span class='ocrx_word' id='word_1_502' title='bbox 2534 2425 2721 2465; x_wconf 81' lang='lat' dir='ltr'><strong>verum</strong></span> <span class='ocrx_word' id='word_1_503' title='bbox 2754 2412 2915 2465; x_wconf 71' lang='lat' dir='ltr'><strong>etiam</strong></span> <span class='ocrx_word' id='word_1_504' title='bbox 2944 2412 3203 2481; x_wconf 88' lang='lat' dir='ltr'><strong>Spiritum</strong></span> <span class='ocrx_word' id='word_1_505' title='bbox 3236 2426 3483 2470; x_wconf 87' lang='lat' dir='ltr'><strong>sanctum</strong></span> <span class='ocrx_word' id='word_1_506' title='bbox 3515 2419 3732 2473; x_wconf 88' lang='lat' dir='ltr'><strong>credere</strong></span> <span class='ocrx_word' id='word_1_507' title='bbox 3758 2430 3849 2473; x_wconf 91' lang='lat' dir='ltr'><strong>tres</strong></span> 
     </span>
    </p>
   </div>
   <div class='ocr_carea' id='block_1_68' title="bbox 2280 2505 3849 2583">
    <p class='ocr_par' dir='ltr' id='par_1_68' title="bbox 2280 2505 3849 2583">
     <span class='ocr_line' id='line_1_70' title="bbox 2280 2505 3849 2583; baseline 0.008 -28"><span class='ocrx_word' id='word_1_508' title='bbox 2280 2518 2562 2571; x_wconf 90' lang='lat' dir='ltr'><strong>personas,</strong></span> <span class='ocrx_word' id='word_1_509' title='bbox 2595 2505 2687 2560; x_wconf 87' lang='lat' dir='ltr'><strong>sed</strong></span> <span class='ocrx_word' id='word_1_510' title='bbox 2715 2522 2871 2559; x_wconf 80' lang='lat' dir='ltr'><strong>uuam</strong></span> <span class='ocrx_word' id='word_1_511' title='bbox 2905 2508 3240 2563; x_wconf 85' lang='lat' dir='ltr'><strong>divinitatem</strong></span> <span class='ocrx_word' id='word_1_512' title='bbox 3266 2508 3575 2577; x_wconf 87' lang='lat' dir='ltr'><strong>Trinitatis,</strong></span> <span class='ocrx_word' id='word_1_513' title='bbox 3607 2527 3849 2583; x_wconf 86' lang='lat' dir='ltr'><strong>unamque</strong></span> 
     </span>
    </p>
   </div>
   <div class='ocr_carea' id='block_1_69' title="bbox 2279 2594 3192 2653">
    <p class='ocr_par' dir='ltr' id='par_1_69' title="bbox 2279 2594 3192 2653">
     <span class='ocr_line' id='line_1_71' title="bbox 2279 2594 3192 2653; baseline 0.002 -4"><span class='ocrx_word' id='word_1_514' title='bbox 2279 2594 2637 2649; x_wconf 72' lang='lat' dir='ltr'><strong>substan1iam</strong></span> <span class='ocrx_word' id='word_1_515' title='bbox 2663 2612 2768 2649; x_wconf 87' lang='lat' dir='ltr'><strong>nun</strong></span> <span class='ocrx_word' id='word_1_516' title='bbox 2802 2598 3128 2653; x_wconf 85' lang='lat' dir='ltr'><strong>dubitemus.</strong></span> <span class='ocrx_word' id='word_1_517' title='bbox 3173 2618 3192 2651; x_wconf 77' lang='grc' dir='ltr'><strong>ι</strong></span> 
     </span>
    </p>
   </div>
   <div class='ocr_carea' id='block_1_70' title="bbox 2280 2689 3848 2762">
    <p class='ocr_par' dir='ltr' id='par_1_70' title="bbox 2280 2689 3848 2762">
     <span class='ocr_line' id='line_1_72' title="bbox 2280 2689 3848 2762; baseline 0.003 -17"><span class='ocrx_word' id='word_1_518' title='bbox 2280 2689 2467 2762; x_wconf 68' lang='lat' dir='ltr'><strong>[Lux]</strong></span> <span class='ocrx_word' id='word_1_519' title='bbox 2493 2693 2787 2761; x_wconf 75' lang='lat' dir='ltr'><strong>Anongmus</strong></span> <span class='ocrx_word' id='word_1_520' title='bbox 2807 2704 2984 2745; x_wconf 85' lang='lat' dir='ltr'><strong>auctor</strong></span> <span class='ocrx_word' id='word_1_521' title='bbox 3005 2692 3188 2760; x_wconf 76' lang='lat' dir='ltr'><strong>libelli,</strong></span> <span class='ocrx_word' id='word_1_522' title='bbox 3209 2695 3292 2747; x_wconf 86' lang='lat' dir='ltr'><strong>cui</strong></span> <span class='ocrx_word' id='word_1_523' title='bbox 3315 2696 3497 2749; x_wconf 76' lang='lat' dir='ltr'><strong>titulus</strong></span> <span class='ocrx_word' id='word_1_524' title='bbox 3519 2712 3536 2750; x_wconf 88' lang='lat'><strong><em>:</em></strong></span> <span class='ocrx_word' id='word_1_525' title='bbox 3560 2696 3795 2750; x_wconf 84' lang='lat' dir='ltr'><strong>Cantuum</strong></span> <span class='ocrx_word' id='word_1_526' title='bbox 3810 2707 3848 2750; x_wconf 81' lang='lat' dir='ltr'><strong>et</strong></span> 
     </span>
    </p>
   </div>
   <div class='ocr_carea' id='block_1_71' title="bbox 2350 2784 3843 2859">
    <p class='ocr_par' dir='ltr' id='par_1_71' title="bbox 2350 2784 3843 2859">
     <span class='ocr_line' id='line_1_73' title="bbox 2350 2784 3843 2859; baseline 0.004 -22"><span class='ocrx_word' id='word_1_527' title='bbox 2350 2800 2590 2837; x_wconf 69' lang='lat' dir='ltr'><strong>curruum</strong></span> <span class='ocrx_word' id='word_1_528' title='bbox 2622 2784 3103 2840; x_wconf 77' lang='lat' dir='ltr'><strong>Ecclesiasticorum</strong></span> <span class='ocrx_word' id='word_1_529' title='bbox 3122 2790 3301 2859; x_wconf 85' lang='lat' dir='ltr'><strong>origo:</strong></span> <span class='ocrx_word' id='word_1_530' title='bbox 3321 2807 3469 2858; x_wconf 82' lang='lat' dir='ltr'><strong>quem</strong></span> <span class='ocrx_word' id='word_1_531' title='bbox 3489 2807 3555 2844; x_wconf 75' lang='lat' dir='ltr'><strong>ex</strong></span> <span class='ocrx_word' id='word_1_532' title='bbox 3571 2791 3741 2844; x_wconf 85' lang='lat' dir='ltr'><strong>codice</strong></span> <span class='ocrx_word' id='word_1_533' title='bbox 3766 2808 3843 2845; x_wconf 88' lang='lat' dir='ltr'><strong>ms.</strong></span> 
     </span>
    </p>
   </div>
   <div class='ocr_carea' id='block_1_72' title="bbox 2352 2878 3850 2951">
    <p class='ocr_par' dir='ltr' id='par_1_72' title="bbox 2352 2878 3850 2951">
     <span class='ocr_line' id='line_1_74' title="bbox 2352 2878 3850 2951; baseline 0.005 -22"><span class='ocrx_word' id='word_1_534' title='bbox 2352 2879 2693 2931; x_wconf 64' lang='lat' dir='ltr'><strong>iwtastissimo</strong></span> <span class='ocrx_word' id='word_1_535' title='bbox 2732 2880 2897 2932; x_wconf 84' lang='lat' dir='ltr'><strong>edidit</strong></span> <span class='ocrx_word' id='word_1_536' title='bbox 2929 2878 3185 2933; x_wconf 80' lang='lat' dir='ltr'><strong>Henricus</strong></span> <span class='ocrx_word' id='word_1_537' title='bbox 3218 2880 3571 2951; x_wconf 84' lang='lat' dir='ltr'><strong>Spelmannus</strong></span> <span class='ocrx_word' id='word_1_538' title='bbox 3608 2885 3659 2935; x_wconf 86' lang='lat' dir='ltr'><strong>in</strong></span> <span class='ocrx_word' id='word_1_539' title='bbox 3690 2882 3850 2937; x_wconf 88' lang='lat' dir='ltr'><strong>Conci-</strong></span> 
     </span>
    </p>
   </div>
   <div class='ocr_carea' id='block_1_73' title="bbox 2351 2971 3849 3047">
    <p class='ocr_par' dir='ltr' id='par_1_73' title="bbox 2351 2971 3849 3047">
     <span class='ocr_line' id='line_1_75' title="bbox 2351 2971 3849 3047; baseline 0.003 -22"><span class='ocrx_word' id='word_1_540' title='bbox 2351 2974 2433 3025; x_wconf 84' lang='lat' dir='ltr'><strong>liis</strong></span> <span class='ocrx_word' id='word_1_541' title='bbox 2455 2971 2744 3026; x_wconf 71' lang='lat' dir='ltr'><strong>Britannia!</strong></span> <span class='ocrx_word' id='word_1_542' title='bbox 2768 2984 2902 3026; x_wconf 90' lang='lat' dir='ltr'><strong>tomo</strong></span> <span class='ocrx_word' id='word_1_543' title='bbox 2935 2972 2975 3035; x_wconf 84' lang='lat' dir='ltr'><strong>I,</strong></span> <span class='ocrx_word' id='word_1_544' title='bbox 3009 2992 3127 3044; x_wconf 86' lang='lat' dir='ltr'><strong>pag.</strong></span> <span class='ocrx_word' id='word_1_545' title='bbox 3159 2976 3281 3039; x_wconf 74' lang='lat' dir='ltr'><strong>i77;</strong></span> <span class='ocrx_word' id='word_1_546' title='bbox 3316 2977 3506 3047; x_wconf 84' lang='lat' dir='ltr'><strong>quique</strong></span> <span class='ocrx_word' id='word_1_547' title='bbox 3532 2985 3692 3030; x_wconf 75' lang='lat' dir='ltr'><strong>exstat</strong></span> <span class='ocrx_word' id='word_1_548' title='bbox 3719 2977 3849 3029; x_wconf 79' lang='lat' dir='ltr'><strong>etiam</strong></span> 
     </span>
    </p>
   </div>
   <div class='ocr_carea' id='block_1_74' title="bbox 2350 3066 3847 3139">
    <p class='ocr_par' dir='ltr' id='par_1_74' title="bbox 2350 3066 3847 3139">
     <span class='ocr_line' id='line_1_76' title="bbox 2350 3066 3847 3139; baseline 0.001 -19"><span class='ocrx_word' id='word_1_549' title='bbox 2350 3068 2491 3135; x_wconf 87' lang='lat' dir='ltr'><strong>apud</strong></span> <span class='ocrx_word' id='word_1_550' title='bbox 2516 3066 2681 3121; x_wconf 86' lang='lat' dir='ltr'><strong>David</strong></span> <span class='ocrx_word' id='word_1_551' title='bbox 2705 3066 2928 3121; x_wconf 77' lang='lat' dir='ltr'><strong>Wilkins</strong></span> <span class='ocrx_word' id='word_1_552' title='bbox 2948 3068 3178 3122; x_wconf 80' lang='lat' dir='ltr'><strong>Concilio</strong></span> <span class='ocrx_word' id='word_1_553' title='bbox 3202 3067 3412 3139; x_wconf 73' lang='lat' dir='ltr'><strong>Magum</strong></span> <span class='ocrx_word' id='word_1_554' title='bbox 3426 3068 3727 3134; x_wconf 68' lang='lat' dir='ltr'><strong>Britannia&#39;,</strong></span> <span class='ocrx_word' id='word_1_555' title='bbox 3745 3080 3847 3131; x_wconf 84' lang='lat' dir='ltr'><strong>etc.,</strong></span> 
     </span>
    </p>
   </div>
   <div class='ocr_carea' id='block_1_75' title="bbox 2351 3158 3851 3232">
    <p class='ocr_par' dir='ltr' id='par_1_75' title="bbox 2351 3158 3851 3232">
     <span class='ocr_line' id='line_1_77' title="bbox 2351 3158 3851 3232; baseline -0.001 -18"><span class='ocrx_word' id='word_1_556' title='bbox 2351 3160 2574 3214; x_wconf 86' lang='lat' dir='ltr'><strong>Londini</strong></span> <span class='ocrx_word' id='word_1_557' title='bbox 2610 3160 2763 3226; x_wconf 83' lang='grc'>1757,</span> <span class='ocrx_word' id='word_1_558' title='bbox 2814 3170 2949 3212; x_wconf 90' lang='lat' dir='ltr'><strong>toma</strong></span> <span class='ocrx_word' id='word_1_559' title='bbox 2977 3158 3065 3219; x_wconf 82' lang='lat' dir='ltr'><strong>IV,</strong></span> <span class='ocrx_word' id='word_1_560' title='bbox 3108 3161 3157 3212; x_wconf 84' lang='lat' dir='ltr'><strong>in</strong></span> <span class='ocrx_word' id='word_1_561' title='bbox 3191 3161 3510 3230; x_wconf 81' lang='lat' dir='ltr'><strong>Appendice,</strong></span> <span class='ocrx_word' id='word_1_562' title='bbox 3543 3178 3661 3232; x_wconf 86' lang='lat' dir='ltr'><strong>pag.</strong></span> <span class='ocrx_word' id='word_1_563' title='bbox 3692 3159 3777 3214; x_wconf 74' lang='lat' dir='ltr'><strong>7M</strong></span> <span class='ocrx_word' id='word_1_564' title='bbox 3811 3169 3851 3214; x_wconf 85' lang='lat' dir='ltr'><strong>et</strong></span> 
     </span>
    </p>
   </div>
   <div class='ocr_carea' id='block_1_76' title="bbox 2354 3249 3850 3325">
    <p class='ocr_par' dir='ltr' id='par_1_76' title="bbox 2354 3249 3850 3325">
     <span class='ocr_line' id='line_1_78' title="bbox 2354 3249 3850 3325; baseline -0.004 -17"><span class='ocrx_word' id='word_1_565' title='bbox 2354 3252 2487 3318; x_wconf 65' lang='lat'><strong>742;</strong></span> <span class='ocrx_word' id='word_1_566' title='bbox 2522 3256 2769 3325; x_wconf 85' lang='lat' dir='ltr'><strong>cujusque</strong></span> <span class='ocrx_word' id='word_1_567' title='bbox 2813 3252 3039 3304; x_wconf 87' lang='lat' dir='ltr'><strong>meminit</strong></span> <span class='ocrx_word' id='word_1_568' title='bbox 3075 3249 3411 3305; x_wconf 73' lang='lat' dir='ltr'><strong>Mabillonius</strong></span> <span class='ocrx_word' id='word_1_569' title='bbox 3440 3251 3519 3305; x_wconf 83' lang='lat' dir='ltr'><strong>De</strong></span> <span class='ocrx_word' id='word_1_570' title='bbox 3548 3252 3709 3305; x_wconf 82' lang='lat' dir='ltr'><strong>Cursu</strong></span> <span class='ocrx_word' id='word_1_571' title='bbox 3738 3249 3850 3303; x_wconf 48' lang='lat' dir='ltr'><strong>Gal.</strong></span> 
     </span>
    </p>
   </div>
   <div class='ocr_carea' id='block_1_77' title="bbox 2349 3343 3846 3419">
    <p class='ocr_par' dir='ltr' id='par_1_77' title="bbox 2349 3343 3846 3419">
     <span class='ocr_line' id='line_1_79' title="bbox 2349 3343 3846 3419; baseline -0.003 -17"><span class='ocrx_word' id='word_1_572' title='bbox 2349 3350 2517 3403; x_wconf 88' lang='lat' dir='ltr'><strong>licauo</strong></span> <span class='ocrx_word' id='word_1_573' title='bbox 2540 3347 2565 3419; x_wconf 82' lang='lat'><strong>§</strong></span> <span class='ocrx_word' id='word_1_574' title='bbox 2592 3350 2643 3412; x_wconf 88' lang='grc'><strong>1,</strong></span> <span class='ocrx_word' id='word_1_575' title='bbox 2672 3349 2723 3401; x_wconf 88' lang='lat' dir='ltr'><strong>in</strong></span> <span class='ocrx_word' id='word_1_576' title='bbox 2749 3362 2901 3416; x_wconf 88' lang='lat' dir='ltr'><strong>opere</strong></span> <span class='ocrx_word' id='word_1_577' title='bbox 2927 3344 3000 3399; x_wconf 89' lang='lat' dir='ltr'><strong>De</strong></span> <span class='ocrx_word' id='word_1_578' title='bbox 3024 3346 3259 3416; x_wconf 85' lang='lat' dir='ltr'><strong>Liturgia</strong></span> <span class='ocrx_word' id='word_1_579' title='bbox 3281 3344 3575 3410; x_wconf 78' lang='lat' dir='ltr'><strong>Gallicana,</strong></span> <span class='ocrx_word' id='word_1_580' title='bbox 3604 3363 3717 3415; x_wconf 83' lang='lat' dir='ltr'><strong>pag.</strong></span> <span class='ocrx_word' id='word_1_581' title='bbox 3742 3343 3846 3408; x_wconf 80' lang='lat'><strong>580,</strong></span> 
     </span>
    </p>
   </div>
   <div class='ocr_carea' id='block_1_78' title="bbox 2353 3435 3846 3507">
    <p class='ocr_par' dir='ltr' id='par_1_78' title="bbox 2353 3435 3846 3507">
     <span class='ocr_line' id='line_1_80' title="bbox 2353 3435 3846 3507; baseline -0.006 -10"><span class='ocrx_word' id='word_1_582' title='bbox 2353 3460 2549 3497; x_wconf 84' lang='lat' dir='ltr'><strong>necnon</strong></span> <span class='ocrx_word' id='word_1_583' title='bbox 2600 3440 2928 3494; x_wconf 85' lang='lat' dir='ltr'><strong>Fontaninus</strong></span> <span class='ocrx_word' id='word_1_584' title='bbox 2976 3448 3145 3492; x_wconf 77' lang='lat' dir='ltr'><strong>noster</strong></span> <span class='ocrx_word' id='word_1_585' title='bbox 3192 3440 3333 3507; x_wconf 77' lang='lat' dir='ltr'><strong>infra</strong></span> <span class='ocrx_word' id='word_1_586' title='bbox 3371 3453 3489 3506; x_wconf 88' lang='lat' dir='ltr'><strong>cap.</strong></span> <span class='ocrx_word' id='word_1_587' title='bbox 3533 3437 3589 3503; x_wconf 73' lang='grc'>4,</span> <span class='ocrx_word' id='word_1_588' title='bbox 3636 3452 3767 3490; x_wconf 87' lang='lat' dir='ltr'><strong>num.</strong></span> <span class='ocrx_word' id='word_1_589' title='bbox 3803 3435 3846 3500; x_wconf 87' lang='lat'><strong>7,</strong></span> 
     </span>
    </p>
   </div>
   <div class='ocr_carea' id='block_1_79' title="bbox 2355 3532 3659 3600">
    <p class='ocr_par' dir='ltr' id='par_1_79' title="bbox 2355 3532 3659 3600">
     <span class='ocr_line' id='line_1_81' title="bbox 2355 3532 3659 3600; baseline -0.005 -11"><span class='ocrx_word' id='word_1_590' title='bbox 2355 3536 2472 3589; x_wconf 74' lang='lat' dir='ltr'><strong>libri</strong></span> <span class='ocrx_word' id='word_1_591' title='bbox 2504 3550 2559 3591; x_wconf 86' lang='grc' dir='ltr'><strong>ιιι</strong></span> <span class='ocrx_word' id='word_1_592' title='bbox 2590 3549 2699 3589; x_wconf 80' lang='lat' dir='ltr'><strong>sua!</strong></span> <span class='ocrx_word' id='word_1_593' title='bbox 2729 3532 2975 3588; x_wconf 78' lang='lat' dir='ltr'><strong>Historia:</strong></span> <span class='ocrx_word' id='word_1_594' title='bbox 3004 3533 3270 3586; x_wconf 78' lang='lat' dir='ltr'><strong>litteraria:</strong></span> <span class='ocrx_word' id='word_1_595' title='bbox 3294 3532 3659 3600; x_wconf 74' lang='lat' dir='ltr'><strong>Aquileiensis.</strong></span> 
     </span>
    </p>
   </div>
   <div class='ocr_carea' id='block_1_80' title="bbox 2356 3624 3851 3684">
    <p class='ocr_par' dir='ltr' id='par_1_80' title="bbox 2356 3624 3851 3684">
     <span class='ocr_line' id='line_1_82' title="bbox 2356 3624 3851 3684; baseline -0.007 0"><span class='ocrx_word' id='word_1_596' title='bbox 2356 3631 2449 3684; x_wconf 84' lang='lat' dir='ltr'><strong>Est</strong></span> <span class='ocrx_word' id='word_1_597' title='bbox 2491 3629 2626 3683; x_wconf 84' lang='lat' dir='ltr'><strong>alius</strong></span> <span class='ocrx_word' id='word_1_598' title='bbox 2670 3630 2876 3681; x_wconf 86' lang='lat' dir='ltr'><strong>Cursus</strong></span> <span class='ocrx_word' id='word_1_599' title='bbox 2920 3624 3212 3680; x_wconf 73' lang='lat' dir='ltr'><strong>Orientalis</strong></span> <span class='ocrx_word' id='word_1_600' title='bbox 3259 3640 3285 3676; x_wconf 88' lang='lat' dir='ltr'><strong>a</strong></span> <span class='ocrx_word' id='word_1_601' title='bbox 3339 3636 3531 3679; x_wconf 87' lang='lat' dir='ltr'><strong>sancto</strong></span> <span class='ocrx_word' id='word_1_602' title='bbox 3561 3626 3851 3679; x_wconf 65' lang='lat' dir='ltr'><strong>Faltoni-rio</strong></span> 
     </span>
    </p>
   </div>
   <div class='ocr_carea' id='block_1_81' title="bbox 2282 3714 3851 3783">
    <p class='ocr_par' dir='ltr' id='par_1_81' title="bbox 2282 3714 3851 3783">
     <span class='ocr_line' id='line_1_83' title="bbox 2282 3714 3851 3783; baseline -0.009 -4"><span class='ocrx_word' id='word_1_603' title='bbox 2282 3732 2338 3779; x_wconf 90' lang='lat' dir='ltr'><strong>ct</strong></span> <span class='ocrx_word' id='word_1_604' title='bbox 2383 3722 2695 3783; x_wconf 86' lang='lat' dir='ltr'><strong>llcliodoro,</strong></span> <span class='ocrx_word' id='word_1_605' title='bbox 2740 3729 2793 3775; x_wconf 87' lang='lat' dir='ltr'><strong>et</strong></span> <span class='ocrx_word' id='word_1_606' title='bbox 2838 3719 2995 3774; x_wconf 87' lang='lat' dir='ltr'><strong>beato</strong></span> <span class='ocrx_word' id='word_1_607' title='bbox 3043 3718 3287 3780; x_wconf 85' lang='lat' dir='ltr'><strong>Paulino,</strong></span> <span class='ocrx_word' id='word_1_608' title='bbox 3340 3732 3436 3771; x_wconf 80' lang='lat' dir='ltr'><strong>seu</strong></span> <span class='ocrx_word' id='word_1_609' title='bbox 3484 3727 3536 3771; x_wconf 86' lang='lat' dir='ltr'><strong>et</strong></span> <span class='ocrx_word' id='word_1_610' title='bbox 3582 3714 3851 3769; x_wconf 80' lang='lat' dir='ltr'><strong>Athanasio</strong></span> 
     </span>
    </p>
   </div>
   <div class='ocr_carea' id='block_1_82' title="bbox 2283 3812 3848 3886">
    <p class='ocr_par' dir='ltr' id='par_1_82' title="bbox 2283 3812 3848 3886">
     <span class='ocr_line' id='line_1_84' title="bbox 2283 3812 3848 3886; baseline -0.007 -13"><span class='ocrx_word' id='word_1_611' title='bbox 2283 3816 2539 3886; x_wconf 65' lang='lat' dir='ltr'><strong>episcotio</strong></span> <span class='ocrx_word' id='word_1_612' title='bbox 2571 3815 2767 3877; x_wconf 82' lang='lat' dir='ltr'><strong>editus,</strong></span> <span class='ocrx_word' id='word_1_613' title='bbox 2813 3815 2903 3884; x_wconf 89' lang='lat' dir='ltr'><strong>qui</strong></span> <span class='ocrx_word' id='word_1_614' title='bbox 2936 3814 2988 3867; x_wconf 91' lang='lat' dir='ltr'><strong>in</strong></span> <span class='ocrx_word' id='word_1_615' title='bbox 3021 3812 3297 3867; x_wconf 77' lang='lat' dir='ltr'><strong>Gallorum</strong></span> <span class='ocrx_word' id='word_1_616' title='bbox 3346 3812 3735 3866; x_wconf 80' lang='lat' dir='ltr'><strong>consuetudine</strong></span> <span class='ocrx_word' id='word_1_617' title='bbox 3761 3823 3848 3863; x_wconf 88' lang='lat' dir='ltr'><strong>non</strong></span> 
     </span>
    </p>
   </div>
   <div class='ocr_carea' id='block_1_83' title="bbox 2286 3902 3850 3977">
    <p class='ocr_par' dir='ltr' id='par_1_83' title="bbox 2286 3902 3850 3977">
     <span class='ocr_line' id='line_1_85' title="bbox 2286 3902 3850 3977; baseline -0.008 -12"><span class='ocrx_word' id='word_1_618' title='bbox 2286 3911 2562 3965; x_wconf 85' lang='lat' dir='ltr'><strong>habetur:</strong></span> <span class='ocrx_word' id='word_1_619' title='bbox 2598 3923 2755 3977; x_wconf 90' lang='lat' dir='ltr'><strong>quem</strong></span> <span class='ocrx_word' id='word_1_620' title='bbox 2805 3917 3024 3961; x_wconf 84' lang='lat' dir='ltr'><strong>saucius</strong></span> <span class='ocrx_word' id='word_1_621' title='bbox 3071 3905 3340 3959; x_wconf 82' lang='lat' dir='ltr'><strong>Macarius</strong></span> <span class='ocrx_word' id='word_1_622' title='bbox 3396 3904 3722 3967; x_wconf 90' lang='lat' dir='ltr'><strong>decantavit;</strong></span> <span class='ocrx_word' id='word_1_623' title='bbox 3765 3902 3850 3954; x_wconf 85' lang='lat' dir='ltr'><strong>hoc</strong></span> 
     </span>
    </p>
   </div>
   <div class='ocr_carea' id='block_1_84' title="bbox 2284 3996 3817 4071">
    <p class='ocr_par' dir='ltr' id='par_1_84' title="bbox 2284 3996 3817 4071">
     <span class='ocr_line' id='line_1_86' title="bbox 2284 3996 3817 4071; baseline -0.008 -14"><span class='ocrx_word' id='word_1_624' title='bbox 2284 4010 2388 4066; x_wconf 91' lang='lat' dir='ltr'><strong>est,</strong></span> <span class='ocrx_word' id='word_1_625' title='bbox 2420 4015 2513 4071; x_wconf 88' lang='lat' dir='ltr'><strong>per</strong></span> <span class='ocrx_word' id='word_1_626' title='bbox 2543 3999 2819 4054; x_wconf 87' lang='lat' dir='ltr'><strong>dnudcuas</strong></span> <span class='ocrx_word' id='word_1_627' title='bbox 2853 3999 3032 4061; x_wconf 88' lang='lat' dir='ltr'><strong>horas,</strong></span> <span class='ocrx_word' id='word_1_628' title='bbox 3067 3998 3167 4051; x_wconf 91' lang='lat' dir='ltr'><strong>boc</strong></span> <span class='ocrx_word' id='word_1_629' title='bbox 3194 4006 3296 4061; x_wconf 88' lang='lat' dir='ltr'><strong>est,</strong></span> <span class='ocrx_word' id='word_1_630' title='bbox 3330 4009 3654 4065; x_wconf 84' lang='lat' dir='ltr'><strong>unaquaque</strong></span> <span class='ocrx_word' id='word_1_631' title='bbox 3683 3996 3817 4049; x_wconf 84' lang='lat' dir='ltr'><strong>hora.</strong></span> 
     </span>
    </p>
   </div>
   <div class='ocr_carea' id='block_1_85' title="bbox 2282 4157 3851 4234">
    <p class='ocr_par' dir='ltr' id='par_1_85' title="bbox 2282 4157 3851 4234">
     <span class='ocr_line' id='line_1_87' title="bbox 2282 4157 3851 4234; baseline -0.009 -13"><span class='ocrx_word' id='word_1_632' title='bbox 2282 4164 2531 4234; x_wconf 86' lang='lat' dir='ltr'><strong>Lugdun.</strong></span> <span class='ocrx_word' id='word_1_633' title='bbox 2578 4178 2693 4233; x_wconf 81' lang='lat' dir='ltr'><strong>pag.</strong></span> <span class='ocrx_word' id='word_1_634' title='bbox 2724 4161 2849 4218; x_wconf 84' lang='lat'><strong>990.</strong></span> <span class='ocrx_word' id='word_1_635' title='bbox 2886 4160 3008 4214; x_wconf 84' lang='lat' dir='ltr'><strong>Fuit</strong></span> <span class='ocrx_word' id='word_1_636' title='bbox 3036 4175 3164 4213; x_wconf 81' lang='lat' dir='ltr'><strong>vero</strong></span> <span class='ocrx_word' id='word_1_637' title='bbox 3189 4158 3276 4213; x_wconf 84' lang='lat' dir='ltr'><strong>hic</strong></span> <span class='ocrx_word' id='word_1_638' title='bbox 3304 4158 3633 4234; x_wconf 65' lang='lat' dir='ltr'><strong>Chromatius</strong></span> <span class='ocrx_word' id='word_1_639' title='bbox 3659 4157 3851 4226; x_wconf 86' lang='lat' dir='ltr'><strong>Episco-</strong></span> 
     </span>
    </p>
   </div>
   <div class='ocr_carea' id='block_1_86' title="bbox 2284 4230 3846 4308">
    <p class='ocr_par' dir='ltr' id='par_1_86' title="bbox 2284 4230 3846 4308">
     <span class='ocr_line' id='line_1_88' title="bbox 2284 4230 3846 4308; baseline -0.01 -15"><span class='ocrx_word' id='word_1_640' title='bbox 2284 4230 2785 4308; x_wconf 60' lang='lat' dir='ltr'><strong>pusAqttileieitsis,</strong></span> <span class='ocrx_word' id='word_1_641' title='bbox 2818 4248 2921 4286; x_wconf 91' lang='lat' dir='ltr'><strong>non</strong></span> <span class='ocrx_word' id='word_1_642' title='bbox 2950 4237 3228 4308; x_wconf 57' lang='lat' dir='ltr'><strong>Britannus</strong></span> <span class='ocrx_word' id='word_1_643' title='bbox 3256 4248 3269 4284; x_wconf 89' lang='lat'><strong>:</strong></span> <span class='ocrx_word' id='word_1_644' title='bbox 3304 4231 3553 4297; x_wconf 85' lang='lat' dir='ltr'><strong>quamvis</strong></span> <span class='ocrx_word' id='word_1_645' title='bbox 3580 4230 3846 4308; x_wconf 62' lang='lat' dir='ltr'><strong>Romanus.</strong></span> 
     </span>
    </p>
   </div>
   <div class='ocr_carea' id='block_1_87' title="bbox 2287 4298 3847 4376">
    <p class='ocr_par' dir='ltr' id='par_1_87' title="bbox 2287 4298 3847 4376">
     <span class='ocr_line' id='line_1_89' title="bbox 2287 4298 3847 4376; baseline -0.011 -11"><span class='ocrx_word' id='word_1_646' title='bbox 2287 4298 2551 4365; x_wconf 80' lang='lat' dir='ltr'><strong>incertum</strong></span> <span class='ocrx_word' id='word_1_647' title='bbox 2584 4323 2688 4376; x_wconf 87' lang='lat' dir='ltr'><strong>quo</strong></span> <span class='ocrx_word' id='word_1_648' title='bbox 2718 4319 2900 4369; x_wconf 79' lang='lat' dir='ltr'><strong>sensu,</strong></span> <span class='ocrx_word' id='word_1_649' title='bbox 2949 4304 3243 4371; x_wconf 56' lang='lat' dir='ltr'><strong>Episcopus</strong></span> <span class='ocrx_word' id='word_1_650' title='bbox 3282 4315 3447 4376; x_wconf 79' lang='lat' dir='ltr'><strong>etiam</strong></span> <span class='ocrx_word' id='word_1_651' title='bbox 3496 4298 3847 4376; x_wconf 51' lang='lat' dir='ltr'><strong>appgllcturin</strong></span> 
     </span>
    </p>
   </div>
   <div class='ocr_carea' id='block_1_88' title="bbox 2282 4368 3852 4441">
    <p class='ocr_par' dir='ltr' id='par_1_88' title="bbox 2282 4368 3852 4441">
     <span class='ocr_line' id='line_1_90' title="bbox 2282 4368 3852 4441; baseline -0.009 -5"><span class='ocrx_word' id='word_1_652' title='bbox 2282 4380 2444 4436; x_wconf 88' lang='lat' dir='ltr'><strong>codd.</strong></span> <span class='ocrx_word' id='word_1_653' title='bbox 2491 4368 2621 4432; x_wconf 59' lang='lat' dir='ltr'><strong>inss&#39;.</strong></span> <span class='ocrx_word' id='word_1_654' title='bbox 2667 4378 2807 4430; x_wconf 64' lang='lat' dir='ltr'><strong>illius</strong></span> <span class='ocrx_word' id='word_1_655' title='bbox 2851 4368 3050 4441; x_wconf 79' lang='lat' dir='ltr'><strong>Scripta</strong></span> <span class='ocrx_word' id='word_1_656' title='bbox 3098 4368 3544 4426; x_wconf 50' lang='lat' dir='ltr'><strong>continentibus.</strong></span> <span class='ocrx_word' id='word_1_657' title='bbox 3572 4368 3741 4425; x_wconf 84' lang='lat' dir='ltr'><strong>Forte</strong></span> <span class='ocrx_word' id='word_1_658' title='bbox 3776 4368 3852 4422; x_wconf 89' lang='lat' dir='ltr'><strong>de-</strong></span> 
     </span>
    </p>
   </div>
   <div class='ocr_carea' id='block_1_89' title="bbox 2284 4442 3847 4521">
    <p class='ocr_par' dir='ltr' id='par_1_89' title="bbox 2284 4442 3847 4521">
     <span class='ocr_line' id='line_1_91' title="bbox 2284 4442 3847 4521; baseline -0.009 -15"><span class='ocrx_word' id='word_1_659' title='bbox 2284 4454 2581 4521; x_wconf 82' lang='lat' dir='ltr'><strong>scriptores</strong></span> <span class='ocrx_word' id='word_1_660' title='bbox 2612 4449 2738 4503; x_wconf 89' lang='lat' dir='ltr'><strong>inde</strong></span> <span class='ocrx_word' id='word_1_661' title='bbox 2782 4447 2993 4515; x_wconf 74' lang='lat' dir='ltr'><strong>decepti</strong></span> <span class='ocrx_word' id='word_1_662' title='bbox 3044 4446 3282 4510; x_wconf 78' lang='lat' dir='ltr'><strong>fuerunt,</strong></span> <span class='ocrx_word' id='word_1_663' title='bbox 3316 4446 3456 4521; x_wconf 75' lang='lat' dir='ltr'><strong>quod</strong></span> <span class='ocrx_word' id='word_1_664' title='bbox 3618 4442 3847 4521; x_wconf 68' lang='lat' dir='ltr'><strong>Hierong-</strong></span> 
     </span>
    </p>
   </div>
   <div class='ocr_carea' id='block_1_90' title="bbox 2287 4513 3847 4585">
    <p class='ocr_par' dir='ltr' id='par_1_90' title="bbox 2287 4513 3847 4585">
     <span class='ocr_line' id='line_1_92' title="bbox 2287 4513 3847 4585; baseline -0.008 -8"><span class='ocrx_word' id='word_1_665' title='bbox 2287 4513 2679 4577; x_wconf 42' lang='lat' dir='ltr'><strong>mus-eumdem</strong></span> <span class='ocrx_word' id='word_1_666' title='bbox 2710 4513 2941 4571; x_wconf 80' lang='lat' dir='ltr'><strong>sanctum</strong></span> <span class='ocrx_word' id='word_1_667' title='bbox 2976 4534 3166 4585; x_wconf 86' lang='lat' dir='ltr'><strong>papam</strong></span> <span class='ocrx_word' id='word_1_668' title='bbox 3194 4516 3548 4585; x_wconf 82' lang='lat' dir='ltr'><strong>appellaverit</strong></span> <span class='ocrx_word' id='word_1_669' title='bbox 3585 4517 3735 4582; x_wconf 85' lang='lat' dir='ltr'><strong>epist.</strong></span> <span class='ocrx_word' id='word_1_670' title='bbox 3772 4513 3847 4585; x_wconf 65' lang='lat' dir='ltr'><strong>8i.</strong></span> 
     </span>
    </p>
   </div>
   <div class='ocr_carea' id='block_1_91' title="bbox 655 4580 3848 4658">
    <p class='ocr_par' dir='ltr' id='par_1_91' title="bbox 655 4580 3848 4658">
     <span class='ocr_line' id='line_1_93' title="bbox 655 4580 3848 4658; baseline -0.004 -13"><span class='ocrx_word' id='word_1_671' title='bbox 655 4580 923 4646; x_wconf 62' lang='lat' dir='ltr'><strong>Caeterum</strong></span> <span class='ocrx_word' id='word_1_672' title='bbox 956 4589 1221 4643; x_wconf 86' lang='lat' dir='ltr'><strong>Baronius</strong></span> <span class='ocrx_word' id='word_1_673' title='bbox 1252 4605 1587 4658; x_wconf 83' lang='lat' dir='ltr'><strong>nequaquam</strong></span> <span class='ocrx_word' id='word_1_674' title='bbox 1621 4592 1817 4646; x_wconf 86' lang='lat' dir='ltr'><strong>dubitat</strong></span> <span class='ocrx_word' id='word_1_675' title='bbox 1853 4610 1919 4646; x_wconf 84' lang='lat' dir='ltr'><strong>an</strong></span> <span class='ocrx_word' id='word_1_676' title='bbox 1959 4596 2025 4646; x_wconf 74' lang='lat' dir='ltr'><strong>sit</strong></span> <span class='ocrx_word' id='word_1_677' title='bbox 2057 4592 2181 4648; x_wconf 84' lang='lat' dir='ltr'><strong>Hie-</strong></span> <span class='ocrx_word' id='word_1_678' title='bbox 2210 4593 2255 4651; x_wconf 90' lang='lat' dir='ltr'><strong>D</strong></span> <span class='ocrx_word' id='word_1_679' title='bbox 2288 4596 2351 4645; x_wconf 88' lang='lat' dir='ltr'><strong>ad</strong></span> <span class='ocrx_word' id='word_1_680' title='bbox 2387 4592 2636 4658; x_wconf 81' lang='lat' dir='ltr'><strong>Ruﬁnam</strong></span> <span class='ocrx_word' id='word_1_681' title='bbox 2666 4600 2794 4644; x_wconf 89' lang='lat' dir='ltr'><strong>tom.</strong></span> <span class='ocrx_word' id='word_1_682' title='bbox 2826 4590 2867 4655; x_wconf 90' lang='grc'><strong>1,</strong></span> <span class='ocrx_word' id='word_1_683' title='bbox 2900 4601 2953 4641; x_wconf 89' lang='lat' dir='ltr'><strong>et</strong></span> <span class='ocrx_word' id='word_1_684' title='bbox 2976 4580 3100 4641; x_wconf 87' lang='lat' dir='ltr'><strong>libr.</strong></span> <span class='ocrx_word' id='word_1_685' title='bbox 3130 4603 3165 4640; x_wconf 86' lang='lat' dir='ltr'><strong>It</strong></span> <span class='ocrx_word' id='word_1_686' title='bbox 3190 4580 3367 4640; x_wconf 73' lang='lat' dir='ltr'><strong>contra</strong></span> <span class='ocrx_word' id='word_1_687' title='bbox 3395 4580 3656 4656; x_wconf 74' lang='lat' dir='ltr'><strong>Rufinum,</strong></span> <span class='ocrx_word' id='word_1_688' title='bbox 3683 4580 3848 4658; x_wconf 69' lang='lat' dir='ltr'><strong>tonull</strong></span> 
     </span>
    </p>
   </div>
   <div class='ocr_carea' id='block_1_92' title="bbox 584 4660 2177 4734">
    <p class='ocr_par' dir='ltr' id='par_1_92' title="bbox 584 4660 2177 4734">
     <span class='ocr_line' id='line_1_94' title="bbox 584 4660 2177 4734; baseline 0.003 -21"><span class='ocrx_word' id='word_1_689' title='bbox 584 4665 786 4732; x_wconf 85' lang='lat' dir='ltr'><strong>ronymi</strong></span> <span class='ocrx_word' id='word_1_690' title='bbox 809 4662 1038 4734; x_wconf 82' lang='lat' dir='ltr'><strong>epistola</strong></span> <span class='ocrx_word' id='word_1_691' title='bbox 1067 4662 1154 4713; x_wconf 88' lang='lat' dir='ltr'><strong>illa</strong></span> <span class='ocrx_word' id='word_1_692' title='bbox 1178 4662 1245 4715; x_wconf 89' lang='lat' dir='ltr'><strong>de</strong></span> <span class='ocrx_word' id='word_1_693' title='bbox 1266 4676 1368 4729; x_wconf 89' lang='lat' dir='ltr'><strong>qua</strong></span> <span class='ocrx_word' id='word_1_694' title='bbox 1397 4660 1513 4734; x_wconf 87' lang='lat' dir='ltr'><strong>ipse</strong></span> <span class='ocrx_word' id='word_1_695' title='bbox 1538 4661 2041 4734; x_wconf 64' lang='lat' dir='ltr'><strong>iuMartyrolOgium</strong></span> <span class='ocrx_word' id='word_1_696' title='bbox 2069 4664 2177 4718; x_wconf 83' lang='lat' dir='ltr'><strong>Ro-</strong></span> 
     </span>
    </p>
   </div>
   <div class='ocr_carea' id='block_1_93' title="bbox 586 4732 2180 4805">
    <p class='ocr_par' dir='ltr' id='par_1_93' title="bbox 586 4732 2180 4805">
     <span class='ocr_line' id='line_1_95' title="bbox 586 4732 2180 4805; baseline 0.004 -20"><span class='ocrx_word' id='word_1_697' title='bbox 586 4749 814 4805; x_wconf 82' lang='lat' dir='ltr'><strong>manum,</strong></span> <span class='ocrx_word' id='word_1_698' title='bbox 836 4749 951 4803; x_wconf 90' lang='lat' dir='ltr'><strong>cap.</strong></span> <span class='ocrx_word' id='word_1_699' title='bbox 979 4733 1046 4805; x_wconf 79' lang='lat'><strong>7;</strong></span> <span class='ocrx_word' id='word_1_700' title='bbox 1074 4748 1260 4785; x_wconf 83' lang='lat' dir='ltr'><strong>verum</strong></span> <span class='ocrx_word' id='word_1_701' title='bbox 1287 4732 1537 4805; x_wconf 88' lang='lat' dir='ltr'><strong>eamdem</strong></span> <span class='ocrx_word' id='word_1_702' title='bbox 1568 4732 2180 4805; x_wconf 45' lang='lat' dir='ltr'><strong>l&#39;lieronyn&#39;io&#39;absolute</strong></span> 
     </span>
    </p>
   </div>
   <div class='ocr_carea' id='block_1_94' title="bbox 583 4803 1585 4869">
    <p class='ocr_par' dir='ltr' id='par_1_94' title="bbox 583 4803 1585 4869">
     <span class='ocr_line' id='line_1_96' title="bbox 583 4803 1585 4869; baseline -0.002 -12"><span class='ocrx_word' id='word_1_703' title='bbox 583 4804 878 4869; x_wconf 84' lang='lat' dir='ltr'><strong>abjudirat,</strong></span> <span class='ocrx_word' id='word_1_704' title='bbox 908 4813 961 4857; x_wconf 91' lang='lat' dir='ltr'><strong>et</strong></span> <span class='ocrx_word' id='word_1_705' title='bbox 992 4803 1343 4869; x_wconf 87' lang='lat' dir='ltr'><strong>imposturam</strong></span> <span class='ocrx_word' id='word_1_706' title='bbox 1372 4804 1585 4856; x_wconf 68' lang='lat' dir='ltr'><strong>asserit.</strong></span> 
     </span>
    </p>
   </div>
   <div class='ocr_carea' id='block_1_95' title="bbox 661 4873 2181 4949">
    <p class='ocr_par' dir='ltr' id='par_1_95' title="bbox 661 4873 2181 4949">
     <span class='ocr_line' id='line_1_97' title="bbox 661 4873 2181 4949; baseline 0.004 -22"><span class='ocrx_word' id='word_1_707' title='bbox 661 4873 736 4945; x_wconf 89' lang='lat' dir='ltr'><strong>(b)</strong></span> <span class='ocrx_word' id='word_1_708' title='bbox 770 4873 927 4944; x_wconf 82' lang='lat' dir='ltr'><strong>Apud</strong></span> <span class='ocrx_word' id='word_1_709' title='bbox 970 4873 1220 4928; x_wconf 88' lang='lat' dir='ltr'><strong>eumdem</strong></span> <span class='ocrx_word' id='word_1_710' title='bbox 1252 4874 1614 4929; x_wconf 87' lang='lat' dir='ltr'><strong>Fontaniuum</strong></span> <span class='ocrx_word' id='word_1_711' title='bbox 1661 4876 1777 4931; x_wconf 88' lang='lat' dir='ltr'><strong>loco</strong></span> <span class='ocrx_word' id='word_1_712' title='bbox 1806 4879 1988 4945; x_wconf 88' lang='lat' dir='ltr'><strong>citato,</strong></span> <span class='ocrx_word' id='word_1_713' title='bbox 2032 4895 2181 4949; x_wconf 85' lang='lat' dir='ltr'><strong>repe-</strong></span> 
     </span>
    </p>
   </div>
   <div class='ocr_carea' id='block_1_96' title="bbox 581 4947 744 4999">
    <p class='ocr_par' dir='ltr' id='par_1_96' title="bbox 581 4947 744 4999">
     <span class='ocr_line' id='line_1_98' title="bbox 581 4947 744 4999; baseline 0 0"><span class='ocrx_word' id='word_1_714' title='bbox 581 4947 744 4999; x_wconf 75' lang='lat' dir='ltr'><strong>fictis.</strong></span> 
     </span>
    </p>
   </div>
   <div class='ocr_carea' id='block_1_97' title="bbox 644 5016 2177 5141">
    <p class='ocr_par' dir='ltr' id='par_1_97' title="bbox 644 5016 2177 5141">
     <span class='ocr_line' id='line_1_99' title="bbox 644 5016 2177 5141; baseline 0.005 -71"><span class='ocrx_word' id='word_1_715' title='bbox 644 5017 730 5141; x_wconf 52' lang='lat' dir='ltr'><strong>(Sc)</strong></span> <span class='ocrx_word' id='word_1_716' title='bbox 765 5016 961 5071; x_wconf 83' lang='lat' dir='ltr'><strong>Exstat</strong></span> <span class='ocrx_word' id='word_1_717' title='bbox 990 5017 1076 5071; x_wconf 90' lang='lat' dir='ltr'><strong>hic</strong></span> <span class='ocrx_word' id='word_1_718' title='bbox 1105 5018 1258 5073; x_wconf 80' lang='lat' dir='ltr'><strong>locus</strong></span> <span class='ocrx_word' id='word_1_719' title='bbox 1290 5036 1393 5074; x_wconf 94' lang='lat' dir='ltr'><strong>non</strong></span> <span class='ocrx_word' id='word_1_720' title='bbox 1426 5019 1478 5074; x_wconf 91' lang='lat' dir='ltr'><strong>in</strong></span> <span class='ocrx_word' id='word_1_721' title='bbox 1513 5019 1696 5075; x_wconf 92' lang='lat' dir='ltr'><strong>libello</strong></span> <span class='ocrx_word' id='word_1_722' title='bbox 1732 5019 1811 5075; x_wconf 82' lang='lat' dir='ltr'><strong>De</strong></span> <span class='ocrx_word' id='word_1_723' title='bbox 1858 5033 1970 5076; x_wconf 89' lang='lat' dir='ltr'><strong>octo</strong></span> <span class='ocrx_word' id='word_1_724' title='bbox 1998 5021 2177 5078; x_wconf 87' lang='lat' dir='ltr'><strong>Beati-</strong></span> 
     </span>
     <span class='ocr_line' id='line_1_100' title="bbox 680 5088 2174 5141; baseline 0 0"><span class='ocrx_word' id='word_1_725' title='bbox 680 5089 872 5141; x_wconf 86' lang='lat' dir='ltr'><strong>inibus.</strong></span> <span class='ocrx_word' id='word_1_726' title='bbox 924 5089 1017 5141; x_wconf 87' lang='lat' dir='ltr'><strong>sed</strong></span> <span class='ocrx_word' id='word_1_727' title='bbox 1070 5088 1123 5141; x_wconf 86' lang='lat' dir='ltr'><strong>in</strong></span> <span class='ocrx_word' id='word_1_728' title='bbox 1171 5090 1404 5141; x_wconf 81' lang='lat' dir='ltr'><strong>quodam</strong></span> <span class='ocrx_word' id='word_1_729' title='bbox 1453 5089 1740 5141; x_wconf 86' lang='lat' dir='ltr'><strong>Chromatii</strong></span> <span class='ocrx_word' id='word_1_730' title='bbox 1787 5094 2092 5141; x_wconf 71' lang='lat' dir='ltr'><strong>fragmento</strong></span> <span class='ocrx_word' id='word_1_731' title='bbox 2123 5095 2174 5141; x_wconf 90' lang='lat' dir='ltr'><strong>in</strong></span> 
     </span>
    </p>
   </div>
   <div class='ocr_carea' id='block_1_98' title="bbox 585 5088 2174 5163">
    <p class='ocr_par' dir='ltr' id='par_1_98' title="bbox 585 5088 2174 5163">
     <span class='ocr_line' id='line_1_101' title="bbox 585 5088 2174 5163; baseline 0.007 -24"><span class='ocrx_word' id='word_1_732' title='bbox 585 5088 872 5154; x_wconf 87' lang='lat' dir='ltr'><strong>tudinibus,</strong></span> <span class='ocrx_word' id='word_1_733' title='bbox 924 5089 1017 5143; x_wconf 89' lang='lat' dir='ltr'><strong>sed</strong></span> <span class='ocrx_word' id='word_1_734' title='bbox 1070 5088 1142 5163; x_wconf 84' lang='lat' dir='ltr'><strong>in_</strong></span> <span class='ocrx_word' id='word_1_735' title='bbox 1171 5090 1404 5159; x_wconf 86' lang='lat' dir='ltr'><strong>quodam</strong></span> <span class='ocrx_word' id='word_1_736' title='bbox 1453 5089 1740 5146; x_wconf 86' lang='lat' dir='ltr'><strong>Chromatii</strong></span> <span class='ocrx_word' id='word_1_737' title='bbox 1786 5094 2092 5163; x_wconf 82' lang='lat' dir='ltr'><strong>fragmento</strong></span> <span class='ocrx_word' id='word_1_738' title='bbox 2123 5095 2174 5150; x_wconf 88' lang='lat' dir='ltr'><strong>in</strong></span> 
     </span>
    </p>
   </div>
   <div class='ocr_carea' id='block_1_99' title="bbox 585 5161 2170 5231">
    <p class='ocr_par' dir='ltr' id='par_1_99' title="bbox 585 5161 2170 5231">
     <span class='ocr_line' id='line_1_102' title="bbox 585 5161 2170 5231; baseline 0.004 -17"><span class='ocrx_word' id='word_1_739' title='bbox 585 5175 705 5231; x_wconf 86' lang='lat' dir='ltr'><strong>cap.</strong></span> <span class='ocrx_word' id='word_1_740' title='bbox 747 5174 988 5222; x_wconf 85' lang='lat' dir='ltr'><strong>ut,vers.</strong></span> <span class='ocrx_word' id='word_1_741' title='bbox 1015 5163 1066 5227; x_wconf 76' lang='grc'>4,</span> <span class='ocrx_word' id='word_1_742' title='bbox 1097 5161 1284 5217; x_wconf 82' lang='lat' dir='ltr'><strong>Matth.</strong></span> <span class='ocrx_word' id='word_1_743' title='bbox 1313 5175 1443 5219; x_wconf 91' lang='lat' dir='ltr'><strong>tom.</strong></span> <span class='ocrx_word' id='word_1_744' title='bbox 1467 5164 1503 5218; x_wconf 88' lang='lat' dir='ltr'><strong>V</strong></span> <span class='ocrx_word' id='word_1_745' title='bbox 1534 5164 1790 5220; x_wconf 87' lang='lat' dir='ltr'><strong>Biblioth.</strong></span> <span class='ocrx_word' id='word_1_746' title='bbox 1816 5161 1919 5221; x_wconf 89' lang='lat' dir='ltr'><strong>PP.</strong></span> <span class='ocrx_word' id='word_1_747' title='bbox 1945 5167 2170 5222; x_wconf 88' lang='lat' dir='ltr'><strong>edition.</strong></span> 
     </span>
    </p>
   </div>
   <div class='ocr_carea' id='block_1_100' title="bbox 2286 4656 3851 4730">
    <p class='ocr_par' dir='ltr' id='par_1_100' title="bbox 2286 4656 3851 4730">
     <span class='ocr_line' id='line_1_103' title="bbox 2286 4656 3851 4730; baseline -0.009 -11"><span class='ocrx_word' id='word_1_748' title='bbox 2286 4667 2416 4719; x_wconf 91' lang='lat' dir='ltr'><strong>edit.</strong></span> <span class='ocrx_word' id='word_1_749' title='bbox 2442 4656 2662 4721; x_wconf 59' lang='lat' dir='ltr'><strong>Veroru,</strong></span> <span class='ocrx_word' id='word_1_750' title='bbox 2692 4678 2811 4730; x_wconf 68' lang='lat' dir='ltr'><strong>pag.</strong></span> <span class='ocrx_word' id='word_1_751' title='bbox 2834 4660 2958 4714; x_wconf 65' lang='lat'><strong>521.</strong></span> <span class='ocrx_word' id='word_1_752' title='bbox 2990 4660 3125 4714; x_wconf 85' lang='lat' dir='ltr'><strong>Vide</strong></span> <span class='ocrx_word' id='word_1_753' title='bbox 3154 4670 3286 4713; x_wconf 84' lang='lat' dir='ltr'><strong>tum.</strong></span> <span class='ocrx_word' id='word_1_754' title='bbox 3312 4658 3381 4713; x_wconf 75' lang='lat' dir='ltr'><strong>XI</strong></span> <span class='ocrx_word' id='word_1_755' title='bbox 3408 4660 3496 4711; x_wconf 83' lang='lat' dir='ltr'><strong>des</strong></span> <span class='ocrx_word' id='word_1_756' title='bbox 3524 4656 3851 4730; x_wconf 70' lang='lat' dir='ltr'><strong>Mentoirrsde</strong></span> 
     </span>
    </p>
   </div>
   <div class='ocr_carea' id='block_1_101' title="bbox 2291 4727 3844 4802">
    <p class='ocr_par' dir='ltr' id='par_1_101' title="bbox 2291 4727 3844 4802">
     <span class='ocr_line' id='line_1_104' title="bbox 2291 4727 3844 4802; baseline -0.008 -13"><span class='ocrx_word' id='word_1_757' title='bbox 2291 4736 2356 4789; x_wconf 83' lang='lat'><strong>1).</strong></span> <span class='ocrx_word' id='word_1_758' title='bbox 2421 4727 2726 4790; x_wconf 28' lang='lat' dir='ltr'><strong>Tillmnont’.</strong></span> <span class='ocrx_word' id='word_1_759' title='bbox 2767 4727 2896 4802; x_wconf 78' lang='lat' dir='ltr'><strong>pag.</strong></span> <span class='ocrx_word' id='word_1_760' title='bbox 2963 4731 3104 4793; x_wconf 71' lang='grc'>554,</span> <span class='ocrx_word' id='word_1_761' title='bbox 3138 4741 3189 4783; x_wconf 90' lang='lat' dir='ltr'><strong>et</strong></span> <span class='ocrx_word' id='word_1_762' title='bbox 3225 4731 3285 4802; x_wconf 45' lang='grc' dir='ltr'><strong>[ᾗ</strong></span> <span class='ocrx_word' id='word_1_763' title='bbox 3316 4731 3535 4784; x_wconf 86' lang='lat' dir='ltr'><strong>Ccillier</strong></span> <span class='ocrx_word' id='word_1_764' title='bbox 3580 4728 3707 4781; x_wconf 74' lang='lat' dir='ltr'><strong>Hist.</strong></span> <span class='ocrx_word' id='word_1_765' title='bbox 3746 4727 3844 4802; x_wconf 14' lang='lat' dir='ltr'><strong>g‘én.</strong></span> 
     </span>
    </p>
   </div>
   <div class='ocr_carea' id='block_1_102' title="bbox 2284 4799 3847 4873">
    <p class='ocr_par' dir='ltr' id='par_1_102' title="bbox 2284 4799 3847 4873">
     <span class='ocr_line' id='line_1_105' title="bbox 2284 4799 3847 4873; baseline -0.009 -14"><span class='ocrx_word' id='word_1_766' title='bbox 2284 4807 2375 4861; x_wconf 83' lang='lat' dir='ltr'><strong>des</strong></span> <span class='ocrx_word' id='word_1_767' title='bbox 2403 4819 2610 4859; x_wconf 75' lang='lat' dir='ltr'><strong>auteurs</strong></span> <span class='ocrx_word' id='word_1_768' title='bbox 2629 4799 3056 4873; x_wconf 67' lang='lat' dir='ltr'><strong>ecctésiaStiqucs,</strong></span> <span class='ocrx_word' id='word_1_769' title='bbox 3077 4813 3209 4855; x_wconf 87' lang='lat' dir='ltr'><strong>tum.</strong></span> <span class='ocrx_word' id='word_1_770' title='bbox 3240 4800 3310 4868; x_wconf 81' lang='grc' dir='ltr'>Χ,</span> <span class='ocrx_word' id='word_1_771' title='bbox 3344 4818 3463 4871; x_wconf 76' lang='lat' dir='ltr'><strong>pag.</strong></span> <span class='ocrx_word' id='word_1_772' title='bbox 3488 4802 3577 4855; x_wconf 76' lang='lat'><strong>8‘2.</strong></span> <span class='ocrx_word' id='word_1_773' title='bbox 3610 4802 3676 4854; x_wconf 80' lang='lat' dir='ltr'><strong>Ita</strong></span> <span class='ocrx_word' id='word_1_774' title='bbox 3703 4799 3847 4850; x_wconf 84' lang='lat' dir='ltr'><strong>abbas</strong></span> 
     </span>
    </p>
   </div>
   <div class='ocr_carea' id='block_1_103' title="bbox 2284 4878 2611 4933">
    <p class='ocr_par' dir='ltr' id='par_1_103' title="bbox 2284 4878 2611 4933">
     <span class='ocr_line' id='line_1_106' title="bbox 2284 4878 2611 4933; baseline -0.018 0"><span class='ocrx_word' id='word_1_775' title='bbox 2284 4878 2611 4933; x_wconf 77' lang='lat' dir='ltr'><strong>Frobenius.</strong></span> 
     </span>
    </p>
   </div>
   <div class='ocr_carea' id='block_1_104' title="bbox 2356 4949 3060 5017">
    <p class='ocr_par' dir='ltr' id='par_1_104' title="bbox 2356 4949 3060 5017">
     <span class='ocr_line' id='line_1_107' title="bbox 2356 4949 3060 5017; baseline -0.007 -14"><span class='ocrx_word' id='word_1_776' title='bbox 2356 4951 2433 5017; x_wconf 75' lang='lat' dir='ltr'><strong>(di</strong></span> <span class='ocrx_word' id='word_1_777' title='bbox 2464 4949 2562 5003; x_wconf 73' lang='lat' dir='ltr'><strong>Alii</strong></span> <span class='ocrx_word' id='word_1_778' title='bbox 2591 4950 2789 5002; x_wconf 86' lang='lat' dir='ltr'><strong>addunt</strong></span> <span class='ocrx_word' id='word_1_779' title='bbox 2819 4962 3060 5001; x_wconf 85' lang='lat' dir='ltr'><strong>manens.</strong></span> 
     </span>
    </p>
   </div>
   <div class='ocr_carea' id='block_1_105' title="bbox 2360 5022 2743 5093">
    <p class='ocr_par' dir='ltr' id='par_1_105' title="bbox 2360 5022 2743 5093">
     <span class='ocr_line' id='line_1_108' title="bbox 2360 5022 2743 5093; baseline -0.01 -16"><span class='ocrx_word' id='word_1_780' title='bbox 2360 5025 2429 5093; x_wconf 81' lang='grc' dir='ltr'><strong>(ε)</strong></span> <span class='ocrx_word' id='word_1_781' title='bbox 2453 5022 2537 5075; x_wconf 80' lang='lat' dir='ltr'><strong>Al.</strong></span> <span class='ocrx_word' id='word_1_782' title='bbox 2570 5022 2743 5075; x_wconf 71' lang='lat' dir='ltr'><strong>Unde.</strong></span> 
     </span>
    </p>
   </div>
   <div class='ocr_carea' id='block_1_106' title="bbox 2355 5092 2964 5163">
    <p class='ocr_par' dir='ltr' id='par_1_106' title="bbox 2355 5092 2964 5163">
     <span class='ocr_line' id='line_1_109' title="bbox 2355 5092 2964 5163; baseline -0.033 -1"><span class='ocrx_word' id='word_1_783' title='bbox 2355 5092 2423 5163; x_wconf 76' lang='lat' dir='ltr'><strong>(fl</strong></span> <span class='ocrx_word' id='word_1_784' title='bbox 2457 5094 2537 5146; x_wconf 71' lang='lat' dir='ltr'><strong>Al.</strong></span> <span class='ocrx_word' id='word_1_785' title='bbox 2569 5092 2964 5161; x_wconf 89' lang='lat' dir='ltr'><strong>compassione.</strong></span> 
     </span>
    </p>
   </div>
   <div class='ocr_carea' id='block_1_107' title="bbox 2355 5165 2710 5238">
    <p class='ocr_par' dir='ltr' id='par_1_107' title="bbox 2355 5165 2710 5238">
     <span class='ocr_line' id='line_1_110' title="bbox 2355 5165 2710 5238; baseline -0.008 -20"><span class='ocrx_word' id='word_1_786' title='bbox 2355 5165 2431 5238; x_wconf 87' lang='lat' dir='ltr'><strong>(g)</strong></span> <span class='ocrx_word' id='word_1_787' title='bbox 2460 5166 2542 5219; x_wconf 85' lang='lat' dir='ltr'><strong>Al.</strong></span> <span class='ocrx_word' id='word_1_788' title='bbox 2581 5173 2710 5218; x_wconf 85' lang='lat' dir='ltr'><strong>tant.</strong></span> 
     </span>
    </p>
   </div>
  </div>
