4056 6340
1181 363 1229 418 J.
1277 363 1601 419 SICHARDI
1639 363 1977 420 EI‘ISTOL.\
2019 362 2576 422 NUNCUPATORIA.
3437 358 3552 425 318A

1137 597 1393 672 [LXXXI]
1446 593 1892 658 LECTIONES
1935 592 2333 669 PROPRUE,

503 736 628 799 pro
659 717 943 782 secundo
971 718 1326 793 Nocturno,
1357 717 1438 780 ad
1471 715 1767 780 Officium
1796 714 2013 782 Sancti
2049 721 2420 783 Cnnoms'm
2451 720 2736 801 episcopi
2770 721 3202 802 Aquileiensis
3237 745 3251 785 :

1437 862 1526 905 EX
1556 861 1847 920 LIBELLO,
1881 861 1990 904 CUI
2023 862 2292 908 TlTULUS
2323 865 2338 904 :

322 967 564 1048 Ofﬁcia
595 967 881 1048 Propria
911 967 1319 1036 Sanctorum,
1351 985 1428 1028 ea:
1455 967 1841 1046 Apostolicw
1863 966 2044 1029 Sedis
2070 966 2358 1043 Indulto,
2399 967 2472 1029 ab
2505 973 2775 1050 utroque
2808 970 3101 1032 Diwcesis
3138 971 3464 1034 Utinensis

1600 1069 1778 1132 Clcro
1822 1069 2167 1133 recitando.

705 1398 814 1454 DIE
855 1397 897 1453 ll
939 1397 1355 1455 DECEMBRIS.

257 1534 322 1590 In
359 1534 527 1592 Festo
585 1535 772 1591 Sancti
810 1537 1110 1593 Cnnountt
1167 1539 1395 1610 episcopi
1436 1536 1797 1609 Aquileiensis.

220 1676 422 1734 LECTIO
470 1677 564 1732 IV.
621 1708 695 1719 -
743 1676 1093 1734 Cunonrms
1140 1692 1248 1732 una
1299 1694 1419 1732 cum
1455 1679 1696 1735 Eusebio
1727 1694 1835 1734 non

295 1782 402 1826 tam
433 1780 639 1826 natura
675 1787 841 1843 quam
895 1787 1110 1826 morum
1154 1773 1469 1842 mqualitate
1499 1787 1780 1843 germano,
1808 1789 1837 1826 a

289 1865 496 1920 teneris
521 1866 690 1920 annis
709 1864 1046 1936 Aquileiensi
1069 1865 1219 1920 clero
1241 1865 1518 1935 ascriptus
1539 1873 1642 1922 est.
1666 1865 1837 1935 Egre-

287 1958 389 2027 giis
419 1966 661 2012 ornatus
705 1957 974 2021 moribus,
1010 1965 1181 2012 totum
1212 1973 1274 2013 se
1324 1957 1435 2012 Deo
1467 1967 1628 2028 atque
1659 1958 1840 2014 eccle-

287 2053 533 2108 siasticis
559 2052 768 2108 studiis
784 2052 1151 2119 consecravit,
1185 2054 1237 2107 in
1258 2053 1545 2123 quibusita
1578 2051 1835 2123 profecit,

291 2155 350 2200 ut
403 2147 554 2202 inter
587 2147 977 2217 Aquileienses
1007 2147 1240 2204 clericos
1281 2147 1536 2203 doctrina
1573 2157 1628 2204 et
1678 2163 1838 2204 sanc-

241 2309 246 2312 ἢ
288 2240 444 2295 litate
478 2241 796 2297 emineret:
824 2242 894 2297 ad
934 2257 1166 2312 quorum
1195 2243 1463 2312 privatam
1487 2244 1747 2312 gloriam,
1781 2255 1843 2300 ut

287 2334 484 2389 scribit
507 2345 742 2390 sanctus
767 2333 1160 2407 Hieronymus,
1197 2336 1420 2406 publica
1452 2335 1569 2391 haec
1603 2337 1844 2392 accessit

289 2436 346 2482 et
374 2436 569 2498 aperta
601 2426 908 2495 confessio,
950 2428 1094 2498 quod
1143 2445 1242 2497 per
1281 2445 1378 2484 eos
1406 2429 1474 2483 ab
1509 2431 1641 2486 urbe
1673 2429 1843 2499 Aqui-

292 2518 487 2574 leiensi
527 2520 722 2574 Ariani
759 2519 1031 2590 dogmatis
1052 2521 1206 2575 virus
1237 2522 1520 2578 exclusum
1553 2522 1674 2579 fuit.
1711 2525 1840 2580 Pre-

292 2613 538 2684 sbytcra
563 2621 767 2668 sancto
783 2598 1075 2668 Valeriano
1104 2615 1414 2680 ordinatus,
1444 2617 1495 2670 in
1525 2617 1642 2687 ejus
1662 2617 1841 2672 locum

1861 1409 1908 1466 A

2009 1397 2264 1456 Ruﬁnum
2296 1400 2676 1472 presbyterum
2703 1445 2717 1469 ,
2773 1411 2830 1456 ut
2877 1403 2999 1458 linis
3028 1403 3251 1460 silentio
3294 1406 3545 1474 impone-

2012 1503 2164 1547 retur
2188 1535 2202 1555 ,
2253 1493 2681 1564 diligentissime
2723 1497 2954 1550 curavit.
2986 1496 3092 1551 Sed
3129 1499 3271 1566 piam
3307 1498 3544 1552 sanctis-

2010 1587 2133 1640 simi
2186 1587 2442 1643 Przesulis
2485 1588 2911 1644 sollicitudinem
2971 1593 3024 1646 in
3074 1591 3270 1660 primis
3316 1593 3544 1663 agnovit

2012 1689 2234 1734 sanctus
2288 1679 2535 1735 Joannes
2583 1679 3055 1753 Chrysostomus,
3114 1684 3273 1753 cujus
3315 1699 3537 1740 causam

2011 1772 2154 1840 apud
2200 1772 2496 1827 Honorium
2537 1774 2929 1844 Imperatorem
2967 1786 3113 1831 tanta
3163 1776 3270 1832 title
3317 1793 3382 1832 ac
3413 1776 3544 1832 reli-

2011 1867 2174 1936 gione
2218 1865 2626 1922 defendendam
2674 1869 2942 1940 suscepit,
2996 1879 3053 1924 ut
3095 1871 3368 1925 sinceram
3400 1871 3546 1926 illius

2012 1976 2073 2014 ac
2103 1958 2406 2016 ferventem
2434 1977 2559 2031 erga
2593 1975 2654 2015 se
2678 1961 3005 2016 charitatem
3037 1962 3341 2017 demiratus
3361 1961 3545 2035 Chry-

2013 2061 2312 2118 sostomus,
2339 2054 2482 2107 datis
2520 2054 2586 2107 ad
2613 2069 2736 2108 eum
2773 2053 2990 2120 litteris,
3023 2056 3384 2110 vehementer
3415 2071 3538 2126 gra-

2018 2147 2221 2202 tulatus
2249 2149 2346 2202 sit.

1945 2238 2150 2295 LEC'IIO
2205 2239 2290 2292 VI.
2341 2265 2414 2280 —-
2455 2238 2744 2295 Sacrarum
2777 2240 3110 2295 Litterarum
3161 2239 3406 2295 studium
3435 2253 3542 2294 cre-

2017 2332 2169 2398 teris,
2194 2348 2316 2403 quae
2339 2343 2557 2404 pastore
2586 2333 2746 2404 digna
2768 2344 2917 2400 sunt,
2941 2334 3266 2388 muneribus
3297 2334 3545 2404 adjnnxit

2015 2443 2276 2497 semper;
2312 2428 2413 2493 vir,
2443 2426 2595 2482 Beati
2637 2429 2951 2500 Hieronymi
2996 2428 3290 2496 sententia,
3327 2430 3545 2499 episco-

2020 2536 2210 2590 porum
2244 2519 2478 2594 (uult)
2521 2522 2926 2586 sanctissimus,
2970 2531 3134 2590 atque
3162 2521 3540 2575 doctissimus.

2020 2613 2150 2681 Ejus
2202 2614 2550 2684 putissimum
2611 2613 2830 2668 hortatu
2884 2615 3024 2668 idem
3075 2613 3312 2670 Sanctus
3341 2615 3545 2670 Doctor

2021 2705 2243 2760 Hebraea
2293 2706 2566 2761 volumina
2599 2705 2768 2760 latino
2822 2721 3077 2761 sermone
3129 2706 3431 2772 transtulit,
3482 2721 3546 2762 ac

2015 2801 2410 2871 Prophetarum
2467 2801 2638 2856 libros
2707 2800 3126 2856 commentariis
3191 2801 3491 2856 illustraiit
3534 2843 3548 2866 ,

2022 2910 2254 2964 quorum
2312 2894 2526 2965 aliquot
2573 2893 2882 2950 Cnaonnn
2960 2895 3180 2948 nomine
3242 2893 3544 2963 inscripsit.

2019 2989 2304 3045 Tractatus
2341 2999 2393 3043 et
2437 2989 2555 3058 lpsc
2580 2989 2754 3044 edidit
2789 2991 2840 3042 in
2891 2989 3248 3057 Evangelium
3282 2986 3546 3055 Matthxi,

2014 3081 2325 3135 et'ttditione
2355 3096 2418 3135 ac
2445 3083 2646 3150 pietate
2674 3080 2936 3149 insignes.
2969 3080 3214 3150 Denique
3234 3095 3357 3133 cum
3378 3078 3549 3146 Aqui-

2017 3175 2276 3230 leiensem
2313 3175 2618 3228 Ecclesium
2661 3190 2832 3228 annos
2882 3174 3260 3243 duodeviginti
3305 3173 3544 3225 sanctis-

2019 3257 2455 3332 simchrexisset,
2495 3269 2558 3321 ad
2592 3269 2872 3322 caelestem
2915 3267 3081 3321 vitam
3135 3274 3334 3336 quarto
3366 3263 3550 3319 Nonas

2026 3361 2340 3416 Decembris
2367 3362 2644 3431 migravit.

293 2705 573 2761 sull'ectus
592 2714 704 2771 est,
729 2715 893 2778 atque
911 2723 937 2758 a
969 2715 1160 2761 sancto
1185 2708 1472 2764 Ambrosio
1487 2720 1843 2766 consecratus

298 2795 471 2852 fuisse
505 2797 855 2866 perhibetur.
1867 2810 1914 2868 B

231 2890 433 2948 LECTIO
469 2891 532 2944 V.
575 2921 652 2933 —
682 2891 881 2947 Factus
920 2895 1213 2963 episcopus
1244 2935 1257 2955 ,
1306 2893 1578 2950 Nic-.cnam
1627 2893 1789 2951 fidem
1823 2937 1836 2961 ,

295 2998 349 3041 e'
387 2985 746 3050 tliSt'iplinmtt
800 2987 1224 3042 ecclesiasticam
1277 2990 1544 3042 acerrime
1569 2991 1836 3045 defendit.

297 3078 670 3147 Origenianos
712 3094 935 3134 errOres
964 3081 1033 3134 ab
1065 3082 1213 3134 omni
1249 3089 1356 3135 tam
1387 3080 1652 3150 Orientis,
1679 3099 1838 3150 quant

299 3172 627 3228 Occidentis
703 3171 1116 3228 Catholicorunt
1171 3174 1384 3246 synodo
1462 3177 1837 3244 proscriptos,

303 3267 421 3333 pari
468 3274 526 3320 et
574 3267 692 3333 ipse
743 3268 1015 3322 sententia
1041 3283 1162 3321 cum
1195 3277 1383 3322 sancto
1419 3270 1710 3323 Anastasio
1737 3270 1844 3323 Ro—

305 3373 469 3412 mano
499 3358 775 3412 Pontilice
803 3359 1081 3413 damnavit
1114 3379 1124 3413 :
1157 3361 1471 3431 exortisque
1499 3361 1624 3416 inde
1653 3362 1843 3416 simul-

305 3449 509 3503 tatibus
558 3450 706 3504 inter
761 3449 1015 3505 eumdem
1073 3449 1358 3508 doctorem
1408 3453 1746 3518 maximum,
1791 3463 1843 3508 et

1365 3688 1668 3764 [Lxxxm]
1696 3688 1744 3746 Τ
1766 3686 2105 3751 ITULUS

354 3805 588 3866 Primte
618 3802 919 3866 editionis
949 3803 1351 3885 Scriptorum
1380 3810 1584 3869 sancti
1617 3808 1986 3871 CHROMATII
2011 3812 2311 3892 Episcopi
2334 3811 2793 3891 Aquileiensis.
2819 3827 2946 3872 una
2975 3827 3117 3870 cum
3149 3805 3432 3886 Epistola

1320 3935 1796 4012 nuncupatoria
1824 3934 2095 3997 Joannis
2131 3935 2443 3998 Sichardi.

1648 4098 2101 4161 CHROMATII
2129 4144 2146 4173 ,

1385 4221 1733 4284 doctissimi
1768 4221 2067 4300 Episc0pi
2099 4223 2371 4283 Romani
2401 4265 2418 4294 ,

508 4365 576 4410 IN
609 4365 640 4406 ν
679 4365 763 4407 ΕΤ
799 4364 882 4409 γι.
923 4362 1130 4410 CAPUT
1161 4365 1474 4413 ΜΔΤΤΗΔΞῘ
1504 4365 1949 4426 DISSERTATIO,
1973 4364 2186 4419 ATQUE
2218 4365 2283 4409 IN
2313 4363 2534 4409 EODEM
2563 4363 2820 4408 GENERE
2855 4355 3298 4404 DECLAMATIO.

1287 4472 1444 4548 Quae
1473 4490 1644 4534 nunc
1671 4469 1954 4554 primum
1983 4478 2138 4537 sunt
2167 4477 2232 4535 et
2263 4479 2449 4536 eruta
2481 4519 2498 4549 ,

1288 4577 1368 4638 Et
1396 4578 1457 4640 in
1493 4578 1704 4640 lucem
1735 4577 1934 4651 edita,
1971 4577 2244 4641 Basileaa
2274 4595 2392 4658 per

1290 4680 1609 4744 Adamum
1641 4681 1928 4754 Petrum,
1960 4681 2184 4746 Mense
2215 4680 2477 4755 Martio,

1809 4805 1998 4868 Anno

1671 4929 1741 4984 Μ.
1783 4927 1853 4986 D.
1894 4928 2138 4987 XXVIII.

1450 5046 1854 5127 Cum_gratia
1888 5052 1946 5107 et
1981 5045 2351 5126 privilegio.

568 5345 906 5404 EPISTOLA
944 5343 1504 5402 NUNCUPATORIA.

246 5441 836 5506 Slctsuuaboltsusco,
871 5437 1122 5506 Patricio,
1152 5447 1199 5491 et
1226 5437 1433 5492 Decano
1468 5435 1720 5491 Ecclesia:
1741 5435 1849 5489 divi

316 5537 558 5594 Mam-itii
576 5531 720 5604 apud
733 5534 952 5605 August.
970 5529 1244 5593 Vindelic.,
1265 5528 1507 5586 Jomnes
1520 5529 1849 5586 SICHARDUS.

319 5632 436 5686 Non
469 5647 586 5684 sum
615 5643 681 5682 ex
713 5643 888 5680 eorum
918 5641 1148 5688 numero,
1182 5623 1554 5678 humanissime
1607 5621 1862 5694 Ilsunge,

246 5729 328 5798 qui
376 5743 441 5781 ex
491 5727 778 5790 litterarum
820 5719 981 5791 o/ﬁcio
1034 5717 1316 5773 amicitiam
1371 5731 1690 5792 magnopere
1748 5732 1854 5770 me-

251 5823 426 5885 tiatur,
489 5819 689 5891 alioqui
735 5821 852 5891 jam
903 5816 1097 5887 pridem
1126 5832 1260 5870 ante
1297 5811 1390 5868 tibi
1421 5819 1556 5870 esset
1603 5809 1852 5864 remissus

250 5916 481 5985 nuntius,
514 5913 604 5988 qui
631 5920 744 5985 post
775 5910 1112 5968 arctissimam
1144 5907 1564 5982 familiaritatem
1599 5906 1731 5960 inter
1762 5920 1853 5960 nos

1959 5345 2261 5398 suavissime
2291 5360 2490 5400 summa
2517 5345 2832 5410 animorum,
2863 5343 3300 5413 consiliorumque
3346 5336 3576 5392 omnium

1960 5455 2212 5492 consensu
2240 5448 2431 5503 actam,
2465 5455 2569 5493 non
2597 5438 2828 5505 potueris
2857 5435 3064 5491 tandem
3097 5436 3353 5505 imperare
3375 5429 3488 5494 tibi,
3522 5439 3577 5480 ut

1961 5532 2039 5584 vel
2069 5535 2131 5585 de
2159 5532 2530 5600 ﬂorentissima
2555 5547 2635 5586 me
2676 5536 3007 5604 fortunarum
3040 5541 3249 5582 tuarum
3285 5523 3577 5577 accessione

1958 5625 2200 5679 redderes
2221 5627 2493 5680 certiorem
2518 5643 2538 5693 ;
2570 5625 2626 5678 id
2648 5625 2787 5696 quod
2813 5627 2977 5679 solent
3011 5623 3142 5676 alias
3170 5620 3259 5690 qui
3286 5616 3367 5670 vel
3398 5614 3581 5684 (evitet;

1958 5728 2162 5785 amant,
2191 5719 2394 5773 scilicet
2427 5710 2545 5773 eum
2577 5735 2679 5772 non
2707 5717 2972 5790 vulgarem
2995 5712 3303 5766 arbitrantes
3338 5705 3578 5760 lautioris

1958 5814 2190 5883 [artuum
2214 5815 2464 5883 fructum,
2493 5831 2553 5868 ea
2577 5814 2622 5866 si
2641 5811 3045 5881 quamplurtmts
3067 5807 3372 5859 innotescat.
3395 5799 3579 5868 Quan-

1961 5907 2070 5964 tulo
2124 5912 2264 5967 enim
2315 5912 2378 5967 ab
2426 5912 2552 5984 ipsis
2601 5907 2841 5967 sordibus
2889 5907 3142 5979 ignorata:
3182 5901 3400 5978 distant
3448 5895 3588 5970 divi-3
