  <div class='ocr_page' id='page_1' title='image "/cluster/home/n/w/nwhite01/storage/ocr_20150623/20/hvd.32044015471352/165.png"; bbox 0 0 4056 6340; ppageno 0'>
   <div class='ocr_carea' id='block_1_1' title="bbox 460 347 569 406">
    <p class='ocr_par' dir='ltr' id='par_1_1' title="bbox 460 347 569 406">
     <span class='ocr_line' id='line_1_1' title="bbox 460 347 569 406; baseline 0.018 -2"><span class='ocrx_word' id='word_1_1' title='bbox 460 347 569 406; x_wconf 72' lang='grc'><strong><em>519</em></strong></span> 
     </span>
    </p>
   </div>
   <div class='ocr_carea' id='block_1_2' title="bbox 1501 335 2740 409">
    <p class='ocr_par' dir='ltr' id='par_1_2' title="bbox 1501 335 2740 409">
     <span class='ocr_line' id='line_1_2' title="bbox 1501 335 2740 409; baseline -0.006 -9"><span class='ocrx_word' id='word_1_2' title='bbox 1501 341 1561 400; x_wconf 85' lang='lat' dir='ltr'><strong><em>S.</em></strong></span> <span class='ocrx_word' id='word_1_3' title='bbox 1602 336 2052 400; x_wconf 75' lang='lat' dir='ltr'><strong><em>CHROMATIUS</em></strong></span> <span class='ocrx_word' id='word_1_4' title='bbox 2090 338 2201 396; x_wconf 83' lang='grc' dir='ltr'><strong><em>ΕΡ.</em></strong></span> <span class='ocrx_word' id='word_1_5' title='bbox 2238 335 2740 409; x_wconf 81' lang='lat' dir='ltr'><strong><em>AQUILEIENSIS.</em></strong></span> 
     </span>
    </p>
   </div>
   <div class='ocr_carea' id='block_1_3' title="bbox 3664 335 3772 394">
    <p class='ocr_par' dir='ltr' id='par_1_3' title="bbox 3664 335 3772 394">
     <span class='ocr_line' id='line_1_3' title="bbox 3664 335 3772 394; baseline -0.009 0"><span class='ocrx_word' id='word_1_6' title='bbox 3664 335 3772 394; x_wconf 73' lang='lat'><strong><em>520</em></strong></span> 
     </span>
    </p>
   </div>
   <div class='ocr_carea' id='block_1_4' title="bbox 456 452 3774 536">
    <p class='ocr_par' dir='ltr' id='par_1_4' title="bbox 456 452 3774 536">
     <span class='ocr_line' id='line_1_4' title="bbox 456 452 3774 536; baseline -0.004 -15"><span class='ocrx_word' id='word_1_7' title='bbox 456 466 545 522; x_wconf 70' lang='lat' dir='ltr'><strong><em>tite</em></strong></span> <span class='ocrx_word' id='word_1_8' title='bbox 563 466 590 522; x_wconf 81' lang='lat'><strong><em>?</em></strong></span> <span class='ocrx_word' id='word_1_9' title='bbox 619 463 698 520; x_wconf 85' lang='lat' dir='ltr'><strong><em>Tu</em></strong></span> <span class='ocrx_word' id='word_1_10' title='bbox 723 480 844 521; x_wconf 90' lang='lat' dir='ltr'><strong><em>vero</em></strong></span> <span class='ocrx_word' id='word_1_11' title='bbox 870 473 1142 536; x_wconf 75' lang='lat' dir='ltr'><strong><em>postquam</em></strong></span> <span class='ocrx_word' id='word_1_12' title='bbox 1168 462 1288 517; x_wconf 85' lang='lat' dir='ltr'><strong><em>hinc</em></strong></span> <span class='ocrx_word' id='word_1_13' title='bbox 1316 459 1594 515; x_wconf 84' lang='lat' dir='ltr'><strong><em>Patavium</em></strong></span> <span class='ocrx_word' id='word_1_14' title='bbox 1634 458 1927 513; x_wconf 73' lang='lat' dir='ltr'><strong><em>concessisti</em></strong></span> <span class='ocrx_word' id='word_1_15' title='bbox 1956 474 2061 512; x_wconf 91' lang='lat' dir='ltr'><strong><em>una</em></strong></span> <span class='ocrx_word' id='word_1_16' title='bbox 2088 460 2141 519; x_wconf 82' lang='grc' dir='ltr'><strong>Α</strong></span> <span class='ocrx_word' id='word_1_17' title='bbox 2165 472 2287 510; x_wconf 92' lang='lat' dir='ltr'><strong><em>sane</em></strong></span> <span class='ocrx_word' id='word_1_18' title='bbox 2309 455 2598 527; x_wconf 88' lang='lat' dir='ltr'><strong><em>plurimum</em></strong></span> <span class='ocrx_word' id='word_1_19' title='bbox 2624 453 2840 509; x_wconf 70' lang='lat' dir='ltr'><strong><em>Malitia:</em></strong></span> <span class='ocrx_word' id='word_1_20' title='bbox 2863 469 2895 508; x_wconf 92' lang='lat' dir='ltr'><strong><em>a</em></strong></span> <span class='ocrx_word' id='word_1_21' title='bbox 2924 452 3266 516; x_wconf 70' lang='lat' dir='ltr'><strong><em>Sarazcastro,</em></strong></span> <span class='ocrx_word' id='word_1_22' title='bbox 3300 452 3642 509; x_wconf 83' lang='lat' dir='ltr'><strong><em>Treverorum</em></strong></span> <span class='ocrx_word' id='word_1_23' title='bbox 3675 452 3774 526; x_wconf 77' lang='lat' dir='ltr'><strong><em>0f-</em></strong></span> 
     </span>
    </p>
   </div>
   <div class='ocr_carea' id='block_1_5' title="bbox 459 550 2062 622">
    <p class='ocr_par' dir='ltr' id='par_1_5' title="bbox 459 550 2062 622">
     <span class='ocr_line' id='line_1_5' title="bbox 459 550 2062 622; baseline -0.006 -9"><span class='ocrx_word' id='word_1_24' title='bbox 459 575 577 614; x_wconf 89' lang='lat' dir='ltr'><strong><em>cum</em></strong></span> <span class='ocrx_word' id='word_1_25' title='bbox 621 558 859 614; x_wconf 90' lang='lat' dir='ltr'><strong><em>Servatio</em></strong></span> <span class='ocrx_word' id='word_1_26' title='bbox 887 574 919 610; x_wconf 89' lang='lat' dir='ltr'><strong><em>a</em></strong></span> <span class='ocrx_word' id='word_1_27' title='bbox 950 553 1303 622; x_wconf 77' lang='lat' dir='ltr'><strong><em>Scibolsdori,</em></strong></span> <span class='ocrx_word' id='word_1_28' title='bbox 1352 551 1684 607; x_wconf 87' lang='lat' dir='ltr'><strong><em>ornatissimo</em></strong></span> <span class='ocrx_word' id='word_1_29' title='bbox 1714 550 2062 614; x_wconf 71' lang='lat' dir='ltr'><strong><em>adolescente,</em></strong></span> 
     </span>
    </p>
   </div>
   <div class='ocr_carea' id='block_1_6' title="bbox 460 642 2062 723">
    <p class='ocr_par' dir='ltr' id='par_1_6' title="bbox 460 642 2062 723">
     <span class='ocr_line' id='line_1_6' title="bbox 460 642 2062 723; baseline -0.005 -17"><span class='ocrx_word' id='word_1_30' title='bbox 460 668 522 706; x_wconf 89' lang='lat' dir='ltr'><strong><em>ne</em></strong></span> <span class='ocrx_word' id='word_1_31' title='bbox 547 651 758 723; x_wconf 91' lang='lat' dir='ltr'><strong><em>quidem</em></strong></span> <span class='ocrx_word' id='word_1_32' title='bbox 780 650 986 705; x_wconf 83' lang='lat' dir='ltr'><strong><em>interim</em></strong></span> <span class='ocrx_word' id='word_1_33' title='bbox 1012 648 1081 702; x_wconf 94' lang='lat' dir='ltr'><strong><em>ad</em></strong></span> <span class='ocrx_word' id='word_1_34' title='bbox 1102 665 1180 701; x_wconf 90' lang='lat' dir='ltr'><strong><em>me</em></strong></span> <span class='ocrx_word' id='word_1_35' title='bbox 1200 646 1265 701; x_wconf 90' lang='lat' dir='ltr'><strong><em>de</em></strong></span> <span class='ocrx_word' id='word_1_36' title='bbox 1284 644 1637 700; x_wconf 74' lang='lat' dir='ltr'><strong><em>communibus</em></strong></span> <span class='ocrx_word' id='word_1_37' title='bbox 1660 643 1809 697; x_wconf 83' lang='lat' dir='ltr'><strong><em>rebus</em></strong></span> <span class='ocrx_word' id='word_1_38' title='bbox 1832 642 2062 698; x_wconf 86' lang='lat' dir='ltr'><strong><em>verbum.</em></strong></span> 
     </span>
    </p>
   </div>
   <div class='ocr_carea' id='block_1_7' title="bbox 464 737 2061 817">
    <p class='ocr_par' dir='ltr' id='par_1_7' title="bbox 464 737 2061 817">
     <span class='ocr_line' id='line_1_7' title="bbox 464 737 2061 817; baseline -0.007 -17"><span class='ocrx_word' id='word_1_39' title='bbox 464 745 619 814; x_wconf 83' lang='lat' dir='ltr'><strong><em>Quod</em></strong></span> <span class='ocrx_word' id='word_1_40' title='bbox 676 756 731 800; x_wconf 93' lang='lat' dir='ltr'><strong><em>ut</em></strong></span> <span class='ocrx_word' id='word_1_41' title='bbox 779 760 884 798; x_wconf 89' lang='lat' dir='ltr'><strong><em>non</em></strong></span> <span class='ocrx_word' id='word_1_42' title='bbox 930 738 1217 817; x_wconf 78' lang='lat' dir='ltr'><strong><em>[Lxxxw]</em></strong></span> <span class='ocrx_word' id='word_1_43' title='bbox 1255 739 1377 794; x_wconf 89' lang='lat' dir='ltr'><strong><em>libet</em></strong></span> <span class='ocrx_word' id='word_1_44' title='bbox 1427 737 1634 812; x_wconf 83' lang='lat' dir='ltr'><strong><em>gravius</em></strong></span> <span class='ocrx_word' id='word_1_45' title='bbox 1679 737 2061 803; x_wconf 79' lang='lat' dir='ltr'><strong><em>interpretari,</em></strong></span> 
     </span>
    </p>
   </div>
   <div class='ocr_carea' id='block_1_8' title="bbox 461 830 2068 908">
    <p class='ocr_par' dir='ltr' id='par_1_8' title="bbox 461 830 2068 908">
     <span class='ocr_line' id='line_1_8' title="bbox 461 830 2068 908; baseline -0.006 -17"><span class='ocrx_word' id='word_1_46' title='bbox 461 839 537 893; x_wconf 88' lang='lat' dir='ltr'><strong><em>ita</em></strong></span> <span class='ocrx_word' id='word_1_47' title='bbox 584 849 753 908; x_wconf 86' lang='lat' dir='ltr'><strong><em>partes</em></strong></span> <span class='ocrx_word' id='word_1_48' title='bbox 783 835 913 891; x_wconf 72' lang='lat' dir='ltr'><strong><em>milii</em></strong></span> <span class='ocrx_word' id='word_1_49' title='bbox 953 836 1195 889; x_wconf 86' lang='lat' dir='ltr'><strong><em>videntur</em></strong></span> <span class='ocrx_word' id='word_1_50' title='bbox 1221 842 1342 895; x_wconf 81' lang='lat' dir='ltr'><strong><em>tute,</em></strong></span> <span class='ocrx_word' id='word_1_51' title='bbox 1372 846 1475 886; x_wconf 87' lang='lat' dir='ltr'><strong><em>non</em></strong></span> <span class='ocrx_word' id='word_1_52' title='bbox 1502 830 1815 883; x_wconf 80' lang='lat' dir='ltr'><strong><em>committere</em></strong></span> <span class='ocrx_word' id='word_1_53' title='bbox 1853 839 1909 883; x_wconf 84' lang='lat' dir='ltr'><strong><em>ut</em></strong></span> <span class='ocrx_word' id='word_1_54' title='bbox 1936 830 2068 883; x_wconf 85' lang='lat' dir='ltr'><strong><em>ami-</em></strong></span> 
     </span>
    </p>
   </div>
   <div class='ocr_carea' id='block_1_9' title="bbox 463 921 2071 1001">
    <p class='ocr_par' dir='ltr' id='par_1_9' title="bbox 463 921 2071 1001">
     <span class='ocr_line' id='line_1_9' title="bbox 463 921 2071 1001; baseline -0.005 -18"><span class='ocrx_word' id='word_1_55' title='bbox 463 930 609 997; x_wconf 83' lang='lat' dir='ltr'><strong><em>citia,</em></strong></span> <span class='ocrx_word' id='word_1_56' title='bbox 633 943 750 1001; x_wconf 75' lang='lat' dir='ltr'><strong><em>qute</em></strong></span> <span class='ocrx_word' id='word_1_57' title='bbox 780 927 976 1001; x_wconf 86' lang='lat' dir='ltr'><strong><em>magnis</em></strong></span> <span class='ocrx_word' id='word_1_58' title='bbox 1003 927 1142 980; x_wconf 88' lang='lat' dir='ltr'><strong><em>ultro</em></strong></span> <span class='ocrx_word' id='word_1_59' title='bbox 1164 924 1392 995; x_wconf 86' lang='lat' dir='ltr'><strong><em>citroque</em></strong></span> <span class='ocrx_word' id='word_1_60' title='bbox 1421 922 1679 991; x_wconf 79' lang='lat' dir='ltr'><strong><em>beneﬁciis</em></strong></span> <span class='ocrx_word' id='word_1_61' title='bbox 1711 921 1926 985; x_wconf 89' lang='lat' dir='ltr'><strong><em>coaluit,</em></strong></span> <span class='ocrx_word' id='word_1_62' title='bbox 1952 938 2071 992; x_wconf 89' lang='lat' dir='ltr'><strong><em>per-</em></strong></span> 
     </span>
    </p>
   </div>
   <div class='ocr_carea' id='block_1_10' title="bbox 469 1013 2070 1087">
    <p class='ocr_par' dir='ltr' id='par_1_10' title="bbox 469 1013 2070 1087">
     <span class='ocr_line' id='line_1_10' title="bbox 469 1013 2070 1087; baseline -0.006 -11"><span class='ocrx_word' id='word_1_63' title='bbox 469 1022 628 1077; x_wconf 88' lang='lat' dir='ltr'><strong><em>tinaci</em></strong></span> <span class='ocrx_word' id='word_1_64' title='bbox 662 1022 754 1076; x_wconf 88' lang='lat' dir='ltr'><strong><em>illo</em></strong></span> <span class='ocrx_word' id='word_1_65' title='bbox 795 1020 1000 1075; x_wconf 87' lang='lat' dir='ltr'><strong><em>silentio</em></strong></span> <span class='ocrx_word' id='word_1_66' title='bbox 1028 1017 1272 1072; x_wconf 72' lang='lat' dir='ltr'><strong><em>dissiliat.</em></strong></span> <span class='ocrx_word' id='word_1_67' title='bbox 1309 1014 1421 1087; x_wconf 86' lang='lat' dir='ltr'><strong><em>Ego</em></strong></span> <span class='ocrx_word' id='word_1_68' title='bbox 1448 1031 1571 1069; x_wconf 89' lang='lat' dir='ltr'><strong><em>sane</em></strong></span> <span class='ocrx_word' id='word_1_69' title='bbox 1599 1013 1667 1067; x_wconf 87' lang='lat' dir='ltr'><strong><em>ad</em></strong></span> <span class='ocrx_word' id='word_1_70' title='bbox 1695 1031 1773 1067; x_wconf 91' lang='lat' dir='ltr'><strong><em>me</em></strong></span> <span class='ocrx_word' id='word_1_71' title='bbox 1797 1013 1936 1083; x_wconf 88' lang='lat' dir='ltr'><strong><em>quod</em></strong></span> <span class='ocrx_word' id='word_1_72' title='bbox 1963 1030 2070 1083; x_wconf 87' lang='lat' dir='ltr'><strong><em>per-</em></strong></span> 
     </span>
    </p>
   </div>
   <div class='ocr_carea' id='block_1_11' title="bbox 467 1106 2067 1177">
    <p class='ocr_par' dir='ltr' id='par_1_11' title="bbox 467 1106 2067 1177">
     <span class='ocr_line' id='line_1_11' title="bbox 467 1106 2067 1177; baseline -0.005 -9"><span class='ocrx_word' id='word_1_73' title='bbox 467 1113 616 1177; x_wconf 86' lang='lat' dir='ltr'><strong><em>tinet,</em></strong></span> <span class='ocrx_word' id='word_1_74' title='bbox 648 1114 719 1167; x_wconf 91' lang='lat' dir='ltr'><strong><em>ita</em></strong></span> <span class='ocrx_word' id='word_1_75' title='bbox 748 1114 903 1166; x_wconf 90' lang='lat' dir='ltr'><strong><em>etiam</em></strong></span> <span class='ocrx_word' id='word_1_76' title='bbox 933 1127 1067 1165; x_wconf 88' lang='lat' dir='ltr'><strong><em>nunc</em></strong></span> <span class='ocrx_word' id='word_1_77' title='bbox 1116 1110 1443 1163; x_wconf 80' lang='lat' dir='ltr'><strong><em>dulcissimos</em></strong></span> <span class='ocrx_word' id='word_1_78' title='bbox 1492 1106 1712 1161; x_wconf 80' lang='lat' dir='ltr'><strong><em>absentis</em></strong></span> <span class='ocrx_word' id='word_1_79' title='bbox 1746 1106 1819 1160; x_wconf 89' lang='lat' dir='ltr'><strong><em>tui</em></strong></span> <span class='ocrx_word' id='word_1_80' title='bbox 1879 1122 2067 1172; x_wconf 87' lang='lat' dir='ltr'><strong><em>mores,</em></strong></span> 
     </span>
    </p>
   </div>
   <div class='ocr_carea' id='block_1_12' title="bbox 471 1200 2075 1279">
    <p class='ocr_par' dir='ltr' id='par_1_12' title="bbox 471 1200 2075 1279">
     <span class='ocr_line' id='line_1_12' title="bbox 471 1200 2075 1279; baseline -0.005 -18"><span class='ocrx_word' id='word_1_81' title='bbox 471 1208 836 1279; x_wconf 84' lang='lat' dir='ltr'><strong><em>ingeniumque</em></strong></span> <span class='ocrx_word' id='word_1_82' title='bbox 876 1204 1176 1269; x_wconf 70' lang='lat' dir='ltr'><strong><em>exosculor,</em></strong></span> <span class='ocrx_word' id='word_1_83' title='bbox 1222 1212 1277 1257; x_wconf 89' lang='lat' dir='ltr'><strong><em>ut</em></strong></span> <span class='ocrx_word' id='word_1_84' title='bbox 1321 1202 1390 1257; x_wconf 93' lang='lat' dir='ltr'><strong><em>ad</em></strong></span> <span class='ocrx_word' id='word_1_85' title='bbox 1410 1200 1636 1256; x_wconf 91' lang='lat' dir='ltr'><strong><em>solidam</em></strong></span> <span class='ocrx_word' id='word_1_86' title='bbox 1661 1201 1960 1271; x_wconf 80' lang='lat' dir='ltr'><strong><em>felicitatem</em></strong></span> <span class='ocrx_word' id='word_1_87' title='bbox 1988 1202 2075 1254; x_wconf 82' lang='lat' dir='ltr'><strong><em>via:</em></strong></span> 
     </span>
    </p>
   </div>
   <div class='ocr_carea' id='block_1_13' title="bbox 468 1294 2073 1373">
    <p class='ocr_par' dir='ltr' id='par_1_13' title="bbox 468 1294 2073 1373">
     <span class='ocr_line' id='line_1_13' title="bbox 468 1294 2073 1373; baseline -0.005 -16"><span class='ocrx_word' id='word_1_88' title='bbox 468 1318 616 1373; x_wconf 67' lang='lat' dir='ltr'><strong><em>atque</em></strong></span> <span class='ocrx_word' id='word_1_89' title='bbox 641 1302 923 1372; x_wconf 85' lang='lat' dir='ltr'><strong><em>quidquam</em></strong></span> <span class='ocrx_word' id='word_1_90' title='bbox 956 1298 1131 1353; x_wconf 87' lang='lat' dir='ltr'><strong><em>deesse</em></strong></span> <span class='ocrx_word' id='word_1_91' title='bbox 1165 1296 1292 1351; x_wconf 84' lang='lat' dir='ltr'><strong><em>mihi</em></strong></span> <span class='ocrx_word' id='word_1_92' title='bbox 1322 1298 1685 1366; x_wconf 88' lang='lat' dir='ltr'><strong><em>persuadeam,</em></strong></span> <span class='ocrx_word' id='word_1_93' title='bbox 1718 1311 1779 1348; x_wconf 90' lang='lat' dir='ltr'><strong><em>ac</em></strong></span> <span class='ocrx_word' id='word_1_94' title='bbox 1798 1295 1875 1349; x_wconf 90' lang='lat' dir='ltr'><strong><em>tui</em></strong></span> <span class='ocrx_word' id='word_1_95' title='bbox 1890 1294 2073 1349; x_wconf 85' lang='lat' dir='ltr'><strong><em>similis</em></strong></span> 
     </span>
    </p>
   </div>
   <div class='ocr_carea' id='block_1_14' title="bbox 470 1387 2075 1465">
    <p class='ocr_par' dir='ltr' id='par_1_14' title="bbox 470 1387 2075 1465">
     <span class='ocr_line' id='line_1_14' title="bbox 470 1387 2075 1465; baseline -0.005 -18"><span class='ocrx_word' id='word_1_96' title='bbox 470 1393 706 1465; x_wconf 86' lang='lat' dir='ltr'><strong><em>alicujus</em></strong></span> <span class='ocrx_word' id='word_1_97' title='bbox 756 1391 1292 1446; x_wconf 88' lang='lat' dir='ltr'><strong><em>contubernalitatent.</em></strong></span> <span class='ocrx_word' id='word_1_98' title='bbox 1352 1387 1516 1461; x_wconf 86' lang='lat' dir='ltr'><strong><em>Cujus</em></strong></span> <span class='ocrx_word' id='word_1_99' title='bbox 1547 1388 1622 1441; x_wconf 89' lang='lat' dir='ltr'><strong><em>rei</em></strong></span> <span class='ocrx_word' id='word_1_100' title='bbox 1650 1397 1953 1458; x_wconf 90' lang='lat' dir='ltr'><strong><em>argumento</em></strong></span> <span class='ocrx_word' id='word_1_101' title='bbox 1979 1387 2075 1439; x_wconf 89' lang='lat' dir='ltr'><strong><em>erit</em></strong></span> 
     </span>
    </p>
   </div>
   <div class='ocr_carea' id='block_1_15' title="bbox 469 1477 2077 1547">
    <p class='ocr_par' dir='ltr' id='par_1_15' title="bbox 469 1477 2077 1547">
     <span class='ocr_line' id='line_1_15' title="bbox 469 1477 2077 1547; baseline -0.007 -5"><span class='ocrx_word' id='word_1_102' title='bbox 469 1484 825 1542; x_wconf 59' lang='lat' dir='ltr'><strong><em>Cenomanos</em></strong></span> <span class='ocrx_word' id='word_1_103' title='bbox 861 1485 1160 1547; x_wconf 85' lang='lat' dir='ltr'><strong><em>liicnoster,</em></strong></span> <span class='ocrx_word' id='word_1_104' title='bbox 1201 1498 1304 1536; x_wconf 91' lang='lat' dir='ltr'><strong><em>non</em></strong></span> <span class='ocrx_word' id='word_1_105' title='bbox 1342 1497 1456 1535; x_wconf 90' lang='lat' dir='ltr'><strong><em>meo</em></strong></span> <span class='ocrx_word' id='word_1_106' title='bbox 1502 1490 1721 1546; x_wconf 86' lang='lat' dir='ltr'><strong><em>tantum,</em></strong></span> <span class='ocrx_word' id='word_1_107' title='bbox 1763 1479 1852 1533; x_wconf 88' lang='lat' dir='ltr'><strong><em>sed</em></strong></span> <span class='ocrx_word' id='word_1_108' title='bbox 1898 1489 1946 1533; x_wconf 88' lang='lat' dir='ltr'><strong><em>et</em></strong></span> <span class='ocrx_word' id='word_1_109' title='bbox 1970 1477 2077 1531; x_wconf 87' lang='lat' dir='ltr'><strong><em>divi</em></strong></span> 
     </span>
    </p>
   </div>
   <div class='ocr_carea' id='block_1_16' title="bbox 478 1572 2077 1649">
    <p class='ocr_par' dir='ltr' id='par_1_16' title="bbox 478 1572 2077 1649">
     <span class='ocr_line' id='line_1_16' title="bbox 478 1572 2077 1649; baseline -0.008 -15"><span class='ocrx_word' id='word_1_110' title='bbox 478 1577 784 1649; x_wconf 73' lang='lat' dir='ltr'><strong><em>Hieronymi</em></strong></span> <span class='ocrx_word' id='word_1_111' title='bbox 828 1577 1045 1648; x_wconf 86' lang='lat' dir='ltr'><strong><em>judicio</em></strong></span> <span class='ocrx_word' id='word_1_112' title='bbox 1100 1575 1462 1645; x_wconf 89' lang='lat' dir='ltr'><strong><em>episcoporum</em></strong></span> <span class='ocrx_word' id='word_1_113' title='bbox 1518 1572 1870 1637; x_wconf 88' lang='lat' dir='ltr'><strong><em>doctissimus,</em></strong></span> <span class='ocrx_word' id='word_1_114' title='bbox 1927 1585 2077 1641; x_wconf 84' lang='lat' dir='ltr'><strong><em>quem</em></strong></span> 
     </span>
    </p>
   </div>
   <div class='ocr_carea' id='block_1_17' title="bbox 470 1666 2077 1743">
    <p class='ocr_par' dir='ltr' id='par_1_17' title="bbox 470 1666 2077 1743">
     <span class='ocr_line' id='line_1_17' title="bbox 470 1666 2077 1743; baseline -0.007 -18"><span class='ocrx_word' id='word_1_115' title='bbox 470 1670 813 1743; x_wconf 83' lang='lat' dir='ltr'><strong><em>nuncupatim</em></strong></span> <span class='ocrx_word' id='word_1_116' title='bbox 868 1669 958 1724; x_wconf 87' lang='lat' dir='ltr'><strong><em>tibi</em></strong></span> <span class='ocrx_word' id='word_1_117' title='bbox 1006 1666 1361 1730; x_wconf 85' lang='lat' dir='ltr'><strong><em>inscribimus,</em></strong></span> <span class='ocrx_word' id='word_1_118' title='bbox 1421 1679 1539 1717; x_wconf 89' lang='lat' dir='ltr'><strong><em>cum</em></strong></span> <span class='ocrx_word' id='word_1_119' title='bbox 1604 1672 1661 1716; x_wconf 89' lang='lat' dir='ltr'><strong><em>ut</em></strong></span> <span class='ocrx_word' id='word_1_120' title='bbox 1720 1677 2077 1734; x_wconf 75' lang='lat' dir='ltr'><strong><em>expugnemus</em></strong></span> 
     </span>
    </p>
   </div>
   <div class='ocr_carea' id='block_1_18' title="bbox 474 1758 2081 1825">
    <p class='ocr_par' dir='ltr' id='par_1_18' title="bbox 474 1758 2081 1825">
     <span class='ocr_line' id='line_1_18' title="bbox 474 1758 2081 1825; baseline -0.006 -9"><span class='ocrx_word' id='word_1_121' title='bbox 474 1762 665 1816; x_wconf 87' lang='lat' dir='ltr'><strong><em>diutini</em></strong></span> <span class='ocrx_word' id='word_1_122' title='bbox 707 1760 846 1817; x_wconf 87' lang='lat' dir='ltr'><strong><em>illud</em></strong></span> <span class='ocrx_word' id='word_1_123' title='bbox 892 1760 1086 1815; x_wconf 81' lang='lat' dir='ltr'><strong><em>silentii</em></strong></span> <span class='ocrx_word' id='word_1_124' title='bbox 1127 1760 1203 1813; x_wconf 89' lang='lat' dir='ltr'><strong><em>tui</em></strong></span> <span class='ocrx_word' id='word_1_125' title='bbox 1257 1758 1582 1813; x_wconf 89' lang='lat' dir='ltr'><strong><em>consilium:</em></strong></span> <span class='ocrx_word' id='word_1_126' title='bbox 1622 1767 1729 1810; x_wconf 89' lang='lat' dir='ltr'><strong><em>tum</em></strong></span> <span class='ocrx_word' id='word_1_127' title='bbox 1758 1765 1814 1809; x_wconf 88' lang='lat' dir='ltr'><strong><em>ut</em></strong></span> <span class='ocrx_word' id='word_1_128' title='bbox 1844 1772 1908 1810; x_wconf 77' lang='lat' dir='ltr'><strong><em>ea:</em></strong></span> <span class='ocrx_word' id='word_1_129' title='bbox 1938 1764 2081 1825; x_wconf 90' lang='lat' dir='ltr'><strong><em>parte</em></strong></span> 
     </span>
    </p>
   </div>
   <div class='ocr_carea' id='block_1_19' title="bbox 2171 546 3774 622">
    <p class='ocr_par' dir='ltr' id='par_1_19' title="bbox 2171 546 3774 622">
     <span class='ocr_line' id='line_1_19' title="bbox 2171 546 3774 622; baseline -0.001 -18"><span class='ocrx_word' id='word_1_130' title='bbox 2171 551 2354 622; x_wconf 84' lang='lat' dir='ltr'><strong><em>ﬁciali,</em></strong></span> <span class='ocrx_word' id='word_1_131' title='bbox 2378 552 2488 604; x_wconf 88' lang='lat' dir='ltr'><strong><em>viro</em></strong></span> <span class='ocrx_word' id='word_1_132' title='bbox 2520 549 2808 604; x_wconf 87' lang='lat' dir='ltr'><strong><em>eruditione</em></strong></span> <span class='ocrx_word' id='word_1_133' title='bbox 2836 558 2885 603; x_wconf 89' lang='lat' dir='ltr'><strong><em>et</em></strong></span> <span class='ocrx_word' id='word_1_134' title='bbox 2932 549 3116 618; x_wconf 89' lang='lat' dir='ltr'><strong><em>pietate</em></strong></span> <span class='ocrx_word' id='word_1_135' title='bbox 3149 546 3425 619; x_wconf 86' lang='lat' dir='ltr'><strong><em>singulari,</em></strong></span> <span class='ocrx_word' id='word_1_136' title='bbox 3458 548 3549 617; x_wconf 90' lang='lat' dir='ltr'><strong><em>qui</em></strong></span> <span class='ocrx_word' id='word_1_137' title='bbox 3577 564 3667 619; x_wconf 89' lang='lat' dir='ltr'><strong><em>per</em></strong></span> <span class='ocrx_word' id='word_1_138' title='bbox 3695 564 3774 602; x_wconf 88' lang='lat' dir='ltr'><strong><em>me</em></strong></span> 
     </span>
    </p>
   </div>
   <div class='ocr_carea' id='block_1_20' title="bbox 2170 643 3776 714">
    <p class='ocr_par' dir='ltr' id='par_1_20' title="bbox 2170 643 3776 714">
     <span class='ocr_line' id='line_1_20' title="bbox 2170 643 3776 714; baseline -0.002 -14"><span class='ocrx_word' id='word_1_139' title='bbox 2170 656 2226 700; x_wconf 92' lang='lat' dir='ltr'><strong><em>ut</em></strong></span> <span class='ocrx_word' id='word_1_140' title='bbox 2254 646 2487 701; x_wconf 83' lang='lat' dir='ltr'><strong><em>ederetur</em></strong></span> <span class='ocrx_word' id='word_1_141' title='bbox 2525 645 2875 714; x_wconf 90' lang='lat' dir='ltr'><strong><em>superioribus</em></strong></span> <span class='ocrx_word' id='word_1_142' title='bbox 2912 643 3168 699; x_wconf 81' lang='lat' dir='ltr'><strong><em>mensibus</em></strong></span> <span class='ocrx_word' id='word_1_143' title='bbox 3196 659 3263 698; x_wconf 77' lang='lat' dir='ltr'><strong><em>ea:</em></strong></span> <span class='ocrx_word' id='word_1_144' title='bbox 3308 644 3656 698; x_wconf 81' lang='lat' dir='ltr'><strong><em>vetustissimo</em></strong></span> <span class='ocrx_word' id='word_1_145' title='bbox 3684 660 3776 698; x_wconf 90' lang='lat' dir='ltr'><strong><em>co-</em></strong></span> 
     </span>
    </p>
   </div>
   <div class='ocr_carea' id='block_1_21' title="bbox 2171 735 3779 802">
    <p class='ocr_par' dir='ltr' id='par_1_21' title="bbox 2171 735 3779 802">
     <span class='ocr_line' id='line_1_21' title="bbox 2171 735 3779 802; baseline -0.002 -10"><span class='ocrx_word' id='word_1_146' title='bbox 2171 739 2284 793; x_wconf 90' lang='lat' dir='ltr'><strong><em>dice</em></strong></span> <span class='ocrx_word' id='word_1_147' title='bbox 2308 738 2450 792; x_wconf 86' lang='lat' dir='ltr'><strong><em>ltunc</em></strong></span> <span class='ocrx_word' id='word_1_148' title='bbox 2489 737 2805 802; x_wconf 85' lang='lat' dir='ltr'><strong><em>descriptum</em></strong></span> <span class='ocrx_word' id='word_1_149' title='bbox 2831 736 3084 801; x_wconf 88' lang='lat' dir='ltr'><strong><em>submisit,</em></strong></span> <span class='ocrx_word' id='word_1_150' title='bbox 3134 745 3183 790; x_wconf 91' lang='lat' dir='ltr'><strong><em>et</em></strong></span> <span class='ocrx_word' id='word_1_151' title='bbox 3231 745 3285 789; x_wconf 89' lang='lat' dir='ltr'><strong><em>ut</em></strong></span> <span class='ocrx_word' id='word_1_152' title='bbox 3340 746 3659 790; x_wconf 88' lang='lat' dir='ltr'><strong><em>maturarem</em></strong></span> <span class='ocrx_word' id='word_1_153' title='bbox 3696 735 3779 789; x_wconf 86' lang='lat' dir='ltr'><strong><em>in-</em></strong></span> 
     </span>
    </p>
   </div>
   <div class='ocr_carea' id='block_1_22' title="bbox 2172 827 3781 903">
    <p class='ocr_par' dir='ltr' id='par_1_22' title="bbox 2172 827 3781 903">
     <span class='ocr_line' id='line_1_22' title="bbox 2172 827 3781 903; baseline -0.003 -16"><span class='ocrx_word' id='word_1_154' title='bbox 2172 848 2325 903; x_wconf 85' lang='lat' dir='ltr'><strong><em>super</em></strong></span> <span class='ocrx_word' id='word_1_155' title='bbox 2366 833 2571 886; x_wconf 73' lang='lat' dir='ltr'><strong><em>institit.</em></strong></span> <span class='ocrx_word' id='word_1_156' title='bbox 2614 829 2747 884; x_wconf 86' lang='lat' dir='ltr'><strong><em>Tum</em></strong></span> <span class='ocrx_word' id='word_1_157' title='bbox 2773 831 2815 882; x_wconf 88' lang='lat' dir='ltr'><strong><em>si</em></strong></span> <span class='ocrx_word' id='word_1_158' title='bbox 2844 830 2970 899; x_wconf 87' lang='lat' dir='ltr'><strong><em>quid</em></strong></span> <span class='ocrx_word' id='word_1_159' title='bbox 3004 838 3155 901; x_wconf 89' lang='lat' dir='ltr'><strong><em>putas</em></strong></span> <span class='ocrx_word' id='word_1_160' title='bbox 3178 829 3248 883; x_wconf 92' lang='lat' dir='ltr'><strong><em>ad</em></strong></span> <span class='ocrx_word' id='word_1_161' title='bbox 3275 846 3365 883; x_wconf 90' lang='lat' dir='ltr'><strong><em>nos</em></strong></span> <span class='ocrx_word' id='word_1_162' title='bbox 3396 830 3555 882; x_wconf 89' lang='lat' dir='ltr'><strong><em>etiam</em></strong></span> <span class='ocrx_word' id='word_1_163' title='bbox 3600 827 3781 900; x_wconf 78' lang='lat' dir='ltr'><strong><em>gratia:</em></strong></span> 
     </span>
    </p>
   </div>
   <div class='ocr_carea' id='block_1_23' title="bbox 2175 924 3783 996">
    <p class='ocr_par' dir='ltr' id='par_1_23' title="bbox 2175 924 3783 996">
     <span class='ocr_line' id='line_1_23' title="bbox 2175 924 3783 996; baseline -0.001 -17"><span class='ocrx_word' id='word_1_164' title='bbox 2175 925 2429 996; x_wconf 79' lang='lat' dir='ltr'><strong><em>perveniri</em></strong></span> <span class='ocrx_word' id='word_1_165' title='bbox 2468 924 2669 991; x_wconf 87' lang='lat' dir='ltr'><strong><em>debere,</em></strong></span> <span class='ocrx_word' id='word_1_166' title='bbox 2711 940 2813 978; x_wconf 89' lang='lat' dir='ltr'><strong><em>non</em></strong></span> <span class='ocrx_word' id='word_1_167' title='bbox 2852 939 3127 995; x_wconf 84' lang='lat' dir='ltr'><strong><em>repugno;</em></strong></span> <span class='ocrx_word' id='word_1_168' title='bbox 3174 940 3265 978; x_wconf 64' lang='lat' dir='ltr'><strong><em>nrc</em></strong></span> <span class='ocrx_word' id='word_1_169' title='bbox 3305 924 3441 977; x_wconf 90' lang='lat' dir='ltr'><strong><em>enim</em></strong></span> <span class='ocrx_word' id='word_1_170' title='bbox 3472 924 3515 977; x_wconf 92' lang='lat' dir='ltr'><strong><em>is</em></strong></span> <span class='ocrx_word' id='word_1_171' title='bbox 3555 940 3669 977; x_wconf 89' lang='lat' dir='ltr'><strong><em>sum</em></strong></span> <span class='ocrx_word' id='word_1_172' title='bbox 3699 925 3783 977; x_wconf 88' lang='lat' dir='ltr'><strong><em>cui</em></strong></span> 
     </span>
    </p>
   </div>
   <div class='ocr_carea' id='block_1_24' title="bbox 2174 1018 3781 1088">
    <p class='ocr_par' dir='ltr' id='par_1_24' title="bbox 2174 1018 3781 1088">
     <span class='ocr_line' id='line_1_24' title="bbox 2174 1018 3781 1088; baseline -0.002 -14"><span class='ocrx_word' id='word_1_173' title='bbox 2174 1036 2362 1074; x_wconf 89' lang='lat' dir='ltr'><strong><em>cornea</em></strong></span> <span class='ocrx_word' id='word_1_174' title='bbox 2412 1020 2479 1073; x_wconf 89' lang='lat' dir='ltr'><strong><em>sit</em></strong></span> <span class='ocrx_word' id='word_1_175' title='bbox 2527 1020 2659 1088; x_wconf 83' lang='lat' dir='ltr'><strong><em>ﬁbra</em></strong></span> <span class='ocrx_word' id='word_1_176' title='bbox 2690 1028 2901 1073; x_wconf 88' lang='lat' dir='ltr'><strong><em>:tamen</em></strong></span> <span class='ocrx_word' id='word_1_177' title='bbox 2940 1019 3254 1085; x_wconf 86' lang='lat' dir='ltr'><strong><em>persuadeas</em></strong></span> <span class='ocrx_word' id='word_1_178' title='bbox 3300 1019 3392 1072; x_wconf 91' lang='lat' dir='ltr'><strong><em>tibi</em></strong></span> <span class='ocrx_word' id='word_1_179' title='bbox 3436 1018 3619 1082; x_wconf 84' lang='lat' dir='ltr'><strong><em>velim,</em></strong></span> <span class='ocrx_word' id='word_1_180' title='bbox 3650 1018 3781 1071; x_wconf 85' lang='lat' dir='ltr'><strong><em>Itane</em></strong></span> 
     </span>
    </p>
   </div>
   <div class='ocr_carea' id='block_1_25' title="bbox 2175 1110 3784 1178">
    <p class='ocr_par' dir='ltr' id='par_1_25' title="bbox 2175 1110 3784 1178">
     <span class='ocr_line' id='line_1_25' title="bbox 2175 1110 3784 1178; baseline -0.001 -13"><span class='ocrx_word' id='word_1_181' title='bbox 2175 1112 2265 1167; x_wconf 87' lang='lat' dir='ltr'><strong><em>abs</em></strong></span> <span class='ocrx_word' id='word_1_182' title='bbox 2310 1122 2357 1166; x_wconf 87' lang='lat' dir='ltr'><strong><em>te</em></strong></span> <span class='ocrx_word' id='word_1_183' title='bbox 2405 1113 2533 1166; x_wconf 84' lang='lat' dir='ltr'><strong><em>milii</em></strong></span> <span class='ocrx_word' id='word_1_184' title='bbox 2581 1112 2765 1173; x_wconf 77' lang='lat' dir='ltr'><strong><em>referri</em></strong></span> <span class='ocrx_word' id='word_1_185' title='bbox 2806 1110 3030 1178; x_wconf 71' lang='lat' dir='ltr'><strong><em>affatim,</em></strong></span> <span class='ocrx_word' id='word_1_186' title='bbox 3084 1110 3130 1165; x_wconf 89' lang='lat' dir='ltr'><strong><em>si</em></strong></span> <span class='ocrx_word' id='word_1_187' title='bbox 3162 1110 3393 1165; x_wconf 89' lang='lat' dir='ltr'><strong><em>libellum</em></strong></span> <span class='ocrx_word' id='word_1_188' title='bbox 3425 1126 3565 1163; x_wconf 88' lang='lat' dir='ltr'><strong><em>nunc</em></strong></span> <span class='ocrx_word' id='word_1_189' title='bbox 3604 1124 3784 1163; x_wconf 82' lang='lat' dir='ltr'><strong><em>recens</em></strong></span> 
     </span>
    </p>
   </div>
   <div class='ocr_carea' id='block_1_26' title="bbox 2177 1201 3787 1272">
    <p class='ocr_par' dir='ltr' id='par_1_26' title="bbox 2177 1201 3787 1272">
     <span class='ocr_line' id='line_1_26' title="bbox 2177 1201 3787 1272; baseline -0.002 -14"><span class='ocrx_word' id='word_1_190' title='bbox 2177 1204 2372 1258; x_wconf 90' lang='lat' dir='ltr'><strong><em>editum</em></strong></span> <span class='ocrx_word' id='word_1_191' title='bbox 2402 1203 2496 1257; x_wconf 87' lang='lat' dir='ltr'><strong><em>sub</em></strong></span> <span class='ocrx_word' id='word_1_192' title='bbox 2528 1203 2755 1256; x_wconf 87' lang='lat' dir='ltr'><strong><em>nominis</em></strong></span> <span class='ocrx_word' id='word_1_193' title='bbox 2788 1202 2864 1255; x_wconf 89' lang='lat' dir='ltr'><strong><em>tui</em></strong></span> <span class='ocrx_word' id='word_1_194' title='bbox 2898 1203 3158 1272; x_wconf 89' lang='lat' dir='ltr'><strong><em>auspicio,</em></strong></span> <span class='ocrx_word' id='word_1_195' title='bbox 3210 1211 3257 1255; x_wconf 92' lang='lat' dir='ltr'><strong><em>et</em></strong></span> <span class='ocrx_word' id='word_1_196' title='bbox 3308 1201 3587 1272; x_wconf 83' lang='lat' dir='ltr'><strong><em>legendum</em></strong></span> <span class='ocrx_word' id='word_1_197' title='bbox 3616 1211 3666 1256; x_wconf 88' lang='lat' dir='ltr'><strong><em>et</em></strong></span> <span class='ocrx_word' id='word_1_198' title='bbox 3696 1201 3787 1255; x_wconf 82' lang='lat' dir='ltr'><strong><em>de-</em></strong></span> 
     </span>
    </p>
   </div>
   <div class='ocr_carea' id='block_1_27' title="bbox 2179 1295 3789 1369">
    <p class='ocr_par' dir='ltr' id='par_1_27' title="bbox 2179 1295 3789 1369">
     <span class='ocr_line' id='line_1_27' title="bbox 2179 1295 3789 1369; baseline -0.001 -19"><span class='ocrx_word' id='word_1_199' title='bbox 2179 1298 2495 1369; x_wconf 75' lang='lat' dir='ltr'><strong><em>fendendum</em></strong></span> <span class='ocrx_word' id='word_1_200' title='bbox 2515 1296 2607 1350; x_wconf 87' lang='lat' dir='ltr'><strong><em>tibi</em></strong></span> <span class='ocrx_word' id='word_1_201' title='bbox 2623 1300 2798 1350; x_wconf 88' lang='lat' dir='ltr'><strong><em>desum</em></strong></span> <span class='ocrx_word' id='word_1_202' title='bbox 2805 1297 2971 1365; x_wconf 88' lang='lat' dir='ltr'><strong><em>pseris</em></strong></span> <span class='ocrx_word' id='word_1_203' title='bbox 2991 1312 3009 1349; x_wconf 91' lang='lat'><strong><em>:</em></strong></span> <span class='ocrx_word' id='word_1_204' title='bbox 3026 1312 3177 1367; x_wconf 90' lang='lat' dir='ltr'><strong><em>quem</em></strong></span> <span class='ocrx_word' id='word_1_205' title='bbox 3193 1295 3253 1349; x_wconf 92' lang='lat' dir='ltr'><strong><em>ob</em></strong></span> <span class='ocrx_word' id='word_1_206' title='bbox 3275 1295 3330 1348; x_wconf 91' lang='lat' dir='ltr'><strong><em>id</em></strong></span> <span class='ocrx_word' id='word_1_207' title='bbox 3352 1295 3577 1349; x_wconf 76' lang='lat' dir='ltr'><strong><em>maxime</em></strong></span> <span class='ocrx_word' id='word_1_208' title='bbox 3592 1295 3789 1349; x_wconf 87' lang='lat' dir='ltr'><strong><em>calum-</em></strong></span> 
     </span>
    </p>
   </div>
   <div class='ocr_carea' id='block_1_28' title="bbox 2180 1387 3784 1462">
    <p class='ocr_par' dir='ltr' id='par_1_28' title="bbox 2180 1387 3784 1462">
     <span class='ocr_line' id='line_1_28' title="bbox 2180 1387 3784 1462; baseline 0 -19"><span class='ocrx_word' id='word_1_209' title='bbox 2180 1391 2278 1445; x_wconf 85' lang='lat' dir='ltr'><strong><em>niis</em></strong></span> <span class='ocrx_word' id='word_1_210' title='bbox 2298 1390 2643 1461; x_wconf 89' lang='lat' dir='ltr'><strong><em>quorumdam</em></strong></span> <span class='ocrx_word' id='word_1_211' title='bbox 2668 1389 3044 1462; x_wconf 67' lang='lat' dir='ltr'><strong><em>t&#39;ittligatorum</em></strong></span> <span class='ocrx_word' id='word_1_212' title='bbox 3067 1387 3348 1442; x_wconf 77' lang='lat' dir='ltr'><strong><em>obnoxium</em></strong></span> <span class='ocrx_word' id='word_1_213' title='bbox 3371 1389 3487 1455; x_wconf 77' lang='lat' dir='ltr'><strong><em>{ore</em></strong></span> <span class='ocrx_word' id='word_1_214' title='bbox 3499 1389 3784 1455; x_wconf 78' lang='lat' dir='ltr'><strong><em>credimus,</em></strong></span> 
     </span>
    </p>
   </div>
   <div class='ocr_carea' id='block_1_29' title="bbox 2179 1479 3785 1553">
    <p class='ocr_par' dir='ltr' id='par_1_29' title="bbox 2179 1479 3785 1553">
     <span class='ocr_line' id='line_1_29' title="bbox 2179 1479 3785 1553; baseline -0.002 -17"><span class='ocrx_word' id='word_1_215' title='bbox 2179 1484 2317 1553; x_wconf 86' lang='lat' dir='ltr'><strong><em>quod</em></strong></span> <span class='ocrx_word' id='word_1_216' title='bbox 2348 1482 2616 1536; x_wconf 81' lang='lat' dir='ltr'><strong><em>Romanus</em></strong></span> <span class='ocrx_word' id='word_1_217' title='bbox 2642 1483 2686 1536; x_wconf 88' lang='lat' dir='ltr'><strong><em>is</em></strong></span> <span class='ocrx_word' id='word_1_218' title='bbox 2715 1481 2871 1552; x_wconf 76' lang='lat' dir='ltr'><strong><em>fuerit</em></strong></span> <span class='ocrx_word' id='word_1_219' title='bbox 2911 1480 3161 1544; x_wconf 82' lang='lat' dir='ltr'><strong><em>Antistes,</em></strong></span> <span class='ocrx_word' id='word_1_220' title='bbox 3190 1495 3305 1548; x_wconf 75' lang='lat' dir='ltr'><strong><em>qua:</em></strong></span> <span class='ocrx_word' id='word_1_221' title='bbox 3348 1480 3428 1534; x_wconf 87' lang='lat' dir='ltr'><strong><em>vel</em></strong></span> <span class='ocrx_word' id='word_1_222' title='bbox 3480 1479 3637 1533; x_wconf 87' lang='lat' dir='ltr'><strong><em>unica</em></strong></span> <span class='ocrx_word' id='word_1_223' title='bbox 3661 1494 3785 1533; x_wconf 87' lang='lat' dir='ltr'><strong><em>ansa</em></strong></span> 
     </span>
    </p>
   </div>
   <div class='ocr_carea' id='block_1_30' title="bbox 2182 1572 3789 1642">
    <p class='ocr_par' dir='ltr' id='par_1_30' title="bbox 2182 1572 3789 1642">
     <span class='ocr_line' id='line_1_30' title="bbox 2182 1572 3789 1642; baseline -0.001 -14"><span class='ocrx_word' id='word_1_224' title='bbox 2182 1575 2447 1629; x_wconf 84' lang='lat' dir='ltr'><strong><em>nonnullis</em></strong></span> <span class='ocrx_word' id='word_1_225' title='bbox 2505 1574 2659 1629; x_wconf 86' lang='lat' dir='ltr'><strong><em>ltodie</em></strong></span> <span class='ocrx_word' id='word_1_226' title='bbox 2709 1574 2913 1628; x_wconf 87' lang='lat' dir='ltr'><strong><em>videtur</em></strong></span> <span class='ocrx_word' id='word_1_227' title='bbox 2960 1572 3405 1639; x_wconf 90' lang='lat' dir='ltr'><strong><em>commodissima,</em></strong></span> <span class='ocrx_word' id='word_1_228' title='bbox 3458 1588 3568 1642; x_wconf 88' lang='lat' dir='ltr'><strong><em>qua</em></strong></span> <span class='ocrx_word' id='word_1_229' title='bbox 3612 1588 3789 1641; x_wconf 84' lang='lat' dir='ltr'><strong><em>repre-</em></strong></span> 
     </span>
    </p>
   </div>
   <div class='ocr_carea' id='block_1_31' title="bbox 2182 1665 3786 1741">
    <p class='ocr_par' dir='ltr' id='par_1_31' title="bbox 2182 1665 3786 1741">
     <span class='ocr_line' id='line_1_31' title="bbox 2182 1665 3786 1741; baseline -0.002 -19"><span class='ocrx_word' id='word_1_230' title='bbox 2182 1669 2339 1723; x_wconf 87' lang='lat' dir='ltr'><strong><em>hendi</em></strong></span> <span class='ocrx_word' id='word_1_231' title='bbox 2384 1671 2549 1741; x_wconf 85' lang='lat' dir='ltr'><strong><em>possit</em></strong></span> <span class='ocrx_word' id='word_1_232' title='bbox 2594 1667 2852 1739; x_wconf 85' lang='lat' dir='ltr'><strong><em>quidquid</em></strong></span> <span class='ocrx_word' id='word_1_233' title='bbox 2905 1668 2971 1722; x_wconf 87' lang='lat' dir='ltr'><strong><em>sit</em></strong></span> <span class='ocrx_word' id='word_1_234' title='bbox 3007 1684 3250 1738; x_wconf 88' lang='lat' dir='ltr'><strong><em>umquam</em></strong></span> <span class='ocrx_word' id='word_1_235' title='bbox 3282 1668 3345 1721; x_wconf 91' lang='lat' dir='ltr'><strong><em>ab</em></strong></span> <span class='ocrx_word' id='word_1_236' title='bbox 3376 1665 3482 1720; x_wconf 81' lang='lat' dir='ltr'><strong><em>hoc</em></strong></span> <span class='ocrx_word' id='word_1_237' title='bbox 3508 1665 3786 1719; x_wconf 87' lang='lat' dir='ltr'><strong><em>hominum</em></strong></span> 
     </span>
    </p>
   </div>
   <div class='ocr_carea' id='block_1_32' title="bbox 2186 1759 3787 1835">
    <p class='ocr_par' dir='ltr' id='par_1_32' title="bbox 2186 1759 3787 1835">
     <span class='ocr_line' id='line_1_32' title="bbox 2186 1759 3787 1835; baseline -0.002 -18"><span class='ocrx_word' id='word_1_238' title='bbox 2186 1778 2370 1835; x_wconf 85' lang='lat' dir='ltr'><strong><em>genere</em></strong></span> <span class='ocrx_word' id='word_1_239' title='bbox 2392 1763 2472 1817; x_wconf 86' lang='lat' dir='ltr'><strong><em>vel</em></strong></span> <span class='ocrx_word' id='word_1_240' title='bbox 2500 1762 2783 1832; x_wconf 87' lang='lat' dir='ltr'><strong><em>cogitatum</em></strong></span> <span class='ocrx_word' id='word_1_241' title='bbox 2805 1760 2981 1815; x_wconf 89' lang='lat' dir='ltr'><strong><em>etiam.</em></strong></span> <span class='ocrx_word' id='word_1_242' title='bbox 3008 1759 3111 1814; x_wconf 90' lang='lat' dir='ltr'><strong><em>Diu</em></strong></span> <span class='ocrx_word' id='word_1_243' title='bbox 3137 1776 3255 1814; x_wconf 86' lang='lat' dir='ltr'><strong><em>vero</em></strong></span> <span class='ocrx_word' id='word_1_244' title='bbox 3281 1759 3639 1822; x_wconf 79' lang='lat' dir='ltr'><strong><em>substitimus,</em></strong></span> <span class='ocrx_word' id='word_1_245' title='bbox 3668 1761 3787 1814; x_wconf 86' lang='lat' dir='ltr'><strong><em>dum</em></strong></span> 
     </span>
    </p>
   </div>
   <div class='ocr_carea' id='block_1_33' title="bbox 472 1848 2104 1930">
    <p class='ocr_par' dir='ltr' id='par_1_33' title="bbox 472 1848 2082 1926">
     <span class='ocr_line' id='line_1_33' title="bbox 472 1848 2082 1926; baseline -0.006 -16"><span class='ocrx_word' id='word_1_246' title='bbox 472 1858 657 1910; x_wconf 88' lang='lat' dir='ltr'><strong><em>saltem</em></strong></span> <span class='ocrx_word' id='word_1_247' title='bbox 687 1856 867 1926; x_wconf 88' lang='lat' dir='ltr'><strong><em>aliqua</em></strong></span> <span class='ocrx_word' id='word_1_248' title='bbox 894 1854 984 1908; x_wconf 86' lang='lat' dir='ltr'><strong><em>tibi</em></strong></span> <span class='ocrx_word' id='word_1_249' title='bbox 1012 1856 1128 1908; x_wconf 70' lang='lat' dir='ltr'><strong><em>vitta</em></strong></span> <span class='ocrx_word' id='word_1_250' title='bbox 1162 1868 1291 1908; x_wconf 72' lang='lat' dir='ltr'><strong><em>mea:</em></strong></span> <span class='ocrx_word' id='word_1_251' title='bbox 1312 1853 1447 1907; x_wconf 91' lang='lat' dir='ltr'><strong><em>ratio</em></strong></span> <span class='ocrx_word' id='word_1_252' title='bbox 1488 1858 1702 1917; x_wconf 84' lang='lat' dir='ltr'><strong><em>constet,</em></strong></span> <span class='ocrx_word' id='word_1_253' title='bbox 1732 1850 1855 1903; x_wconf 88' lang='lat' dir='ltr'><strong><em>dum</em></strong></span> <span class='ocrx_word' id='word_1_254' title='bbox 1881 1848 2082 1902; x_wconf 87' lang='lat' dir='ltr'><strong><em>nullam</em></strong></span> 
     </span>
    </p>
   </div>
   <div class='ocr_carea' id='block_1_34' title="bbox 2189 1848 3787 1930">
    <p class='ocr_par' dir='ltr' id='par_1_34' title="bbox 2189 1852 3787 1930">
     <span class='ocr_line' id='line_1_34' title="bbox 2189 1852 3787 1930; baseline -0.005 -16"><span class='ocrx_word' id='word_1_255' title='bbox 2189 1878 2289 1914; x_wconf 89' lang='lat' dir='ltr'><strong><em>non</em></strong></span> <span class='ocrx_word' id='word_1_256' title='bbox 2326 1859 2453 1913; x_wconf 89' lang='lat' dir='ltr'><strong><em>satis</em></strong></span> <span class='ocrx_word' id='word_1_257' title='bbox 2502 1859 2683 1930; x_wconf 88' lang='lat' dir='ltr'><strong><em>liquet,</em></strong></span> <span class='ocrx_word' id='word_1_258' title='bbox 2714 1856 2806 1910; x_wconf 86' lang='lat' dir='ltr'><strong><em>ille</em></strong></span> <span class='ocrx_word' id='word_1_259' title='bbox 2840 1872 2903 1910; x_wconf 89' lang='lat' dir='ltr'><strong><em>ne</em></strong></span> <span class='ocrx_word' id='word_1_260' title='bbox 2933 1855 3090 1925; x_wconf 78' lang='lat' dir='ltr'><strong><em>fuerit</em></strong></span> <span class='ocrx_word' id='word_1_261' title='bbox 3132 1852 3509 1919; x_wconf 75' lang='lat' dir='ltr'><strong><em>Cunountos,</em></strong></span> <span class='ocrx_word' id='word_1_262' title='bbox 3544 1855 3615 1907; x_wconf 88' lang='lat' dir='ltr'><strong><em>ad</em></strong></span> <span class='ocrx_word' id='word_1_263' title='bbox 3642 1869 3787 1925; x_wconf 83' lang='lat' dir='ltr'><strong><em>quem</em></strong></span> 
     </span>
    </p>
   </div>
   <div class='ocr_carea' id='block_1_35' title="bbox 474 1942 2079 2017">
    <p class='ocr_par' dir='ltr' id='par_1_35' title="bbox 474 1942 2079 2017">
     <span class='ocr_line' id='line_1_35' title="bbox 474 1942 2079 2017; baseline -0.004 -13"><span class='ocrx_word' id='word_1_264' title='bbox 474 1949 619 2004; x_wconf 86' lang='lat' dir='ltr'><strong><em>nobis</em></strong></span> <span class='ocrx_word' id='word_1_265' title='bbox 660 1965 841 2003; x_wconf 88' lang='lat' dir='ltr'><strong><em>curam</em></strong></span> <span class='ocrx_word' id='word_1_266' title='bbox 876 1949 1131 2017; x_wconf 88' lang='lat' dir='ltr'><strong><em>potiorem</em></strong></span> <span class='ocrx_word' id='word_1_267' title='bbox 1155 1947 1391 2001; x_wconf 87' lang='lat' dir='ltr'><strong><em>ducimus</em></strong></span> <span class='ocrx_word' id='word_1_268' title='bbox 1420 1962 1503 2012; x_wconf 87' lang='lat' dir='ltr'><strong><em>ea,</em></strong></span> <span class='ocrx_word' id='word_1_269' title='bbox 1536 1960 1652 2010; x_wconf 70' lang='lat' dir='ltr'><strong><em>quae</em></strong></span> <span class='ocrx_word' id='word_1_270' title='bbox 1679 1942 1920 1999; x_wconf 89' lang='lat' dir='ltr'><strong><em>eruendis</em></strong></span> <span class='ocrx_word' id='word_1_271' title='bbox 1946 1951 2079 1997; x_wconf 82' lang='lat' dir='ltr'><strong><em>vete-</em></strong></span> 
     </span>
    </p>
   </div>
   <div class='ocr_carea' id='block_1_36' title="bbox 472 2037 2080 2113">
    <p class='ocr_par' dir='ltr' id='par_1_36' title="bbox 472 2037 2080 2113">
     <span class='ocr_line' id='line_1_36' title="bbox 472 2037 2080 2113; baseline -0.006 -18"><span class='ocrx_word' id='word_1_272' title='bbox 472 2058 588 2095; x_wconf 88' lang='lat' dir='ltr'><strong><em>rum</em></strong></span> <span class='ocrx_word' id='word_1_273' title='bbox 626 2042 834 2113; x_wconf 88' lang='lat' dir='ltr'><strong><em>scriptis</em></strong></span> <span class='ocrx_word' id='word_1_274' title='bbox 883 2050 991 2095; x_wconf 91' lang='lat' dir='ltr'><strong><em>tota</em></strong></span> <span class='ocrx_word' id='word_1_275' title='bbox 1033 2039 1280 2095; x_wconf 87' lang='lat' dir='ltr'><strong><em>desudat.</em></strong></span> <span class='ocrx_word' id='word_1_276' title='bbox 1313 2038 1431 2107; x_wconf 85' lang='lat' dir='ltr'><strong><em>Quo</em></strong></span> <span class='ocrx_word' id='word_1_277' title='bbox 1456 2040 1510 2091; x_wconf 91' lang='lat' dir='ltr'><strong><em>in</em></strong></span> <span class='ocrx_word' id='word_1_278' title='bbox 1538 2054 1741 2111; x_wconf 87' lang='lat' dir='ltr'><strong><em>genere,</em></strong></span> <span class='ocrx_word' id='word_1_279' title='bbox 1771 2037 1941 2090; x_wconf 87' lang='lat' dir='ltr'><strong><em>dicam</em></strong></span> <span class='ocrx_word' id='word_1_280' title='bbox 1967 2051 2080 2088; x_wconf 86' lang='lat' dir='ltr'><strong><em>ma-</em></strong></span> 
     </span>
    </p>
   </div>
   <div class='ocr_carea' id='block_1_37' title="bbox 472 2126 2081 2206">
    <p class='ocr_par' dir='ltr' id='par_1_37' title="bbox 472 2126 2081 2206">
     <span class='ocr_line' id='line_1_37' title="bbox 472 2126 2081 2206; baseline -0.004 -18"><span class='ocrx_word' id='word_1_281' title='bbox 472 2134 682 2206; x_wconf 84' lang='lat' dir='ltr'><strong><em>gni/ice,</em></strong></span> <span class='ocrx_word' id='word_1_282' title='bbox 716 2148 829 2187; x_wconf 91' lang='lat' dir='ltr'><strong><em>vere</em></strong></span> <span class='ocrx_word' id='word_1_283' title='bbox 860 2144 1027 2187; x_wconf 90' lang='lat' dir='ltr'><strong><em>tamen</em></strong></span> <span class='ocrx_word' id='word_1_284' title='bbox 1060 2132 1286 2195; x_wconf 89' lang='lat' dir='ltr'><strong><em>interim,</em></strong></span> <span class='ocrx_word' id='word_1_285' title='bbox 1310 2130 1601 2199; x_wconf 89' lang='lat' dir='ltr'><strong><em>dispeream</em></strong></span> <span class='ocrx_word' id='word_1_286' title='bbox 1622 2130 1667 2182; x_wconf 92' lang='lat' dir='ltr'><strong><em>si</em></strong></span> <span class='ocrx_word' id='word_1_287' title='bbox 1698 2146 1798 2182; x_wconf 91' lang='lat' dir='ltr'><strong><em>non</em></strong></span> <span class='ocrx_word' id='word_1_288' title='bbox 1820 2126 2081 2183; x_wconf 67' lang='lat' dir='ltr'><strong><em>Canon-</em></strong></span> 
     </span>
    </p>
   </div>
   <div class='ocr_carea' id='block_1_38' title="bbox 475 2220 2078 2298">
    <p class='ocr_par' dir='ltr' id='par_1_38' title="bbox 475 2220 2078 2298">
     <span class='ocr_line' id='line_1_38' title="bbox 475 2220 2078 2298; baseline -0.004 -18"><span class='ocrx_word' id='word_1_289' title='bbox 475 2238 597 2280; x_wconf 68' lang='grc' dir='ltr'><strong><em>τως</em></strong></span> <span class='ocrx_word' id='word_1_290' title='bbox 618 2224 703 2277; x_wconf 83' lang='lat' dir='ltr'><strong><em>hic</em></strong></span> <span class='ocrx_word' id='word_1_291' title='bbox 722 2226 788 2278; x_wconf 87' lang='lat' dir='ltr'><strong><em>sit</em></strong></span> <span class='ocrx_word' id='word_1_292' title='bbox 815 2225 1024 2298; x_wconf 89' lang='lat' dir='ltr'><strong><em>dignus,</em></strong></span> <span class='ocrx_word' id='word_1_293' title='bbox 1046 2224 1132 2295; x_wconf 86' lang='lat' dir='ltr'><strong><em>qui</em></strong></span> <span class='ocrx_word' id='word_1_294' title='bbox 1152 2240 1255 2278; x_wconf 85' lang='lat' dir='ltr'><strong><em>non</em></strong></span> <span class='ocrx_word' id='word_1_295' title='bbox 1274 2223 1442 2277; x_wconf 90' lang='lat' dir='ltr'><strong><em>solum</em></strong></span> <span class='ocrx_word' id='word_1_296' title='bbox 1483 2223 1684 2295; x_wconf 89' lang='lat' dir='ltr'><strong><em>legatur</em></strong></span> <span class='ocrx_word' id='word_1_297' title='bbox 1727 2221 1791 2275; x_wconf 90' lang='lat' dir='ltr'><strong><em>ab</em></strong></span> <span class='ocrx_word' id='word_1_298' title='bbox 1838 2220 2078 2285; x_wconf 89' lang='lat' dir='ltr'><strong><em>eruditis,</em></strong></span> 
     </span>
    </p>
   </div>
   <div class='ocr_carea' id='block_1_39' title="bbox 471 2316 2081 2387">
    <p class='ocr_par' dir='ltr' id='par_1_39' title="bbox 471 2316 2081 2387">
     <span class='ocr_line' id='line_1_39' title="bbox 471 2316 2081 2387; baseline -0.001 -18"><span class='ocrx_word' id='word_1_299' title='bbox 471 2316 562 2369; x_wconf 91' lang='lat' dir='ltr'><strong><em>sed</em></strong></span> <span class='ocrx_word' id='word_1_300' title='bbox 587 2328 635 2370; x_wconf 90' lang='lat' dir='ltr'><strong><em>et</em></strong></span> <span class='ocrx_word' id='word_1_301' title='bbox 663 2317 925 2371; x_wconf 88' lang='lat' dir='ltr'><strong><em>ediscatur</em></strong></span> <span class='ocrx_word' id='word_1_302' title='bbox 957 2334 975 2371; x_wconf 90' lang='lat'><strong><em>:</em></strong></span> <span class='ocrx_word' id='word_1_303' title='bbox 1007 2326 1149 2371; x_wconf 87' lang='lat' dir='ltr'><strong><em>tanta</em></strong></span> <span class='ocrx_word' id='word_1_304' title='bbox 1177 2326 1251 2371; x_wconf 89' lang='lat' dir='ltr'><strong><em>est</em></strong></span> <span class='ocrx_word' id='word_1_305' title='bbox 1276 2318 1528 2371; x_wconf 88' lang='lat' dir='ltr'><strong><em>sermonis</em></strong></span> <span class='ocrx_word' id='word_1_306' title='bbox 1558 2316 1834 2387; x_wconf 86' lang='lat' dir='ltr'><strong><em>elegantia,</em></strong></span> <span class='ocrx_word' id='word_1_307' title='bbox 1866 2324 1918 2369; x_wconf 91' lang='lat' dir='ltr'><strong><em>et</em></strong></span> <span class='ocrx_word' id='word_1_308' title='bbox 1946 2326 2081 2369; x_wconf 88' lang='lat' dir='ltr'><strong><em>trac-</em></strong></span> 
     </span>
    </p>
   </div>
   <div class='ocr_carea' id='block_1_40' title="bbox 474 2406 2081 2482">
    <p class='ocr_par' dir='ltr' id='par_1_40' title="bbox 474 2406 2081 2482">
     <span class='ocr_line' id='line_1_40' title="bbox 474 2406 2081 2482; baseline 0 -23"><span class='ocrx_word' id='word_1_309' title='bbox 474 2406 622 2461; x_wconf 89' lang='lat' dir='ltr'><strong><em>tandi</em></strong></span> <span class='ocrx_word' id='word_1_310' title='bbox 659 2407 820 2482; x_wconf 84' lang='lat' dir='ltr'><strong><em>hujus</em></strong></span> <span class='ocrx_word' id='word_1_311' title='bbox 849 2410 1141 2479; x_wconf 82' lang='lat' dir='ltr'><strong><em>argumenti</em></strong></span> <span class='ocrx_word' id='word_1_312' title='bbox 1168 2408 1414 2480; x_wconf 86' lang='lat' dir='ltr'><strong><em>dignitas.</em></strong></span> <span class='ocrx_word' id='word_1_313' title='bbox 1440 2407 1628 2463; x_wconf 88' lang='lat' dir='ltr'><strong><em>Divine</em></strong></span> <span class='ocrx_word' id='word_1_314' title='bbox 1653 2409 1789 2462; x_wconf 88' lang='lat' dir='ltr'><strong><em>enim</em></strong></span> <span class='ocrx_word' id='word_1_315' title='bbox 1809 2408 2081 2478; x_wconf 75' lang='lat' dir='ltr'><strong><em>exequitur</em></strong></span> 
     </span>
    </p>
   </div>
   <div class='ocr_carea' id='block_1_41' title="bbox 473 2500 2081 2573">
    <p class='ocr_par' dir='ltr' id='par_1_41' title="bbox 473 2500 2081 2573">
     <span class='ocr_line' id='line_1_41' title="bbox 473 2500 2081 2573; baseline 0.001 -19"><span class='ocrx_word' id='word_1_316' title='bbox 473 2516 535 2555; x_wconf 90' lang='lat' dir='ltr'><strong><em>ea</em></strong></span> <span class='ocrx_word' id='word_1_317' title='bbox 576 2504 683 2573; x_wconf 78' lang='lat' dir='ltr'><strong><em>fere</em></strong></span> <span class='ocrx_word' id='word_1_318' title='bbox 725 2504 1059 2572; x_wconf 72' lang='lat' dir='ltr'><strong><em>omnia,qute</em></strong></span> <span class='ocrx_word' id='word_1_319' title='bbox 1096 2503 1249 2557; x_wconf 78' lang='lat' dir='ltr'><strong><em>hodie</em></strong></span> <span class='ocrx_word' id='word_1_320' title='bbox 1274 2512 1395 2557; x_wconf 90' lang='lat' dir='ltr'><strong><em>sunt</em></strong></span> <span class='ocrx_word' id='word_1_321' title='bbox 1435 2505 1498 2556; x_wconf 90' lang='lat' dir='ltr'><strong><em>de</em></strong></span> <span class='ocrx_word' id='word_1_322' title='bbox 1524 2501 1795 2572; x_wconf 89' lang='lat' dir='ltr'><strong><em>Baptismo</em></strong></span> <span class='ocrx_word' id='word_1_323' title='bbox 1828 2518 1889 2557; x_wconf 85' lang='lat' dir='ltr'><strong><em>ac</em></strong></span> <span class='ocrx_word' id='word_1_324' title='bbox 1914 2500 2081 2555; x_wconf 82' lang='lat' dir='ltr'><strong><em>Jura-</em></strong></span> 
     </span>
    </p>
   </div>
   <div class='ocr_carea' id='block_1_42' title="bbox 477 2596 2073 2663">
    <p class='ocr_par' dir='ltr' id='par_1_42' title="bbox 477 2596 2073 2663">
     <span class='ocr_line' id='line_1_42' title="bbox 477 2596 2073 2663; baseline 0.004 -18"><span class='ocrx_word' id='word_1_325' title='bbox 477 2603 647 2647; x_wconf 87' lang='lat' dir='ltr'><strong><em>mento</em></strong></span> <span class='ocrx_word' id='word_1_326' title='bbox 690 2607 870 2650; x_wconf 86' lang='lat' dir='ltr'><strong><em>vocata</em></strong></span> <span class='ocrx_word' id='word_1_327' title='bbox 933 2597 987 2651; x_wconf 87' lang='lat' dir='ltr'><strong><em>in</em></strong></span> <span class='ocrx_word' id='word_1_328' title='bbox 1039 2598 1460 2652; x_wconf 86' lang='lat' dir='ltr'><strong><em>controversiam.</em></strong></span> <span class='ocrx_word' id='word_1_329' title='bbox 1515 2596 1634 2663; x_wconf 84' lang='lat' dir='ltr'><strong><em>Qua</em></strong></span> <span class='ocrx_word' id='word_1_330' title='bbox 1677 2598 1733 2653; x_wconf 90' lang='lat' dir='ltr'><strong><em>in</em></strong></span> <span class='ocrx_word' id='word_1_331' title='bbox 1775 2614 1830 2651; x_wconf 93' lang='lat' dir='ltr'><strong><em>re</em></strong></span> <span class='ocrx_word' id='word_1_332' title='bbox 1871 2596 2073 2652; x_wconf 89' lang='lat' dir='ltr'><strong><em>debebis</em></strong></span> 
     </span>
    </p>
   </div>
   <div class='ocr_carea' id='block_1_43' title="bbox 2190 1949 3788 2024">
    <p class='ocr_par' dir='ltr' id='par_1_43' title="bbox 2190 1949 3788 2024">
     <span class='ocr_line' id='line_1_43' title="bbox 2190 1949 3788 2024; baseline -0.001 -17"><span class='ocrx_word' id='word_1_333' title='bbox 2190 1952 2545 2024; x_wconf 84' lang='lat' dir='ltr'><strong><em>Hieronymus</em></strong></span> <span class='ocrx_word' id='word_1_334' title='bbox 2588 1963 2695 2006; x_wconf 92' lang='lat' dir='ltr'><strong><em>tam</em></strong></span> <span class='ocrx_word' id='word_1_335' title='bbox 2749 1952 2913 2005; x_wconf 90' lang='lat' dir='ltr'><strong><em>multa</em></strong></span> <span class='ocrx_word' id='word_1_336' title='bbox 2964 1951 3274 2019; x_wconf 81' lang='lat' dir='ltr'><strong><em>honoriﬁce.</em></strong></span> <span class='ocrx_word' id='word_1_337' title='bbox 3336 1949 3445 2006; x_wconf 91' lang='lat' dir='ltr'><strong><em>Sed</em></strong></span> <span class='ocrx_word' id='word_1_338' title='bbox 3488 1965 3604 2004; x_wconf 89' lang='lat' dir='ltr'><strong><em>eum</em></strong></span> <span class='ocrx_word' id='word_1_339' title='bbox 3645 1949 3788 2005; x_wconf 87' lang='lat' dir='ltr'><strong><em>nobis</em></strong></span> 
     </span>
    </p>
   </div>
   <div class='ocr_carea' id='block_1_44' title="bbox 2188 2042 3788 2120">
    <p class='ocr_par' dir='ltr' id='par_1_44' title="bbox 2188 2042 3788 2120">
     <span class='ocr_line' id='line_1_44' title="bbox 2188 2042 3788 2120; baseline -0.004 -17"><span class='ocrx_word' id='word_1_340' title='bbox 2188 2049 2490 2120; x_wconf 88' lang='lat' dir='ltr'><strong><em>scrupulum</em></strong></span> <span class='ocrx_word' id='word_1_341' title='bbox 2541 2047 2758 2101; x_wconf 86' lang='lat' dir='ltr'><strong><em>Albinus</em></strong></span> <span class='ocrx_word' id='word_1_342' title='bbox 2787 2047 2841 2100; x_wconf 91' lang='lat' dir='ltr'><strong><em>in</em></strong></span> <span class='ocrx_word' id='word_1_343' title='bbox 2870 2044 3045 2099; x_wconf 89' lang='lat' dir='ltr'><strong><em>libello</em></strong></span> <span class='ocrx_word' id='word_1_344' title='bbox 3086 2053 3270 2098; x_wconf 89' lang='lat' dir='ltr'><strong><em>contra</em></strong></span> <span class='ocrx_word' id='word_1_345' title='bbox 3302 2042 3566 2098; x_wconf 67' lang='lat' dir='ltr'><strong><em>Hatrest&#39;m</em></strong></span> <span class='ocrx_word' id='word_1_346' title='bbox 3598 2042 3788 2097; x_wconf 82' lang='lat' dir='ltr'><strong><em>Felicis</em></strong></span> 
     </span>
    </p>
   </div>
   <div class='ocr_carea' id='block_1_45' title="bbox 2189 2134 3788 2207">
    <p class='ocr_par' dir='ltr' id='par_1_45' title="bbox 2189 2134 3788 2207">
     <span class='ocr_line' id='line_1_45' title="bbox 2189 2134 3788 2207; baseline -0.005 -12"><span class='ocrx_word' id='word_1_347' title='bbox 2189 2142 2396 2205; x_wconf 73' lang='lat' dir='ltr'><strong><em>exemit,</em></strong></span> <span class='ocrx_word' id='word_1_348' title='bbox 2446 2140 2533 2193; x_wconf 90' lang='lat' dir='ltr'><strong><em>ubi</em></strong></span> <span class='ocrx_word' id='word_1_349' title='bbox 2586 2140 2888 2192; x_wconf 88' lang='lat' dir='ltr'><strong><em>nominatim</em></strong></span> <span class='ocrx_word' id='word_1_350' title='bbox 2918 2152 3158 2207; x_wconf 89' lang='lat' dir='ltr'><strong><em>ntagnam</em></strong></span> <span class='ocrx_word' id='word_1_351' title='bbox 3205 2137 3365 2207; x_wconf 85' lang='lat' dir='ltr'><strong><em>hujus</em></strong></span> <span class='ocrx_word' id='word_1_352' title='bbox 3386 2134 3556 2189; x_wconf 91' lang='lat' dir='ltr'><strong><em>libelli</em></strong></span> <span class='ocrx_word' id='word_1_353' title='bbox 3590 2144 3788 2205; x_wconf 76' lang='lat' dir='ltr'><strong><em>portent</em></strong></span> 
     </span>
    </p>
   </div>
   <div class='ocr_carea' id='block_1_46' title="bbox 2193 2226 3788 2305">
    <p class='ocr_par' dir='ltr' id='par_1_46' title="bbox 2193 2226 3788 2305">
     <span class='ocr_line' id='line_1_46' title="bbox 2193 2226 3788 2305; baseline -0.006 -15"><span class='ocrx_word' id='word_1_354' title='bbox 2193 2243 2454 2305; x_wconf 87' lang='lat' dir='ltr'><strong><em>percenset</em></strong></span> <span class='ocrx_word' id='word_1_355' title='bbox 2491 2249 2609 2287; x_wconf 90' lang='lat' dir='ltr'><strong><em>cum</em></strong></span> <span class='ocrx_word' id='word_1_356' title='bbox 2635 2230 3019 2303; x_wconf 78' lang='lat' dir='ltr'><strong><em>perhonoriﬁca</em></strong></span> <span class='ocrx_word' id='word_1_357' title='bbox 3047 2226 3353 2284; x_wconf 71' lang='lat' dir='ltr'><strong><em>CHROIATII</em></strong></span> <span class='ocrx_word' id='word_1_358' title='bbox 3393 2230 3646 2283; x_wconf 89' lang='lat' dir='ltr'><strong><em>antistitis</em></strong></span> <span class='ocrx_word' id='word_1_359' title='bbox 3680 2226 3788 2282; x_wconf 77' lang='lat' dir='ltr'><strong><em>Ilo-</em></strong></span> 
     </span>
    </p>
   </div>
   <div class='ocr_carea' id='block_1_47' title="bbox 2191 2320 3783 2397">
    <p class='ocr_par' dir='ltr' id='par_1_47' title="bbox 2191 2320 3783 2397">
     <span class='ocr_line' id='line_1_47' title="bbox 2191 2320 3783 2397; baseline -0.004 -16"><span class='ocrx_word' id='word_1_360' title='bbox 2191 2328 2329 2383; x_wconf 88' lang='lat' dir='ltr'><strong><em>mani</em></strong></span> <span class='ocrx_word' id='word_1_361' title='bbox 2353 2326 2681 2397; x_wconf 65' lang='lat' dir='ltr'><strong><em>praefatione.</em></strong></span> <span class='ocrx_word' id='word_1_362' title='bbox 2724 2322 2866 2386; x_wconf 78' lang='lat' dir='ltr'><strong><em>Vale,</em></strong></span> <span class='ocrx_word' id='word_1_363' title='bbox 2897 2322 3291 2383; x_wconf 76' lang='lat' dir='ltr'><strong><em>humanissime,</em></strong></span> <span class='ocrx_word' id='word_1_364' title='bbox 3314 2320 3559 2392; x_wconf 84' lang='lat' dir='ltr'><strong><em>idemque</em></strong></span> <span class='ocrx_word' id='word_1_365' title='bbox 3583 2320 3783 2375; x_wconf 81' lang='lat' dir='ltr'><strong><em>charis-</em></strong></span> 
     </span>
    </p>
   </div>
   <div class='ocr_carea' id='block_1_48' title="bbox 2186 2416 3785 2491">
    <p class='ocr_par' dir='ltr' id='par_1_48' title="bbox 2186 2416 3785 2491">
     <span class='ocr_line' id='line_1_48' title="bbox 2186 2416 3785 2491; baseline -0.004 -13"><span class='ocrx_word' id='word_1_366' title='bbox 2186 2424 2314 2478; x_wconf 90' lang='lat' dir='ltr'><strong><em>sime</em></strong></span> <span class='ocrx_word' id='word_1_367' title='bbox 2371 2421 2609 2491; x_wconf 87' lang='lat' dir='ltr'><strong><em>llsunge.</em></strong></span> <span class='ocrx_word' id='word_1_368' title='bbox 2679 2418 2902 2473; x_wconf 74' lang='lat' dir='ltr'><strong><em>Basilete</em></strong></span> <span class='ocrx_word' id='word_1_369' title='bbox 2952 2434 3016 2472; x_wconf 75' lang='lat' dir='ltr'><strong><em>ea:</em></strong></span> <span class='ocrx_word' id='word_1_370' title='bbox 3066 2416 3266 2473; x_wconf 71' lang='lat' dir='ltr'><strong><em>(edibus</em></strong></span> <span class='ocrx_word' id='word_1_371' title='bbox 3322 2417 3552 2483; x_wconf 87' lang='lat' dir='ltr'><strong><em>nostris,</em></strong></span> <span class='ocrx_word' id='word_1_372' title='bbox 3616 2433 3785 2472; x_wconf 83' lang='lat' dir='ltr'><strong><em>mense</em></strong></span> 
     </span>
    </p>
   </div>
   <div class='ocr_carea' id='block_1_49' title="bbox 2188 2513 3062 2589">
    <p class='ocr_par' dir='ltr' id='par_1_49' title="bbox 2188 2513 3062 2589">
     <span class='ocr_line' id='line_1_49' title="bbox 2188 2513 3062 2589; baseline -0.006 -12"><span class='ocrx_word' id='word_1_373' title='bbox 2188 2522 2406 2589; x_wconf 83' lang='lat' dir='ltr'><strong><em>Martio,</em></strong></span> <span class='ocrx_word' id='word_1_374' title='bbox 2434 2519 2532 2574; x_wconf 82' lang='lat' dir='ltr'><strong><em>An.</em></strong></span> <span class='ocrx_word' id='word_1_375' title='bbox 2568 2516 2646 2573; x_wconf 84' lang='lat' dir='ltr'><strong><em>M.</em></strong></span> <span class='ocrx_word' id='word_1_376' title='bbox 2673 2515 2744 2572; x_wconf 89' lang='lat' dir='ltr'><strong><em>D.</em></strong></span> <span class='ocrx_word' id='word_1_377' title='bbox 2772 2513 3062 2572; x_wconf 71' lang='lat' dir='ltr'><strong><em>XXVIII.</em></strong></span> 
     </span>
    </p>
   </div>
   <div class='ocr_carea' id='block_1_50' title="bbox 502 2736 3783 2764">
    <p class='ocr_par' dir='ltr' id='par_1_50' title="bbox 502 2736 3783 2764">
     <span class='ocr_line' id='line_1_50' title="bbox 502 2736 3783 2764; baseline -0.002 -8"><span class='ocrx_word' id='word_1_378' title='bbox 502 2736 3783 2764; x_wconf 83' lang='lat'><strong><em>______.____—__________________.—————————</em></strong></span> 
     </span>
    </p>
   </div>
   <div class='ocr_carea' id='block_1_51' title="bbox 1113 2844 3144 2927">
    <p class='ocr_par' dir='ltr' id='par_1_51' title="bbox 1113 2844 3144 2927">
     <span class='ocr_line' id='line_1_51' title="bbox 1113 2844 3144 2927; baseline -0.002 -17"><span class='ocrx_word' id='word_1_379' title='bbox 1113 2850 1383 2927; x_wconf 78' lang='lat' dir='ltr'><strong><em>[Lxxxv]</em></strong></span> <span class='ocrx_word' id='word_1_380' title='bbox 1428 2849 1531 2910; x_wconf 91' lang='lat' dir='ltr'><strong>DE</strong></span> <span class='ocrx_word' id='word_1_381' title='bbox 1576 2850 1637 2910; x_wconf 92' lang='lat' dir='ltr'><strong><em>S.</em></strong></span> <span class='ocrx_word' id='word_1_382' title='bbox 1687 2847 2171 2913; x_wconf 80' lang='lat' dir='ltr'><strong><em>CHROMATIO</em></strong></span> <span class='ocrx_word' id='word_1_383' title='bbox 2214 2845 2587 2910; x_wconf 83' lang='lat' dir='ltr'><strong><em>ANDREAS</em></strong></span> <span class='ocrx_word' id='word_1_384' title='bbox 2632 2844 3144 2908; x_wconf 80' lang='lat' dir='ltr'><strong><em>GALLANDIUS</em></strong></span> 
     </span>
    </p>
   </div>
   <div class='ocr_carea' id='block_1_52' title="bbox 519 2968 3747 3056">
    <p class='ocr_par' dir='ltr' id='par_1_52' title="bbox 519 2968 3747 3056">
     <span class='ocr_line' id='line_1_52' title="bbox 519 2968 3747 3056; baseline -0.002 -18"><span class='ocrx_word' id='word_1_385' title='bbox 519 2975 591 3039; x_wconf 90' lang='lat' dir='ltr'><strong><em>In</em></strong></span> <span class='ocrx_word' id='word_1_386' title='bbox 623 2976 1089 3056; x_wconf 83' lang='lat' dir='ltr'><strong><em>Prolegomenis</em></strong></span> <span class='ocrx_word' id='word_1_387' title='bbox 1117 2976 1198 3039; x_wconf 86' lang='lat' dir='ltr'><strong><em>ad</em></strong></span> <span class='ocrx_word' id='word_1_388' title='bbox 1226 2980 1469 3039; x_wconf 86' lang='lat' dir='ltr'><strong><em>tomum</em></strong></span> <span class='ocrx_word' id='word_1_389' title='bbox 1506 2976 1652 3038; x_wconf 83' lang='lat' dir='ltr'><strong><em>Vill</em></strong></span> <span class='ocrx_word' id='word_1_390' title='bbox 1682 2975 2089 3037; x_wconf 69' lang='lat' dir='ltr'><strong><em>Bibliotheca</em></strong></span> <span class='ocrx_word' id='word_1_391' title='bbox 2146 2975 2432 3035; x_wconf 81' lang='lat' dir='ltr'><strong><em>Veterum</em></strong></span> <span class='ocrx_word' id='word_1_392' title='bbox 2462 2972 2729 3032; x_wconf 84' lang='lat' dir='ltr'><strong><em>Patrum</em></strong></span> <span class='ocrx_word' id='word_1_393' title='bbox 2763 2971 3309 3051; x_wconf 81' lang='lat' dir='ltr'><strong><em>Antiquorumque</em></strong></span> <span class='ocrx_word' id='word_1_394' title='bbox 3336 2968 3747 3051; x_wconf 85' lang='lat' dir='ltr'><strong><em>Scriptorum</em></strong></span> 
     </span>
    </p>
   </div>
   <div class='ocr_carea' id='block_1_53' title="bbox 1398 3076 2967 3157">
    <p class='ocr_par' dir='ltr' id='par_1_53' title="bbox 1398 3076 2967 3157">
     <span class='ocr_line' id='line_1_53' title="bbox 1398 3076 2967 3157; baseline -0.003 -19"><span class='ocrx_word' id='word_1_395' title='bbox 1398 3077 2018 3153; x_wconf 86' lang='lat' dir='ltr'><strong><em>Ecclesiasticorum,</em></strong></span> <span class='ocrx_word' id='word_1_396' title='bbox 2054 3076 2266 3156; x_wconf 86' lang='lat' dir='ltr'><strong><em>capite</em></strong></span> <span class='ocrx_word' id='word_1_397' title='bbox 2296 3094 2406 3149; x_wconf 82' lang='lat' dir='ltr'><strong><em>xv,</em></strong></span> <span class='ocrx_word' id='word_1_398' title='bbox 2438 3091 2580 3157; x_wconf 84' lang='lat' dir='ltr'><strong><em>pag.</em></strong></span> <span class='ocrx_word' id='word_1_399' title='bbox 2617 3090 2858 3137; x_wconf 78' lang='lat' dir='ltr'><strong><em>xxvm.</em></strong></span> <span class='ocrx_word' id='word_1_400' title='bbox 2952 3132 2967 3152; x_wconf 41' lang='lat' dir='ltr'>J</span> 
     </span>
    </p>
   </div>
   <div class='ocr_carea' id='block_1_54' title="bbox 555 3365 3788 3438">
    <p class='ocr_par' dir='ltr' id='par_1_54' title="bbox 555 3365 3788 3438">
     <span class='ocr_line' id='line_1_54' title="bbox 555 3365 3788 3438; baseline 0 -15"><span class='ocrx_word' id='word_1_401' title='bbox 555 3368 593 3423; x_wconf 93' lang='grc' dir='ltr'><strong><em>Ι.</em></strong></span> <span class='ocrx_word' id='word_1_402' title='bbox 635 3367 1007 3435; x_wconf 78' lang='lat' dir='ltr'><strong><em>Chromatius,</em></strong></span> <span class='ocrx_word' id='word_1_403' title='bbox 1038 3368 1179 3424; x_wconf 89' lang='lat' dir='ltr'><strong><em>inter</em></strong></span> <span class='ocrx_word' id='word_1_404' title='bbox 1200 3367 1512 3425; x_wconf 83' lang='lat' dir='ltr'><strong><em>Occidentis</em></strong></span> <span class='ocrx_word' id='word_1_405' title='bbox 1554 3368 1846 3438; x_wconf 87' lang='lat' dir='ltr'><strong><em>episcopos</em></strong></span> <span class='ocrx_word' id='word_1_406' title='bbox 1877 3367 2080 3422; x_wconf 88' lang='lat' dir='ltr'><strong><em>sancti—</em></strong></span> <span class='ocrx_word' id='word_1_407' title='bbox 2109 3368 2154 3432; x_wconf 87' lang='lat' dir='ltr'><strong><em>C</em></strong></span> <span class='ocrx_word' id='word_1_408' title='bbox 2186 3366 2303 3423; x_wconf 86' lang='lat' dir='ltr'><strong><em>dori</em></strong></span> <span class='ocrx_word' id='word_1_409' title='bbox 2333 3365 2587 3423; x_wconf 82' lang='lat' dir='ltr'><strong><em>Altinatis</em></strong></span> <span class='ocrx_word' id='word_1_410' title='bbox 2624 3366 2890 3437; x_wconf 80' lang='lat' dir='ltr'><strong><em>episcOpi,</em></strong></span> <span class='ocrx_word' id='word_1_411' title='bbox 2932 3368 3025 3437; x_wconf 85' lang='lat' dir='ltr'><strong><em>qui</em></strong></span> <span class='ocrx_word' id='word_1_412' title='bbox 3072 3381 3198 3422; x_wconf 91' lang='lat' dir='ltr'><strong><em>cum</em></strong></span> <span class='ocrx_word' id='word_1_413' title='bbox 3250 3367 3591 3438; x_wconf 86' lang='lat' dir='ltr'><strong><em>Aquileiensi</em></strong></span> <span class='ocrx_word' id='word_1_414' title='bbox 3624 3370 3788 3425; x_wconf 85' lang='lat' dir='ltr'><strong><em>sacris</em></strong></span> 
     </span>
    </p>
   </div>
   <div class='ocr_carea' id='block_1_55' title="bbox 481 3460 2085 3532">
    <p class='ocr_par' dir='ltr' id='par_1_55' title="bbox 481 3460 2085 3532">
     <span class='ocr_line' id='line_1_55' title="bbox 481 3460 2085 3532; baseline -0.001 -15"><span class='ocrx_word' id='word_1_415' title='bbox 481 3472 596 3519; x_wconf 89' lang='lat' dir='ltr'><strong><em>tate</em></strong></span> <span class='ocrx_word' id='word_1_416' title='bbox 626 3477 689 3517; x_wconf 89' lang='lat' dir='ltr'><strong><em>ac</em></strong></span> <span class='ocrx_word' id='word_1_417' title='bbox 725 3461 975 3517; x_wconf 85' lang='lat' dir='ltr'><strong><em>doctrina</em></strong></span> <span class='ocrx_word' id='word_1_418' title='bbox 1006 3461 1257 3531; x_wconf 82' lang='lat' dir='ltr'><strong><em>insignis,</em></strong></span> <span class='ocrx_word' id='word_1_419' title='bbox 1299 3463 1351 3517; x_wconf 92' lang='lat' dir='ltr'><strong><em>in</em></strong></span> <span class='ocrx_word' id='word_1_420' title='bbox 1384 3462 1515 3518; x_wconf 89' lang='lat' dir='ltr'><strong><em>sede</em></strong></span> <span class='ocrx_word' id='word_1_421' title='bbox 1548 3462 1883 3532; x_wconf 82' lang='lat' dir='ltr'><strong><em>Aquileiensi</em></strong></span> <span class='ocrx_word' id='word_1_422' title='bbox 1926 3460 2085 3515; x_wconf 80' lang='lat' dir='ltr'><strong><em>Vale-</em></strong></span> 
     </span>
    </p>
   </div>
   <div class='ocr_carea' id='block_1_56' title="bbox 484 3553 2082 3625">
    <p class='ocr_par' dir='ltr' id='par_1_56' title="bbox 484 3553 2082 3625">
     <span class='ocr_line' id='line_1_56' title="bbox 484 3553 2082 3625; baseline -0.003 -15"><span class='ocrx_word' id='word_1_423' title='bbox 484 3555 638 3610; x_wconf 78' lang='lat' dir='ltr'><strong><em>l&#39;innn</em></strong></span> <span class='ocrx_word' id='word_1_424' title='bbox 658 3554 946 3618; x_wconf 69' lang='lat' dir='ltr'><strong><em>successit,</em></strong></span> <span class='ocrx_word' id='word_1_425' title='bbox 978 3556 1066 3625; x_wconf 83' lang='lat' dir='ltr'><strong><em>qui</em></strong></span> <span class='ocrx_word' id='word_1_426' title='bbox 1100 3570 1132 3610; x_wconf 91' lang='lat' dir='ltr'><strong><em>e</em></strong></span> <span class='ocrx_word' id='word_1_427' title='bbox 1159 3555 1297 3610; x_wconf 80' lang='lat' dir='ltr'><strong><em>vivis</em></strong></span> <span class='ocrx_word' id='word_1_428' title='bbox 1328 3567 1644 3612; x_wconf 79' lang='lat' dir='ltr'><strong><em>excesserat</em></strong></span> <span class='ocrx_word' id='word_1_429' title='bbox 1673 3571 1819 3611; x_wconf 91' lang='lat' dir='ltr'><strong><em>anno</em></strong></span> <span class='ocrx_word' id='word_1_430' title='bbox 1847 3554 1955 3611; x_wconf 76' lang='lat'><strong><em>388</em></strong></span> <span class='ocrx_word' id='word_1_431' title='bbox 1982 3553 2082 3625; x_wconf 90' lang='lat' dir='ltr'><strong><em>(a).</em></strong></span> 
     </span>
    </p>
   </div>
   <div class='ocr_carea' id='block_1_57' title="bbox 489 3646 2089 3718">
    <p class='ocr_par' dir='ltr' id='par_1_57' title="bbox 489 3646 2089 3718">
     <span class='ocr_line' id='line_1_57' title="bbox 489 3646 2089 3718; baseline -0.001 -15"><span class='ocrx_word' id='word_1_432' title='bbox 489 3647 617 3717; x_wconf 81' lang='lat' dir='ltr'><strong><em>Ejus</em></strong></span> <span class='ocrx_word' id='word_1_433' title='bbox 645 3646 1045 3703; x_wconf 88' lang='lat' dir='ltr'><strong><em>ordinationem</em></strong></span> <span class='ocrx_word' id='word_1_434' title='bbox 1079 3658 1351 3718; x_wconf 84' lang='lat' dir='ltr'><strong><em>peractam</em></strong></span> <span class='ocrx_word' id='word_1_435' title='bbox 1387 3649 1559 3705; x_wconf 74' lang='lat' dir='ltr'><strong><em>luisse</em></strong></span> <span class='ocrx_word' id='word_1_436' title='bbox 1582 3666 1612 3704; x_wconf 88' lang='lat' dir='ltr'><strong><em>a</em></strong></span> <span class='ocrx_word' id='word_1_437' title='bbox 1636 3657 1827 3704; x_wconf 86' lang='lat' dir='ltr'><strong><em>sancto</em></strong></span> <span class='ocrx_word' id='word_1_438' title='bbox 1861 3649 2089 3702; x_wconf 85' lang='lat' dir='ltr'><strong><em>Ambro-</em></strong></span> 
     </span>
    </p>
   </div>
   <div class='ocr_carea' id='block_1_58' title="bbox 488 3741 2091 3815">
    <p class='ocr_par' dir='ltr' id='par_1_58' title="bbox 488 3741 2091 3815">
     <span class='ocr_line' id='line_1_58' title="bbox 488 3741 2091 3815; baseline -0.003 -16"><span class='ocrx_word' id='word_1_439' title='bbox 488 3744 573 3799; x_wconf 79' lang='lat' dir='ltr'><strong><em>sio</em></strong></span> <span class='ocrx_word' id='word_1_440' title='bbox 610 3743 867 3812; x_wconf 80' lang='lat' dir='ltr'><strong><em>episcopo</em></strong></span> <span class='ocrx_word' id='word_1_441' title='bbox 891 3742 1304 3808; x_wconf 84' lang='lat' dir='ltr'><strong><em>Mediolanensi,</em></strong></span> <span class='ocrx_word' id='word_1_442' title='bbox 1338 3761 1502 3815; x_wconf 89' lang='lat' dir='ltr'><strong><em>quem</em></strong></span> <span class='ocrx_word' id='word_1_443' title='bbox 1534 3760 1601 3800; x_wconf 83' lang='lat' dir='ltr'><strong><em>eo</em></strong></span> <span class='ocrx_word' id='word_1_444' title='bbox 1643 3752 1890 3813; x_wconf 87' lang='lat' dir='ltr'><strong><em>tempore</em></strong></span> <span class='ocrx_word' id='word_1_445' title='bbox 1930 3741 2091 3811; x_wconf 83' lang='lat' dir='ltr'><strong><em>Aqui-</em></strong></span> 
     </span>
    </p>
   </div>
   <div class='ocr_carea' id='block_1_59' title="bbox 490 3834 2089 3909">
    <p class='ocr_par' dir='ltr' id='par_1_59' title="bbox 490 3834 2089 3909">
     <span class='ocr_line' id='line_1_59' title="bbox 490 3834 2089 3909; baseline 0 -20"><span class='ocrx_word' id='word_1_446' title='bbox 490 3836 606 3890; x_wconf 73' lang='lat' dir='ltr'><strong><em>leia:</em></strong></span> <span class='ocrx_word' id='word_1_447' title='bbox 629 3836 968 3890; x_wconf 87' lang='lat' dir='ltr'><strong><em>constitutum</em></strong></span> <span class='ocrx_word' id='word_1_448' title='bbox 1001 3836 1161 3890; x_wconf 86' lang='lat' dir='ltr'><strong><em>tradit</em></strong></span> <span class='ocrx_word' id='word_1_449' title='bbox 1190 3836 1450 3891; x_wconf 87' lang='lat' dir='ltr'><strong><em>Paulinus</em></strong></span> <span class='ocrx_word' id='word_1_450' title='bbox 1474 3834 1576 3909; x_wconf 90' lang='lat' dir='ltr'><strong><em>(b),</em></strong></span> <span class='ocrx_word' id='word_1_451' title='bbox 1606 3836 1843 3906; x_wconf 86' lang='lat' dir='ltr'><strong><em>eottjecit</em></strong></span> <span class='ocrx_word' id='word_1_452' title='bbox 1866 3849 2089 3905; x_wconf 87' lang='lat' dir='ltr'><strong><em>magnus</em></strong></span> 
     </span>
    </p>
   </div>
   <div class='ocr_carea' id='block_1_60' title="bbox 492 3926 2090 4000">
    <p class='ocr_par' dir='ltr' id='par_1_60' title="bbox 492 3926 2090 4000">
     <span class='ocr_line' id='line_1_60' title="bbox 492 3926 2090 4000; baseline -0.001 -17"><span class='ocrx_word' id='word_1_453' title='bbox 492 3927 758 3983; x_wconf 89' lang='lat' dir='ltr'><strong><em>Baronius</em></strong></span> <span class='ocrx_word' id='word_1_454' title='bbox 800 3926 891 4000; x_wconf 88' lang='lat' dir='ltr'><strong><em>(c).</em></strong></span> <span class='ocrx_word' id='word_1_455' title='bbox 951 3928 1116 4000; x_wconf 88' lang='lat' dir='ltr'><strong><em>Cujus</em></strong></span> <span class='ocrx_word' id='word_1_456' title='bbox 1154 3932 1374 4000; x_wconf 85' lang='lat' dir='ltr'><strong><em>quidem</em></strong></span> <span class='ocrx_word' id='word_1_457' title='bbox 1417 3930 1743 3984; x_wconf 86' lang='lat' dir='ltr'><strong><em>sententiam</em></strong></span> <span class='ocrx_word' id='word_1_458' title='bbox 1786 3928 2090 3983; x_wconf 83' lang='lat' dir='ltr'><strong><em>Fontanino</em></strong></span> 
     </span>
    </p>
   </div>
   <div class='ocr_carea' id='block_1_61' title="bbox 491 4018 2089 4091">
    <p class='ocr_par' dir='ltr' id='par_1_61' title="bbox 491 4018 2089 4091">
     <span class='ocr_line' id='line_1_61' title="bbox 491 4018 2089 4091; baseline 0.001 -16"><span class='ocrx_word' id='word_1_459' title='bbox 491 4018 631 4075; x_wconf 89' lang='lat' dir='ltr'><strong><em>ltaud</em></strong></span> <span class='ocrx_word' id='word_1_460' title='bbox 676 4022 958 4088; x_wconf 81' lang='lat' dir='ltr'><strong><em>probatam</em></strong></span> <span class='ocrx_word' id='word_1_461' title='bbox 991 4020 1107 4090; x_wconf 71' lang='grc' dir='ltr'><strong><em>(ά),</em></strong></span> <span class='ocrx_word' id='word_1_462' title='bbox 1149 4021 1263 4075; x_wconf 86' lang='lat' dir='ltr'><strong><em>viro</em></strong></span> <span class='ocrx_word' id='word_1_463' title='bbox 1302 4023 1467 4076; x_wconf 81' lang='lat' dir='ltr'><strong><em>doeto</em></strong></span> <span class='ocrx_word' id='word_1_464' title='bbox 1514 4032 1780 4076; x_wconf 74' lang='lat' dir='ltr'><strong><em>assertum</em></strong></span> <span class='ocrx_word' id='word_1_465' title='bbox 1820 4022 2089 4091; x_wconf 88' lang='lat' dir='ltr'><strong><em>comperi-</em></strong></span> 
     </span>
    </p>
   </div>
   <div class='ocr_carea' id='block_1_62' title="bbox 493 4113 2092 4186">
    <p class='ocr_par' dir='ltr' id='par_1_62' title="bbox 493 4113 2092 4186">
     <span class='ocr_line' id='line_1_62' title="bbox 493 4113 2092 4186; baseline 0.002 -18"><span class='ocrx_word' id='word_1_466' title='bbox 493 4129 613 4168; x_wconf 90' lang='lat' dir='ltr'><strong><em>mus</em></strong></span> <span class='ocrx_word' id='word_1_467' title='bbox 641 4114 737 4186; x_wconf 89' lang='lat' dir='ltr'><strong><em>(e).</em></strong></span> <span class='ocrx_word' id='word_1_468' title='bbox 783 4113 931 4170; x_wconf 86' lang='lat' dir='ltr'><strong><em>Inter</em></strong></span> <span class='ocrx_word' id='word_1_469' title='bbox 961 4116 1085 4169; x_wconf 85' lang='lat' dir='ltr'><strong><em>novi</em></strong></span> <span class='ocrx_word' id='word_1_470' title='bbox 1134 4114 1390 4169; x_wconf 67' lang='lat' dir='ltr'><strong><em>Praesulis</em></strong></span> <span class='ocrx_word' id='word_1_471' title='bbox 1421 4114 1610 4169; x_wconf 83' lang='lat' dir='ltr'><strong><em>laudes</em></strong></span> <span class='ocrx_word' id='word_1_472' title='bbox 1643 4115 1775 4170; x_wconf 87' lang='lat' dir='ltr'><strong><em>illud</em></strong></span> <span class='ocrx_word' id='word_1_473' title='bbox 1818 4115 2092 4186; x_wconf 79' lang='lat' dir='ltr'><strong><em>praecipue</em></strong></span> 
     </span>
    </p>
   </div>
   <div class='ocr_carea' id='block_1_63' title="bbox 488 4208 2090 4282">
    <p class='ocr_par' dir='ltr' id='par_1_63' title="bbox 488 4208 2090 4282">
     <span class='ocr_line' id='line_1_63' title="bbox 488 4208 2090 4282; baseline 0.003 -20"><span class='ocrx_word' id='word_1_474' title='bbox 488 4208 903 4271; x_wconf 87' lang='lat' dir='ltr'><strong><em>attendendum.</em></strong></span> <span class='ocrx_word' id='word_1_475' title='bbox 927 4209 1074 4282; x_wconf 90' lang='lat' dir='ltr'><strong><em>quod</em></strong></span> <span class='ocrx_word' id='word_1_476' title='bbox 1101 4209 1201 4277; x_wconf 85' lang='lat' dir='ltr'><strong><em>ipsi</em></strong></span> <span class='ocrx_word' id='word_1_477' title='bbox 1231 4209 1483 4265; x_wconf 77' lang='lat' dir='ltr'><strong><em>amicitiae</em></strong></span> <span class='ocrx_word' id='word_1_478' title='bbox 1515 4212 1946 4267; x_wconf 82' lang='lat' dir='ltr'><strong><em>necessitudines</em></strong></span> <span class='ocrx_word' id='word_1_479' title='bbox 1969 4228 2090 4267; x_wconf 90' lang='lat' dir='ltr'><strong><em>cum</em></strong></span> 
     </span>
    </p>
   </div>
   <div class='ocr_carea' id='block_1_64' title="bbox 488 4303 2091 4373">
    <p class='ocr_par' dir='ltr' id='par_1_64' title="bbox 488 4303 2091 4373">
     <span class='ocr_line' id='line_1_64' title="bbox 488 4303 2091 4373; baseline 0.002 -15"><span class='ocrx_word' id='word_1_480' title='bbox 488 4304 717 4359; x_wconf 89' lang='lat' dir='ltr'><strong><em>summis</em></strong></span> <span class='ocrx_word' id='word_1_481' title='bbox 748 4303 894 4361; x_wconf 88' lang='lat' dir='ltr'><strong><em>illius</em></strong></span> <span class='ocrx_word' id='word_1_482' title='bbox 926 4304 1273 4373; x_wconf 82' lang='lat' dir='ltr'><strong><em>tempestatis</em></strong></span> <span class='ocrx_word' id='word_1_483' title='bbox 1313 4304 1443 4359; x_wconf 89' lang='lat' dir='ltr'><strong><em>viris</em></strong></span> <span class='ocrx_word' id='word_1_484' title='bbox 1474 4305 1915 4370; x_wconf 87' lang='lat' dir='ltr'><strong><em>intercesserint,</em></strong></span> <span class='ocrx_word' id='word_1_485' title='bbox 1956 4306 2091 4362; x_wconf 82' lang='lat' dir='ltr'><strong><em>Am-</em></strong></span> 
     </span>
    </p>
   </div>
   <div class='ocr_carea' id='block_1_65' title="bbox 493 4394 2092 4471">
    <p class='ocr_par' dir='ltr' id='par_1_65' title="bbox 493 4394 2092 4471">
     <span class='ocr_line' id='line_1_65' title="bbox 493 4394 2092 4471; baseline 0.001 -20"><span class='ocrx_word' id='word_1_486' title='bbox 493 4394 702 4463; x_wconf 85' lang='lat' dir='ltr'><strong><em>brosio,</em></strong></span> <span class='ocrx_word' id='word_1_487' title='bbox 726 4398 1079 4469; x_wconf 82' lang='lat' dir='ltr'><strong><em>Hieronymo,</em></strong></span> <span class='ocrx_word' id='word_1_488' title='bbox 1103 4397 1314 4454; x_wconf 78' lang='lat' dir='ltr'><strong><em>Joanne</em></strong></span> <span class='ocrx_word' id='word_1_489' title='bbox 1333 4396 1752 4471; x_wconf 84' lang='lat' dir='ltr'><strong><em>Chrysostomo,</em></strong></span> <span class='ocrx_word' id='word_1_490' title='bbox 1780 4399 2092 4465; x_wconf 70' lang='lat' dir='ltr'><strong><em>Heliodoro,</em></strong></span> 
     </span>
    </p>
   </div>
   <div class='ocr_carea' id='block_1_66' title="bbox 496 4488 2093 4561">
    <p class='ocr_par' dir='ltr' id='par_1_66' title="bbox 496 4488 2093 4561">
     <span class='ocr_line' id='line_1_66' title="bbox 496 4488 2093 4561; baseline 0.003 -19"><span class='ocrx_word' id='word_1_491' title='bbox 496 4498 659 4559; x_wconf 88' lang='lat' dir='ltr'><strong><em>atque</em></strong></span> <span class='ocrx_word' id='word_1_492' title='bbox 706 4489 924 4545; x_wconf 79' lang='lat' dir='ltr'><strong><em>Ruﬁno.</em></strong></span> <span class='ocrx_word' id='word_1_493' title='bbox 961 4491 1025 4544; x_wconf 81' lang='lat' dir='ltr'><strong><em>Et</em></strong></span> <span class='ocrx_word' id='word_1_494' title='bbox 1054 4489 1122 4544; x_wconf 88' lang='lat' dir='ltr'><strong><em>ab</em></strong></span> <span class='ocrx_word' id='word_1_495' title='bbox 1150 4488 1445 4544; x_wconf 71' lang='lat' dir='ltr'><strong><em>Ambrosio</em></strong></span> <span class='ocrx_word' id='word_1_496' title='bbox 1474 4490 1690 4561; x_wconf 83' lang='lat' dir='ltr'><strong><em>quidem</em></strong></span> <span class='ocrx_word' id='word_1_497' title='bbox 1721 4489 2093 4558; x_wconf 80' lang='lat' dir='ltr'><strong><em>Chromatius,</em></strong></span> 
     </span>
    </p>
   </div>
   <div class='ocr_carea' id='block_1_67' title="bbox 494 4582 2093 4653">
    <p class='ocr_par' dir='ltr' id='par_1_67' title="bbox 494 4582 2093 4653">
     <span class='ocr_line' id='line_1_67' title="bbox 494 4582 2093 4653; baseline 0.001 -18"><span class='ocrx_word' id='word_1_498' title='bbox 494 4594 615 4635; x_wconf 87' lang='lat' dir='ltr'><strong><em>cum</em></strong></span> <span class='ocrx_word' id='word_1_499' title='bbox 651 4583 889 4636; x_wconf 81' lang='lat' dir='ltr'><strong><em>maximo</em></strong></span> <span class='ocrx_word' id='word_1_500' title='bbox 938 4597 1214 4637; x_wconf 83' lang='lat' dir='ltr'><strong><em>sacrarum</em></strong></span> <span class='ocrx_word' id='word_1_501' title='bbox 1255 4582 1559 4637; x_wconf 90' lang='lat' dir='ltr'><strong><em>litterarum</em></strong></span> <span class='ocrx_word' id='word_1_502' title='bbox 1592 4583 1773 4637; x_wconf 89' lang='lat' dir='ltr'><strong><em>studio</em></strong></span> <span class='ocrx_word' id='word_1_503' title='bbox 1818 4582 2093 4653; x_wconf 82' lang='lat' dir='ltr'><strong><em>ﬂagraret,</em></strong></span> 
     </span>
    </p>
   </div>
   <div class='ocr_carea' id='block_1_68' title="bbox 498 4672 2097 4744">
    <p class='ocr_par' dir='ltr' id='par_1_68' title="bbox 498 4672 2097 4744">
     <span class='ocr_line' id='line_1_68' title="bbox 498 4672 2097 4744; baseline 0.002 -18"><span class='ocrx_word' id='word_1_504' title='bbox 498 4672 731 4741; x_wconf 82' lang='lat' dir='ltr'><strong><em>primum</em></strong></span> <span class='ocrx_word' id='word_1_505' title='bbox 780 4675 962 4742; x_wconf 88' lang='lat' dir='ltr'><strong><em>petiit,</em></strong></span> <span class='ocrx_word' id='word_1_506' title='bbox 1003 4681 1062 4728; x_wconf 83' lang='lat' dir='ltr'><strong><em>ut</em></strong></span> <span class='ocrx_word' id='word_1_507' title='bbox 1098 4674 1200 4728; x_wconf 85' lang='lat' dir='ltr'><strong><em>sibi</em></strong></span> <span class='ocrx_word' id='word_1_508' title='bbox 1240 4673 1445 4744; x_wconf 85' lang='lat' dir='ltr'><strong><em>aliquid</em></strong></span> <span class='ocrx_word' id='word_1_509' title='bbox 1498 4689 1530 4728; x_wconf 89' lang='lat' dir='ltr'><strong><em>e</em></strong></span> <span class='ocrx_word' id='word_1_510' title='bbox 1567 4673 1769 4729; x_wconf 86' lang='lat' dir='ltr'><strong><em>divinis</em></strong></span> <span class='ocrx_word' id='word_1_511' title='bbox 1817 4675 2097 4729; x_wconf 87' lang='lat' dir='ltr'><strong><em>eodicibus</em></strong></span> 
     </span>
    </p>
   </div>
   <div class='ocr_carea' id='block_1_69' title="bbox 2188 3462 3787 3533">
    <p class='ocr_par' dir='ltr' id='par_1_69' title="bbox 2188 3462 3787 3533">
     <span class='ocr_line' id='line_1_69' title="bbox 2188 3462 3787 3533; baseline -0.001 -15"><span class='ocrx_word' id='word_1_512' title='bbox 2188 3464 2386 3518; x_wconf 83' lang='lat' dir='ltr'><strong><em>litteris</em></strong></span> <span class='ocrx_word' id='word_1_513' title='bbox 2411 3462 2728 3519; x_wconf 82' lang='lat' dir='ltr'><strong><em>excolendis</em></strong></span> <span class='ocrx_word' id='word_1_514' title='bbox 2758 3478 2982 3532; x_wconf 82' lang='lat' dir='ltr'><strong><em>cperam</em></strong></span> <span class='ocrx_word' id='word_1_515' title='bbox 3013 3462 3196 3529; x_wconf 88' lang='lat' dir='ltr'><strong><em>dabat,</em></strong></span> <span class='ocrx_word' id='word_1_516' title='bbox 3225 3464 3482 3533; x_wconf 67' lang='lat' dir='ltr'><strong><em>precibus</em></strong></span> <span class='ocrx_word' id='word_1_517' title='bbox 3512 3473 3787 3529; x_wconf 79' lang='lat' dir='ltr'><strong><em>exoratus,</em></strong></span> 
     </span>
    </p>
   </div>
   <div class='ocr_carea' id='block_1_70' title="bbox 2188 3554 3788 3612">
    <p class='ocr_par' dir='ltr' id='par_1_70' title="bbox 2188 3554 3788 3612">
     <span class='ocr_line' id='line_1_70' title="bbox 2188 3554 3788 3612; baseline 0.001 -3"><span class='ocrx_word' id='word_1_518' title='bbox 2188 3554 2313 3609; x_wconf 88' lang='lat' dir='ltr'><strong><em>libri</em></strong></span> <span class='ocrx_word' id='word_1_519' title='bbox 2360 3554 2543 3609; x_wconf 66' lang='lat' dir='ltr'><strong><em>Tobiae</em></strong></span> <span class='ocrx_word' id='word_1_520' title='bbox 2585 3554 2807 3610; x_wconf 84' lang='lat' dir='ltr'><strong><em>latinam</em></strong></span> <span class='ocrx_word' id='word_1_521' title='bbox 2841 3557 3149 3611; x_wconf 84' lang='lat' dir='ltr'><strong><em>versionem</em></strong></span> <span class='ocrx_word' id='word_1_522' title='bbox 3189 3572 3220 3611; x_wconf 90' lang='lat' dir='ltr'><strong><em>e</em></strong></span> <span class='ocrx_word' id='word_1_523' title='bbox 3247 3554 3505 3612; x_wconf 68' lang='lat' dir='ltr'><strong><em>Chaldaeo</em></strong></span> <span class='ocrx_word' id='word_1_524' title='bbox 3536 3571 3788 3612; x_wconf 86' lang='lat' dir='ltr'><strong><em>sermone</em></strong></span> 
     </span>
    </p>
   </div>
   <div class='ocr_carea' id='block_1_71' title="bbox 2191 3646 3789 3720">
    <p class='ocr_par' dir='ltr' id='par_1_71' title="bbox 2191 3646 3789 3720">
     <span class='ocr_line' id='line_1_71' title="bbox 2191 3646 3789 3720; baseline 0.003 -19"><span class='ocrx_word' id='word_1_525' title='bbox 2191 3648 2478 3703; x_wconf 83' lang='lat' dir='ltr'><strong><em>adornavit</em></strong></span> <span class='ocrx_word' id='word_1_526' title='bbox 2509 3646 2587 3720; x_wconf 87' lang='lat' dir='ltr'><strong><em>(g)</em></strong></span> <span class='ocrx_word' id='word_1_527' title='bbox 2618 3666 2632 3703; x_wconf 88' lang='lat'><strong>:</strong></span> <span class='ocrx_word' id='word_1_528' title='bbox 2671 3660 2780 3703; x_wconf 89' lang='lat' dir='ltr'><strong><em>ttttn</em></strong></span> <span class='ocrx_word' id='word_1_529' title='bbox 2813 3662 3045 3719; x_wconf 80' lang='lat' dir='ltr'><strong><em>utroque</em></strong></span> <span class='ocrx_word' id='word_1_530' title='bbox 3076 3650 3309 3719; x_wconf 71' lang='lat' dir='ltr'><strong><em>priosule</em></strong></span> <span class='ocrx_word' id='word_1_531' title='bbox 3342 3651 3619 3715; x_wconf 86' lang='lat' dir='ltr'><strong><em>hortante,</em></strong></span> <span class='ocrx_word' id='word_1_532' title='bbox 3651 3651 3789 3705; x_wconf 86' lang='lat' dir='ltr'><strong><em>inse-</em></strong></span> 
     </span>
    </p>
   </div>
   <div class='ocr_carea' id='block_1_72' title="bbox 2193 3741 3791 3811">
    <p class='ocr_par' dir='ltr' id='par_1_72' title="bbox 2193 3741 3791 3811">
     <span class='ocr_line' id='line_1_72' title="bbox 2193 3741 3791 3811; baseline 0.004 -18"><span class='ocrx_word' id='word_1_533' title='bbox 2193 3752 2392 3811; x_wconf 70' lang='lat' dir='ltr'><strong><em>quente</em></strong></span> <span class='ocrx_word' id='word_1_534' title='bbox 2431 3758 2574 3796; x_wconf 84' lang='lat' dir='ltr'><strong><em>anno</em></strong></span> <span class='ocrx_word' id='word_1_535' title='bbox 2614 3741 2710 3796; x_wconf 80' lang='lat'><strong><em>39!</em></strong></span> <span class='ocrx_word' id='word_1_536' title='bbox 2781 3742 3289 3811; x_wconf 86' lang='lat' dir='ltr'><strong><em>interpretatiOnem</em></strong></span> <span class='ocrx_word' id='word_1_537' title='bbox 3349 3744 3791 3809; x_wconf 82' lang='lat' dir='ltr'><strong><em>Proverbiorttm,</em></strong></span> 
     </span>
    </p>
   </div>
   <div class='ocr_carea' id='block_1_73' title="bbox 2195 3834 3786 3901">
    <p class='ocr_par' dir='ltr' id='par_1_73' title="bbox 2195 3834 3786 3901">
     <span class='ocr_line' id='line_1_73' title="bbox 2195 3834 3786 3901; baseline 0.001 -11"><span class='ocrx_word' id='word_1_538' title='bbox 2195 3835 2558 3901; x_wconf 69' lang='lat' dir='ltr'><strong><em>Ecclesiastm,</em></strong></span> <span class='ocrx_word' id='word_1_539' title='bbox 2586 3844 2636 3889; x_wconf 89' lang='lat' dir='ltr'><strong><em>et</em></strong></span> <span class='ocrx_word' id='word_1_540' title='bbox 2670 3834 2883 3889; x_wconf 90' lang='lat' dir='ltr'><strong><em>Cantici</em></strong></span> <span class='ocrx_word' id='word_1_541' title='bbox 2910 3835 3257 3890; x_wconf 87' lang='lat' dir='ltr'><strong><em>Canticorum</em></strong></span> <span class='ocrx_word' id='word_1_542' title='bbox 3306 3836 3373 3889; x_wconf 84' lang='lat' dir='ltr'><strong><em>ad</em></strong></span> <span class='ocrx_word' id='word_1_543' title='bbox 3403 3852 3501 3891; x_wconf 90' lang='lat' dir='ltr'><strong><em>eos</em></strong></span> <span class='ocrx_word' id='word_1_544' title='bbox 3535 3836 3786 3891; x_wconf 88' lang='lat' dir='ltr'><strong><em>transmi-</em></strong></span> 
     </span>
    </p>
   </div>
   <div class='ocr_carea' id='block_1_74' title="bbox 2196 3928 3790 3999">
    <p class='ocr_par' dir='ltr' id='par_1_74' title="bbox 2196 3928 3790 3999">
     <span class='ocr_line' id='line_1_74' title="bbox 2196 3928 3790 3999; baseline -0.002 -13"><span class='ocrx_word' id='word_1_545' title='bbox 2196 3933 2299 3996; x_wconf 87' lang='lat' dir='ltr'><strong><em>sit;</em></strong></span> <span class='ocrx_word' id='word_1_546' title='bbox 2353 3930 2882 3987; x_wconf 87' lang='lat' dir='ltr'><strong><em>Commentariorum</em></strong></span> <span class='ocrx_word' id='word_1_547' title='bbox 2915 3928 3125 3984; x_wconf 75' lang='lat' dir='ltr'><strong><em>sciliret</em></strong></span> <span class='ocrx_word' id='word_1_548' title='bbox 3166 3929 3285 3983; x_wconf 87' lang='lat' dir='ltr'><strong><em>loco</em></strong></span> <span class='ocrx_word' id='word_1_549' title='bbox 3311 3930 3365 3983; x_wconf 91' lang='lat' dir='ltr'><strong><em>itt</em></strong></span> <span class='ocrx_word' id='word_1_550' title='bbox 3405 3930 3570 3991; x_wconf 83' lang='lat' dir='ltr'><strong><em>Osee.</em></strong></span> <span class='ocrx_word' id='word_1_551' title='bbox 3605 3928 3790 3999; x_wconf 71' lang='lat' dir='ltr'><strong><em>Amos,</em></strong></span> 
     </span>
    </p>
   </div>
   <div class='ocr_carea' id='block_1_75' title="bbox 2196 4024 3791 4094">
    <p class='ocr_par' dir='ltr' id='par_1_75' title="bbox 2196 4024 3791 4094">
     <span class='ocr_line' id='line_1_75' title="bbox 2196 4024 3791 4094; baseline -0.001 -13"><span class='ocrx_word' id='word_1_552' title='bbox 2196 4026 2538 4091; x_wconf 77' lang='lat' dir='ltr'><strong><em>Zachariam,</em></strong></span> <span class='ocrx_word' id='word_1_553' title='bbox 2564 4034 2619 4079; x_wconf 74' lang='lat' dir='ltr'><strong><em>rt</em></strong></span> <span class='ocrx_word' id='word_1_554' title='bbox 2649 4025 2988 4092; x_wconf 81' lang='lat' dir='ltr'><strong><em>Malacltiam,</em></strong></span> <span class='ocrx_word' id='word_1_555' title='bbox 3009 4041 3146 4094; x_wconf 82' lang='lat' dir='ltr'><strong><em>quos</em></strong></span> <span class='ocrx_word' id='word_1_556' title='bbox 3166 4025 3233 4078; x_wconf 84' lang='lat' dir='ltr'><strong><em>ab</em></strong></span> <span class='ocrx_word' id='word_1_557' title='bbox 3260 4024 3455 4079; x_wconf 85' lang='lat' dir='ltr'><strong><em>iisdem</em></strong></span> <span class='ocrx_word' id='word_1_558' title='bbox 3490 4026 3791 4093; x_wconf 71' lang='lat' dir='ltr'><strong><em>postulatos</em></strong></span> 
     </span>
    </p>
   </div>
   <div class='ocr_carea' id='block_1_76' title="bbox 2194 4118 3798 4191">
    <p class='ocr_par' dir='ltr' id='par_1_76' title="bbox 2194 4118 3798 4191">
     <span class='ocr_line' id='line_1_76' title="bbox 2194 4118 3798 4191; baseline -0.003 -15"><span class='ocrx_word' id='word_1_559' title='bbox 2194 4120 2505 4191; x_wconf 82' lang='lat' dir='ltr'><strong><em>scripsisset,</em></strong></span> <span class='ocrx_word' id='word_1_560' title='bbox 2533 4119 2576 4172; x_wconf 91' lang='lat' dir='ltr'><strong><em>si</em></strong></span> <span class='ocrx_word' id='word_1_561' title='bbox 2606 4118 2832 4172; x_wconf 85' lang='lat' dir='ltr'><strong><em>licuisset</em></strong></span> <span class='ocrx_word' id='word_1_562' title='bbox 2863 4134 2971 4183; x_wconf 78' lang='lat' dir='ltr'><strong><em>prce</em></strong></span> <span class='ocrx_word' id='word_1_563' title='bbox 2997 4118 3312 4179; x_wconf 82' lang='lat' dir='ltr'><strong><em>valetudine.</em></strong></span> <span class='ocrx_word' id='word_1_564' title='bbox 3342 4128 3398 4171; x_wconf 90' lang='lat' dir='ltr'><strong><em>ut</em></strong></span> <span class='ocrx_word' id='word_1_565' title='bbox 3431 4118 3659 4186; x_wconf 63' lang='lat' dir='ltr'><strong><em>ipsemet</em></strong></span> <span class='ocrx_word' id='word_1_566' title='bbox 3695 4127 3798 4171; x_wconf 83' lang='lat' dir='ltr'><strong><em>tes-</em></strong></span> 
     </span>
    </p>
   </div>
   <div class='ocr_carea' id='block_1_77' title="bbox 2199 4206 3799 4283">
    <p class='ocr_par' dir='ltr' id='par_1_77' title="bbox 2199 4206 3799 4283">
     <span class='ocr_line' id='line_1_77' title="bbox 2199 4206 3799 4283; baseline -0.003 -15"><span class='ocrx_word' id='word_1_567' title='bbox 2199 4223 2341 4268; x_wconf 87' lang='lat' dir='ltr'><strong><em>tatur</em></strong></span> <span class='ocrx_word' id='word_1_568' title='bbox 2364 4211 2468 4283; x_wconf 85' lang='lat' dir='ltr'><strong><em>(li).</em></strong></span> <span class='ocrx_word' id='word_1_569' title='bbox 2500 4210 2581 4265; x_wconf 79' lang='lat' dir='ltr'><strong><em>Ad</em></strong></span> <span class='ocrx_word' id='word_1_570' title='bbox 2612 4209 2727 4264; x_wconf 74' lang='lat' dir='ltr'><strong><em>lucc</em></strong></span> <span class='ocrx_word' id='word_1_571' title='bbox 2758 4224 2902 4263; x_wconf 88' lang='lat' dir='ltr'><strong><em>anno</em></strong></span> <span class='ocrx_word' id='word_1_572' title='bbox 2940 4208 3046 4263; x_wconf 72' lang='grc'><strong><em>592</em></strong></span> <span class='ocrx_word' id='word_1_573' title='bbox 3072 4208 3243 4263; x_wconf 80' lang='lat' dir='ltr'><strong><em>libros</em></strong></span> <span class='ocrx_word' id='word_1_574' title='bbox 3272 4208 3411 4263; x_wconf 91' lang='lat' dir='ltr'><strong><em>duos</em></strong></span> <span class='ocrx_word' id='word_1_575' title='bbox 3450 4206 3799 4264; x_wconf 83' lang='lat' dir='ltr'><strong><em>Commenta-</em></strong></span> 
     </span>
    </p>
   </div>
   <div class='ocr_carea' id='block_1_78' title="bbox 2196 4300 3798 4375">
    <p class='ocr_par' dir='ltr' id='par_1_78' title="bbox 2196 4300 3798 4375">
     <span class='ocr_line' id='line_1_78' title="bbox 2196 4300 3798 4375; baseline -0.004 -11"><span class='ocrx_word' id='word_1_576' title='bbox 2196 4307 2399 4364; x_wconf 89' lang='lat' dir='ltr'><strong><em>riorum</em></strong></span> <span class='ocrx_word' id='word_1_577' title='bbox 2433 4308 2485 4362; x_wconf 92' lang='lat' dir='ltr'><strong><em>in</em></strong></span> <span class='ocrx_word' id='word_1_578' title='bbox 2520 4306 2839 4375; x_wconf 84' lang='lat' dir='ltr'><strong><em>prephetam</em></strong></span> <span class='ocrx_word' id='word_1_579' title='bbox 2871 4304 3120 4361; x_wconf 82' lang='lat' dir='ltr'><strong><em>llahacnc</em></strong></span> <span class='ocrx_word' id='word_1_580' title='bbox 3166 4304 3255 4359; x_wconf 90' lang='lat' dir='ltr'><strong><em>uni</em></strong></span> <span class='ocrx_word' id='word_1_581' title='bbox 3286 4300 3610 4361; x_wconf 72' lang='lat' dir='ltr'><strong><em>Cltt&#39;omatio</em></strong></span> <span class='ocrx_word' id='word_1_582' title='bbox 3659 4320 3798 4359; x_wconf 87' lang='lat' dir='ltr'><strong><em>nun-</em></strong></span> 
     </span>
    </p>
   </div>
   <div class='ocr_carea' id='block_1_79' title="bbox 2197 4397 3794 4473">
    <p class='ocr_par' dir='ltr' id='par_1_79' title="bbox 2197 4397 3794 4473">
     <span class='ocr_line' id='line_1_79' title="bbox 2197 4397 3794 4473; baseline -0.004 -15"><span class='ocrx_word' id='word_1_583' title='bbox 2197 4403 2438 4473; x_wconf 88' lang='lat' dir='ltr'><strong><em>cupavit,</em></strong></span> <span class='ocrx_word' id='word_1_584' title='bbox 2468 4399 2557 4471; x_wconf 89' lang='lat' dir='ltr'><strong><em>qui</em></strong></span> <span class='ocrx_word' id='word_1_585' title='bbox 2591 4400 2749 4470; x_wconf 86' lang='lat' dir='ltr'><strong><em>uujns</em></strong></span> <span class='ocrx_word' id='word_1_586' title='bbox 2777 4398 3056 4469; x_wconf 69' lang='lat' dir='ltr'><strong><em>propheta:</em></strong></span> <span class='ocrx_word' id='word_1_587' title='bbox 3080 4397 3398 4452; x_wconf 90' lang='lat' dir='ltr'><strong><em>historicum</em></strong></span> <span class='ocrx_word' id='word_1_588' title='bbox 3426 4408 3482 4453; x_wconf 91' lang='lat' dir='ltr'><strong><em>et</em></strong></span> <span class='ocrx_word' id='word_1_589' title='bbox 3506 4397 3794 4454; x_wconf 83' lang='lat' dir='ltr'><strong><em>litteralem</em></strong></span> 
     </span>
    </p>
   </div>
   <div class='ocr_carea' id='block_1_80' title="bbox 2200 4488 3796 4563">
    <p class='ocr_par' dir='ltr' id='par_1_80' title="bbox 2200 4488 3796 4563">
     <span class='ocr_line' id='line_1_80' title="bbox 2200 4488 3796 4563; baseline -0.004 -13"><span class='ocrx_word' id='word_1_590' title='bbox 2200 4510 2419 4550; x_wconf 89' lang='lat' dir='ltr'><strong><em>sensum</em></strong></span> <span class='ocrx_word' id='word_1_591' title='bbox 2448 4494 2517 4547; x_wconf 87' lang='lat' dir='ltr'><strong><em>ab</em></strong></span> <span class='ocrx_word' id='word_1_592' title='bbox 2545 4509 2611 4547; x_wconf 90' lang='lat' dir='ltr'><strong><em>eo</em></strong></span> <span class='ocrx_word' id='word_1_593' title='bbox 2648 4495 2952 4563; x_wconf 60' lang='lat' dir='ltr'><strong><em>expetierat</em></strong></span> <span class='ocrx_word' id='word_1_594' title='bbox 2980 4490 3066 4560; x_wconf 70' lang='grc' dir='ltr'><strong><em>(ἰ).</em></strong></span> <span class='ocrx_word' id='word_1_595' title='bbox 3112 4488 3353 4559; x_wconf 73' lang='grc' dir='ltr'><strong><em>ιιθιιίῳιθ</em></strong></span> <span class='ocrx_word' id='word_1_596' title='bbox 3379 4488 3449 4543; x_wconf 84' lang='lat' dir='ltr'><strong><em>ab</em></strong></span> <span class='ocrx_word' id='word_1_597' title='bbox 3480 4490 3602 4557; x_wconf 87' lang='lat' dir='ltr'><strong><em>ipso</em></strong></span> <span class='ocrx_word' id='word_1_598' title='bbox 3634 4488 3796 4559; x_wconf 83' lang='lat' dir='ltr'><strong><em>Aqui-</em></strong></span> 
     </span>
    </p>
   </div>
   <div class='ocr_carea' id='block_1_81' title="bbox 2199 4580 3798 4653">
    <p class='ocr_par' dir='ltr' id='par_1_81' title="bbox 2199 4580 3798 4653">
     <span class='ocr_line' id='line_1_81' title="bbox 2199 4580 3798 4653; baseline -0.005 -12"><span class='ocrx_word' id='word_1_599' title='bbox 2199 4586 2391 4642; x_wconf 86' lang='lat' dir='ltr'><strong><em>leiensi</em></strong></span> <span class='ocrx_word' id='word_1_600' title='bbox 2438 4587 2697 4653; x_wconf 87' lang='lat' dir='ltr'><strong><em>episcopo</em></strong></span> <span class='ocrx_word' id='word_1_601' title='bbox 2745 4582 2999 4651; x_wconf 88' lang='lat' dir='ltr'><strong><em>impulsus</em></strong></span> <span class='ocrx_word' id='word_1_602' title='bbox 3031 4580 3417 4651; x_wconf 82' lang='lat' dir='ltr'><strong><em>Hieronymus,</em></strong></span> <span class='ocrx_word' id='word_1_603' title='bbox 3470 4590 3528 4635; x_wconf 91' lang='lat' dir='ltr'><strong><em>ut</em></strong></span> <span class='ocrx_word' id='word_1_604' title='bbox 3581 4580 3798 4635; x_wconf 79' lang='lat' dir='ltr'><strong><em>Hebrtca</em></strong></span> 
     </span>
    </p>
   </div>
   <div class='ocr_carea' id='block_1_82' title="bbox 2201 4672 3799 4752">
    <p class='ocr_par' dir='ltr' id='par_1_82' title="bbox 2201 4672 3799 4752">
     <span class='ocr_line' id='line_1_82' title="bbox 2201 4672 3799 4752; baseline -0.004 -18"><span class='ocrx_word' id='word_1_605' title='bbox 2201 4681 2463 4734; x_wconf 88' lang='lat' dir='ltr'><strong><em>volumina</em></strong></span> <span class='ocrx_word' id='word_1_606' title='bbox 2507 4677 2751 4752; x_wconf 71' lang='lat' dir='ltr'><strong><em>[LXXXVI]</em></strong></span> <span class='ocrx_word' id='word_1_607' title='bbox 2780 4676 2965 4731; x_wconf 89' lang='lat' dir='ltr'><strong><em>Latino</em></strong></span> <span class='ocrx_word' id='word_1_608' title='bbox 2996 4690 3229 4729; x_wconf 90' lang='lat' dir='ltr'><strong><em>sermone</em></strong></span> <span class='ocrx_word' id='word_1_609' title='bbox 3267 4678 3573 4745; x_wconf 79' lang='lat' dir='ltr'><strong><em>transferret</em></strong></span> <span class='ocrx_word' id='word_1_610' title='bbox 3603 4674 3707 4746; x_wconf 85' lang='lat' dir='ltr'><strong><em>(j),</em></strong></span> <span class='ocrx_word' id='word_1_611' title='bbox 3736 4672 3799 4728; x_wconf 87' lang='lat' dir='ltr'><strong><em>ad</em></strong></span> 
     </span>
    </p>
   </div>
   <div class='ocr_carea' id='block_1_83' title="bbox 496 4755 2104 4839">
    <p class='ocr_par' dir='ltr' id='par_1_83' title="bbox 496 4765 2096 4837">
     <span class='ocr_line' id='line_1_83' title="bbox 496 4765 2096 4837; baseline 0.001 -19"><span class='ocrx_word' id='word_1_612' title='bbox 496 4774 811 4834; x_wconf 85' lang='lat' dir='ltr'><strong><em>excerptum</em></strong></span> <span class='ocrx_word' id='word_1_613' title='bbox 838 4766 1303 4836; x_wconf 70' lang='lat' dir='ltr'><strong><em>explanatumquc</em></strong></span> <span class='ocrx_word' id='word_1_614' title='bbox 1335 4765 1623 4837; x_wconf 77' lang='lat' dir='ltr'><strong><em>dirigeret;</em></strong></span> <span class='ocrx_word' id='word_1_615' title='bbox 1648 4767 1734 4821; x_wconf 91' lang='lat' dir='ltr'><strong><em>ctti</em></strong></span> <span class='ocrx_word' id='word_1_616' title='bbox 1764 4783 1970 4823; x_wconf 89' lang='lat' dir='ltr'><strong><em>morem</em></strong></span> <span class='ocrx_word' id='word_1_617' title='bbox 2001 4784 2096 4837; x_wconf 78' lang='lat' dir='ltr'><strong><em>gc—</em></strong></span> 
     </span>
    </p>
   </div>
   <div class='ocr_carea' id='block_1_84' title="bbox 2189 4755 3799 4839">
    <p class='ocr_par' dir='ltr' id='par_1_84' title="bbox 2208 4766 3799 4839">
     <span class='ocr_line' id='line_1_84' title="bbox 2208 4766 3799 4839; baseline -0.006 -10"><span class='ocrx_word' id='word_1_618' title='bbox 2208 4788 2330 4829; x_wconf 86' lang='lat' dir='ltr'><strong><em>ettm</em></strong></span> <span class='ocrx_word' id='word_1_619' title='bbox 2379 4789 2520 4827; x_wconf 83' lang='lat' dir='ltr'><strong><em>anno</em></strong></span> <span class='ocrx_word' id='word_1_620' title='bbox 2547 4773 2652 4828; x_wconf 75' lang='lat'><strong><em>397</em></strong></span> <span class='ocrx_word' id='word_1_621' title='bbox 2701 4779 2803 4827; x_wconf 81' lang='grc' dir='ltr'><strong><em>τῶν</em></strong></span> <span class='ocrx_word' id='word_1_622' title='bbox 2852 4768 3313 4839; x_wconf 70' lang='lat' dir='ltr'><strong><em>Paralipomenmtt</em></strong></span> <span class='ocrx_word' id='word_1_623' title='bbox 3362 4769 3679 4823; x_wconf 86' lang='lat' dir='ltr'><strong><em>versionem</em></strong></span> <span class='ocrx_word' id='word_1_624' title='bbox 3731 4766 3799 4821; x_wconf 88' lang='lat' dir='ltr'><strong><em>di-</em></strong></span> 
     </span>
    </p>
   </div>
   <div class='ocr_carea' id='block_1_85' title="bbox 499 4857 2097 4932">
    <p class='ocr_par' dir='ltr' id='par_1_85' title="bbox 499 4857 2097 4932">
     <span class='ocr_line' id='line_1_85' title="bbox 499 4857 2097 4932; baseline 0.003 -21"><span class='ocrx_word' id='word_1_625' title='bbox 499 4870 627 4911; x_wconf 89' lang='lat' dir='ltr'><strong><em>retts</em></strong></span> <span class='ocrx_word' id='word_1_626' title='bbox 680 4857 1104 4913; x_wconf 85' lang='lat' dir='ltr'><strong><em>Mediolattensis</em></strong></span> <span class='ocrx_word' id='word_1_627' title='bbox 1160 4861 1433 4925; x_wconf 86' lang='lat' dir='ltr'><strong><em>antistes,</em></strong></span> <span class='ocrx_word' id='word_1_628' title='bbox 1487 4860 1824 4932; x_wconf 87' lang='lat' dir='ltr'><strong><em>prophetiam</em></strong></span> <span class='ocrx_word' id='word_1_629' title='bbox 1876 4862 2097 4917; x_wconf 85' lang='lat' dir='ltr'><strong><em>Balaam</em></strong></span> 
     </span>
    </p>
   </div>
   <div class='ocr_carea' id='block_1_86' title="bbox 498 4950 2104 5024">
    <p class='ocr_par' dir='ltr' id='par_1_86' title="bbox 498 4950 2104 5024">
     <span class='ocr_line' id='line_1_86' title="bbox 498 4950 2104 5024; baseline 0.004 -20"><span class='ocrx_word' id='word_1_630' title='bbox 498 4960 810 5006; x_wconf 75' lang='lat' dir='ltr'><strong><em>enarratum</em></strong></span> <span class='ocrx_word' id='word_1_631' title='bbox 841 4950 1125 5021; x_wconf 76' lang='lat' dir='ltr'><strong><em>epistolari</em></strong></span> <span class='ocrx_word' id='word_1_632' title='bbox 1152 4952 1558 5009; x_wconf 86' lang='lat' dir='ltr'><strong><em>scltediasmate</em></strong></span> <span class='ocrx_word' id='word_1_633' title='bbox 1599 4955 1977 5024; x_wconf 77' lang='lat' dir='ltr'><strong><em>perferendam</em></strong></span> <span class='ocrx_word' id='word_1_634' title='bbox 2008 4971 2104 5011; x_wconf 89' lang='lat' dir='ltr'><strong><em>ett-</em></strong></span> 
     </span>
    </p>
   </div>
   <div class='ocr_carea' id='block_1_87' title="bbox 500 5044 2106 5123">
    <p class='ocr_par' dir='ltr' id='par_1_87' title="bbox 500 5044 2106 5123">
     <span class='ocr_line' id='line_1_87' title="bbox 500 5044 2106 5123; baseline 0.003 -23"><span class='ocrx_word' id='word_1_635' title='bbox 500 5045 639 5100; x_wconf 83' lang='lat' dir='ltr'><strong><em>ravit</em></strong></span> <span class='ocrx_word' id='word_1_636' title='bbox 692 5044 763 5116; x_wconf 78' lang='lat' dir='ltr'><strong><em>(f)</em></strong></span> <span class='ocrx_word' id='word_1_637' title='bbox 823 5061 966 5100; x_wconf 89' lang='lat' dir='ltr'><strong><em>anno</em></strong></span> <span class='ocrx_word' id='word_1_638' title='bbox 1017 5047 1239 5102; x_wconf 89' lang='lat' dir='ltr'><strong><em>circiter</em></strong></span> <span class='ocrx_word' id='word_1_639' title='bbox 1269 5048 1396 5104; x_wconf 83' lang='lat'><strong><em>590.</em></strong></span> <span class='ocrx_word' id='word_1_640' title='bbox 1435 5047 1573 5117; x_wconf 84' lang='lat' dir='ltr'><strong><em>Quid</em></strong></span> <span class='ocrx_word' id='word_1_641' title='bbox 1619 5065 1781 5118; x_wconf 87' lang='lat' dir='ltr'><strong><em>porro</em></strong></span> <span class='ocrx_word' id='word_1_642' title='bbox 1836 5051 2106 5123; x_wconf 81' lang='lat' dir='ltr'><strong><em>Hierony-</em></strong></span> 
     </span>
    </p>
   </div>
   <div class='ocr_carea' id='block_1_88' title="bbox 2209 4858 3801 4924">
    <p class='ocr_par' dir='ltr' id='par_1_88' title="bbox 2209 4858 3801 4924">
     <span class='ocr_line' id='line_1_88' title="bbox 2209 4858 3801 4924; baseline -0.004 -4"><span class='ocrx_word' id='word_1_643' title='bbox 2209 4865 2366 4920; x_wconf 80' lang='lat' dir='ltr'><strong><em>rexit.</em></strong></span> <span class='ocrx_word' id='word_1_644' title='bbox 2406 4884 2424 4917; x_wconf 71' lang='grc' dir='ltr'><strong>ε</strong></span> <span class='ocrx_word' id='word_1_645' title='bbox 2462 4864 2588 4919; x_wconf 69' lang='lat' dir='ltr'><strong><em>llaec</em></strong></span> <span class='ocrx_word' id='word_1_646' title='bbox 2618 4872 2748 4919; x_wconf 83' lang='lat' dir='ltr'><strong><em>sunt</em></strong></span> <span class='ocrx_word' id='word_1_647' title='bbox 2770 4862 3049 4924; x_wconf 87' lang='lat' dir='ltr'><strong><em>nimirum,</em></strong></span> <span class='ocrx_word' id='word_1_648' title='bbox 3075 4870 3133 4913; x_wconf 90' lang='lat' dir='ltr'><strong><em>ttt</em></strong></span> <span class='ocrx_word' id='word_1_649' title='bbox 3163 4859 3260 4913; x_wconf 72' lang='lat' dir='ltr'><strong><em>viri</em></strong></span> <span class='ocrx_word' id='word_1_650' title='bbox 3300 4858 3597 4916; x_wconf 80' lang='lat' dir='ltr'><strong><em>clarissimi</em></strong></span> <span class='ocrx_word' id='word_1_651' title='bbox 3629 4860 3801 4916; x_wconf 87' lang='lat' dir='ltr'><strong><em>verbis</em></strong></span> 
     </span>
    </p>
   </div>
   <div class='ocr_carea' id='block_1_89' title="bbox 2207 4950 3800 5029">
    <p class='ocr_par' dir='ltr' id='par_1_89' title="bbox 2207 4950 3800 5029">
     <span class='ocr_line' id='line_1_89' title="bbox 2207 4950 3800 5029; baseline -0.003 -17"><span class='ocrx_word' id='word_1_652' title='bbox 2207 4970 2330 5012; x_wconf 86' lang='lat' dir='ltr'><strong><em>utar</em></strong></span> <span class='ocrx_word' id='word_1_653' title='bbox 2359 4957 2457 5029; x_wconf 83' lang='lat' dir='ltr'><strong><em>(k),</em></strong></span> <span class='ocrx_word' id='word_1_654' title='bbox 2486 4956 2749 5012; x_wconf 74' lang='lat' dir='ltr'><strong><em>doctrina:</em></strong></span> <span class='ocrx_word' id='word_1_655' title='bbox 2775 4970 2880 5025; x_wconf 89' lang='lat' dir='ltr'><strong><em>qua</em></strong></span> <span class='ocrx_word' id='word_1_656' title='bbox 2922 4952 3149 5007; x_wconf 83' lang='lat' dir='ltr'><strong><em>ﬂorebat</em></strong></span> <span class='ocrx_word' id='word_1_657' title='bbox 3176 4950 3511 5007; x_wconf 80' lang='lat' dir='ltr'><strong><em>Chromatius</em></strong></span> <span class='ocrx_word' id='word_1_658' title='bbox 3546 4953 3800 5020; x_wconf 66' lang='lat' dir='ltr'><strong><em>praeclara</em></strong></span> 
     </span>
    </p>
   </div>
   <div class='ocr_carea' id='block_1_90' title="bbox 2212 5047 3804 5119">
    <p class='ocr_par' dir='ltr' id='par_1_90' title="bbox 2212 5047 3804 5119">
     <span class='ocr_line' id='line_1_90' title="bbox 2212 5047 3804 5119; baseline -0.006 -12"><span class='ocrx_word' id='word_1_659' title='bbox 2212 5054 2557 5107; x_wconf 83' lang='lat' dir='ltr'><strong><em>testimonia:</em></strong></span> <span class='ocrx_word' id='word_1_660' title='bbox 2612 5051 2897 5118; x_wconf 88' lang='lat' dir='ltr'><strong><em>ipsumque</em></strong></span> <span class='ocrx_word' id='word_1_661' title='bbox 2945 5047 3208 5102; x_wconf 89' lang='lat' dir='ltr'><strong><em>discimus</em></strong></span> <span class='ocrx_word' id='word_1_662' title='bbox 3242 5047 3581 5119; x_wconf 63' lang='lat' dir='ltr'><strong><em>praecipuum</em></strong></span> <span class='ocrx_word' id='word_1_663' title='bbox 3621 5057 3804 5104; x_wconf 71' lang='lat' dir='ltr'><strong><em>aucto.</em></strong></span> 
     </span>
    </p>
   </div>
   <div class='ocr_carea' id='block_1_91' title="bbox 504 5138 3800 5215">
    <p class='ocr_par' dir='ltr' id='par_1_91' title="bbox 504 5138 3800 5215">
     <span class='ocr_line' id='line_1_91' title="bbox 504 5138 3800 5215; baseline 0 -21"><span class='ocrx_word' id='word_1_664' title='bbox 504 5138 670 5194; x_wconf 80' lang='lat' dir='ltr'><strong><em>mus?</em></strong></span> <span class='ocrx_word' id='word_1_665' title='bbox 700 5138 748 5193; x_wconf 90' lang='lat' dir='ltr'><strong><em>ls</em></strong></span> <span class='ocrx_word' id='word_1_666' title='bbox 775 5139 1031 5196; x_wconf 81' lang='lat' dir='ltr'><strong><em>videlicet</em></strong></span> <span class='ocrx_word' id='word_1_667' title='bbox 1060 5141 1253 5199; x_wconf 90' lang='lat' dir='ltr'><strong><em>eodem</em></strong></span> <span class='ocrx_word' id='word_1_668' title='bbox 1292 5157 1457 5210; x_wconf 88' lang='lat' dir='ltr'><strong><em>anno,</em></strong></span> <span class='ocrx_word' id='word_1_669' title='bbox 1484 5142 1782 5199; x_wconf 85' lang='lat' dir='ltr'><strong><em>Chromatii</em></strong></span> <span class='ocrx_word' id='word_1_670' title='bbox 1826 5154 1883 5201; x_wconf 87' lang='lat' dir='ltr'><strong><em>et</em></strong></span> <span class='ocrx_word' id='word_1_671' title='bbox 1920 5144 2106 5200; x_wconf 75' lang='lat' dir='ltr'><strong><em>Helio-</em></strong></span> <span class='ocrx_word' id='word_1_672' title='bbox 2208 5161 2323 5201; x_wconf 86' lang='lat' dir='ltr'><strong><em>rem</em></strong></span> <span class='ocrx_word' id='word_1_673' title='bbox 2352 5144 2683 5215; x_wconf 83' lang='lat' dir='ltr'><strong><em>Hieronymo</em></strong></span> <span class='ocrx_word' id='word_1_674' title='bbox 2708 5143 2899 5208; x_wconf 81' lang='lat' dir='ltr'><strong><em>fuisse,</em></strong></span> <span class='ocrx_word' id='word_1_675' title='bbox 2930 5150 2988 5195; x_wconf 93' lang='lat' dir='ltr'><strong><em>ut</em></strong></span> <span class='ocrx_word' id='word_1_676' title='bbox 3013 5141 3274 5197; x_wconf 80' lang='lat' dir='ltr'><strong><em>eximium</em></strong></span> <span class='ocrx_word' id='word_1_677' title='bbox 3301 5140 3513 5199; x_wconf 77' lang='lat' dir='ltr'><strong><em>Latina:</em></strong></span> <span class='ocrx_word' id='word_1_678' title='bbox 3541 5140 3800 5199; x_wconf 85' lang='lat' dir='ltr'><strong><em>versionis</em></strong></span> 
     </span>
    </p>
   </div>
   <div class='ocr_carea' id='block_1_92' title="bbox 580 5304 2106 5379">
    <p class='ocr_par' dir='ltr' id='par_1_92' title="bbox 580 5304 2106 5379">
     <span class='ocr_line' id='line_1_92' title="bbox 580 5304 2106 5379; baseline 0.003 -20"><span class='ocrx_word' id='word_1_679' title='bbox 580 5305 655 5379; x_wconf 95' lang='lat' dir='ltr'><strong><em>(a)</em></strong></span> <span class='ocrx_word' id='word_1_680' title='bbox 700 5305 964 5379; x_wconf 83' lang='lat' dir='ltr'><strong><em>Bernard.</em></strong></span> <span class='ocrx_word' id='word_1_681' title='bbox 987 5304 1398 5379; x_wconf 75' lang='lat' dir='ltr'><strong><em>M.de_Rttbeis,</em></strong></span> <span class='ocrx_word' id='word_1_682' title='bbox 1418 5306 1886 5363; x_wconf 85' lang='lat' dir='ltr'><strong><em>Monnm.Eccles.</em></strong></span> <span class='ocrx_word' id='word_1_683' title='bbox 1920 5308 2106 5379; x_wconf 85' lang='lat' dir='ltr'><strong><em>Aquil.</em></strong></span> 
     </span>
    </p>
   </div>
   <div class='ocr_carea' id='block_1_93' title="bbox 506 5377 1580 5531">
    <p class='ocr_par' dir='ltr' id='par_1_93' title="bbox 506 5377 1580 5531">
     <span class='ocr_line' id='line_1_93' title="bbox 506 5377 1580 5531; baseline 0.006 -32"><span class='ocrx_word' id='word_1_684' title='bbox 506 5394 667 5531; x_wconf 47' lang='grc' dir='ltr'><strong><em>Μῖιῆ</em></strong></span> <span class='ocrx_word' id='word_1_685' title='bbox 691 5377 1448 5531; x_wconf 41' lang='lat' dir='ltr'><strong><em>ifilli?iniiiniigiaj</em></strong></span> <span class='ocrx_word' id='word_1_686' title='bbox 1486 5450 1580 5531; x_wconf 63' lang='lat' dir='ltr'><strong><em>at.</em></strong></span> 
     </span>
    </p>
   </div>
   <div class='ocr_carea' id='block_1_94' title="bbox 606 5520 1540 5593">
    <p class='ocr_par' dir='ltr' id='par_1_94' title="bbox 606 5520 1540 5593">
     <span class='ocr_line' id='line_1_94' title="bbox 606 5520 1540 5593; baseline 0 -17"><span class='ocrx_word' id='word_1_687' title='bbox 606 5523 657 5590; x_wconf 92' lang='lat' dir='ltr'><strong><em>c)</em></strong></span> <span class='ocrx_word' id='word_1_688' title='bbox 702 5523 988 5593; x_wconf 79' lang='lat' dir='ltr'><strong><em>Baronitts,</em></strong></span> <span class='ocrx_word' id='word_1_689' title='bbox 1018 5520 1086 5576; x_wconf 86' lang='lat' dir='ltr'><strong><em>ad</em></strong></span> <span class='ocrx_word' id='word_1_690' title='bbox 1111 5537 1201 5576; x_wconf 83' lang='lat' dir='ltr'><strong><em>an.</em></strong></span> <span class='ocrx_word' id='word_1_691' title='bbox 1225 5523 1352 5585; x_wconf 80' lang='lat'><strong><em>588,</em></strong></span> <span class='ocrx_word' id='word_1_692' title='bbox 1387 5520 1540 5593; x_wconf 45' lang='grc' dir='ltr'><strong><em>δίει.</em></strong></span> 
     </span>
    </p>
   </div>
   <div class='ocr_carea' id='block_1_95' title="bbox 510 5592 2105 5735">
    <p class='ocr_par' dir='ltr' id='par_1_95' title="bbox 510 5592 2105 5735">
     <span class='ocr_line' id='line_1_95' title="bbox 582 5592 2105 5667; baseline 0.003 -20"><span class='ocrx_word' id='word_1_693' title='bbox 582 5592 666 5665; x_wconf 88' lang='lat' dir='ltr'><strong><em>(d)</em></strong></span> <span class='ocrx_word' id='word_1_694' title='bbox 708 5592 1181 5662; x_wconf 78' lang='lat' dir='ltr'><strong><em>Foiitaniu.,|list.</em></strong></span> <span class='ocrx_word' id='word_1_695' title='bbox 1204 5594 1436 5650; x_wconf 87' lang='lat' dir='ltr'><strong><em>litterar.</em></strong></span> <span class='ocrx_word' id='word_1_696' title='bbox 1462 5594 1643 5665; x_wconf 88' lang='lat' dir='ltr'><strong><em>Aquil.</em></strong></span> <span class='ocrx_word' id='word_1_697' title='bbox 1671 5595 1771 5650; x_wconf 92' lang='lat' dir='ltr'><strong><em>lib.</em></strong></span> <span class='ocrx_word' id='word_1_698' title='bbox 1794 5611 1877 5662; x_wconf 89' lang='lat' dir='ltr'><strong><em>ttt,</em></strong></span> <span class='ocrx_word' id='word_1_699' title='bbox 1908 5611 2030 5667; x_wconf 91' lang='lat' dir='ltr'><strong><em>cap.</em></strong></span> <span class='ocrx_word' id='word_1_700' title='bbox 2050 5598 2105 5665; x_wconf 68' lang='grc' dir='ltr'><strong><em>Ζ,</em></strong></span> 
     </span>
     <span class='ocr_line' id='line_1_96' title="bbox 510 5664 934 5735; baseline 0 -16"><span class='ocrx_word' id='word_1_701' title='bbox 510 5664 625 5735; x_wconf 63' lang='lat'><strong><em>52,</em></strong></span> <span class='ocrx_word' id='word_1_702' title='bbox 658 5682 777 5735; x_wconf 79' lang='lat' dir='ltr'><strong><em>pag.</em></strong></span> <span class='ocrx_word' id='word_1_703' title='bbox 812 5666 934 5722; x_wconf 69' lang='grc'><strong><em>125.</em></strong></span> 
     </span>
    </p>
   </div>
   <div class='ocr_carea' id='block_1_96' title="bbox 609 5686 934 5729">
    <p class='ocr_par' dir='ltr' id='par_1_96' title="bbox 609 5686 934 5729">
     <span class='ocr_line' id='line_1_97' title="bbox 609 5686 934 5729; baseline 0.006 -12"><span class='ocrx_word' id='word_1_704' title='bbox 609 5704 625 5729; x_wconf 85' lang='lat'><strong><em>,</em></strong></span> <span class='ocrx_word' id='word_1_705' title='bbox 658 5686 777 5729; x_wconf 70' lang='lat' dir='ltr'><strong><em>pag.</em></strong></span> <span class='ocrx_word' id='word_1_706' title='bbox 812 5686 934 5722; x_wconf 70' lang='lat'><strong><em>120.</em></strong></span> 
     </span>
    </p>
   </div>
   <div class='ocr_carea' id='block_1_97' title="bbox 584 5682 2099 5811">
    <p class='ocr_par' dir='ltr' id='par_1_97' title="bbox 584 5682 2099 5811">
     <span class='ocr_line' id='line_1_98' title="bbox 584 5682 2099 5811; baseline 0.003 -21"><span class='ocrx_word' id='word_1_707' title='bbox 584 5682 936 5811; x_wconf 48' lang='lat' dir='ltr'><strong><em>ibpbii-ﬁfiii</em></strong></span> <span class='ocrx_word' id='word_1_708' title='bbox 985 5737 1055 5793; x_wconf 86' lang='lat' dir='ltr'><strong><em>M.</em></strong></span> <span class='ocrx_word' id='word_1_709' title='bbox 1087 5738 1156 5793; x_wconf 88' lang='lat' dir='ltr'><strong><em>de</em></strong></span> <span class='ocrx_word' id='word_1_710' title='bbox 1178 5737 1398 5807; x_wconf 78' lang='lat' dir='ltr'><strong><em>Rubeis,</em></strong></span> <span class='ocrx_word' id='word_1_711' title='bbox 1418 5738 1659 5795; x_wconf 85' lang='lat' dir='ltr'><strong><em>Monum.</em></strong></span> <span class='ocrx_word' id='word_1_712' title='bbox 1682 5738 1891 5797; x_wconf 83' lang='lat' dir='ltr'><strong><em>Eccles.</em></strong></span> <span class='ocrx_word' id='word_1_713' title='bbox 1912 5740 2099 5811; x_wconf 85' lang='lat' dir='ltr'><strong><em>Aquil.</em></strong></span> 
     </span>
    </p>
   </div>
   <div class='ocr_carea' id='block_1_98' title="bbox 511 5808 1169 5893">
    <p class='ocr_par' dir='ltr' id='par_1_98' title="bbox 511 5808 1169 5893">
     <span class='ocr_line' id='line_1_99' title="bbox 511 5808 1169 5893; baseline 0.005 -31"><span class='ocrx_word' id='word_1_714' title='bbox 511 5812 753 5893; x_wconf 30' lang='lat' dir='ltr'><strong><em>capzx‘lt‘),</em></strong></span> <span class='ocrx_word' id='word_1_715' title='bbox 851 5814 899 5875; x_wconf 81' lang='grc' dir='ltr'><strong><em>Ι,</em></strong></span> <span class='ocrx_word' id='word_1_716' title='bbox 929 5825 1049 5893; x_wconf 83' lang='lat' dir='ltr'><strong><em>pag.</em></strong></span> <span class='ocrx_word' id='word_1_717' title='bbox 1079 5811 1169 5893; x_wconf 70' lang='lat' dir='ltr'><strong><em>9Q.</em></strong></span> 
     </span>
    </p>
   </div>
   <div class='ocr_carea' id='block_1_99' title="bbox 510 5876 2104 5957">
    <p class='ocr_par' dir='ltr' id='par_1_99' title="bbox 510 5876 2104 5957">
     <span class='ocr_line' id='line_1_100' title="bbox 510 5876 2104 5957; baseline 0.001 -22"><span class='ocrx_word' id='word_1_718' title='bbox 510 5920 535 5935; x_wconf 62' lang='grc' dir='ltr'><strong><em>ρ.</em></strong></span> <span class='ocrx_word' id='word_1_719' title='bbox 582 5876 652 5945; x_wconf 70' lang='grc' dir='ltr'><strong><em>(Ι)</em></strong></span> <span class='ocrx_word' id='word_1_720' title='bbox 696 5876 1032 5949; x_wconf 67' lang='grc' dir='ltr'><strong><em>Αιιὼινοείυέ,</em></strong></span> <span class='ocrx_word' id='word_1_721' title='bbox 1058 5883 1217 5953; x_wconf 86' lang='lat' dir='ltr'><strong><em>epist.</em></strong></span> <span class='ocrx_word' id='word_1_722' title='bbox 1263 5878 1351 5945; x_wconf 73' lang='lat'><strong><em>50.</em></strong></span> <span class='ocrx_word' id='word_1_723' title='bbox 1402 5883 1538 5956; x_wconf 76' lang='lat' dir='ltr'><strong><em>Opp.</em></strong></span> <span class='ocrx_word' id='word_1_724' title='bbox 1568 5892 1698 5943; x_wconf 86' lang='lat' dir='ltr'><strong><em>tom.</em></strong></span> <span class='ocrx_word' id='word_1_725' title='bbox 1729 5880 1795 5954; x_wconf 88' lang='lat' dir='ltr'><strong><em>ll,</em></strong></span> <span class='ocrx_word' id='word_1_726' title='bbox 1830 5899 1952 5957; x_wconf 85' lang='lat' dir='ltr'><strong><em>pag.</em></strong></span> <span class='ocrx_word' id='word_1_727' title='bbox 1996 5879 2104 5941; x_wconf 73' lang='lat'><strong><em>995</em></strong></span> 
     </span>
    </p>
   </div>
   <div class='ocr_carea' id='block_1_100' title="bbox 2206 5318 2408 5365">
    <p class='ocr_par' dir='ltr' id='par_1_100' title="bbox 2206 5318 2408 5365">
     <span class='ocr_line' id='line_1_101' title="bbox 2206 5318 2408 5365; baseline -0.015 0"><span class='ocrx_word' id='word_1_728' title='bbox 2206 5318 2261 5365; x_wconf 90' lang='lat' dir='ltr'><strong><em>et</em></strong></span> <span class='ocrx_word' id='word_1_729' title='bbox 2292 5324 2408 5365; x_wconf 86' lang='lat' dir='ltr'><strong><em>sea.</em></strong></span> 
     </span>
    </p>
   </div>
   <div class='ocr_carea' id='block_1_101' title="bbox 2283 5324 3594 5451">
    <p class='ocr_par' dir='ltr' id='par_1_101' title="bbox 2283 5324 3594 5451">
     <span class='ocr_line' id='line_1_102' title="bbox 2283 5324 3594 5451; baseline -0.014 0"><span class='ocrx_word' id='word_1_730' title='bbox 2283 5324 2788 5451; x_wconf 54' lang='grc' dir='ltr'><strong><em>ῗέἶῐἨῖετοιιγῐῐιιιξ,</em></strong></span> <span class='ocrx_word' id='word_1_731' title='bbox 2829 5376 3049 5451; x_wconf 61' lang='lat' dir='ltr'><strong><em>Praelat.</em></strong></span> <span class='ocrx_word' id='word_1_732' title='bbox 3079 5376 3157 5451; x_wconf 82' lang='lat' dir='ltr'><strong><em>ad</em></strong></span> <span class='ocrx_word' id='word_1_733' title='bbox 3179 5375 3594 5451; x_wconf 10' lang='lat' dir='ltr'><strong><em>Vers.r&#39;l‘obia2.</em></strong></span> 
     </span>
    </p>
   </div>
   <div class='ocr_carea' id='block_1_102' title="bbox 2282 5448 3577 5521">
    <p class='ocr_par' dir='ltr' id='par_1_102' title="bbox 2282 5448 3577 5521">
     <span class='ocr_line' id='line_1_103' title="bbox 2282 5448 3577 5521; baseline -0.002 -16"><span class='ocrx_word' id='word_1_734' title='bbox 2282 5448 2364 5521; x_wconf 78' lang='lat' dir='ltr'><strong><em>(li)</em></strong></span> <span class='ocrx_word' id='word_1_735' title='bbox 2405 5451 2593 5521; x_wconf 81' lang='lat' dir='ltr'><strong><em>Idem.</em></strong></span> <span class='ocrx_word' id='word_1_736' title='bbox 2613 5448 2838 5521; x_wconf 77' lang='lat' dir='ltr'><strong><em>l’ra-l‘at.</em></strong></span> <span class='ocrx_word' id='word_1_737' title='bbox 2862 5452 2929 5503; x_wconf 91' lang='lat' dir='ltr'><strong><em>ad</em></strong></span> <span class='ocrx_word' id='word_1_738' title='bbox 2956 5448 3113 5504; x_wconf 81' lang='lat' dir='ltr'><strong><em>Vers.</em></strong></span> <span class='ocrx_word' id='word_1_739' title='bbox 3144 5448 3434 5521; x_wconf 65' lang='lat' dir='ltr'><strong><em>l’roverli..</em></strong></span> <span class='ocrx_word' id='word_1_740' title='bbox 3468 5458 3577 5503; x_wconf 86' lang='lat' dir='ltr'><strong><em>etc.</em></strong></span> 
     </span>
    </p>
   </div>
   <div class='ocr_carea' id='block_1_103' title="bbox 2211 5517 3799 5652">
    <p class='ocr_par' dir='ltr' id='par_1_103' title="bbox 2211 5517 3799 5652">
     <span class='ocr_line' id='line_1_104' title="bbox 2211 5517 3799 5652; baseline -0.002 -75"><span class='ocrx_word' id='word_1_741' title='bbox 2211 5596 2246 5652; x_wconf 77' lang='lat' dir='ltr'><strong>b</strong></span> <span class='ocrx_word' id='word_1_742' title='bbox 2282 5517 2355 5592; x_wconf 60' lang='lat' dir='ltr'><strong><em>(ii</em></strong></span> <span class='ocrx_word' id='word_1_743' title='bbox 2389 5520 2810 5591; x_wconf 79' lang='lat' dir='ltr'><strong><em>ldem,Prologo</em></strong></span> <span class='ocrx_word' id='word_1_744' title='bbox 2839 5521 2908 5575; x_wconf 89' lang='lat' dir='ltr'><strong><em>ad</em></strong></span> <span class='ocrx_word' id='word_1_745' title='bbox 2970 5520 3065 5575; x_wconf 87' lang='lat' dir='ltr'><strong><em>lib.</em></strong></span> <span class='ocrx_word' id='word_1_746' title='bbox 3117 5536 3133 5574; x_wconf 87' lang='grc' dir='ltr'>ι</span> <span class='ocrx_word' id='word_1_747' title='bbox 3178 5517 3555 5577; x_wconf 87' lang='lat' dir='ltr'><strong><em>Commentar.</em></strong></span> <span class='ocrx_word' id='word_1_748' title='bbox 3598 5521 3652 5577; x_wconf 91' lang='lat' dir='ltr'><strong><em>in</em></strong></span> <span class='ocrx_word' id='word_1_749' title='bbox 3699 5518 3799 5576; x_wconf 83' lang='lat' dir='ltr'><strong><em>Ha-</em></strong></span> 
     </span>
     <span class='ocr_line' id='line_1_105' title="bbox 2250 5610 2405 5650; baseline -0.019 0"><span class='ocrx_word' id='word_1_750' title='bbox 2250 5610 2405 5650; x_wconf 86' lang='lat' dir='ltr'><strong><em>aeuo.</em></strong></span> 
     </span>
    </p>
   </div>
   <div class='ocr_carea' id='block_1_104' title="bbox 2250 5610 2405 5650">
    <p class='ocr_par' dir='ltr' id='par_1_104' title="bbox 2250 5610 2405 5650">
     <span class='ocr_line' id='line_1_106' title="bbox 2250 5610 2405 5650; baseline -0.019 0"><span class='ocrx_word' id='word_1_751' title='bbox 2250 5610 2405 5650; x_wconf 76' lang='lat' dir='ltr'><strong><em>aCllC.</em></strong></span> 
     </span>
    </p>
   </div>
   <div class='ocr_carea' id='block_1_105' title="bbox 2282 5662 3184 5735">
    <p class='ocr_par' dir='ltr' id='par_1_105' title="bbox 2282 5662 3184 5735">
     <span class='ocr_line' id='line_1_107' title="bbox 2282 5662 3184 5735; baseline -0.02 0"><span class='ocrx_word' id='word_1_752' title='bbox 2282 5667 2354 5735; x_wconf 74' lang='lat' dir='ltr'><strong><em>(il</em></strong></span> <span class='ocrx_word' id='word_1_753' title='bbox 2394 5666 2562 5729; x_wconf 85' lang='lat' dir='ltr'><strong><em>Idem,</em></strong></span> <span class='ocrx_word' id='word_1_754' title='bbox 2595 5664 2813 5719; x_wconf 70' lang='lat' dir='ltr'><strong><em>Prml‘at.</em></strong></span> <span class='ocrx_word' id='word_1_755' title='bbox 2850 5663 2916 5735; x_wconf 83' lang='lat' dir='ltr'><strong><em>ad</em></strong></span> <span class='ocrx_word' id='word_1_756' title='bbox 2949 5662 3184 5732; x_wconf 83' lang='lat' dir='ltr'><strong><em>Paralip.</em></strong></span> 
     </span>
    </p>
   </div>
   <div class='ocr_carea' id='block_1_106' title="bbox 2284 5734 3796 5811">
    <p class='ocr_par' dir='ltr' id='par_1_106' title="bbox 2284 5734 3796 5811">
     <span class='ocr_line' id='line_1_108' title="bbox 2284 5734 3796 5811; baseline -0.001 -19"><span class='ocrx_word' id='word_1_757' title='bbox 2284 5738 2359 5811; x_wconf 69' lang='lat' dir='ltr'><strong><em>(Is;</em></strong></span> <span class='ocrx_word' id='word_1_758' title='bbox 2400 5736 2658 5811; x_wconf 57' lang='lat' dir='ltr'><strong><em>lsi-roard.</em></strong></span> <span class='ocrx_word' id='word_1_759' title='bbox 2678 5736 2837 5811; x_wconf 60' lang='grc' dir='ltr'><strong><em>Μ.ρε</em></strong></span> <span class='ocrx_word' id='word_1_760' title='bbox 2860 5734 3353 5804; x_wconf 78' lang='lat' dir='ltr'><strong><em>Rubeis,Monum.</em></strong></span> <span class='ocrx_word' id='word_1_761' title='bbox 3386 5736 3601 5795; x_wconf 86' lang='lat' dir='ltr'><strong><em>Eccles.</em></strong></span> <span class='ocrx_word' id='word_1_762' title='bbox 3625 5735 3796 5809; x_wconf 83' lang='lat' dir='ltr'><strong><em>Aquil.</em></strong></span> 
     </span>
    </p>
   </div>
   <div class='ocr_carea' id='block_1_107' title="bbox 2209 5807 2831 5882">
    <p class='ocr_par' dir='ltr' id='par_1_107' title="bbox 2209 5807 2831 5882">
     <span class='ocr_line' id='line_1_109' title="bbox 2209 5807 2831 5882; baseline -0.011 -14"><span class='ocrx_word' id='word_1_763' title='bbox 2209 5807 2407 5882; x_wconf 58' lang='grc' dir='ltr'><strong><em>ωρμί,</em></strong></span> <span class='ocrx_word' id='word_1_764' title='bbox 2444 5810 2472 5879; x_wconf 84' lang='lat'>§</span> <span class='ocrx_word' id='word_1_765' title='bbox 2504 5811 2557 5875; x_wconf 75' lang='lat'><strong><em>3,</em></strong></span> <span class='ocrx_word' id='word_1_766' title='bbox 2586 5823 2707 5877; x_wconf 79' lang='lat' dir='ltr'><strong><em>pag.</em></strong></span> <span class='ocrx_word' id='word_1_767' title='bbox 2738 5807 2831 5863; x_wconf 73' lang='lat'><strong><em>92.</em></strong></span> 
     </span>
    </p>
   </div>
  </div>
