4056 6340
218 281 313 342 521
1137 285 1208 345 IN
1244 286 1304 345 S.
1346 281 1806 345 CHROMATIUM
1844 279 2119 340 NOTITIA
2160 279 2555 343 GALLANDII.

3403 297 3511 356 322

220 399 545 454 voluminum
580 399 932 456 Hebrmornm
963 403 1356 474 aggrederetur
1396 418 1568 472 Opus,
1601 403 1808 458 cidetn-
1831 403 1892 466 Α
1915 397 2155 466 cupavil.
2194 397 2287 452 llis
2311 398 2540 469 aliiSque
2569 400 2827 471 prrcclarc
2856 402 3026 472 gestis
3066 413 3290 460 sanctus
3324 421 3516 464 noster

216 509 314 563 que
334 496 442 561 jam
474 504 660 564 empto
689 511 900 550 manum
927 495 1172 551 ultimam
1210 496 1534 564 imponeret.
1568 515 1589 548 ι

280 586 340 640 li.
382 585 498 641 Jam
526 604 681 655 vero,
711 599 768 644 ut
790 591 992 661 reliqua
1022 591 1293 659 praecipua
1320 591 1623 645 Chrotnatii
1653 600 1806 661 gesta

214 695 630 751 prosequamur,
670 698 814 739 anno
863 683 970 738 404
1017 685 1146 740 sede
1194 683 1804 751 Constantittopolttana

211 772 426 840 depulso
453 784 508 829 et
535 775 587 829 itt
614 777 861 832 exsilium
892 776 1117 832 detrusti
1141 776 1354 833 Joanne
1385 777 1802 848 Chrysostomo,

212 866 342 922 inter
369 867 686 923 Occidentis
713 871 1000 940 episcopos
1029 873 1118 942 qui
1153 887 1252 939 pro
1292 871 1413 939 ejus
1453 870 1805 926 reSIitutione

211 959 439 1015 maxime
486 959 882 1024 allaborarunt.
916 962 1144 1018 eminuit
1181 972 1370 1017 noster
1403 963 1605 1032 praesul
1637 962 1807 1031 Aqui-

209 1051 434 1116 leiensis,
469 1055 560 1123 qui
613 1065 667 1108 et
707 1055 914 1109 litteras
944 1055 1090 1109 dedit
1131 1056 1197 1109 ad
1249 1057 1424 1125 ipsum
1470 1055 1808 1127 Chrysosto-

209 1160 366 1210 nmm,
399 1153 458 1198 ut
483 1144 658 1200 refert
697 1146 966 1202 Palladius
989 1147 1474 1216 ilelenopolitanus
1502 1147 1599 1217 (a),
1649 1158 1705 1203 et
1735 1147 1805 1202 ab

208 1241 386 1296 eodem
413 1238 1024 1312 ConstantinOpolitano
1043 1245 1302 1314 epi~copo
1327 1243 1613 1312 epistolam
1637 1243 1806 1298 vicis-

208 1335 300 1390 sitn
330 1338 534 1406 rect’pit
572 1337 653 1408 (ιτ)
685 1355 831 1393 anno
859 1340 986 1405 406,
1020 1339 1075 1394 in
1111 1356 1216 1409 qna
1261 1356 1359 1410 pro
1407 1356 1502 1396 sua
1554 1355 1716 1394 causa
1748 1350 1805 1396 et

206 1437 383 1484 contra
431 1445 566 1484 suos
615 1430 963 1486 adversarios
998 1432 1121 1486 tuba
1152 1433 1355 1488 clarius
1409 1433 1584 1502 ipsum
1617 1432 1804 1488 decla-

207 1538 376 1579 masse
402 1523 716 1590 proﬁtetur,
749 1526 1018 1596 simulque
1046 1527 1250 1595 gratias
1282 1543 1448 1598 agens
1479 1544 1577 1597 pro
1608 1527 1802 1582 sedulo

207 1617 297 1672 sibi
324 1621 570 1686 impenso
588 1617 794 1682 ofticio,
819 1618 985 1684 illius,
1000 1629 1298 1690 conspectu
1315 1622 1415 1674 Irui
1430 1637 1489 1675 se
1509 1631 1802 1690 peroptare

208 1710 452 1766 declarat.
478 1711 671 1783 Neque
699 1714 828 1769 tllttd
862 1715 948 1768 hic
975 1713 1028 1769 in
1062 1714 1252 1785 primis
1274 1715 1660 1782 omittendum,
1686 1716 1797 1770 Ho-

1913 493 2184 556 Ant:stes,
2242 498 2526 560 pestguam
2585 493 2992 560 Aquileiensem
3051 496 3348 552 lieclesiam
3418 516 3519 555 an-

1912 579 1994 634 nis
2027 597 2153 635 xum
2185 581 2414 650 prmide
2439 597 2771 655 Strenueque
2823 588 3074 653 rexisset,
3126 605 3273 643 anno
3301 591 3520 649 circiter

1910 673 2018 729 408
2066 690 2378 744 supremum
2434 678 2578 733 diem
2623 679 2828 734 obiisse
2872 680 3239 736 existimatur.
3273 684 3403 751 Qua:
3433 694 3518 741 est

1909 768 2014 822 viri
2043 769 2331 824 clarissimi
2362 772 2607 841 pluribus
2653 775 2936 830 enueleata
2979 777 3248 831 sententia
3283 779 3390 849 (e):
3423 780 3516 850 qui

1912 872 2093 918 tamen
2121 864 2382 936 deinceps
2427 875 2635 922 mutata
2676 880 2857 924 mente
2885 871 2982 942 (ι’),
3010 887 3218 925 annum
3249 873 3520 929 CIJI'OIIta-

1908 955 1969 1010 tii
1996 959 2354 1012 emortualem
2405 961 2591 1016 statuit
2647 962 2775 1018 1:06.
2810 962 2996 1031 Neque
3049 965 3208 1020 aliter
3247 965 3514 1023 Fontani-

1910 1063 2012 1102 nus
2059 1050 2156 1120 (g).
2207 1051 2413 1107 Medius
2444 1065 2622 1110 autem
2663 1055 2806 1111 inter
2848 1065 3137 1129 utramque
3183 1062 3512 1118 sententiam

1910 1143 2171 1198 incedens
2232 1145 2647 1213 Tilletnontius,
2696 1165 2899 1204 annum
2946 1150 3050 1205 407
3115 1152 3360 1208 delinivit
3406 1152 3511 1228 (It).

1910 1235 2083 1291 Porro
2111 1239 2281 1292 Sancti
2313 1237 2612 1296 Chromatii
2639 1244 2901 1299 memoria
2931 1251 3044 1298 tum
3086 1248 3138 1299 in
3174 1245 3396 1302 Tabulis
3425 1263 3516 1304 cc-

1907 1331 2252 1398 elesiastieis,
2287 1345 2398 1389 tum
2431 1337 2484 1391 in
2515 1336 2694 1393 Fastis
2737 1339 3183 1409 Aquileiensibus
3225 1342 3316 1398 die
3343 1343 3378 1397 2
3409 1342 3515 1399 De-

1906 1427 2145 1482 cembris
2170 1430 2451 1486 recolitur.

1980 1524 2071 1579 ιν.
2112 1527 2484 1594 Chromatius,
2534 1544 2695 1599 quem
2725 1545 3004 1588 sacrarum
3042 1533 3347 1590 litterarum
3399 1543 3518 1591 stu-

1908 1618 2000 1674 dio
2029 1621 2266 1675 maxime
2292 1622 2651 1688 delectatum,
2679 1627 2828 1680 viros
2856 1627 3204 1683 doctissimos
3228 1639 3516 1700 propterea

1907 1713 2276 1780 consuluisse,
2313 1717 2692 1782 Ambrosium,
2726 1716 2966 1786 inquam,
3001 1728 3058 1774 et
3094 1721 3511 1792 Hieronymum,

210 1807 403 1862 norium
435 1807 650 1861 scilicet
673 1807 1059 1878 imperatorem
1087 1807 1321 1862 Arcadio
1351 1807 1504 1862 fratri
1537 1808 1802 1864 Occiden-
1834 1811 1880 1872 Β
1911 1814 2076 1876 atque
2105 1805 2175 1861 ab
2206 1807 2286 1861 eis
2316 1807 2430 1863 sive
2462 1810 2846 1865 enarrationes
2873 1812 2992 1866 sive
3023 1812 3514 1883 interpretationes

211 1899 379 1954 talium
409 1899 709 1969 prazsulutn
740 1901 1072 1955 sententiam
1114 1899 1215 1954 hac
1255 1899 1324 1954 de
1369 1916 1428 1955 re
1458 1901 1798 1970 significatu-

210 2009 338 2055 rum,
359 1993 490 2046 duas
517 2007 635 2061 prce
663 1995 879 2047 creteris
905 1991 1010 2048 sibi
1041 1997 1272 2061 scriptas
1295 1992 1556 2062 epistolas
1585 1991 1650 2046 ad
1675 2008 1800 2047 eutn

209 2084 480 2149 direxisse.
510 2086 746 2140 alteram
797 2084 1096 2141 Innocentii
1129 2086 1357 2140 Romani
1393 2083 1691 2149 Pontilicis,
1724 2085 1802 2138 al-

211 2186 364 2233 teram
404 2178 714 2233 Chromatii
743 2179 983 2251 episcopi
1012 2179 1400 2249 Aquileiensis.
1435 2177 1800 2232 Honorianam

211 2273 479 2344 epistolam
526 2273 725 2330 recitat
756 2274 1007 2329 laudatus
1046 2274 1318 2329 Palladius
1349 2274 1433 2328 his
1459 2276 1641 2330 verbis
1685 2273 1799 2345 (c):

215 2385 234 2419 ι
265 2367 438 2423 Tertio
458 2367 570 2438 jam
591 2369 778 2424 scribo
806 2368 872 2423 ad
904 2368 1376 2424 mansuetudinem
1409 2379 1576 2432 tuam,
1606 2384 1804 2439 rogans

214 2470 265 2515 ut
313 2477 427 2531 qua:
468 2477 536 2516 ex
590 2469 882 2531 compacto
933 2470 1122 2516 contra
1172 2460 1436 2516 Joannem
1487 2459 1800 2529 episcopum

214 2567 346 2625 gesta
370 2564 514 2619 sunt,
563 2554 1028 2611 etnendentur....
1063 2554 1323 2622 Quantam
1365 2554 1512 2609 enim
1544 2553 1614 2608 sit
1644 2555 1804 2609 Occi-

214 2645 490 2702 dentalium
513 2646 583 2702 de
615 2646 832 2702 Joanne
861 2645 1117 2716 episcopo
1138 2646 1408 2701 sententia
1436 2662 1504 2701 ex
1543 2646 1797 2702 omnibus

215 2740 438 2810 epistolis
473 2756 598 2812 qua:
629 2739 701 2794 ad
752 2755 838 2795 me
877 2737 1092 2809 scriptae
1151 2748 1299 2806 sunt,
1336 2739 1472 2794 duas
1523 2739 1800 2809 stihjunxi,

213 2835 437 2906 ejusdem
490 2852 624 2890 eum
680 2835 896 2890 ereteris
947 2836 1271 2900 sementim,
1332 2850 1494 2889 unam
1548 2834 1801 2900 Romani,

213 2930 418 2984 alteram
471 2929 848 2999 Aquileiensis
905 2929 1165 2999 episcopi.
1205 2946 1223 2980 ι
1268 2931 1392 2985 Τίνα
1428 2930 1530 3005 γάρ
1583 2929 1720 2984 ἐστιν
1770 2928 1804 2984 ἃ

215 3029 432 3097 φρονοῦσι
450 3026 685 3101 περὶτοῦ
703 3022 984 3078 ἐπισκόπου
1005 3023 1232 3078 Ἰωάννου
1253 3023 1298 3077 οἱ
1313 3021 1531 3085 δυτικοὶ,
1547 3025 1600 3077 ἐκ
1624 3031 1805 3077 πασῶν

213 3125 300 3173 τῶν
325 3119 598 3175 ἐπιστολῶν
629 3118 761 3195 πρὸς
791 3120 854 3191 μέ
873 3126 1159 3195 γραφεισῶν
1182 3119 1411 3182 ὑπέταξα
1436 3116 1543 3180 δύο,
1570 3117 1804 3174 ἰσοδυνα-

1910 1900 2229 1954 Divinorutn
2253 1902 2598 1972 eloquiorum
2623 1903 2944 1972 eXpetiissc,
2970 1907 3222 1976 superius
3247 1907 3513 1963 vidimus:

1905 1991 2024 2062 ipse
2055 2008 2274 2063 quoque
2311 1994 2502 2049 iisdem
2537 1996 2742 2050 sanctis
2773 1997 3079 2066 Scripturis
3108 1997 3302 2053 sedulo
3344 2014 3517 2054 exco-

1904 2088 2084 2142 lendis
2114 2088 2582 2160 explanandisqtie
2613 2105 2836 2160 operam
2871 2091 3206 2161 impendisse
3233 2096 3514 2162 comperi-

1906 2188 2015 2236 tur.
2056 2181 2288 2236 Exstant
2322 2183 2442 2252 ejus
2470 2183 2697 2238 nomine
2738 2184 3021 2255 inscriptae
3067 2186 3318 2241 llomilite
3359 2203 3512 2256 xvm,

1905 2291 2029 2346 qua:
2058 2277 2478 2342 Comtnentarii,
2508 2278 2625 2333 sive
2648 2279 3182 2334 Commentariorum
3209 2280 3515 2351 fragmenta

1905 2372 2161 2428 videntur
2192 2388 2316 2429 esse
2367 2374 2421 2427 in
2466 2373 2809 2446 Evangelium
2861 2373 3048 2429 Sancti
3097 2373 3360 2429 Matthwi.
3408 2375 3515 2432 Eas

1907 2466 2116 2535 primus
2149 2464 2324 2521 edidit
2354 2482 2418 2519 ea:
2441 2465 2789 2519 vetustissimo
2815 2463 2992 2519 codice
3023 2464 3262 2521 Joannes
3286 2464 3518 2522 Siehar-

1906 2558 2009 2613 dtts
2056 2560 2289 2616 Basilem
2335 2576 2481 2614 anno
2527 2559 2688 2622 1528.
2721 2576 2842 2628 qua:
2884 2561 3153 2632 deinceps
3205 2577 3234 2614 a
3280 2560 3514 2618 Martino

1905 2651 2098 2719 Lipsio
2137 2652 2204 2707 ad
2251 2653 2358 2707 alia
2387 2664 2575 2710 vetera
2609 2654 2942 2725 exemplaria
2984 2669 3119 2709 mss.
3150 2664 3380 2719 exactae,
3414 2671 3510 2710 va-

1905 2746 2117 2818 riisque
2148 2747 2200 2802 in
2230 2747 2367 2802 locis
2399 2749 2672 2817 repetitae,
2706 2747 2926 2802 Patrum
2955 2747 3176 2803 demum
3214 2747 3514 2805 Bibliothe-

1905 2840 1988 2895 cis
2021 2839 2174 2895 fuere
2216 2839 2460 2896 intextae.
2509 2840 2735 2897 Constat
2774 2850 2958 2896 autem
3011 2840 3362 2897 librariorum
3410 2858 3509 2900 seu

1905 2933 2314 3002 exscriptorum
2349 2933 2570 3004 ignavia
2616 2934 2852 3002 junctim
2881 2943 3195 3005 compactas
3225 2944 3306 2990 tot
3331 2934 3514 2991 homi-

1908 3024 2034 3094 tias,
2062 3027 2115 3081 in
2137 3027 2235 3081 tria
2266 3035 2474 3081 tantum
2499 3025 2771 3097 Opnscula
2805 3025 2979 3082 fuisse
3012 3026 3282 3084 hactenus
3302 3028 3514 3085 discre-

1911 3117 2223 3174 taszfaeile
2269 3135 2502 3189 namque
2553 3119 2956 3190 distinguenda:
3009 3119 3226 3175 fuerant
3276 3136 3342 3176 ex
3399 3123 3510 3177 l're-

214 3211 393 3280 μαὺσας
421 3221 541 3276 ταῖς
574 3215 802 3276 πάσαις,
834 3218 922 3272 τήν
954 3213 1227 3272 ἐπιστολήν
1257 3219 1346 3266 τοῦ
1373 3209 1568 3283 Ῥώμης
1599 3214 1682 3265 καὶ
1710 3219 1801 3265 τοῦ

1911 3224 2141 3283 quenter
2195 3216 2428 3282 repetita
2476 3212 2766 3286 ὅτιξολογία,
2821 3213 3010 3267 verbis
3061 3213 3221 3278 istis,
3280 3221 3374 3268 ant
3427 3213 3513 3271 bis

213 3300 452 3369 ’Δκνληΐας-
507 3305 642 3360 Ηωρ
684 3305 1259 3375 scribebatAugttstns
1299 3320 1442 3358 anno
1489 3305 1614 3360 405.
1648 3303 1803 3372 Quod

216 3397 414 3466 quidem
437 3414 722 3452 sumntum
754 3395 1054 3452 Chromatii
1087 3397 1327 3452 studium
1361 3412 1463 3468 pro
1486 3412 1583 3451 sua
1615 3397 1806 3453 delen-

216 3489 353 3546 sioue
381 3491 702 3562 intelligens
732 3490 811 3545 vir
843 3491 936 3546 ille
965 3491 1368 3558 sanetissitnus,
1404 3508 1470 3548 ex
1511 3506 1611 3547 suo
1652 3492 1806 3548 exsi-

216 3583 280 3639 lio
320 3584 644 3656 insequente
683 3601 828 3640 anno
866 3585 974 3640 406
1023 3586 1308 3655 epistolam
1351 3587 1419 3642 ad
1462 3601 1586 3642 eum
1633 3585 1802 3654 misit,

215 3676 351 3748 cujus
381 3679 544 3734 modo
575 3678 958 3734 meminimus.

274 3769 677 3830 Ill.,Pr;eterea
707 3770 961 3825 Rulinum
995 3770 1188 3826 habuit
1229 3771 1511 3844 coluitque
1535 3772 1803 3828 Chroma-

216 3865 308 3921 tius
337 3865 471 3923 inter
491 3869 699 3922 charos
735 3865 1103 3934 Aquileiensis
1137 3865 1396 3921 Ecclesiae
1431 3866 1803 3936 presbyteros,

218 3967 269 4013 ut
287 3959 524 4029 pluribus
554 3958 806 4015 ostendit
837 3959 1102 4014 adversus
1133 3957 1404 4014 Norisittm
1431 3958 1690 4032 [t.xxxvn]
1724 3960 1806 4014 vir

215 4054 602 4109 eruditissimus
651 4052 886 4108 subinde
911 4052 1161 4107 laudatus
1203 4053 1309 4126 (ά).
1340 4051 1647 4123 EaprOpter
1681 4062 1805 4110 orto

216 4142 420 4201 dissidio
449 4147 596 4203 inter
628 4145 810 4216 ipsum
834 4144 1087 4200 Ruﬁnum
1136 4156 1190 4201 et
1236 4156 1486 4202 Sanctum
1539 4145 1807 4217 Hierony-

216 4251 369 4305 mum,
397 4249 578 4295 tantos
605 4244 760 4294 viros
792 4239 1032 4294 amicitia
1062 4248 1141 4293 tot
1171 4240 1329 4295 annis
1359 4251 1515 4295 antea
1544 4241 1805 4308 conjunc-

217 4338 290 4385 tos
336 4333 388 4387 in
436 4332 818 4388 Christianam
847 4332 1196 4388 concordiam
1237 4347 1337 4403 pro
1382 4333 1528 4388 virili
1559 4333 1806 4400 redigere

215 4424 431 4492 studuit;
477 4441 666 4498 eoque
697 4425 927 4480 consilio
955 4425 1139 4480 Ruﬁni
1184 4435 1422 4480 mentem
1453 4434 1508 4481 et
1535 4425 1805 4480 calamum

213 4517 310 4572 alio
344 4531 672 4576 convertere
717 4529 994 4589 satagens,
1026 4519 1202 4574 eidem
1258 4519 1494 4586 injunxit
1522 4529 1582 4574 ut
1631 4519 1807 4575 Euse-

215 4610 280 4667 bii
329 4612 573 4670 Graacatn
623 4611 918 4668 Historiam
974 4611 1180 4667 Latinis
1234 4613 1460 4669 auribus
1525 4614 1801 4670 redderet.
1833 4598 1884 4659 Ῐ)

215 4705 370 4773 Quam
397 4707 620 4777 quidem
647 4705 738 4760 ille
769 4705 979 4760 duobus
1018 4704 1171 4760 libris
1196 4707 1415 4776 proprio
1454 4717 1626 4764 marte
1655 4722 1806 4762 com-

216 4799 392 4868 positis
417 4812 637 4856 auctam
662 4798 974 4855 Chromatio
1006 4798 1288 4868 inscripsit
1314 4814 1458 4855 anno
1484 4799 1612 4866 400,
1641 4803 1805 4872 eique

214 4893 548 4960 postmodum
572 4907 794 4964 quoque
807 4893 1058 4964 Urigenis
1082 4891 1342 4947 Homilias
1366 4909 1492 4950 xxvr
1518 4895 1570 4949 in
1601 4896 1802 4951 librum

214 4980 388 5056 Josue,
416 5003 556 5060 quas
583 4987 760 5058 ipsius
782 4986 1000 5042 hortatu
1027 4986 1294 5043 latinitate
1313 4987 1642 5056 donaverat,
1664 5005 1806 5046 nun-

278 5200 354 5274 (a)
391 5200 696 5274 Palladius,
717 5198 854 5254 Dial.
873 5197 941 5255 de
957 5197 1078 5274 Vita
1093 5196 1581 5274 JoaCbrysostonti
1605 5215 1665 5254 ea
1675 5199 1804 5274 p_.f_2,

279 5269 350 5344 (ὁ)
387 5274 550 5328 Ιυιειη.
602 5271 913 5340 t.‘hrysost.,
969 5271 1136 5342 epist.
1175 5269 1328 5336 155;,
1364 5270 1510 5342 Opp.
1568 5280 1640 5326 to.
1698 5269 1802 5336 III,

213 5356 324 5414 pag.
349 5346 475 5408 oss.
499 5345 640 5402 edit.
675 5344 778 5397 an.

279 5417 352 5487 (ε)
390 5416 692 5476 Palladius.
728 5415 832 5487 loc.
867 5413 1132 5487 cit.,_cap.
1165 5413 1221 5470 5,
1283 5455 1322 5487 ﬂ.

279 5484 356 5555 (ά)
417 5487 687 5543 Bernard.
746 5486 812 5540 Μ.
867 5487 944 5540 De
993 5485 1219 5540 Rnlieis.
1278 5484 1520 5542 Monum.
1586 5485 1803 5542 Eccles.

214 5559 386 5626 Aquit.
419 5576 544 5622 cap.
583 5562 683 5632 12,
709 5559 738 5632 ᾗ
765 5557 821 5620 2,
859 5573 979 5627 pag.
1017 5557 1138 5632 Ιυίξ.

216 5632 349 5758 Hie)
395 5632 563 5700 Idem,
617 5627 750 5686 ibid.
802 5645 920 5699 cap.
962 5632 1051 5697 15,
1099 5627 1160 5701 §§
1215 5629 1268 5696 1,
1317 5630 1374 5695 5,
1431 5647 1552 5702 pag.
1599 5631 1699 5686 111
1747 5641 1804 5686 et

279 5721 327 5758 ο.

279 5721 327 5758 ὖ.

211 5775 345 5906 ΗΥ)
368 5776 558 5905 1Iit-(lam,
615 5775 840 5832 Dissert.
875 5773 942 5830 de
969 5774 1191 5842 Ruﬁno,
1241 5789 1364 5844 cap.
1399 5774 1488 5842 19,
1537 5775 1649 5846 εδ,
1681 5791 1801 5848 pag.

317 5889 331 5916 ,
368 5851 489 5905 N7.

1907 3305 2181 3360 similibus
2209 3305 2490 3370 conclusa,
2535 3322 2625 3374 per
2650 3305 2914 3359 Christum
2950 3303 3228 3358 Dominum
3265 3315 3503 3360 nostrum

1905 3401 1994 3470 qui
2039 3410 2115 3454 est
2146 3400 2444 3454 benedictus
2491 3399 2546 3451 in
2595 3396 2823 3463 saecula;
2871 3397 3025 3468 cujus
3067 3395 3303 3467 proinde
3349 3397 3517 3454 ductu

1907 3491 2212 3547 octodecim
2245 3505 2370 3546 esse
2410 3497 2808 3559 agnoscuntur.
2854 3489 2985 3545 llzec
3030 3498 3214 3544 autem
3262 3489 3512 3544 animad~

1906 3586 2095 3642 versio
2141 3585 2496 3640 Tillemontio
2552 3583 2786 3638 debetur
2835 3582 2943 3654 (ἱ).
2990 3582 3058 3636 Et
3105 3581 3250 3635 hunc
3292 3581 3512 3652 quidem

1911 3695 2209 3736 numerum
2241 3679 2293 3732 in
2325 3676 2628 3748 exemplari
2669 3686 2861 3734 nostro
2894 3675 3045 3731 hisce
3073 3673 3322 3732 homiliis
3351 3673 3517 3730 resti-

1908 3773 2172 3828 tuendum
2203 3786 2328 3828 esse
2377 3771 2656 3837 duximus,
2692 3769 2891 3826 ordino
2939 3770 3169 3838 insuper
3206 3767 3392 3823 habito
3417 3766 3514 3837 qui

1909 3867 2187 3938 hucusque
2230 3867 2283 3921 in
2325 3865 2622 3940 [Lxxxvnt]
2673 3864 3118 3937 praecedentibus
3150 3863 3314 3919 editis
3363 3861 3520 3916 inva-

1908 3964 2029 4028 luit,
2063 3971 2405 4034 prtepostero
2451 3959 2664 4015 scilicet
2712 3970 2883 4029 atque
2934 3958 3004 4014 ab
3033 3957 3278 4012 auctoris
3333 3961 3520 4010 mente

1910 4072 2140 4128 prorsus
2170 4055 2374 4110 alieno.
2410 4054 2493 4109 Ad
2522 4055 2637 4109 hzec
2669 4063 2926 4108 tractatus
2973 4068 3174 4108 nomen
3198 4051 3392 4106 iisdem
3423 4048 3520 4103 Ito-

1910 4152 2071 4205 miliis
2100 4151 2436 4220 prteliximus
2464 4168 2479 4204 :
2520 4169 2538 4203 ι
2574 4149 2651 4205 Ea
2684 4151 2830 4206 enim
2857 4149 3178 4220 appellatio,
3206 4159 3265 4203 ut
3286 4162 3414 4204 cum
3438 4146 3524 4201 vi-

1911 4244 1989 4300 ris
2014 4242 2247 4298 eruditis
2278 4241 2474 4312 loquar
2504 4241 2575 4314 (j)
2596 4283 2610 4306 ,
2645 4243 2885 4312 antiqua:
2923 4241 3317 4296 ecclesiasticae
3367 4238 3520 4293 Iocu-

1914 4337 2079 4392 tionis
2121 4333 2373 4405 propria,
2407 4348 2470 4387 ac
2510 4331 2859 4402 frequentius
2900 4340 3160 4401 usurpata
3215 4329 3518 4385 invenitur.

1914 4431 2030 4485 Etsi
2063 4429 2210 4485 enim
2254 4434 2510 4481 tractatus
2554 4424 2685 4479 olim
2749 4431 3080 4478 vocarentur
3131 4420 3518 4492 cpiscOporum

1913 4525 2315 4583 collocationes
2339 4521 2408 4577 de
2435 4519 2620 4591 aliquo
2650 4518 2914 4575 Ecclesiae
2962 4517 3206 4588 negotio,
3247 4523 3305 4570 ut
3349 4514 3523 4586 liquet

1912 4635 1979 4675 cx
2009 4619 2289 4692 Cypriane
2331 4613 2455 4686 (lt):
2492 4622 2671 4668 tamen
2721 4611 2887 4666 sicuti
2941 4620 3168 4665 tractare
3218 4608 3390 4678 (quod
3443 4617 3522 4664 est

1913 4715 2299 4782 episcoporum,
2352 4716 2412 4762 ut
2454 4706 2687 4777 Optattts
2719 4713 2956 4761 testatur
2997 4702 3062 4775 (ι)
3103 4701 3124 4774 )
3165 4718 3195 4757 a
3241 4701 3523 4774 Cypriane

1914 4809 2152 4877 primum
2186 4805 2309 4877 (ιιι),
2344 4817 2410 4858 ac
2448 4800 2576 4858 dein
2612 4801 2682 4856 ab
2727 4799 2850 4855 aliis
2882 4799 3204 4870 frequenter
3253 4797 3527 4866 accipitur

1913 4914 2017 4970 pro
2049 4899 2376 4956 concionem
2401 4895 2604 4950 habere
2633 4893 2686 4948 in
2708 4891 2941 4964 publicis
2965 4885 3227 4947 Ecclesia:
3253 4889 3520 4957 etetibus;

1912 4990 1987 5048 ita
2016 5001 2271 5048 tractatus
2301 5005 2407 5046 vox
2453 5004 2553 5060 pro
2583 4985 2905 5060 Episcopali
2949 4985 3221 5042 concione
3248 4983 3315 5039 ad
3345 4999 3523 5056 popu-

1911 5269 1943 5286 _
1986 5193 2430 5286 (ρηῐεόηιτιηξρὲ.
2465 5192 2606 5248 Hist.
2636 5191 2896 5249 Litterar.
2931 5189 3117 5264 Aquit.
3165 5189 3262 5247 lib.
3292 5206 3369 5258 tn,
3397 5206 3519 5264 cap.

1911 5269 1965 5336 5,
1996 5265 2030 5340 ς
2069 5269 2120 5327 9.
2156 5284 2280 5332 pag.
2318 5265 2442 5321 132.

1986 5343 2068 5405 (In
2109 5339 2350 5399 Tillem..
2381 5335 2543 5392 Mem.
2580 5335 2726 5392 Eccl.
2764 5343 2842 5392 to.
2871 5333 2968 5402 XI,
2995 5351 3117 5408 pag.
3152 5335 3279 5408 558ζ

1984 5403 2049 5482 (ἑ)
2091 5409 2276 5475 Idem,
2335 5408 2468 5463 ibid.
2525 5424 2646 5479 pag.
2695 5409 2823 5476 655,
2866 5403 3084 5474 mnf“),
3124 5424 3218 5462 sur
3243 5406 3303 5460 S.
3347 5403 3527 5461 Chro-

1912 5498 2358 5629 m'igiaballerin.
2381 5593 2398 5620 ,
2442 5550 2666 5608 Praefat.
2696 5552 2764 5607 ad
2810 5551 2868 5608 S.
2898 5549 3108 5607 Zenon.
3141 5549 3320 5605 Serm.
3369 5546 3398 5619 ᾗ
3432 5548 3519 5618 to,

1911 5641 2017 5699 pag
2071 5641 2219 5680 xvnt.

1988 5698 2066 5768 (kl
2107 5698 2392 5768 Cyprian.,
2422 5696 2599 5766 Epist.
2631 5698 2693 5753 51
2727 5704 2782 5750 et
2812 5695 2902 5750 59..

1994 5771 2058 5842 (l)
2099 5774 2388 5839 Uptattts..
2417 5770 2514 5842 litt.
2550 5785 2618 5823 vlt
2655 5768 3006 5842 itt‘Parmen.

1991 5839 2086 5915 (in)
2130 5842 2418 5914 Cyprian.,
2453 5841 2634 5913 Epist.
2664 5839 2758 5895 56.
