4056 6340
507 284 630 350 Erl?)

1559 322 1561 324 -
1595 291 1651 348 S.
1696 284 2072 346 CHliOMATll
2114 285 2219 342 ΕΡ.
2259 283 2764 357 AQUILEIENSIS;

3713 273 3822 347 394

515 405 631 458 tum
665 403 895 460 solemni
922 402 1405 459 iormulainvaluit
1436 421 1448 456 :
1480 402 1787 472 eodemque
1813 417 1978 457 sensu
2005 415 2120 472 pas-
2148 401 2201 460 Α
2225 399 2367 455 unde
2401 399 2628 469 reliqum
2659 409 2974 468 manarunt,
3006 393 3321 471 huiusmodi
3372 403 3536 458 titulo
3578 402 3827 471 inscribi,

518 499 620 552 sim
651 498 1059 568 quamplurium
1107 499 1452 568 antiquorum
1485 497 1704 552 Patrum
1753 495 2122 552 concionilms

519 591 843 662 prodigitur,
879 603 1030 648 utex
1086 602 1398 647 sanctorum
1441 591 1756 657 Gaudentii,
1803 590 2118 662 Augustini,

520 683 718 738 Leonis
768 685 967 756 Magni,
1024 697 1162 747 etc.,
1214 686 1527 749 codicibus,
1562 695 1613 738 et
1648 684 1928 739 nonnullis
1959 685 2120 739 etiam

522 777 732 837 exactis
779 777 848 831 ad
895 777 1058 830 iidem
1091 777 1338 831 codicum
1381 777 1717 831 editionibus
1765 777 2047 832 discimus.
2100 798 2118 830 ι

515 868 710 940 Neque
746 870 911 924 aliter
953 870 1334 924 inscribendas
1365 869 1652 924 Chromatii
1679 871 1919 924 homitias
1961 882 2122 925 antea

514 963 871 1019 existimarat
914 963 1378 1036 Fontaninus(n).
1433 963 1538 1018 Eas
1573 979 1741 1034 porro
1784 979 1890 1018 non
1944 965 2121 1020 solum

523 1071 628 1127 pro
655 1054 894 1110 instituti
926 1057 1099 1110 nostri
1151 1056 1366 1110 ratione
1404 1059 1456 1110 in
1488 1060 1672 1111 varias
1701 1057 1982 1112 sectirnes
2011 1058 2125 1112 dis-

523 1149 818 1213 tinximus,
853 1149 948 1203 sed
981 1158 1035 1204 et
1064 1149 1399 1202 contulimus
1430 1163 1553 1204 eum
1586 1151 1865 1220 excerptis
1893 1151 2128 1206 Combe-

527 1240 738 1295 ﬁsianis
767 1241 842 1312 (b)
877 1257 891 1306 ;
924 1256 1031 1311 qua
1059 1257 1123 1296 ex
1153 1243 1449 1297 collatione
1475 1257 1600 1298 cum
1651 1244 1945 1302 mendosas
1988 1245 2128 1299 alio-

515 1349 641 1387 rum
677 1334 1066 1402 exemplarium
1108 1333 1376 1390 lectiones
1408 1337 1778 1404 correximus,
1815 1346 1926 1392 tum
1961 1353 2129 1392 unum

524 1431 834 1484 alterumve
865 1431 1071 1485 hiatum
1125 1432 1543 1500 Cotnplevituus,
1594 1433 1860 1502 subjectis
1907 1435 2126 1488 interim

510 1521 724 1577 alicubi
747 1523 972 1588 notulis,
1001 1523 1201 1592 quibus
1228 1524 1438 1594 aliquot
1456 1523 1619 1579 dubia
1647 1525 1764 1579 loca
1791 1527 2129 1582 restituenda

517 1613 886 1684 coniecimus.

597 1709 662 1762 γ.
709 1708 900 1781 Neque
931 1710 1063 1765 illud
1101 1713 1188 1768 ltic
1228 1713 1698 1782 praetereundum,
1730 1712 1829 1767 bas
1862 1714 2128 1780 homilias,

523 1819 624 1860 seu
654 1805 697 1859 si
731 1805 904 1860 mavis
945 1815 1217 1874 tractatus,
1254 1810 1304 1861 in
1351 1810 1525 1878 prima
1576 1808 1827 1864 Sichardi
1881 1809 2127 1865 editione
2160 1828 2207 1887 Β

601 1961 690 2040 (ρ).
721 1960 1034 2040 Ρυιιιιιιι-ἰειὶ,
1066 1962 1204 2020 l-list.
1238 1963 1474 2019 litterar.
1525 1965 1707 2035 Aquil.
1743 1965 1836 2020 lib.
1883 1983 1959 2034 ιιι,
2007 1983 2129 2040 cap.

529 2030 721 2104 4,§'i;
760 2050 882 2103 pag.
919 2034 1042 2089 155.
1590 2030 1602 2035 ⁷
1949 2030 1956 2034 ’
2078 2030 2092 2040 ’

537 2105 676 2179 Δ-(ι›)
717 2105 1350 2179 thnbelis.,_Bibli0lb.
1405 2106 1580 2179 Cone.
1636 2117 1710 2162 to.
1747 2109 1808 2173 ll,
1860 2127 1980 2179 pag.
2034 2111 2132 2177 2‘2,

523 2175 738 2303 itaIta.
774 2175 834 2241 ιτ,
872 2191 994 2246 pag.
1045 2175 1174 2242 9.02,
1199 2176 1338 2243 ΗΜ
1375 2188 1448 2232 ιο.
1481 2178 1622 2241 VIII,
1653 2195 1778 2252 pag.
1829 2175 1956 2247 δίιζ
2000 2175 2129 2252 5-56,

2228 492 2515 546 Chromatii
2561 492 2787 548 Romani
2828 494 3081 566 episcopi.
3127 494 3298 561 Quam
3347 495 3421 549 ob
3468 509 3584 552 rem
3643 495 3829 551 isthtcc

2225 583 2498 654 Opuscula
2549 585 2895 641 eruditorum
2969 587 3218 660 plerique
3283 587 3604 644 Cbromatio
3667 590 3830 660 Aqui-

2228 676 2420 731 leiensi
2466 675 2830 746 abjudicanda
2884 692 3177 734 censuere.
3213 679 3416 734 Verum
3467 695 3578 750 quo
3618 680 3832 736 demum

2236 782 2401 822 sensu
2431 767 2620 824 titulus
2651 768 2764 833 ille,
2807 768 3012 825 Sancto
3044 769 3191 824 Patri
3239 779 3430 825 nostro
3465 771 3729 839 tributus,
3771 773 3838 828 sit

2227 861 2600 930 accipiendas,
2633 861 2907 917 duumviri
2936 862 3083 918 docti
3113 874 3369 920 accurate
3400 866 3537 921 satis
3573 865 3829 922 demons-

2231 963 2445 1010 trarunt
2483 954 2580 1027 (c).
2619 954 2888 1010 C:rterum
2921 956 3140 1012 easdem
3172 957 3430 1013 humilius
3458 961 3738 1015 sincerum
3761 961 3838 1016 itt-

2229 1065 2555 1128 tegrumque
2587 1055 2755 1111 fetum
2804 1071 2925 1112 esse
2972 1056 3297 1125 Chromatii,
3334 1058 3586 1126 pluribus
3640 1058 3833 1112 astruit

2231 1165 2393 1219 quem
2425 1151 2660 1206 subinde
2694 1150 3038 1206 laudavimus
3071 1151 3321 1206 eruditus
3343 1149 3690 1207 Fontanlnus
3722 1151 3832 1223 (d):

2231 1242 2322 1312 qui
2357 1253 2623 1311 praeterea
2656 1253 2713 1296 et
2762 1242 2975 1297 illarum
3007 1245 3244 1314 pretium
3295 1243 3558 1310 ostendit,
3608 1251 3666 1299 et
3695 1258 3784 1299 eas
3811 1259 3839 1300 a

2236 1337 2787 1407 Magtlelturgeusium
2828 1336 3126 1392 calumniis
3175 1337 3436 1402 vindicat,
3491 1346 3549 1392 et
3606 1339 3840 1394 auctoris

2238 1434 2441 1504 stylutn
2474 1447 2537 1484 ac
2568 1446 2792 1501 scopum
2813 1431 3086 1498 illusuat;
3120 1447 3300 1500 neque
3341 1431 3547 1501 scripta
3576 1431 3840 1486 Chroma-

2239 1527 2312 1580 tio
2340 1525 2618 1596 supposita
2651 1524 2894 1580 indicare
2923 1524 3124 1580 omittit
3154 1543 3168 1580 :
3200 1525 3397 1596 dignus
3426 1523 3659 1594 proinde
3687 1539 3836 1594 quem

2239 1622 2413 1676 lector
2466 1621 2672 1674 adeat:
2707 1619 2847 1674 hanc
2897 1619 3045 1676 enim
3098 1629 3341 1691 spartam
3395 1620 3488 1692 qui
3531 1635 3598 1676 eo
3648 1618 3837 1674 melius

2239 1715 2540 1781 adornat-it,
2579 1715 2835 1771 novimus
2866 1715 3168 1771 neminem.

2315 1969 2388 2043 (c_)
2427 1967 2749 2043 Fontanim,
2787 1968 2894 2043 loc.
2922 1969 3017 2043 ci_t_.
3052 1967 3154 2039 §2,
3189 1982 3312 2043 pa}.
3346 1968 3526 2043 ιδιθι
3552 1966 3688 2043 L38;
3719 1967 3842 2024 Ber-

2243 2039 2396 2097 ttard.
2574 2042 2648 2096 De
2695 2040 2921 2103 Rubeis,
2959 2041 3204 2098 Monum.
3238 2039 3454 2098 Eccles.
3500 2039 3689 2112 Aquit.
3722 2056 3837 2111 cap.

2243 2113 2330 2168 10.
2361 2111 2387 2168 ξ
2417 2113 2472 2168 2.
2510 2128 2633 2168 patr.
2666 2112 2738 2168 90
2766 2119 2822 2167 et
2851 2127 2969 2168 sea.

2243 2111 2388 2237 10,}
2417 2113 2472 2178 2,
2510 2128 2633 2182 pag.
2655 2112 2738 2196 .90
2766 2119 2822 2167 et
2851 2127 2969 2184 seq.
3012 2183 3022 2194 .

2316 2183 2336 2258 (
2379 2192 2396 2255 )
2438 2183 2760 2250 Fontantn.,
2812 2184 2919 2238 loc.
2976 2193 3069 2239 ett.
3129 2182 3193 2255 §§
3248 2185 3282 2239 3
3329 2192 3385 2239 et
3413 2184 3468 2253 8,
3504 2198 3626 2256 pag.
3665 2184 3760 2240 l58
3789 2190 3839 2240 et

2233 2271 2399 2326 seqq.

1277 2611 1962 2727 sanan
2003 2611 3101 2774 gnnomu'u

1710 2791 2268 2926 AQUILEHENSIS
2310 2849 2669 2917 EPISCOPI

875 3011 940 3066 θ
1032 3059 2088 3190 TRACTATUS
2171 3060 3334 3194 SINGULARIS"

2130 3333 2247 3377 SEU

1893 3505 2488 3643 SERMO,

1705 3724 1790 3778 DE
1830 3723 2013 3782 OCTO
2054 3727 2658 3786 BEATITUDINIBUS.

531 4078 537 4179 ᾗ
601 4112 654 4184 3
698 4111 739 4166 ι.
793 4110 894 4163 Dat
925 4106 1100 4170 nobis,
1135 4105 1354 4165 fratres,
1402 4102 1708 4155 conventus
1738 4093 1822 4146 ltic
1863 4090 2047 4161 populi
2078 4090 2205 4150 etC
2243 4091 2374 4146 lauti
2409 4091 2713 4148 auditores.
2764 4093 2934 4166 Magis
2989 4103 3172 4153 autem
3223 4110 3452 4154 necesse
3504 4107 3587 4154 est
3638 4099 3836 4156 lucrum

531 4215 802 4273 mercatus
829 4198 1139 4271 frequentia
1175 4193 1516 4251 occasionem
1557 4184 1893 4258 proponendi
1927 4199 2136 4239 sermo-

530 4299 615 4353 nis
641 4294 967 4363 Evangelici.
997 4291 1192 4347 Solent
1221 4288 1365 4340 enint
1400 4281 1685 4338 sztzcularia
1730 4293 1852 4334 esse
1885 4277 2138 4346 spiritua-

529 4392 672 4447 libus
710 4389 986 4456 exempla,
1027 4393 1081 4440 ct
1114 4382 1394 4438 terrestria
1429 4376 1719 4450 imaginem
1753 4373 1999 4442 prmbere
2027 4384 2138 4426 cm-

531 4485 781 4540 lestibus.
814 4481 947 4535 Nam
978 4477 1240 4531 Dominus
1280 4488 1342 4527 ac
1376 4472 1628 4527 Salvator
1683 4466 1998 4535 frequenter
2041 4461 2140 4514 ad-

531 4587 719 4634 monet
745 4588 843 4628 nos
877 4586 973 4640 per
1014 4567 1298 4623 terrestria
1327 4564 1393 4618 de
1425 4559 1745 4617 caelestibus
1767 4599 1782 4623 ,
1817 4573 1938 4609 cum
1972 4554 2136 4606 dicit:

533 4669 718 4724 Simile
744 4675 820 4722 est
855 4679 1065 4734 regnum
1089 4660 1331 4714 caelorum
1359 4657 1454 4710 reti
1483 4655 1638 4710 misso
1664 4651 1715 4703 in
1746 4665 1885 4702 mare
1914 4646 2135 4719 (Matth.

532 4777 626 4825 χιιι
651 4802 666 4824 ,
695 4759 807 4828 47).
839 4756 936 4811 Vel
968 4761 1118 4809 certe
1151 4770 1166 4805 ι
1201 4749 1386 4806 Simile
1418 4757 1492 4802 est
1527 4760 1741 4816 regnum
1774 4744 2021 4796 cartorum
2045 4741 2138 4792 Ιιο-

533 4853 661 4906 mini
704 4847 1046 4922 negotiatori,
1094 4845 1339 4914 quaerenti
1397 4840 1556 4893 bonas
1587 4835 1897 4909 margaritas
1925 4830 2093 4902 (Ibid.
2119 4871 2134 4898 ,

526 4947 643 5015 45).
675 4944 731 4999 Si
765 4956 896 5010 ergo
928 4944 1201 4995 mercatus
1240 4935 1377 4988 hanc
1410 4936 1525 5002 ipse
1565 4929 1808 4984 Continet
1841 4927 2134 4992 rationem,

531 5049 586 5093 ut
623 5033 992 5103 unusquisque
1019 5046 1114 5101 pro
1143 5027 1376 5083 utilitate
1399 5041 1491 5080 sua
1526 5033 1619 5077 aut
1649 5021 1848 5076 vendat
1884 5036 2003 5090 qua:
2032 5017 2135 5073 sibi

528 5127 800 5199 superﬂua
833 5134 979 5191 sunt,
1010 5137 1096 5177 aut
1130 5130 1276 5175 emat
1301 5135 1419 5190 qua:
1444 5117 1678 5180 desunt;
1721 5131 1828 5168 non
1856 5111 2136 5167 incondite

528 5211 590 5278 et
615 5239 714 5294 ego
746 5235 1043 5292 proponam
1077 5232 1338 5281 mercem,
1372 5229 1532 5284 quam
1559 5210 1692 5266 mihi
1721 5209 1996 5264 commisit
2025 5207 2134 5262 Do-

530 5317 706 5371 minus
733 5358 745 5381 ,
792 5312 1236 5384 prcedicationem
1291 5310 1476 5376 utique
1505 5307 1786 5362 caelestem
1820 5321 1834 5357 :
1863 5301 2133 5373 siquidem

530 5425 614 5466 me
639 5410 920 5464 minimum
955 5421 1190 5476 quoque,
1223 5406 1323 5460 etsi
1357 5403 1658 5471 indignum,
1700 5409 1879 5453 tamen
1911 5398 1978 5451 de
2017 5410 2136 5451 ser-

2241 4184 2466 4240 coeleste
2496 4186 2723 4255 captari,
2751 4186 2838 4241 ubi
2871 4197 3135 4243 terrestre
3159 4189 3509 4244 commodum
3539 4205 3647 4250 non
3683 4191 3842 4263 negli-

2241 4279 2402 4348 gitur.
2430 4279 2622 4348 Cupio,
2667 4280 2865 4335 fratres
2921 4280 3262 4350 charissimi,
3320 4298 3632 4354 proponere
3693 4285 3838 4340 vobis

2241 4372 2364 4426 illas
2404 4370 2460 4446 4
2492 4372 2885 4430 beatitudinum
2913 4375 3236 4445 margaritas
3265 4375 3536 4446 pretiosas
3560 4391 3628 4430 ex
3659 4385 3842 4432 sancto

2245 4467 2538 4538 Evangelio
2573 4485 2585 4519 :
2630 4470 2840 4540 aperite
2870 4469 3050 4538 itaque
3078 4467 3259 4524 cordis
3301 4468 3470 4524 vestri
3522 4469 3837 4538 thesauros,

2242 4560 2427 4626 emite,
2461 4561 2726 4630 percipite
2753 4561 2931 4627 avide,
2963 4559 3199 4616 feliciter
3240 4561 3546 4634 possidete.
3586 4563 3840 4622 Dominus

2243 4666 2306 4705 ac
2340 4653 2481 4708 Deus
2509 4663 2692 4708 noster
2715 4653 3031 4724 uttigenitus
3052 4655 3253 4708 summi
3285 4653 3488 4722 Patris,
3507 4655 3601 4729 qui
3631 4655 3702 4712 de
3730 4656 3836 4712 Deo

2246 4743 2426 4811 homo,
2477 4746 2545 4801 de
2575 4746 2806 4802 Domino
2832 4745 3091 4816 magister
3118 4744 3376 4816 dignatus
3419 4757 3501 4804 est
3550 4747 3692 4820 ﬁeri,
3721 4762 3836 4804 cum

2246 4837 2415 4892 turba:
2441 4839 2622 4892 multae
2651 4853 2718 4894 ex
2744 4838 2974 4894 diversis
3001 4837 3338 4905 conﬂuerent
3369 4841 3716 4912 regionibus,
3755 4857 3839 4898 as-

2243 4932 2470 5002 sumptis
2497 4933 2778 5002 discipulis
2807 4933 2942 5000 suis,
2993 4931 3044 4986 id
3077 4943 3194 4998 est,
3239 4932 3508 5004 apostolis
3537 4935 3654 4994 suis
3683 4952 3700 4992 :
3746 4935 3839 4992 As-

2241 5026 2407 5079 cendit
2439 5027 2490 5077 in
2520 5032 2764 5088 montem,
2787 5033 3030 5096 etaperto
3055 5040 3144 5078 ore
3158 5040 3251 5078 suo
3265 5025 3478 5078 decebat
3501 5043 3610 5092 eos,
3631 5028 3837 5081 dicens:

2241 5115 2388 5170 Beati
2423 5133 2672 5188 pauperes
2717 5117 2923 5184 spiritu,
2971 5117 3213 5187 quoniam
3254 5117 3486 5185 ipsorum
3528 5129 3602 5172 est
3629 5133 3835 5192 regnum

2239 5211 2500 5266 caelorum.
2535 5207 2684 5263 Beati
2720 5210 2897 5270 mites,
2931 5209 3176 5278 quoniam
3214 5209 3314 5282 ipsi
3354 5210 3689 5279 possidebunt
3733 5222 3834 5272 ter-

2239 5321 2371 5368 ram,
2404 5315 2509 5356 etc.
2533 5301 2746 5372 (Matth.
2787 5318 2838 5368 v,
2869 5299 3011 5371 1-5).
3046 5299 3260 5355 Gradus
3297 5302 3565 5372 quosdam
3595 5305 3837 5360 ﬁrmissi-

2240 5413 2357 5450 mos
2388 5412 2456 5449 ex
2494 5393 2762 5464 lapidibus
2795 5393 3050 5464 pretiosis
3072 5395 3272 5450 sternit
3303 5395 3710 5466 quodammodo
3735 5397 3832 5452 Do-

530 5503 608 5557 ris
639 5504 766 5568 illis,
797 5501 992 5572 quibus
1019 5499 1284 5556 Dominus
1327 5496 1528 5551 talenta
1569 5491 1847 5549 distribuit
1871 5489 1938 5550 ad
1967 5501 2132 5557 nego—
2158 5492 2213 5552 D
2240 5488 2416 5542 minus
2446 5487 2692 5543 Salvator
2718 5505 2732 5550 ;
2767 5502 2866 5555 per
2903 5501 3042 5556 quos
3087 5497 3291 5543 sancta:
3342 5487 3538 5546 anima:
3569 5499 3625 5544 et
3653 5489 3832 5546 ﬁdeles

528 5597 770 5653 tiandum
826 5595 1145 5666 lucrumque
1198 5591 1542 5655 iaciendum,
1604 5588 1792 5658 elegit.
1843 5586 1953 5642 Nec
1997 5597 2132 5639 sane

528 5689 760 5746 deerunt
789 5699 1147 5755 mercatores,
1199 5687 1288 5742 ubi
1343 5699 1442 5755 per
1489 5682 1724 5750 gratiam
1773 5680 1868 5734 Dei
1901 5679 2037 5733 tales
2064 5691 2128 5731 ac

2239 5595 2431 5653 repere
2459 5581 2668 5650 possint
2698 5589 2754 5636 et
2781 5578 3080 5640 ascendere
3117 5580 3184 5634 ad
3234 5595 3506 5638 summum
3559 5583 3691 5639 illud
3743 5583 3830 5637 bo.

2237 5691 2388 5742 num,
2425 5673 2476 5728 id
2508 5685 2612 5737 est,
2637 5689 2861 5745 regnum
2907 5673 3195 5730 cmlorum.
3231 5675 3476 5730 Breviter
3509 5677 3705 5747 igitur,
3729 5677 3828 5732 τηε

605 5849 631 5878 ⁸
671 5851 824 5922 Apud
869 5847 1120 5908 Galland.
1156 5862 1168 5897 :
1220 5844 1542 5898 Tnacra'ros
1593 5840 1650 5906 l,
1690 5840 1745 5892 in
1775 5839 1836 5894 S.
1887 5835 2124 5892 Matuta-3'

2240 5835 2506 5905 mgelium.
