4056 6340
229 300 326 372 se“:

1282 310 1294 360 ξ
1359 304 1595 372 SERMO
1639 313 1727 376 Dii
1769 309 2374 376 BEATITUDINIBUS.

3441 322 3547 393 sit

230 443 332 486 tres
362 431 708 498 charissimi,
736 433 1027 503 qualitates
1049 431 1311 503 graduum
1358 433 1521 502 cupio
1567 431 1828 488 demons-
1857 433 1906 496 Α
1937 433 2072 491 latio
2099 444 2353 491 occurrat
2384 452 2397 490 :
2427 449 2592 491 verus
2625 438 2776 492 enim
2809 441 2899 510 qui
2942 439 3111 498 dixit:
3141 442 3287 500 Beati
3331 451 3420 518 qui
3471 451 3556 505 tu:-

227 535 389 589 trarc,
420 535 610 580 vestra
662 527 826 582 modo
855 540 1006 581 mens
1035 535 1143 580 tota
1173 538 1226 581 et
1269 525 1453 580 anima
1504 527 1574 580 sit
1602 527 1830 591 intenta,

225 619 342 689 quia
377 635 486 673 non
521 631 653 673 διιιιι
686 635 847 689 parva
877 636 994 689 quae
1022 621 1117 675 Dei
1149 629 1294 674 sunt.

293 713 360 768 ll.
399 713 555 768 Beati
610 732 864 786 pauperes
915 716 1131 784 spiritu,
1191 715 1439 785 quoniam
1491 716 1724 781 ipsorum
1763 724 1838 768 est

227 825 430 878 regnum
523 808 802 862 calorum.
870 808 1062 863 Mirum
1149 807 1533 877 principium,
1595 806 1836 870 fratres,

225 899 486 955 doctrinae
537 902 828 956 cmlestis!
883 917 986 954 non
1043 917 1071 955 a
1129 909 1337 956 terrore
1387 899 1599 969 incipit,
1658 897 1754 953 sed
1809 912 1838 952 ιι

227 994 608 1060 beatitudine;
684 1011 792 1050 non
874 1007 1133 1050 terrorem
1189 993 1431 1059 faciens,
1494 993 1590 1047 sed
1662 991 1842 1062 pouius

226 1087 584 1144 desiderium.
661 1087 792 1146 Vjce
870 1088 1014 1144 enim
1088 1087 1431 1157 agonotbetm
1505 1085 1586 1140 vel
1653 1098 1844 1142 mune-

229 1183 380 1247 rarii,
441 1182 821 1237 certatoribus
886 1181 941 1236 in
993 1181 1094 1236 hoc
1147 1181 1323 1236 stadio
1397 1180 1628 1249 spiritali
1703 1195 1844 1248 prae-

226 1274 388 1330 mlum
444 1275 663 1346 grande
723 1276 1019 1346 proponit;
1080 1285 1137 1328 ut
1179 1274 1306 1330 dum
1361 1273 1634 1343 aspiciunt
1707 1288 1846 1345 pra:-

229 1370 426 1436 mium,
485 1383 592 1424 nec
651 1368 871 1425 labores
925 1367 1195 1434 timeant,
1255 1383 1354 1423 nec
1417 1367 1663 1436 pericula
1721 1381 1845 1436 per-

229 1461 570 1517 horrescant.
632 1460 786 1516 Beati
829 1476 962 1528 ergo
1015 1477 1266 1528 pauperes
1314 1459 1544 1532 spiritu,
1600 1459 1845 1528 quoniam

229 1555 452 1626 ipsorum
525 1564 607 1608 est
665 1569 884 1625 regnum
942 1553 1206 1607 castorum.
1287 1551 1404 1608 Non
1471 1550 1842 1622 simpliciter,

231 1661 401 1712 neque
453 1646 699 1701 confuse
762 1646 952 1700 beatos
1023 1659 1290 1715 pauperes
1343 1644 1528 1711 dixit,
1584 1644 1679 1700 sed
1753 1644 1847 1699 ad-

230 1738 376 1802 didit,
411 1737 465 1810 5
495 1754 761 1808 pauperes
783 1738 990 1810 spiritu.
1023 1737 1134 1792 Nrc
1160 1738 1305 1793 enim
1337 1738 1512 1792 omnis
1553 1744 1844 1806 paupertas

1939 536 2079 598 gent,
2113 528 2233 598 quia
2268 528 2368 600 ipsi
2397 530 2826 586 consolabuntur.

2018 618 2108 675 IV.
2134 619 2495 687 Accedamus,
2550 621 2773 688 fratres,
2803 625 2871 681 ad
2914 640 3188 698 quartum.
3242 631 3416 697 Beati,
3473 634 3558 688 in-

1943 711 2080 779 quit,
2108 712 2197 780 qui
2219 713 2448 767 esuriant
2475 727 2520 768 et
2553 716 2738 770 sitiunt
2751 719 3034 788 justitiam,
3072 725 3315 792 quoniam
3343 727 3444 798 ipsi
3477 744 3561 781 sa-

1943 803 2472 876 turabuntu'(lbid.,
2523 807 2604 878 6).
2645 809 2784 865 Vere
2830 814 2974 867 cnim
3003 822 3125 885 post
3155 819 3558 890 paenitentiam,

1947 906 2069 964 post
2101 897 2280 953 luctus
2307 909 2360 953 et
2393 900 2668 972 lacrymas
2697 913 3072 974 peccatorum,
3098 925 3217 981 qua:
3248 913 3350 966 alia
3385 915 3564 970 nasci-

1949 999 2036 1040 tur
2067 991 2280 1044 csuries
2307 1000 2360 1045 ct
2387 1008 2508 1063 qua:
2530 994 2675 1062 sitis,
2706 997 2810 1052 nisi
2829 998 3097 1068 iustitiae?
3122 1001 3276 1060 Sicut
3296 1007 3440 1060 enim
3469 1008 3564 1078 qui

1947 1079 2234 1150 caliginem
2264 1083 2440 1138 noctis
2471 1099 2734 1143 emensus
2761 1099 2875 1157 est,
2909 1092 3020 1162 jam
3061 1098 3223 1165 gestit
3256 1099 3560 1167 proximam

1948 1172 2157 1240 lucem;
2209 1185 2264 1230 et
2309 1178 2402 1246 qui
2452 1179 2736 1237 choleram
2781 1198 3026 1240 atnaram
3077 1188 3327 1259 digessit,
3379 1209 3561 1249 escam

1946 1267 2283 1338 concupiscit
2311 1280 2363 1324 et
2397 1282 2587 1340 potum
2622 1292 2636 1329 :
2666 1274 2746 1330 sic
2770 1286 2826 1331 et
2853 1294 3008 1334 nicius
3041 1280 3278 1338 hominis
3306 1287 3565 1343 christia-

1951 1359 2028 1426 ni,
2057 1362 2108 1433 7
2138 1371 2422 1432 postquam
2457 1381 2553 1434 per
2584 1366 2760 1422 luctus
2799 1379 2856 1424 et
2887 1370 3156 1444 lacrymas
3197 1391 3292 1430 sua
3341 1386 3564 1444 peccata

1948 1452 2257 1525 digesserit,
2286 1456 2398 1526 jam
2433 1459 2608 1512 solam
2644 1460 2737 1516 Dei
2763 1463 3032 1532 justitiam
3065 1468 3238 1523 esurit
3285 1483 3448 1541 atque
3491 1473 3566 1526 si-

1952 1548 2018 1602 tit
2037 1567 2050 1602 :
2069 1557 2125 1604 et
2143 1552 2362 1616 merito,
2377 1551 2496 1621 ejus
2511 1567 2676 1623 quam
2691 1554 2990 1618 desiderat.
3018 1562 3269 1618 satietate
3285 1564 3442 1634 gaudi
3466 1567 3562 1621 bit.

2028 1641 2088 1696 ν.
2121 1641 2386 1699 Occurrat
2430 1653 2488 1699 et
2536 1647 2760 1711 quintus
2807 1650 3010 1718 gradus
3053 1668 3067 1704 :
3103 1652 3247 1708 Beati
3273 1657 3566 1713 miseriror-

1951 1736 2066 1803 ἀρε,
2089 1738 2334 1807 quoniam
2364 1739 2468 1808 ipsi
2495 1741 2910 1797 misericordiam
2960 1759 3331 1817 consequentur
3371 1751 3422 1824 (1
3431 1753 3563 1820 ωτι,

231 1831 355 1888 ielix
390 1840 517 1887 est:
547 1834 683 1903 quia
714 1832 777 1887 ﬁt
814 1847 959 1902 saepe
987 1849 1051 1886 rx
1089 1834 1440 1896 necessitate,
1491 1832 1549 1887 ﬁt
1572 1849 1840 1889 nonnum-
1871 1834 1920 1896 B
1950 1828 2024 1898 7).
2060 1827 2230 1884 Nemo
2258 1831 2419 1886 alteri
2445 1843 2710 1908 praestare
2741 1837 2961 1904 poterit,
2997 1839 3098 1894 nisi
3135 1842 3286 1910 prius
3319 1843 3436 1914 ipse
3460 1846 3566 1900 sibi

233 1940 384 1994 quam
410 1939 514 1996 per
541 1929 822 1997 pessimos
847 1941 1057 1990 more:,
1092 1926 1146 1980 ﬁt
1177 1927 1340 1981 etiam
1372 1943 1437 1981 ex
1470 1927 1845 1997 indignatione

234 2019 425 2079 divina.
457 2019 632 2074 Beata
659 2035 796 2091 ergo
827 2028 1140 2091 paupertas,
1170 2029 1256 2076 est
1282 2022 1582 2090 spiritualis
1611 2040 1624 2076 :
1657 2037 1844 2079 eorum

236 2113 436 2167 scilicet
464 2111 762 2168 hominum
783 2152 797 2178 ,
831 2113 920 2184 qui
952 2113 1144 2183 spiritu
1174 2123 1231 2170 et
1261 2116 1541 2171 voluntate
1579 2130 1847 2186 pauperes

237 2220 292 2261 se
319 2205 522 2262 faciunt
557 2218 793 2277 propter
827 2206 1023 2272 Deum,
1053 2207 1416 2264 renuntiando
1447 2209 1635 2264 ιωοιιῑί
1665 2210 1844 2274 bonis,

239 2299 598 2357 substantiam
636 2317 795 2356 suam
824 2301 968 2358 ultro
989 2302 1268 2372 eroganda
1293 2320 1305 2356 :
1337 2319 1475 2374 quos
1507 2305 1704 2359 merito
1728 2306 1848 2360 bea-

242 2406 310 2449 tos
332 2396 595 2465 appellat,
645 2396 772 2466 quia
807 2412 1059 2466 pauperes
1089 2397 1278 2466 spiritu
1303 2439 1317 2462 ,
1346 2398 1593 2468 quoniam
1618 2398 1848 2468 ipsorum

241 2501 304 2545 est
329 2507 546 2564 regnum
577 2491 833 2545 castorum
864 2506 882 2544 :
919 2506 1015 2559 per
1047 2491 1409 2545 voluntariam
1438 2492 1581 2545 enim
1611 2506 1848 2562 pauper-

243 2594 398 2638 tatem
441 2583 700 2639 cmlestis
759 2582 909 2652 regni
964 2582 1180 2638 divitias
1242 2593 1626 2654 assequuntur.
1687 2583 1850 2639 Dein-

243 2677 305 2732 de
349 2678 422 2733 ait
463 2695 479 2731 :
535 2675 699 2730 Beati
732 2677 906 2741 mites,
949 2676 1071 2746 quia
1104 2676 1208 2746 ipsi
1253 2677 1591 2748 possidebunt
1637 2688 1847 2742 terram,

247 2769 426 2839 (ιδιά,
455 2771 536 2842 4).
571 2769 737 2832 Mire,
773 2779 896 2838 post
925 2768 1158 2838 primum
1189 2769 1440 2840 gradum,
1467 2770 1740 2826 secundus
1763 2787 1850 2826 os-

248 2864 518 2920 tenditur:
554 2863 740 2926 Beati,
777 2860 970 2930 inquit,
1000 2862 1170 2924 mites,
1204 2863 1452 2925 quoniam
1477 2862 1582 2932 ipsi
1623 2864 1852 2930 posside-

247 2958 360 3012 bunt
385 2967 604 3016 terram.
641 2955 753 3018 Sed
778 2955 916 3010 sicut
943 2955 1281 3024 impossibile
1297 2964 1404 3021 est,
1427 2964 1584 3010 extra
1604 2956 1850 3011 ordinem

248 3051 481 3106 secundo
511 3051 728 3106 sistere
766 3048 963 3119 gradu,
994 3049 1098 3103 nisi
1129 3049 1442 3105 ascenderis
1475 3049 1744 3118 primum;
1773 3051 1853 3105 sic

249 3145 404 3200 homo
445 3147 599 3202 mitis
634 3160 760 3201 esse
801 3160 906 3198 non
933 3145 1149 3214 poterit,
1186 3143 1286 3198 nisi
1316 3143 1467 3213 prius
1512 3158 1717 3213 panper
1742 3143 1853 3212 spi-

1949 1923 2284 1991 praestiterit.
2333 1922 2628 1994 Postquam
2677 1926 2779 1981 sibi
2831 1943 2964 1998 ergo
3003 1931 3433 1988 misericordiam
3469 1941 3567 1991 im-

1949 2012 2204 2081 petravit,
2239 2013 2662 2088 satietatemque
2714 2019 2962 2088 iustitiae,
3014 2023 3207 2094 incipit
3235 2026 3343 2095 iam
3378 2029 3566 2085 dolere

1949 2102 2283 2170 demiseris,
2345 2106 2534 2172 incipit
2554 2107 2669 2178 jam
2719 2125 2821 2179 pro
2865 2111 2987 2168 aliis
3011 2118 3388 2182 peccatoribus
3433 2136 3568 2175 exo-

1950 2214 2108 2256 rare:
2141 2199 2316 2256 iactus
2347 2201 2662 2258 misericors
2689 2205 2743 2260 in
2769 2205 2921 2274 ipsos
2952 2210 3119 2262 etiam
3147 2210 3418 2278 inimicos,
3450 2230 3566 2271 ma-

1945 2293 2121 2363 jorem
2169 2295 2271 2351 sibi
2319 2296 2603 2352 cumulum
2654 2297 3052 2356 misericordia:
3105 2319 3201 2373 per
3251 2306 3563 2377 huiusmodi

1953 2390 2206 2458 pietatem
2240 2391 2290 2446 in
2320 2389 2556 2446 adventu
2605 2392 2820 2448 Domini
2852 2395 3185 2465 praaparabit
3215 2413 3226 2452 :
3277 2397 3400 2453 ideo
3430 2400 3562 2454 dici-

1953 2490 2040 2538 tur
2071 2500 2085 2536 :
2119 2483 2268 2540 Beati
2307 2486 2692 2550 misericordes,
2735 2487 2979 2556 quoniam
3018 2489 3120 2558 ipsi
3150 2491 3562 2547 misericordium

1951 2587 2347 2646 consequentur.

2028 2668 2114 2728 Vl.
2149 2671 2320 2728 Adest
2342 2687 2472 2728 ecce
2502 2674 2705 2743 gradus
2734 2683 2962 2730 sextus:
2988 2675 3160 2745 Beati,
3196 2677 3389 2748 inquit,
3415 2695 3566 2735 num-

1953 2763 2021 2820 do
2046 2763 2224 2829 corde,
2257 2765 2378 2832 quia
2405 2765 2507 2836 ipsi
2550 2763 2722 2822 Deum
2759 2768 3002 2826 uidebunt
3033 2767 3226 2841 (lbid.,
3271 2770 3348 2842 8).
3395 2773 3562 2831 Planc

1950 2854 2060 2924 jam
2089 2857 2291 2912 mundo
2319 2866 2448 2914 sunt
2487 2859 2676 2924 corde,
2709 2860 2872 2930 plane
2896 2861 3007 2931 jam
3052 2863 3219 2922 Deum
3245 2864 3432 2920 videre
3466 2881 3563 2936 po.-

1958 2955 2162 3015 terunt,
2190 2950 2281 3020 qui
2313 2965 2580 3020 pauperes
2624 2952 2845 3022 spiritu,
2874 2955 2968 3024 qui
3013 2955 3194 3022 mites,
3226 2957 3318 3024 qui
3358 2959 3566 3013 lamen-

1959 3041 2053 3095 tati
2083 3051 2324 3111 peccata.
2374 3043 2468 3114 qui
2505 3044 2712 3112 iustitia
2761 3046 2976 3112 reiecti,
3024 3048 3116 3117 qui
3148 3050 3560 3120 misericordes,

1958 3131 2012 3186 in
2038 3132 2366 3190 adversariis
2397 3150 2616 3205 qttoquc
2647 3143 2752 3190 tam
2785 3136 3058 3196 sincerum
3089 3140 3305 3196 oculum
3358 3143 3562 3209 cordis,

250 3239 348 3293 ritu
374 3238 538 3294 fuerit
571 3237 780 3293 factus.
808 3237 1095 3306 Quomodo
1122 3252 1257 3307 ergo
1286 3237 1427 3290 inter
1468 3235 1688 3292 divitias
1713 3236 1856 3305 posi-

1969 3233 2014 3282 et
2042 3224 2277 3280 lucidum
2307 3235 2527 3297 gerunt,
2557 3237 2615 3286 ut
2641 3229 2759 3284 sine
2781 3229 2957 3300 aliqua
2981 3231 3207 3290 malitiae
3232 3234 3562 3303 lippitudine

252 3344 330 3388 tus
357 3336 602 3399 animus,
636 3333 778 3387 inter
801 3346 980 3392 curas,
1015 3339 1068 3386 et
1111 3329 1501 3385 sollicitudines
1539 3331 1851 3393 Saeculares,

252 3441 313 3482 ex
339 3429 533 3495 quibus
563 3424 819 3496 negotia,
848 3424 990 3489 lites,
1023 3423 1463 3493 provocationes,
1489 3422 1601 3486 irae,
1633 3436 1855 3476 exacer-

256 3518 491 3574 bationcs
540 3517 675 3573 sine
706 3514 1113 3570 intermissione
1149 3522 1446 3572 nascuntur
1493 3529 1506 3565 :
1555 3512 1853 3582 quomodo,

257 3611 488 3681 inquam,
514 3610 672 3664 inter
704 3607 819 3661 haec
840 3606 1052 3659 animus
1083 3606 1282 3674 poterit
1303 3619 1425 3659 esse
1449 3603 1595 3657 mitis
1616 3612 1670 3657 et
1697 3603 1853 3666 lenis,

257 3704 354 3756 nisi
402 3704 554 3772 prius
610 3716 641 3752 a
688 3713 750 3754 se
785 3713 982 3753 omnes
1008 3711 1202 3752 causas
1243 3697 1569 3761 iracundiae,
1615 3695 1858 3750 occasio-

258 3810 454 3864 ueSque
507 3793 767 3848 rixarum
834 3788 1272 3844 abrenuntiando
1327 3787 1684 3857 praeciderit?
1740 3786 1856 3842 Non

261 3887 312 3940 ﬁt
361 3902 512 3942 mare
566 3881 960 3953 tranquillum,
1011 3882 1111 3936 nisi
1154 3882 1498 3936 cessaverint
1537 3881 1718 3946 venti;
1752 3895 1859 3936 non

261 3979 597 4051 extinguitur
647 3975 831 4046 ignis,
891 3975 993 4028 nisi
1053 3975 1334 4029 materiam
1391 3972 1627 4028 incendii
1680 3971 1860 4042 spina-

263 4089 481 4144 rumque
531 4077 825 4128 sarmenta
854 4068 1160 4124 detraxeris
1190 4086 1204 4122 :
1234 4067 1314 4122 sic
1358 4083 1454 4126 nec
1497 4067 1710 4128 animus
1757 4065 1864 4124 erit

264 4167 400 4221 mitis
442 4177 498 4221 et
525 4165 778 4236 quietus,
812 4147 915 4215 nisi
947 4176 1008 4215 ea
1037 4177 1156 4230 qua:
1187 4161 1555 4223 exsuscitant,
1585 4166 1641 4212 et
1663 4156 1868 4210 inﬂam-

264 4271 436 4327 mant,
487 4259 707 4314 fuerint
753 4256 1020 4310 abdicata.
1053 4254 1199 4308 Bene
1225 4268 1353 4322 ergo
1385 4251 1582 4322 gradus
1605 4250 1664 4328 θ
1688 4249 1869 4318 jungi-

267 4367 346 4409 tur
374 4355 594 4425 gradui,
630 4349 760 4422 qnia
796 4362 1064 4419 pauperes
1106 4346 1299 4428 spipitu
1334 4344 1432 4415 ipsi
1469 4341 1734 4412 incipluut
1756 4340 1866 4411 jam

265 4467 378 4506 esse
405 4451 592 4506 mites.
1203 4432 1208 4444 ’
1770 4527 1780 4539 .

332 4545 416 4599 ιιι.
448 4540 687 4598 Accedit
727 4546 782 4592 et
815 4537 1042 4590 tertius:
1074 4532 1223 4589 Beati
1252 4532 1339 4602 qui
1383 4532 1578 4604 lugent,
1621 4532 1868 4598 quoniam

1960 3317 2391 3380 inaccessibilem
2419 3321 2510 3378 Dei
2534 3322 2837 3380 claritatem
2865 3324 2984 3380 sine
3009 3325 3404 3396 impedimento
3428 3343 3562 3384 conv

1957 3411 2208 3481 spiciant.
2239 3413 2498 3474 Munditia
2552 3415 2696 3476 enim
2743 3416 2950 3484 cordis,
2983 3428 3038 3477 et
3085 3421 3438 3477 conscientia-2
3468 3438 3568 3492 pur

1959 3506 2091 3566 ritas
2119 3504 2322 3566 nullam
2344 3507 2540 3564 nubem
2559 3506 2626 3564 ad
2653 3508 2973 3566 intuendum
2997 3511 3286 3570 Dominum
3306 3516 3563 3580 patietur.

2036 3596 2148 3658 Vll,
2181 3597 2463 3673 Sequitur,
2496 3599 2690 3660 fratres
2725 3620 2738 3658 :
2769 3601 2917 3658 Beati
2940 3605 3168 3674 paciﬁci,
3197 3608 3442 3677 quoniam
3463 3607 3566 3678 ﬁlii

1965 3689 2058 3749 Dei
2084 3690 2614 3765 vocabuntur(lbid.,
2644 3693 2722 3766 9).
2772 3695 2965 3767 Magna
3009 3698 3246 3770 dignitas
3281 3702 3397 3771 paci
3445 3709 3565 3756 stu.

1962 3784 2230 3853 dentium,
2263 3801 2383 3841 cum
2433 3787 2668 3842 ﬁliorum
2723 3789 2818 3844 Dei
2874 3792 3242 3861 appellatione
3288 3803 3564 3850 censetur.

1959 3879 2019 3950 8
2044 3878 2192 3937 Bona
2223 3879 2444 3951 quidem
2474 3889 2528 3936 et
2556 3880 2672 3942 haec
2701 3883 3004 3952 paciﬁcatio
3047 3901 3168 3956 qum
3202 3886 3260 3941 ﬁt
3292 3887 3434 3942 inter
3466 3886 3569 3942 ira-

1964 3981 2099 4038 tres,
2133 3983 2358 4042 propter
2377 3974 2744 4029 substantiam
2780 3977 2966 4031 sat-culi
2999 3977 3297 4048 litigantes,
3330 3989 3423 4034 aut
3445 3997 3572 4049 pro-

1967 4073 2087 4140 pter
2115 4081 2306 4126 vanam
2340 4065 2587 4138 gloriam,
2631 4077 2723 4121 aut
2746 4069 3052 4124 simultates
3086 4089 3098 4122 :
3132 4070 3226 4125 sed
3261 4087 3423 4140 parva
3455 4071 3573 4128 ha'c

1970 4169 2217 4222 merces;
2250 4158 2372 4226 quia
2396 4158 2607 4212 dixerat
2639 4159 2896 4223 Dominus
2929 4161 2978 4214 in
3009 4162 3318 4231 exemplum
3353 4165 3525 4219 nostri
3555 4181 3571 4220 :

1971 4246 2100 4312 Quis
2145 4264 2222 4300 me
2264 4249 2530 4313 constituit
2563 4249 2798 4324 judicem
2827 4261 2916 4302 aut
2963 4252 3236 4305 divisorem
3287 4270 3442 4324 super
3485 4271 3572 4310 vos

1973 4337 2124 4408 (Luc,
2159 4353 2253 4406 xu,
2312 4338 2444 4410 ιω
2477 4340 2596 4400 Jam
2636 4341 2778 4394 enim
2830 4345 3207 4410 przrmiserat:
3257 4345 3429 4399 ablata
3485 4357 3574 4402 tua

1973 4447 2035 4484 ne
2053 4439 2252 4503 repetas
2285 4429 2436 4503 (Luc.
2461 4447 2534 4494 VI,
2561 4432 2674 4503 '50).
2704 4434 2770 4486 Et
2820 4435 2928 4487 alio
2957 4436 3109 4489 loco:
3163 4438 3432 4504 Quomodo
3481 4457 3574 4509 po-

1976 4525 2122 4578 testis
2167 4525 2394 4590 credere,
2427 4526 2649 4597 glorium
2692 4527 2755 4579 ab
2807 4528 3020 4583 invicem
3054 4531 3570 4603 acripientes(Joan.

265 4639 358 4707 ipsi
385 4633 803 4692 consolabuntur
832 4628 994 4699 (Ibid.
1014 4669 1030 4695 ,
1060 4627 1139 4699 5).
1182 4627 1316 4694 Quis
1359 4624 1516 4684 nobis
1547 4620 1650 4676 iste
1697 4621 1875 4676 luctus
1902 4610 1950 4669 D
1977 4634 2032 4683 ν,
2059 4617 2196 4689 44)?
2224 4617 2410 4679 Potior
2453 4635 2584 4690 ergo
2608 4630 2663 4674 et
2692 4621 2978 4682 sublimior
3017 4626 3323 4694 paciﬁcatio
3372 4627 3574 4683 intelli-

266 4730 656 4803 intelligendus
687 4734 770 4780 est
814 4722 1102 4778 salutaris?
1133 4719 1331 4790 Utique
1381 4732 1487 4775 non
1524 4715 1646 4780 ille,
1679 4713 1774 4785 qui
1805 4729 1871 4775 ex

267 4845 443 4885 rerum
473 4826 726 4883 nascitur
773 4817 1137 4884 detrimentis,
1190 4830 1299 4870 non
1329 4815 1423 4883 qui
1466 4827 1532 4866 ex
1577 4808 1875 4864 amissione

266 4929 579 4988 charorum,
627 4932 730 4974 nec
760 4914 851 4984 qui
897 4927 963 4967 ex
1006 4911 1218 4980 jactura
1250 4905 1593 4962 saecularium
1641 4900 1877 4971 dignita-

271 5031 376 5082 tum
406 5039 420 5076 ε
451 5032 576 5090 qua:
617 5012 808 5079 utique
847 5005 1027 5059 omnia
1081 5005 1192 5071 jam
1241 5014 1447 5071 pauper
1480 4997 1652 5050 factus
1683 4993 1876 5063 Spiritu

270 5129 370 5168 non
400 5089 637 5166 dolebit.
674 5104 769 5159 llic
803 5107 891 5155 est
923 5099 1100 5152 luctus
1127 5093 1418 5157 salutaris,
1452 5091 1540 5157 qui
1572 5089 1751 5158 agitur
1781 5101 1877 5155 pro

274 5203 542 5278 peccatis,
578 5213 681 5270 pro
728 5193 1103 5249 recordatione
1135 5187 1304 5242 divini
1333 5183 1544 5252 judicii.
1580 5181 1711 5235 Nam
1750 5181 1876 5278 quia

273 5272 418 5372 prius
441 5299 587 5353 inter
610 5283 1125 5346 iunumerassmruli
1142 5276 1530 5348 occupationes
1555 5284 1604 5328 et
1620 5272 1884 5343 asperita-

277 5371 354 5451 tes
372 5394 590 5448 animus
607 5383 961 5445 constitutus,
977 5377 1042 5431 de
1057 5392 1114 5430 se
1128 5375 1244 5444 ipso
1259 5371 1434 5440 cogita
1447 5385 1501 5423 re
1522 5384 1628 5420 non
1645 5371 1880 5468 poterat;

275 5491 382 5562 jam
406 5498 639 5545 securus
658 5487 714 5535 et
735 5477 878 5531 mitis
902 5472 1148 5532 effectus,
1167 5465 1356 5534 incipu
1378 5479 1435 5517 se
1458 5464 1632 5532 ἱρειιιη
1657 5464 1881 5528 ντυρίιιε

276 5559 499 5650 intueri,
530 5575 846 5636 examinare
886 5576 1036 5621 actus
1063 5577 1190 5618 suos
1214 5561 1441 5615 diurnos
1470 5564 1630 5623 atque
1660 5559 1883 5656 noctur-

274 5697 372 5738 nos
396 5698 409 5734 ε
442 5649 498 5734 εί
523 5675 605 5734 sic
628 5666 1028 5748 prmtcritorum
1048 5655 1336 5714 criminum
1364 5651 1583 5705 vulnera
1610 5649 1881 5715 incipiunt

263 5770 562 5845 "apparere,
609 5740 664 5818 et
709 5770 835 5814 tunc
866 5757 1042 5810 luctus
1073 5765 1135 5805 ac
1161 5749 1421 5815 lacrymte
1472 5740 1880 5845 subsequuntur

280 5833 565 5930 salutares,
598 5869 654 5915 ct
687 5852 823 5910 adeo
853 5847 1119 5908 salubres,
1167 5850 1221 5893 nt
1249 5850 1375 5892 mox
1403 5833 1640 5889 caelestis
1672 5841 1875 5885 conso-

1976 4711 2146 4783 genda
2179 4720 2264 4774 est
2290 4727 2319 4772 τι
2352 4712 2540 4778 nobis;
2575 4712 2722 4776 illam
2749 4714 2948 4781 dicam,
2979 4732 3085 4786 qua
3115 4716 3366 4777 homines
3398 4722 3577 4790 genti-

1979 4804 2079 4869 les,
2109 4805 2202 4876 qui
2236 4805 2436 4861 inimici
2465 4814 2594 4861 sunt
2647 4807 2769 4876 Dei,
2817 4825 2912 4878 per
2955 4810 3268 4868 instantiam
3315 4815 3578 4872 doctrinae

1978 4898 2321 4953 adducuntur
2348 4902 2417 4953 ad
2450 4915 2672 4968 pacem:
2708 4917 2810 4971 qua
2844 4915 3160 4972 peccatores
3191 4909 3577 4981 emendantur,

1979 4998 2031 5043 et
2066 4989 2175 5044 Deo
2204 5005 2298 5057 per
2322 4991 2695 5060 paenitentiam
2721 4993 3179 5064 reconciliantur;
3212 5015 3314 5070 qua
3348 5003 3582 5060 rebelles

1984 5079 2226 5135 haeretici
2255 5081 2646 5152 corriguntur;
2679 5098 2783 5152 qua
2815 5083 3078 5142 Ecclesia:
3108 5089 3484 5148 discordantes
3515 5095 3582 5150 ad

1985 5173 2245 5227 unitatem
2279 5188 2582 5243 pacemque
2616 5172 2946 5239 formantur.
2976 5179 3115 5238 Vere
3150 5183 3294 5241 enim
3329 5188 3418 5254 qni
3450 5188 3584 5242 tales

1983 5275 2111 5320 sunt
2139 5265 2368 5334 paciﬁci,
2401 5280 2506 5318 non
2531 5265 2706 5326 solum
2731 5267 2872 5324 beati
2915 5282 3061 5335 sunt,
3092 5276 3183 5329 sed
3207 5276 3354 5346 digni
3391 5280 3586 5336 merito

1989 5357 2082 5412 ﬁlii
2113 5355 2206 5411 Dei
2239 5355 2576 5410 vocabuntur
2606 5374 2618 5410 :
2671 5358 2848 5426 ipsum
2879 5362 3023 5416 enim
3059 5363 3148 5419 Dei
3184 5364 3379 5419 Filium
3427 5367 3588 5423 Chri-

1986 5460 2126 5505 stum
2156 5448 2448 5510 imitantes,
2478 5449 2568 5514 qui
2598 5465 2702 5520 pax
2749 5463 2928 5507 nostra
2968 5453 3199 5526 (Ep/tes.
3220 5472 3277 5523 ιι,
3301 5457 3387 5526 M)
3423 5468 3476 5512 et
3505 5475 3590 5516 res

1989 5540 2302 5602 conciliatio
2345 5542 2412 5594 ab
2441 5542 2701 5609 Apostoln
2755 5545 3080 5613 pra'dicatus
3130 5558 3231 5613 est,
3274 5546 3588 5609 societatem

1991 5632 2227 5692 nominis
2249 5635 2366 5707 ejus
2393 5635 2716 5690 sortiuntur.

2065 5725 2194 5783 VIII.
2230 5723 2375 5780 Beati
2403 5727 2491 5796 qui
2512 5729 2915 5796 persecutionem
2952 5731 3216 5798 patiuntur
3251 5745 3465 5804 pt'Opler
3504 5741 3595 5807 ju.

1988 5823 2214 5885 stitiam,
2241 5818 2484 5889 quoniam
2508 5818 2740 5890 ipsorum
2762 5830 2832 5875 est
2860 5836 3071 5891 regnum
3091 5821 3338 5886 caelorum
3368 5827 3590 5902 (Matth,
