4056 6340
528 301 633 360 527

1554 295 1615 355 S.
1657 288 2109 354 CHROMATIUS
2140 280 2248 346 ΕΡ.
2290 284 2798 359 AQUILEIENSIS.

3731 278 3831 340 328

525 430 583 481 γ,
616 417 730 485 i0).
761 414 879 470 Non
911 420 996 471 est
1020 413 1269 482 dubium,
1294 412 1515 479 fratres,
1546 413 1667 483 quia
1696 413 1842 468 bono
1872 410 2015 466 facta
2036 425 2123 465 co-
2146 406 2199 467 Α
2224 407 2434 473 sultate,
2460 408 2581 479 quia
2596 421 2787 460 merces
2803 408 2967 458 vestra
2982 399 3195 472 copiosa
3213 408 3287 455 est
3312 399 3366 453 in
3384 397 3525 454 cretis
3547 394 3763 469 (Matth.
3780 413 3829 459 v,

528 523 647 564 mes
673 517 755 564 est
792 524 1009 579 semper
1049 508 1270 563 invidia.
1328 507 1464 562 Nam
1511 506 1661 561 salva
1713 514 2123 576 persecuturum

523 599 886 667 crudelitate,
945 599 1037 654 ubi
1067 599 1302 669 cmperis
1329 598 1555 669 rigidam
1597 606 1784 651 tenere
1834 596 2122 667 justitiam,

525 692 876 751 insolentiam
910 706 1285 763 repercutere,
1336 691 1651 747 incredulos
1681 690 1748 744 ad
1793 704 1978 760 pacem
2024 689 2126 743 Do-

525 786 657 843 mini
676 800 1011 851 convocare;
1037 784 1125 840 ubi
1152 784 1384 853 coeperis
1412 783 1645 853 denique
1666 797 1694 835 a
1714 781 2005 837 mundanis
2028 780 2125 835 ho-

525 878 767 935 minibus
797 888 852 934 et
869 877 1117 935 erroneis
1144 877 1479 947 discrepare.
1510 877 1692 931 statim
1720 876 2126 947 persecutiones

526 972 817 1029 oriuntur:
843 987 1071 1029 necesse
1096 982 1181 1027 est
1208 971 1265 1042 9
1289 980 1513 1041 surgant
1538 969 1685 1034 odia,
1742 968 2018 1025 aemulatio
2049 969 2127 1023 la-

525 1075 695 1121 ceret.
726 1064 818 1121 Sic
843 1064 1079 1136 denique
1103 1062 1171 1117 ad
1218 1062 1369 1117 itlum
1427 1075 1699 1117 summum
1750 1061 2001 1132 gradum,
2056 1060 2124 1115 ad

525 1155 703 1228 ipsum
731 1166 895 1229 caput
918 1167 1082 1228 atque
1103 1153 1402 1226 fastigium,
1432 1169 1562 1210 suos
1586 1154 1864 1211 auditores
1904 1154 2128 1209 adducit

523 1247 798 1315 Christus,
854 1264 961 1303 non
1008 1256 1216 1303 tantum
1264 1256 1323 1302 ut
1357 1248 1665 1303 sustineant
1702 1246 1981 1318 patiendo,
2028 1245 2125 1302 sed

519 1343 683 1397 etiam
714 1349 778 1397 ut
807 1340 1090 1397 moriendo
1117 1340 1517 1413 congaudeant.

594 1432 687 1490 IX.
732 1432 904 1499 Beati,
937 1435 1133 1506 inquit,
1162 1451 1280 1489 cum
1316 1451 1402 1489 vos
1440 1443 1836 1506 persequuntur,
1863 1442 1911 1488 et
1940 1449 2127 1507 expro-

520 1527 692 1595 brant,
739 1537 788 1582 et
825 1529 999 1583 dicunt
1042 1544 1190 1583 omne
1236 1527 1433 1584 malum
1470 1530 1743 1585 adversum
1782 1547 1891 1597 vos,
1919 1542 2125 1603 prapter

506 1621 795 1695 justitiam,
842 1623 1183 1679 mentientes:
1225 1622 1457 1678 Gaudete
1492 1634 1540 1679 et
1579 1625 1851 1689 exsultate,
1882 1626 2121 1697 quoniam

518 1731 709 1770 merces
751 1726 917 1771 testra
956 1717 1165 1788 copiosa
1195 1728 1267 1772 est
1297 1718 1350 1772 in
1377 1718 1514 1773 caelis
1538 1734 1557 1773 :
1586 1718 1677 1774 Sic
1705 1720 1841 1774 enim
1869 1720 2122 1791 persecuti

2237 503 2337 574 li)
2363 519 2378 569 ;
2409 512 2463 558 et
2490 515 2743 577 crescere
2776 515 2874 570 per
2904 498 3237 554 incrementa
3265 494 3705 566 persecutionum
3727 491 3833 546 evi-

2229 597 2425 654 denter
2456 596 2716 653 ostendit.
2757 593 2974 650 Ostensi
3023 603 3173 655 sunt.
3206 592 3423 653 fratres.
3471 596 3598 644 octo
3642 586 3834 657 gradus

2228 691 2561 762 Evangelici,
2595 690 2860 746 exstructi
2892 705 2960 744 ex
2993 685 3287 756 lapidibus,
3324 694 3381 739 ut
3413 683 3685 748 dixeram,
3720 695 3835 750 pre-

2231 784 2404 839 tiosis.
2431 783 2662 839 Ostensa
2690 792 2777 839 est
2804 783 2894 838 illa
2926 782 3073 836 scala
3100 780 3291 836 Jacobi
3321 776 3489 847 (Gen.
3523 790 3680 842 xxvi,
3712 772 3831 846 12),

2228 879 2384 949 cujus
2411 891 2672 934 cacumen
2716 876 2786 933 de
2816 887 2959 931 terra
3009 873 3356 945 pertingebat
3380 871 3450 927 ad
3490 871 3715 934 ctelnm,
3748 882 3834 937 per

2228 987 2389 1043 quam
2416 970 2509 1042 qui
2538 969 2807 1037 ascendit,
2844 979 3051 1040 portam
3087 967 3292 1022 invenit
3312 966 3460 1030 caeli,
3496 980 3561 1018 ac
3590 979 3692 1033 per
3720 977 3832 1018 eam

2230 1066 2531 1137 ingressus,
2547 1065 2665 1119 sine
2683 1064 2790 1119 line
2812 1065 2863 1118 in
2890 1072 3187 1133 conspectu
3206 1060 3425 1129 Domini
3446 1063 3603 1115 lectus
3620 1059 3830 1126 astabit,

2229 1156 2553 1213 laudaturus
2570 1156 2859 1211 Dominum
2878 1171 3001 1213 cum
3016 1156 3224 1212 sanctis
3240 1152 3450 1225 angelis
3469 1153 3522 1207 in
3544 1164 3829 1207 aeternum.

2300 1251 2370 1307 Χ.
2421 1252 2516 1306 llic
2547 1263 2733 1307 noster
2765 1259 3054 1317 mercatus,
3089 1254 3206 1305 haec
3238 1248 3479 1305 nundina
3513 1247 3831 1318 spiritualis.

2230 1348 2452 1413 Demus,
2478 1345 2774 1414 benedicti,
2807 1362 2925 1417 qua:
2954 1347 3217 1401 habemus
3243 1362 3256 1397 :
3286 1342 3583 1399 olferamus
3619 1340 3833 1411 spiritus

2229 1454 2627 1515 paupertatem,
2654 1449 2714 1496 ut
2733 1442 3063 1511 accipiamus
3091 1439 3390 1496 secundum
3416 1438 3830 1508 promissionem

2228 1537 2379 1606 regni
2401 1535 2642 1591 cmlestis
2663 1534 2999 1599 ubertatem;
3022 1533 3316 1589 oﬂ'eramus
3339 1529 3829 1597 mansuetudinem,

2227 1638 2286 1684 ut
2315 1641 2513 1685 terram
2534 1629 2911 1699 possideamus
2933 1636 2988 1683 et
3010 1626 3317 1695 paradisum
3346 1643 3361 1680 :
3389 1624 3697 1680 deﬂeamus
3717 1637 3834 1692 pec-

2225 1734 2365 1789 cata,
2392 1733 2449 1779 et
2478 1732 2664 1778 nostra
2686 1732 2740 1779 et
2763 1723 2964 1784 aliena.
2988 1727 3049 1775 ut
3070 1718 3502 1775 ι-οιιεοιιιιίοηοιιι
3525 1717 3594 1772 de
3624 1714 3832 1771 Domini

517 1818 637 1863 sunt
668 1810 947 1881 prophetas
986 1811 1077 1881 qui
1103 1814 1313 1881 [uerunt
1347 1822 1465 1866 ante
1494 1828 1579 1867 vos
1601 1809 1804 1884 (Ibid,
1836 1814 1895 1868 il
1921 1818 1959 1882 ).
1986 1813 2119 1869 Per-
2152 1810 2201 1871 B
2231 1818 2473 1874 bonitate
2500 1831 2810 1873 mereamur
2834 1833 2847 1869 :
2871 1814 3178 1871 esuriamus
3200 1822 3255 1866 et
3275 1810 3526 1868 sitiamus
3542 1809 3828 1879 justitiam,

516 1899 661 1957 tecta
684 1907 855 1957 virtus
873 1910 979 1970 est,
1017 1901 1240 1971 fratres,
1267 1914 1387 1974 post
1412 1905 1575 1960 totius
1592 1905 1819 1976 justitise
1847 1907 2123 1962 ministra-

519 1992 720 2061 tiones,
766 2005 990 2065 propter
1039 1997 1327 2052 veritatem
1358 1997 1650 2068 opprobria
1697 1997 1768 2053 ab
1813 1997 2120 2055 luuninibus

516 2088 810 2152 sustinere,
856 2087 1021 2159 afﬂigi
1066 2088 1418 2156 cruciatibus,
1467 2100 1639 2147 morte
1682 2090 1919 2162 denique
1950 2092 2116 2161 allici,

516 2193 619 2236 nec
660 2180 877 2247 terreri,
919 2183 1198 2252 proposito
1230 2183 1388 2239 nobis
1414 2187 1666 2256 exemplo
1698 2185 2115 2257 PrOphetarum,

512 2275 605 2346 qui
634 2274 873 2332 diversis
897 2277 1075 2333 modis
1101 2286 1327 2349 propter
1342 2278 1610 2350 justitiam
1638 2280 1883 2346 lacerati,
1914 2282 2118 2353 passio-

513 2383 641 2425 num
669 2368 1211 2428 Cltristiconl‘ormes
1248 2384 1304 2429 et
1353 2375 1559 2445 praemii
1608 2389 1730 2430 esse
1778 2386 2114 2431 meruerunt.

509 2458 612 2517 Hic
653 2461 856 2533 gradus
904 2464 1106 2520 celsior
1160 2473 1280 2535 est,
1314 2467 1369 2522 in
1432 2482 1541 2539 quo
1593 2468 1868 2525 Christum
1916 2470 2117 2527 Paulus

510 2556 788 2627 aspiciens
834 2557 1091 2615 dicebat:
1128 2559 1302 2616 Unum
1348 2570 1539 2627 autem,
1582 2579 1696 2635 qua!
1730 2565 1939 2635 quidem
1980 2574 2116 2619 retro

506 2662 627 2707 sunt
644 2653 965 2723 obliviscens,
985 2655 1056 2709 ad
1080 2672 1140 2711 ea
1164 2673 1281 2727 quce
1305 2657 1361 2712 in
1385 2658 1551 2729 primo
1571 2669 1788 2713 suntme
1812 2658 2112 2725 extendens,

504 2757 672 2805 sector
697 2749 767 2803 ad
798 2749 1031 2805 braoium
1066 2768 1304 2826 supernae
1349 2754 1633 2809 vocationis
1680 2752 1774 2809 Dei
1816 2755 1870 2809 in
1910 2754 2114 2810 Christo

506 2838 638 2897 Jesu
682 2841 954 2917 (Philipp.
1000 2860 1082 2912 ιιι,
1116 2847 1205 2911 15,
1256 2844 1379 2918 14).
1434 2846 1502 2903 Et
1551 2847 1729 2903 adhuc
1773 2848 2017 2918 apertius
2044 2847 2111 2903 ad

505 2931 896 2992 Timotheum:
932 2936 1221 3005 Certamen,
1255 2938 1451 3009 inquit,
1502 2940 1691 2996 bonum
1727 2943 1940 3009 certari,
1989 2958 2111 2996 cur-

501 3044 619 3084 sum
646 3033 993 3088 consummavi
1023 3033 1105 3105 (ll
1152 3033 1286 3089 Tim.
1332 3050 1407 3101 tv,
1441 3036 1533 3105 7).
1583 3037 1748 3104 Quasi
1779 3037 1872 3108 qui
1918 3052 2112 3093 omnes

505 3123 708 3195 gradus
748 3126 1089 3193 ascenderat,
1122 3127 1372 3186 addidit:
1402 3128 1591 3187 Fidem
1633 3132 1867 3186 servavi:
1897 3129 1960 3185 In
1987 3131 2111 3185 reli-

2226 1926 2286 1969 ut
2332 1913 2610 1985 copiosius
2655 1912 3009 1983 saginemur:
3041 1908 3233 1963 demus
3277 1904 3734 1968 misericordiam,
3779 1908 3831 1955 ut

2223 2023 2409 2063 veram
2462 2005 2890 2063 misericordiam
2921 2015 3365 2071 consequamur:
3408 1998 3659 2053 vivamus
3687 1995 3831 2067 pici-

2224 2103 2335 2169 ﬁci,
2367 2111 2428 2157 ut
2474 2100 2571 2155 lilii
2622 2100 2715 2154 Dei
2757 2112 3054 2153 vocemur:
3090 2092 3349 2148 mundum
3381 2107 3476 2146 cor
3525 2101 3583 2146 et
3621 2099 3825 2145 castum

2222 2212 2421 2267 corpus
2448 2195 2766 2257 oll‘eramus,
2787 2201 2846 2246 ut
2874 2191 3054 2247 lucido
3075 2204 3242 2246 sensu
3261 2190 3426 2243 Deum
3448 2186 3642 2241 videre
3663 2183 3828 2253 possi-

2222 2304 2346 2343 mus
2375 2305 2389 2341 :
2423 2285 2834 2358 persecutiones
2859 2294 3081 2354 propter
3102 2282 3364 2352 justitiam
3392 2279 3624 2335 minime
3648 2279 3831 2333 timea-

2223 2396 2343 2435 mus
2371 2389 2428 2435 ut
2457 2379 2701 2435 caelestis
2746 2376 2919 2448 Regni
2969 2374 3273 2430 elﬁciamur
3302 2372 3590 2428 lucredes:
3636 2385 3828 2441 opproo

2222 2473 2363 2540 bria,
2389 2474 2685 2537 cruciatus,
2718 2480 2951 2526 mortem
2977 2468 3212 2537 denique
3234 2466 3282 2521 si
3324 2465 3563 2531 eveniat,
3614 2472 3827 2534 propter

2224 2568 2319 2623 Dei
2362 2567 2646 2623 veritatem
2694 2565 2999 2638 gaudentes
3046 2561 3443 2631 amplectamur
3489 2570 3545 2615 et
3593 2559 3729 2625 lmti,
3774 2566 3828 2614 ut

2221 2677 2434 2718 merces
2480 2661 2638 2716 nobis
2679 2674 2804 2715 cum
2855 2655 3146 2727 Prophetis
3188 2664 3244 2709 et
3283 2653 3564 2725 Apostolis
3610 2652 3823 2723 cepiosa

2221 2766 2509 2828 praestetur
2535 2754 2588 2810 in
2613 2754 2775 2811 coelo.
2812 2752 2878 2809 Ut
2904 2760 3087 2807 autem
3121 2748 3301 2805 verbis
3342 2748 3467 2802 ﬁnis
3489 2760 3614 2801 cum
3646 2744 3827 2816 pra-fa-

2219 2849 2365 2904 tione
2390 2845 2689 2902 concordet
2715 2862 2729 2899 :
2757 2845 2804 2900 si
2831 2855 2915 2899 est
2948 2842 3205 2914 gaudium
3235 2837 3639 2895 mercatoribus
3671 2853 3826 2909 prop-

2220 2949 2302 2996 ter
2331 2940 2479 2995 lucra
2510 2939 2799 3010 praesentia
2829 2949 2883 2993 et
2910 2937 3137 3001 caduca,
3168 2934 3339 3005 magis
3370 2935 3470 3005 ιι
3494 2932 3823 3003 gaudeamus

2217 3048 2410 3090 omnes
2442 3032 2651 3104 pariter
2691 3044 2746 3088 et
2783 3031 3051 3095 laetemur,
3084 3028 3207 3099 quia
3240 3026 3372 3082 tales
3401 3025 3619 3081 Domini
3665 3023 3823 3079 hodie

2219 3128 2531 3185 invenimus
2574 3124 2920 3196 margaritas,
2971 3122 3172 3193 quibus
3222 3119 3370 3175 nulla
3422 3120 3635 3188 pessint
3688 3116 3820 3171 bona

501 3234 603 3289 quo
631 3222 862 3290 reposita
888 3231 963 3277 est
986 3222 1117 3277 mihi
1149 3240 1343 3279 corona
1360 3227 1585 3298 justitite
1612 3224 1815 3297 (Ibid.,
1837 3225 1930 3298 8).
1967 3226 2104 3283 Vere
2134 3213 2179 3276 C
2212 3222 2396 3278 smculi
2414 3220 2741 3292 comparari.
2762 3218 2909 3285 Quas
2934 3226 2991 3270 ut
3010 3215 3319 3285 acquirere,
3348 3211 3629 3277 obtinere,
3652 3211 3821 3280 pOSsi-

496 3313 647 3369 enim
680 3316 939 3374 universo
966 3333 1128 3373 cursu
1156 3319 1431 3391 completo
1458 3322 1560 3377 hoc
1589 3330 1895 3391 supererat,
1922 3331 1979 3377 ut
2010 3337 2106 3392 per
2214 3316 2347 3372 dere
2364 3329 2697 3379 mereamur,
2717 3312 2978 3367 auxilium
3002 3307 3159 3363 nobis
3179 3316 3233 3362 et
3254 3306 3424 3377 gratia
3447 3319 3572 3360 eum
3597 3303 3816 3369 virtute,

498 3405 881 3465 tribulationes
902 3419 957 3465 et
981 3411 1265 3481 passiones
1285 3411 1527 3481 gaudens
1549 3411 1772 3477 Paulus,
1795 3412 1862 3467 ad
1881 3413 2106 3482 gradum
2210 3411 2280 3466 ab
2304 3411 2423 3480 ipso
2457 3410 2685 3463 Domino
2728 3404 3051 3478 postulanda
3082 3412 3188 3471 est,
3214 3401 3303 3458 cui
3334 3398 3405 3457 sit
3430 3400 3607 3472 gloria
3640 3400 3694 3456 in
3722 3413 3819 3456 ste-

494 3498 874 3557 sublimiorem
904 3504 1151 3575 martyrii
1183 3505 1515 3574 perveniret.
1555 3505 1724 3577 Digne
1753 3521 1885 3577 ergo
1917 3505 2107 3560 Dnmi-
2208 3504 2327 3559 cula
2359 3504 2708 3560 saeculorum.
2740 3503 2935 3559 Amen.

494 3603 601 3647 nus
620 3593 794 3649 servis
815 3593 928 3649 suis
944 3594 1137 3651 suadet
1164 3614 1176 3652 :
1211 3595 1466 3665 Gaudete,
1506 3599 1780 3670 inquiens,
1816 3599 1921 3670 ιο
1946 3608 1994 3653 et
2022 3616 2111 3655 ex-

1243 3889 1931 4008 SANGTI
2009 3891 3076 4011 CHROMATII

1671 4093 2226 4171 AQUILEIENSIS
2267 4092 2622 4157 EPISCOPI

1423 4251 2870 4449 TRACTATUS,

1868 4486 1979 4547 QUI
2013 4483 2390 4537 semensum
2409 4522 2425 4547 ,

801 4639 973 4762 IN
1064 4632 2272 4765 EVANGELIUM
2365 4630 2494 4762 S.
2592 4629 3498 4760 MATTHAEI.

1769 4875 2522 4915 -ᾢ-ι

950 5047 1507 5123 13‘TRACTATUS
1546 5048 1569 5103 ι
1609 5057 1659 5118 σι,

768 5163 838 5220 In
872 5176 1029 5238 caput
1064 5181 1123 5221 ιιι
1156 5165 1421 5238 Evangelii
1452 5166 1515 5222 S.
1544 5164 1800 5223 Matthwi.

1043 5292 1046 5343 ς
1062 5283 1241 5346 (Deest
1272 5283 1505 5349 initium.)

547 5411 668 5468 1....
701 5411 1044 5483 QuaprOpter
1086 5411 1418 5483 respondens
1448 5414 1709 5471 Dominus
1740 5413 1901 5471 Jesus
1942 5414 2080 5471 dixit

476 5505 531 5563 ei
554 5522 569 5563 :
603 5505 733 5563 Sine
756 5508 932 5571 modo,
954 5508 1031 5562 sic
1060 5509 1195 5562 enim
1215 5508 1357 5564 decet
1381 5527 1474 5566 nos
1504 5511 1714 5582 implere
1742 5527 1946 5567 omnem
1959 5514 2082 5583 jus—

475 5602 644 5658 titiam
671 5600 885 5674 (Matth.
913 5618 991 5667 tn,
1038 5603 1146 5674 15).
1183 5602 1344 5661 Jesus
1370 5605 1533 5676 igitur
1567 5606 1631 5659 ad
1658 5605 2084 5660 consummanda

481 5693 619 5765 legis
648 5695 832 5751 omnia
861 5710 1224 5765 sacramenta,
1254 5710 1312 5755 ut
1342 5698 1709 5770 baptizaretur
1733 5713 1764 5753 a
1793 5697 2023 5765 Joanne,
2053 5714 2084 5753 a

2110 5049 2164 5110 D
2190 5044 2410 5103 Galilzea
2450 5044 2503 5100 in
2532 5042 2827 5100 Iordanem
2866 5042 3172 5100 descendit.
3205 5042 3311 5101 Sed
3350 5044 3590 5102 Joannes
3630 5046 3789 5102 Deum

2187 5152 2345 5192 suum
2379 5152 2475 5207 per
2514 5135 2775 5207 Spiritum
2799 5144 3045 5192 sanctum
3089 5151 3513 5205 recognoscens,
3568 5139 3789 5210 cujusne

2187 5232 2553 5287 calceamenta
2584 5231 2804 5303 quidem
2852 5232 3070 5302 dignum
3119 5246 3179 5287 se
3209 5231 3376 5289 fuisse
3414 5243 3636 5304 portare
3666 5247 3786 5304 plo-

2182 5323 2362 5379 l'essus
2394 5324 2590 5389 fuerat,
2618 5324 2849 5394 implere
2875 5323 3020 5393 quod
3056 5324 3350 5395 jubebatur
3379 5335 3641 5382 excusat:
3666 5326 3783 5396 quia

2185 5430 2292 5473 non
2325 5416 2583 5472 credebat
2613 5418 2664 5473 ei
2696 5418 3066 5474 necessarium
3097 5419 3427 5490 baptismum
3457 5436 3600 5485 esse.
3630 5436 3783 5490 quem

2184 5514 2352 5569 sciret
2395 5511 2462 5565 ad
2493 5510 2596 5566 hoc
2618 5512 2868 5579 venisse,
2900 5522 2959 5568 ut
2988 5513 3266 5584 baptismo
3314 5530 3413 5571 suo
3443 5515 3629 5570 mundi
3662 5529 3782 5585 pee-

2185 5612 2303 5660 cata
2352 5602 2594 5669 deleret;
2627 5614 2683 5659 et
2721 5603 2928 5660 idcirco
2975 5605 3239 5675 baptizari
3273 5621 3335 5662 se
3381 5606 3448 5661 ab
3494 5622 3561 5661 eo
3609 5607 3782 5677 potius

2186 5704 2447 5769 Oportere
2474 5705 2724 5766 testatur,
2753 5697 2986 5756 dicendo
3004 5719 3021 5754 :
3051 5698 3165 5773 Ego
3186 5718 3217 5755 a
3244 5709 3292 5756 te
3318 5700 3474 5756 debeo
3499 5699 3781 5773 baptizari;

540 5862 567 5892 ⁸
594 5853 749 5929 Apud
780 5855 1028 5917 Galland.
1052 5875 1067 5916 :
1093 5857 1364 5915 Tractatus
1402 5856 1579 5926 XVII,
1612 5856 1665 5911 in
1708 5856 1769 5915 S.
1797 5855 2034 5913 Matt/«ei
2072 5855 2437 5932 Evangelium.
