4056 6340
206 305 311 364 529

1072 299 1491 360 TRACTATUS
1529 300 1572 358 ll
1612 297 1679 357 IN
1719 290 2169 355 EVANCELIUM
2211 291 2266 351 S.
2312 290 2667 351 MATTHEI.

3422 299 3529 357 530

201 432 247 476 et
273 430 327 475 tu
357 420 505 475 venis
535 421 610 474 ad
636 435 720 476 me
746 416 947 491 (Ibid..
982 419 1115 488 M)?
1143 419 1441 490 Tamquam
1483 419 1527 472 Si
1570 419 1813 473 dicere“
1846 434 1896 491 Α
1925 431 2021 485 ille
2049 432 2228 485 Deus:
2262 432 2355 486 Dei
2386 432 2529 486 enim
2564 438 2650 485 est
2690 436 2910 499 peccata
2950 431 3264 498 dimittere,
3297 443 3359 491 ut
3398 440 3534 494 scri-

200 514 312 584 Ego
339 512 511 567 homo
539 528 699 579 sum;
728 524 781 567 tu
808 514 983 567 Deus:
1016 512 1127 581 Ego
1158 521 1431 581 peccator,
1458 513 1583 581 quia
1617 512 1812 574 homo;

201 620 253 664 tu
286 607 409 664 sine
433 616 699 678 peccato,
724 609 847 678 quia
880 607 1042 662 Deus.
1066 604 1205 674 Quid
1235 608 1315 659 vis
1341 621 1370 659 a
1404 620 1488 659 mc
1516 602 1816 674 baptizari?

197 702 311 759 Non
347 717 554 758 recuso
585 702 943 773 obsequium,
975 701 1067 757 sed
1101 702 1287 772 ignoro
1318 700 1658 770 mysterium.
1703 698 1815 767 Ego

196 808 520 869 peccatores
552 798 781 869 baptizo
813 798 864 853 iu
894 797 1292 866 pmttiteutiatu.
1326 776 1405 850 fu
1437 794 1564 863 quid
1600 793 1705 865 ιθ
1733 794 1815 847 vis

200 892 491 960 baptizari,
528 892 628 963 qui
664 909 771 946 non
806 892 971 947 habes
998 906 1215 946 causam
1247 889 1496 962 peccati?
1521 888 1690 942 Inuuo
1716 903 1815 958 po-

199 983 320 1049 tius,
349 982 483 1052 quid
516 985 604 1040 vis
640 983 901 1052 baptizari
943 994 1001 1037 ut
1031 994 1307 1053 peccator,
1332 982 1421 1052 qui
1447 981 1641 1035 venisti
1683 995 1803 1051 pec.

196 1084 310 1132 cata
344 1076 551 1131 tollere
574 1077 601 1131 ?
628 1076 773 1145 Quid
799 1087 882 1131 est
909 1092 1037 1147 ergo
1068 1076 1213 1147 quod
1257 1076 1333 1130 ait
1358 1075 1603 1130 Joannes
1634 1092 1647 1126 :
1678 1074 1718 1127 Α
1766 1082 1814 1128 te

196 1169 349 1224 debeo
377 1186 475 1241 ego
509 1169 799 1241 baptizari.
827 1180 874 1223 et
898 1181 951 1224 tu
978 1172 1116 1225 venis
1142 1168 1211 1222 ad
1235 1170 1353 1223 me?
1381 1177 1406 1203 ³
1432 1168 1699 1237 Quidnam
1735 1166 1813 1222 fa-

196 1266 318 1321 muli
348 1266 433 1319 sui
460 1264 632 1321 ﬁdele
661 1267 960 1331 servitutis,
989 1265 1084 1321 sed
1111 1264 1533 1338 dispensationis
1558 1278 1668 1317 suae
1698 1278 1815 1333 my-

195 1361 443 1427 sterium,
477 1362 765 1417 dicendo:
799 1360 927 1417 Sine
976 1361 1164 1427 modo;
1204 1362 1279 1415 sic
1322 1361 1457 1414 enim
1489 1368 1688 1429 oportet
1721 1373 1813 1411 nos

196 1457 404 1524 imiilere
425 1472 644 1511 omnem
674 1458 927 1527 iustitiam
951 1474 969 1510 :
993 1456 1290 1511 ostendens
1318 1454 1419 1510 hoc
1442 1470 1566 1510 esse
1590 1469 1809 1508 onmem

192 1549 482 1622 justitiam,
506 1561 570 1604 ut
598 1550 722 1621 ipse
750 1550 1012 1605 Dominus
1033 1564 1086 1605 et
1111 1550 1367 1619 magister
1394 1549 1585 1604 salutis
1611 1558 1813 1603 uoStrae

197 1653 615 1698 sacramentum
650 1644 972 1712 compleret.
1010 1642 1126 1699 Non
1155 1656 1289 1713 ergo
1335 1644 1416 1697 sui
1445 1656 1606 1697 causa
1638 1641 1814 1710 bapti-

197 1736 300 1791 zari
345 1734 624 1791 Dominus
658 1737 838 1804 venit,
870 1737 962 1791 sed
1003 1752 1162 1791 causa
1196 1737 1364 1792 nostri
1390 1777 1404 1801 ,
1449 1745 1510 1790 ut
1559 1736 1815 1805 impleret

1920 536 2066 594 ptum
2106 533 2191 579 est
2224 543 2237 577 :
2273 526 2403 591 Quis
2453 533 2617 595 patest
2649 534 2857 595 percata
2909 525 3203 591 dimittere,
3256 529 3357 581 nisi
3386 530 3530 585 solus

1917 616 2233 689 Deus(Lue.
2258 635 2312 681 v,
2342 620 2471 688 21)?
2497 619 2561 671 Et
2594 618 2716 672 ideo
2741 620 2816 672 ait
2838 618 3079 675 Joannes
3111 620 3177 675 ad
3206 620 3481 679 Christum
3511 644 3522 676 :

1918 712 2032 785 Ego
2052 729 2084 764 a
2113 722 2158 764 te
2186 712 2341 767 debeo
2371 712 2662 781 baptizari;
2692 722 2739 764 et
2767 722 2822 765 tu
2853 712 2992 765 venis
3026 713 3095 765 ad
3132 731 3211 767 me
3238 715 3264 768 ?
3287 714 3527 773 Joannes

1917 803 2061 859 enim
2106 804 2376 873 baptismo
2404 803 2631 874 egebat,
2664 804 2791 873 quia
2838 805 2955 859 sine
2987 818 3212 875 peccato
3254 824 3377 864 esse
3420 826 3527 865 non

1918 907 2165 969 poterat:
2198 900 2302 972 ιθ
2321 915 2510 956 verum
2539 898 2788 955 Christus
2815 900 3083 970 baptismo
3106 919 3268 973 egere
3296 920 3398 960 non
3434 922 3524 977 po-

1918 1002 2095 1057 terat,
2126 992 2248 1063 quia
2306 1003 2524 1063 peceata
2570 1008 2675 1048 non
2709 994 2931 1049 fecerat.
2964 995 3121 1051 Unde
3165 999 3215 1051 in
3257 997 3531 1069 baptismo

1917 1086 2012 1141 illo
2054 1086 2322 1142 Dominus
2353 1103 2417 1141 ac
2457 1088 2713 1144 Salvator
2759 1099 2965 1153 noster,
2997 1093 3231 1160 primum
3264 1093 3490 1151 Jomuis
3512 1138 3526 1162 ,

1918 1179 2117 1235 dehinc
2160 1182 2326 1236 totius
2370 1182 2555 1235 mundi
2604 1192 2823 1252 peccata
2865 1184 3134 1253 purgavit.
3164 1184 3229 1239 Et
3264 1186 3385 1241 ideo
3413 1189 3528 1242 ait:

1919 1272 2049 1328 Sine
2089 1275 2276 1337 modo;
2308 1275 2384 1328 sic
2422 1275 2559 1327 enim
2594 1287 2793 1343 oportet
2840 1293 2932 1332 nos
2964 1278 3180 1349 implere
3209 1296 3409 1335 onmem
3433 1286 3529 1355 ju-

1923 1368 2143 1422 stitiam.
2176 1367 2343 1439 Cujus
2375 1369 2627 1434 baptismi
2660 1371 2831 1440 gratia
2870 1373 3073 1427 dudum
3116 1376 3343 1446 mystice
3390 1392 3530 1444 pric-

1918 1469 2135 1516 osteusa
2183 1471 2304 1528 est,
2358 1477 2481 1517 cum
2516 1464 2748 1532 populus
2778 1480 2873 1536 per
2919 1466 3141 1519 [iuviqu
3184 1466 3438 1525 Jordanis
3473 1471 3523 1524 iu

1920 1563 2118 1610 terram
2172 1556 2555 1626 promissionis
2586 1558 2834 1615 inductus
2876 1571 2978 1615 est.
3028 1561 3180 1616 Sicut
3217 1579 3350 1633 ergo
3400 1574 3528 1620 tunc

1919 1649 2142 1719 populo,
2166 1650 2232 1703 ad
2268 1660 2469 1705 terram
2503 1653 2883 1717 promissionis
2904 1655 3072 1718 eunti,
3112 1670 3209 1724 per
3229 1656 3524 1713 Jordauem

1917 1743 2003 1796 via
2035 1742 2165 1809 fuit,
2200 1743 2429 1798 Domino
2462 1745 2841 1814 prazcedente:
2875 1748 2948 1800 ita
2981 1763 3146 1811 nunc,
3178 1764 3275 1820 pct‘
3304 1752 3522 1806 easdem

197 1844 409 1887 omnem
439 1831 746 1901 justitiam.
798 1831 1009 1887 Justum
1061 1841 1145 1887 est
1193 1834 1372 1900 enim,
1413 1841 1471 1887 ut
1500 1831 1642 1901 quod
1689 1830 1811 1900 quis
1842 1841 1891 1901 Β
1919 1850 2087 1907 aquas
2110 1836 2257 1891 ﬂuvii
2286 1834 2562 1905 Iordanis,
2596 1840 2829 1908 primum
2854 1839 2959 1895 iter
2985 1841 3083 1894 viae
3105 1842 3349 1897 caelestis
3373 1859 3529 1912 aper-

197 1922 353 1979 dOCet
377 1927 626 1980 alterum
663 1926 861 1990 facere,
891 1928 1039 1995 prior
1070 1927 1312 1998 incipiat.
1343 1926 1479 1993 Quia
1508 1926 1669 1997 igitur
1699 1941 1813 1979 ma-

197 2017 361 2087 gister
394 2028 452 2073 et
483 2019 764 2073 Dominus
794 2019 1009 2075 humani
1038 2021 1256 2090 generis
1285 2026 1531 2082 venerat,
1559 2018 1813 2086 exemplo

199 2125 292 2165 suo
328 2113 535 2167 docere
576 2114 751 2168 voluit
774 2112 898 2184 quid
925 2123 1071 2169 esset
1107 2112 1437 2179 faciendum,
1470 2125 1529 2169 ut
1556 2114 1814 2184 discipuli

200 2205 544 2276 Magistrum,
583 2211 736 2263 servi
768 2208 1056 2264 Dominum
1092 2220 1469 2281 sequerentur.
1512 2210 1647 2280 Quia
1680 2224 1813 2279 ergo

200 2315 391 2357 novum
443 2302 725 2372 baptisma
766 2302 990 2357 daturus
1030 2313 1179 2370 erat,
1214 2304 1279 2359 ad
1326 2305 1542 2375 generis
1589 2304 1811 2358 humani

198 2394 423 2450 salutem
453 2406 512 2450 et
545 2395 932 2453 remissionem
965 2398 1204 2464 peccati;
1240 2399 1385 2466 prior
1409 2400 1524 2468 ipse
1544 2397 1812 2467 baptizari

197 2484 447 2556 dignatus
489 2498 625 2554 est,
660 2503 769 2543 non
816 2498 871 2543 ut
925 2499 1145 2559 peccata
1184 2490 1529 2560 deponeret,
1550 2490 1644 2560 qui
1688 2505 1812 2560 pec-

198 2592 369 2637 catum
397 2584 557 2637 solus
590 2597 702 2638 non
732 2581 971 2649 fecerat;
996 2584 1091 2639 sed
1125 2594 1182 2639 ut
1204 2599 1372 2654 aquas
1404 2584 1657 2653 baptismi
1687 2600 1813 2639 san-

198 2676 463 2732 ctiﬁcaret
488 2677 564 2733 ad
588 2677 851 2733 diluenda
879 2687 1095 2747 peccata
1118 2678 1481 2733 credentium.
1506 2677 1810 2748 Numquam

200 2770 336 2823 enim
367 2786 531 2841 aquae
565 2771 826 2842 baptismi
850 2788 1080 2843 purgare
1104 2784 1321 2843 peccata
1350 2773 1687 2828 credentium
1718 2789 1813 2843 po-

202 2863 467 2929 tuissent,
506 2864 620 2920 nisi
681 2874 826 2920 tactu
869 2865 1128 2920 dominici
1177 2867 1424 2937 corporis
1462 2866 1813 2922 sanctilicaue

204 2952 445 3011 fuissent.
482 2956 585 3011 Ille
617 2972 752 3027 ergo
793 2957 1096 3027 baptizatus
1125 2970 1244 3027 est,
1277 2968 1335 3014 ut
1374 2974 1475 3014 nos
1504 2961 1813 3016 lavarentur

202 3062 230 3101 a
261 3052 521 3119 peccatis.
558 3050 660 3104 Ille
694 3050 896 3105 tinctus
937 3064 1021 3107 est
1060 3054 1112 3105 in
1141 3068 1279 3123 aqua
1305 3094 1321 3121 ,
1352 3061 1413 3106 ut
1444 3067 1544 3107 nos
1584 3069 1610 3105 a
1642 3052 1812 3107 delic-

202 3147 372 3196 torum
401 3143 674 3197 sordibus
707 3158 1084 3214 purgaremur.
1118 3144 1215 3199 Ille
1260 3145 1533 3199 lavacrum
1586 3161 1812 3216 regene-

202 3236 514 3291 rationibus
541 3238 785 3305 accepit,
824 3247 880 3291 ut
923 3252 1020 3291 nos
1047 3253 1113 3293 ex
1140 3252 1281 3307 aqua
1301 3248 1357 3291 et
1386 3237 1590 3307 Spiritu
1620 3247 1809 3294 sancto
1840 3246 1887 3310 ρ

203 3341 650 3393 renasceremur,
696 3329 837 3383 sicut
869 3329 984 3397 ipse
1014 3330 1121 3383 alio
1157 3330 1259 3404 15
1289 3334 1342 3384 in
1384 3331 1504 3385 loco
1544 3330 1621 3384 ait
1653 3329 1815 3385 :Nisi

203 3420 311 3488 quis
336 3433 554 3476 renatus
583 3421 744 3493 fuerit
787 3437 849 3475 ea:
876 3438 1010 3490 aqua
1036 3431 1081 3475 et
1112 3422 1318 3494 Spiritu
1345 3436 1522 3477 sancto
1542 3465 1557 3489 ,
1600 3440 1703 3477 non
1728 3424 1811 3477 in-

206 3514 350 3567 trabit
378 3516 435 3568 in
460 3531 689 3587 regnum
720 3518 960 3568 caelorum
986 3513 1166 3586 (Joan.
1204 3532 1285 3581 tit,
1315 3516 1397 3589 5).
1610 3579 1616 3588 ε

271 3605 333 3659 ll.
365 3606 721 3677 Baptismum
751 3624 880 3679 ergo
908 3607 1111 3663 Citriin
1134 3611 1341 3665 ahlutio
1380 3620 1463 3666 est
1491 3610 1812 3667 delictorum

204 3709 541 3765 nostrorum,
574 3711 634 3757 et
660 3702 941 3758 renovatio
972 3714 1055 3758 est
1084 3706 1208 3759 vita:
1234 3707 1513 3761 salutaris.
1538 3706 1676 3761 Audi
1710 3706 1815 3761 hoc

205 3793 372 3864 ipsum
404 3798 741 3867 ApoStolum
766 3797 1253 3865 demOuStrantem,
1282 3818 1403 3858 cum
1445 3801 1578 3856 dicit
1607 3819 1619 3855 :
1651 3801 1815 3867 Quot-

202 3904 315 3960 quot
345 3894 485 3947 enim
510 3894 571 3947 in
595 3892 803 3948 Christo
830 3894 1081 3965 baptizati
1111 3898 1250 3962 estis,
1282 3896 1545 3952 Christum
1573 3896 1816 3951 induistis

205 3986 339 4059 (Gut.
380 4005 460 4057 ut,
496 3989 621 4058 ‘27).
666 3987 739 4043 Et
784 3989 1027 4044 addidit:
1072 3989 1375 4063 Consepulti
1422 4009 1542 4064 ergo
1586 3994 1667 4048 illi
1694 3992 1815 4047 estis

202 4097 287 4150 per
316 4082 641 4154 baptismum
670 4082 725 4136 in
753 4096 964 4137 mortem
986 4100 1005 4138 :
1034 4093 1089 4137 ut
1114 4086 1551 4157 quemadmodum
1584 4084 1816 4139 Christus

203 4179 422 4232 surrexit
446 4197 479 4231 a
517 4178 761 4241 mortuis,
786 4180 861 4233 sic
889 4189 937 4233 et
959 4195 1045 4233 vos
1074 4180 1127 4235 in
1154 4183 1380 4236 novitate
1405 4183 1521 4235 vita:
1544 4181 1816 4236 ambuletis

202 4268 373 4339 (Rom.
422 4288 476 4327 vi
500 4314 519 4339 ,
553 4272 634 4343 4).
671 4271 776 4327 Per
807 4274 1132 4344 baptismum
1168 4277 1350 4347 itaque
1380 4287 1605 4346 peccato
1652 4276 1815 4330 mori-

202 4378 340 4432 mur,
373 4368 471 4424 sed
519 4365 744 4423 Christo
771 4368 1110 4424 Conviviiuus
1140 4389 1152 4424 :
1182 4371 1309 4425 vitae
1342 4372 1584 4438 pristina:
1618 4368 1818 4440 sepeli-

201 4474 338 4528 mur,
373 4465 473 4520 sed
533 4478 692 4519 nova:
735 4464 858 4519 vita:
902 4466 1239 4535 resurgimus
1279 4484 1293 4520 :
1329 4467 1526 4521 vetusti
1580 4465 1815 4522 hominis

204 4566 383 4611 errore
412 4557 700 4619 exuimur,
732 4556 828 4611 sed
873 4557 995 4612 novi
1032 4560 1267 4615 hominis
1296 4558 1618 4616 indumenta
1644 4558 1818 4615 susci-

1919 1937 2031 1983 tqu
2066 1940 2172 1995 est,
2208 1946 2303 1999 per
2330 1930 2473 2002 quod
2504 1932 2569 1985 ad
2603 1933 2813 1986 beatam
2848 1931 2996 1986 illam
3041 1945 3243 1989 terram
3296 1938 3531 2004 promis-

1916 2020 2118 2086 sionis,
2152 2021 2204 2075 id
2236 2030 2355 2089 est,
2392 2024 2811 2092 promissionem
2846 2026 2996 2095 regni
3027 2026 3274 2082 ctelestis
3304 2028 3531 2084 deduci-

1917 2129 2059 2169 mur.
2090 2114 2199 2169 lllis
2228 2114 2388 2185 Jesus
2417 2117 2559 2171 ﬁlius
2584 2118 2730 2173 Nave
2768 2118 2821 2172 iu
2842 2119 3087 2176 Jordane
3120 2122 3231 2176 dux
3262 2122 3399 2177 fuit:
3430 2140 3530 2179 no-

1916 2207 2003 2262 bis
2028 2222 2157 2263 vero
2185 2208 2342 2264 Jesus
2365 2210 2614 2265 Christus
2646 2212 2906 2268 DominUs
2933 2230 3031 2283 per
3060 2214 3389 2286 baptismum
3419 2218 3527 2273 dux

1916 2303 2127 2356 exstitit
2155 2303 2345 2358 salutis
2369 2316 2624 2371 {Elel‘ml};
2647 2307 2957 2376 unigenitus
2987 2308 3083 2362 Dei
3108 2308 3300 2376 Filius,
3326 2310 3418 2381 qui
3446 2319 3533 2367 est

1918 2393 2241 2452 benedictus
2272 2398 2326 2452 in
2359 2400 2557 2453 saecula
2589 2400 2936 2454 sai-culorum.
2967 2402 3168 2457 Amen.

2400 2580 2406 2587 ’
2429 2582 2845 2641 TRACTATUS
2874 2583 2918 2639 ll
2955 2583 3005 2641 δ.

2204 2738 2269 2795 1η
2299 2750 2447 2814 caput
2472 2756 2529 2797 nt
2560 2741 2833 2816 Evangelii
2861 2742 2921 2799 S.
2956 2741 3218 2800 Matthazi.

1990 2896 2030 2951 1.
2062 2896 2274 2955 Dehinc
2306 2902 2554 2969 sequitur
2581 2918 2594 2954 :
2627 2900 2693 2955 Et
2729 2901 3025 2971 baptizatus
3048 2904 3227 2972 Jesus,
3257 2910 3529 2978 confestim

1917 2994 2152 3045 ascendit
2180 2993 2244 3046 de
2270 3011 2425 3060 aqua.
2459 2992 2524 3046 Et
2553 3011 2667 3049 ecce
2695 2996 2861 3062 aperti
2890 3006 3011 3050 sunt
3038 2998 3086 3051 ei
3126 3001 3241 3052 caeli
3270 3015 3288 3053 :
3312 3013 3360 3055 et
3406 3005 3531 3056 cidit

1918 3084 2178 3153 Spiritum
2208 3083 2306 3140 Dei
2351 3089 2741 3142 desrendentem
2770 3089 2919 3157 quasi
2968 3089 3279 3146 columbam.
3315 3093 3383 3146 Et
3413 3111 3529 3149 ecce

1918 3191 2016 3229 vox
2057 3177 2119 3229 de
2150 3181 2275 3231 coelo
2319 3179 2496 3231 dicens
2528 3194 2545 3231 :
2576 3179 2679 3232 Ηὶσ
2704 3191 2779 3234 est
2811 3180 2987 3235 Filius
3033 3200 3173 3237 meus
3200 3185 3438 3247 dilectus,
3476 3190 3529 3241 in

1917 3289 2017 3343 quo
2048 3274 2175 3326 mihi
2213 3276 2334 3328 bene
2362 3277 2654 3345 eomplacui
2685 3276 2903 3343 (Matth.
2950 3295 3029 3345 Ill,
3066 3283 3153 3345 16,
3191 3284 3302 3353 17).
3354 3283 3421 3339 Ut
3472 3285 3525 3340 in

1919 3367 2134 3422 Domini
2166 3384 2427 3439 corporea
2461 3370 2769 3433 nativitate,
2812 3372 2882 3426 ita
2915 3389 3133 3443 quoque
3175 3376 3226 3430 in
3260 3378 3530 3445 baptismo

1918 3461 2061 3532 ejus,
2090 3462 2238 3517 otuni
2268 3462 2633 3519 admiratione
2662 3465 2822 3532 digna
2856 3478 2909 3521 et
2956 3466 3222 3538 majestati
3252 3476 3371 3539 ejus
3399 3487 3531 3527 eon-

1916 3569 2049 3627 grua
2072 3565 2393 3627 paruerunt.
2420 3558 2557 3611 lei
2588 3557 2770 3628 igitur,
2797 3558 2863 3612 de
2885 3544 3041 3628 aquis
3069 3564 3401 3618 ascendente
3436 3564 3533 3617 Do-

1918 3651 2069 3702 mino
2101 3659 2219 3718 post
2253 3650 2613 3718 baptismum,
2662 3658 2994 3719 patuerunt:
3030 3652 3129 3723 17
3162 3668 3383 3709 saueius
3410 3654 3534 3724 Spi-

1918 3742 2054 3797 ritus
2084 3741 2134 3796 iu
2166 3742 2351 3797 habitu
2374 3745 2665 3810 columine,
2692 3746 2878 3813 Specie
2905 3750 3181 3818 corporali
3216 3750 3531 3815 descendit,

1918 3833 2294 3890 testimonium
2320 3835 2499 3890 Patris
2520 3851 2682 3906 supra
2707 3836 2901 3891 Filium
2927 3837 3208 3895 deiciens:
3235 3858 3335 3897 vox
3366 3843 3527 3899 etiam

1918 3926 2094 3983 Patris
2119 3928 2301 3982 statim
2334 3928 2404 3982 de
2426 3930 2579 3984 uelis
2610 3930 2851 3996 auditur,
2887 3931 3122 3987 dicentis
3148 3952 3160 3986 :
3194 3934 3300 3988 Hic
3328 3948 3401 3990 est
3438 3936 3533 3989 Fi-

1921 4018 2021 4073 lius
2046 4038 2187 4075 meus
2213 4023 2454 4086 dilectus,
2484 4024 2537 4076 in
2578 4040 2677 4092 quo
2705 4023 2835 4075 mihi
2877 4025 3001 4078 bene
3022 4029 3330 4096 complacui.
3363 4028 3532 4098 Cujus

1919 4126 2089 4167 sacrae
2111 4112 2263 4168 vocis
2290 4115 2533 4169 auditum
2560 4131 2729 4184 sopor
2749 4130 2941 4185 aquas,
2972 4118 3135 4172 David
3165 4135 3382 4189 quoque
3407 4134 3534 4178 ante

1920 4208 2412 4277 prtenuntiaverat,
2445 4209 2680 4263 dicendo
2707 4228 2721 4263 :
2762 4209 2879 4264 νοω
2909 4210 3121 4265 Domini
3159 4231 3314 4282 super
3345 4233 3528 4286 aquas,

1920 4295 2064 4351 Deus
2091 4300 2375 4361 maiestatis
2402 4301 2627 4354 intonuit
2650 4300 2826 4368 (Psal.
2864 4318 3055 4369 xxvm,
3084 4304 3163 4375 5).
3198 4306 3252 4358 In
3283 4306 3387 4362 hoc
3420 4312 3525 4363 titi-

1917 4405 2026 4458 que
2049 4432 2063 4455 ,
2094 4390 2147 4445 in
2191 4407 2300 4461 quo
2352 4406 2453 4447 vox
2487 4406 2729 4462 paterna:
2785 4393 3118 4463 majestatis,
3154 4400 3525 4457 testimonium

1920 4481 2061 4540 Filio
2104 4486 2419 4555 perlubens,
2455 4488 2609 4557 quasi
2636 4487 2910 4556 quoddam
2946 4491 3149 4546 t0oitru
3182 4496 3391 4549 sonuit.

1996 4576 2057 4633 ll.
2103 4576 2238 4646 Quis
2267 4580 2434 4651 igitur
2478 4581 2564 4635 hic
2600 4592 2789 4636 contra
2834 4581 2997 4638 tidem
3052 4584 3328 4642 haereticis
3375 4589 3530 4646 locus

204 4648 398 4714 pimus.
447 4649 713 4719 Implevit
754 4664 883 4720 ergo
924 4652 1181 4707 Dominus
1234 4654 1399 4710 etiam
1444 4653 1497 4708 in
1544 4653 1815 4725 baptismo

1923 4682 2007 4724 est
2035 4670 2059 4725 τ
2088 4669 2224 4738 Quae
2250 4672 2303 4726 in
2337 4670 2439 4727 hac
2477 4671 2655 4728 Patris
2706 4672 3053 4744 professione
3106 4677 3531 4750 blasphemandi

203 4750 415 4795 omnem
446 4742 725 4811 justitiam
748 4782 763 4809 ,
816 4747 939 4813 quia
970 4746 1036 4799 ad
1082 4745 1185 4801 hoc
1230 4746 1491 4816 baptizari
1525 4748 1726 4815 voluit,
1758 4758 1819 4803 ut

202 4828 644 4901 baptizaremur;
671 4834 737 4888 ad
766 4834 868 4891 hoc
903 4838 1175 4893 lavacrum
1208 4840 1639 4910 regenerationis
1660 4856 1818 4898 acce-

206 4924 301 4993 pit,
338 4938 396 4981 ut
432 4943 854 4984 reuasccremur
888 4931 938 4984 iu
976 4932 1105 4987 vita.

271 5018 359 5073 ΙΙΙ.
407 5023 477 5076 Et
520 5022 819 5092 baptizavit
865 5024 1083 5095 quidem
1134 5025 1377 5082 Joannes
1422 5027 1711 5086 Dominum
1752 5044 1817 5087 ac

202 5113 549 5173 Salvatorem
596 5134 880 5186 matrum,
930 5122 1025 5177 sed
1072 5122 1251 5191 p0tius
1300 5121 1394 5178 ille
1440 5125 1745 5195 baptizatus
1786 5141 1819 5179 a

202 5210 419 5267 Christo
451 5223 537 5268 est
564 5231 578 5266 :
610 5216 739 5284 quia
782 5216 871 5270 ille
901 5230 1069 5287 aquas
1098 5218 1487 5287 sanctiﬁcavit,
1524 5219 1613 5274 hic
1658 5222 1817 5291 aquis

199 5307 583 5361 sanctilicatus
608 5318 723 5373 est;
753 5307 846 5363 ille
875 5312 1099 5380 gratiam
1139 5312 1397 5381 donavit,
1448 5315 1537 5368 hic
1567 5318 1813 5386 accepit;

199 5397 285 5456 hic
318 5414 553 5473 peccata
583 5404 874 5475 deposuit,
925 5408 1017 5463 ille
1049 5410 1289 5477 remisit;
1331 5411 1454 5483 quia
1494 5411 1584 5468 hic
1615 5413 1813 5484 homo,

269 5547 295 5576 α
318 5540 611 5617 Quidnam.
638 5539 726 5595 Al.
751 5542 991 5611 quidem;
1014 5543 1084 5598 al.
1104 5546 1352 5616 quidam;
1380 5547 1475 5603 sed
1514 5555 1830 5617 utcumque,

196 5608 348 5692 [petis
380 5614 624 5692 hiulcus,
654 5608 896 5692 videtur.
919 5617 985 5669 Et
1016 5608 1158 5692 idem
1186 5628 1270 5673 est
1296 5608 1350 5674 in
1381 5621 1628 5676 editione
1656 5608 1830 5692 prima

196 5680 819 5760 Ba_~i|eensi,_utqueiin
849 5687 1022 5760 altera
1054 5689 1294 5760 Crynzri.

266 5752 294 5793 ¹³
329 5760 487 5822 Apud
516 5752 776 5813 Galland.
817 5777 830 5811 :
867 5752 1368 5831 TractatusXVlIl,
1392 5764 1447 5817 in
1474 5761 1539 5818 S.
1582 5763 1827 5821 Matt/tati

203 5813 251 5871 Ε
255 5834 347 5873 ναῖε
354 5813 436 5882 ςἐι
441 5830 570 5882 ium.

276 5901 298 5929 ε
348 5899 505 5947 Unde
536 5915 637 5962 pro
694 5899 823 5957 Vide
863 5901 1059 5975 legitur
1085 5904 1190 5964 hoc
1217 5905 1323 5963 loci
1363 5907 1419 5965 in
1473 5905 1821 5967 Bibliotheca

486 5984 769 6046 ΡΑτιιοι.
811 5994 961 6055 xx.

1921 4768 2141 4821 occasio
2163 4769 2355 4823 relicta
2393 4778 2477 4825 est
2509 4810 2526 4837 ,
2562 4784 2686 4825 cum
2738 4771 2903 4826 etiam
2962 4789 3226 4843 expressa
3277 4781 3527 4850 proprie.

1916 4867 2030 4916 tate
2061 4862 2352 4916 verborum
2384 4873 2792 4919 sacramentum
2826 4864 2897 4919 sit
2926 4868 3186 4941 perfectae
3239 4869 3530 4930 Trinitatis

1920 4954 2248 5009 ostensum?
2280 4954 2340 5009 In
2371 4960 2636 5028 mysterio
2691 4956 2837 5011 cuitu
2898 4959 3156 5026 baptismi
3188 5004 3201 5029 ,
3255 4974 3311 5019 et
3352 4966 3530 5024 Filius

1921 5059 2154 5101 manens
2186 5048 2482 5102 viduluritt
2507 5063 2762 5117 corpore,
2813 5059 2869 5105 et
2907 5051 3146 5121 Spiritus
3192 5070 3417 5115 sanctus
3470 5062 3527 5117 in

1924 5140 2112 5206 specie
2141 5140 2414 5194 Columbae
2446 5141 2760 5208 descendit,
2794 5154 2849 5198 et
2873 5159 2977 5200 vox
3005 5147 3183 5203 Patris
3242 5151 3311 5207 (le
3370 5156 3525 5211 caelis

1924 5233 2169 5295 auditur,
2202 5241 2263 5286 ut
2294 5231 2581 5289 Trinitatis
2620 5234 2799 5290 unitas
2849 5238 3211 5309 declaretur;
3252 5247 3375 5315 quia
3427 5266 3527 5307 nec

1922 5320 2087 5379 Pater
2117 5325 2238 5379 sine
2265 5322 2409 5379 Filio
2437 5326 2669 5397 intelligi
2702 5339 2904 5397 potest,
2928 5345 3030 5386 nec
3054 5331 3229 5389 Filius
3255 5338 3377 5393 sine
3405 5338 3529 5411 Spi-

1921 5415 2030 5473 ritu
2061 5427 2260 5471 sancto
2289 5418 2571 5487 cognosci.
2606 5428 2628 5457 ο
2694 5419 2832 5477 Vide
2852 5421 3019 5493 igitur
3043 5428 3205 5496 quale
3241 5428 3421 5485 Patris
3460 5434 3533 5488 de

1940 5549 2169 5629 patrum
2188 5548 2831 5629 yugdunensiﬁomoj].
2867 5572 2992 5628 pag.
3024 5557 3149 5626 990,
3182 5561 3340 5618 sicuti
3365 5569 3531 5629 etiam

1934 5626 2082 5702 apud
2111 5619 2486 5702 Gallandium,
2514 5619 2661 5679 tumo
2684 5626 2821 5690 Vill,
2844 5619 2968 5699 ιῖιιεῖ
2989 5631 3097 5684 552
3120 5619 3146 5695 ;’
3168 5635 3258 5702 qui
3290 5619 3536 5698 tantum:

1936 5695 2106 5780 modo
2141 5711 2191 5747 in
2221 5695 2859 5780 subjecta.aunOtationé
2903 5695 3216 5758 dubitanter
3266 5695 3535 5780 scripsit:

1931 5764 2014 5820 An
2049 5768 2344 5834 legendum.
2388 5767 2560 5822 Vide?

2003 5841 2076 5918 At
2121 5837 2246 5918 Vide
2272 5855 2373 5907 pro
2405 5837 2557 5894 Unde
2595 5854 2697 5918 nos
2744 5840 2834 5898 hic
2864 5844 3146 5912 posuimus
3172 5850 3518 5918 conﬁdenter

1928 5910 2205 5967 orationis
2221 5925 2391 5968 sensu
2421 5913 2813 5982 compellente,
2856 5907 2913 5970 et
2938 5919 3270 5977 anetoritate
3298 5907 3549 5992 uirili}:

2976 6008 3051 6070 11
