4056 6340
505 322 608 389 Sat

1519 323 1581 386 8.
1622 317 2004 385 CHROMATII
2049 319 2266 386 EPISC.
2304 319 2782 397 AQUILEIENSIS

3713 326 3810 396 833

509 445 648 502 Filio
681 443 785 517 ιε
815 441 1194 500 ιθὲιίπιοηίοπι
1229 442 1321 508 sit,
1353 437 1587 499 dicentis
1615 459 1628 496 :
1662 441 1765 496 Hic
1811 450 1883 496 est
1934 438 2108 495 Filius
2136 441 2182 504 Α
2215 442 2328 498 suis
2363 451 2576 500 terrena
2617 445 2727 514 jam
2774 442 3206 516 rolinqttentibus
3235 439 3288 499 el
3316 447 3550 515 Superna
3583 449 3808 516 petenti-

513 557 676 596 meus.
710 540 854 595 Suus
882 540 1093 608 utique,
1129 552 1236 592 non
1262 550 1356 607 per
1384 534 1735 604 adeptionem
1767 533 1975 604 gratia,
2008 547 2106 589 ne-

513 651 619 708 que
649 648 744 706 per
775 634 1097 704 religionem
1141 639 1427 696 creaturae,
1462 636 1522 684 ut
1573 626 1815 683 lia-retici
1872 627 2058 683 Volunt
2090 667 2106 693 ,

513 731 610 789 sed
650 731 734 786 sui
768 731 1110 802 proprietate
1136 726 1354 798 generis
1380 732 1436 780 et
1460 724 1693 779 veritate
1724 733 1955 778 naturaz.
1985 719 2114 777 Mut-

513 829 549 882 ti
583 829 726 882 enim
762 833 1077 880 sanctorum
1114 820 1209 876 lilii
1243 820 1336 876 Dei
1367 819 1621 875 dicuntur
1644 861 1658 884 ,
1709 821 1762 874 et
1798 827 1926 874 sunt
1955 835 1968 870 :
2012 815 2106 873 sed

513 917 602 974 hic
637 915 757 974 sine
789 916 1198 987 comparatione
1225 925 1364 968 unus
1399 907 1508 967 Deo
1537 911 1680 967 Patri
1723 899 1890 968 Filius
1918 912 2108 981 unige-

507 1015 675 1080 nitus,
703 1019 756 1068 et
780 1027 965 1079 verus,
994 1019 1048 1066 et
1078 1007 1355 1081 proprius,
1383 1011 1489 1063 non
1509 1005 1728 1063 aliunde
1753 1050 1768 1076 ,
1827 1015 1990 1078 quam
2040 1003 2110 1061 de

509 1107 674 1163 Patre
704 1114 884 1161 natus.
932 1103 1069 1172 Quia
1091 1111 1197 1156 tam
1228 1115 1389 1157 verus
1412 1093 1596 1166 Pater,
1626 1099 1790 1155 Pater
1807 1107 1912 1166 est,
1946 1111 2106 1167 quam

509 1203 676 1256 verus
708 1208 763 1256 et
787 1199 930 1254 Deus
959 1206 1084 1252 est:
1121 1193 1282 1251 sicuti
1310 1195 1473 1249 etiam
1520 1201 1626 1248 tam
1669 1207 1834 1249 verus
1893 1189 2063 1248 Filius
2089 1234 2104 1257 ,

510 1289 682 1347 Filius
714 1296 818 1353 est,
853 1304 1012 1359 quam
1042 1301 1209 1342 verus
1265 1294 1321 1342 et
1373 1285 1642 1340 Dominus
1696 1296 1800 1340 est.
1858 1281 2106 1341 Perfecta

503 1397 634 1454 ergo
657 1381 790 1437 lides
818 1379 1209 1436 estTrinitatis
1229 1387 1484 1445 ostensa;
1513 1392 1635 1434 cum
1665 1381 1720 1432 et
1751 1376 1912 1433 Pater
1951 1375 2108 1432 Chri-

507 1483 646 1530 stum
672 1474 962 1528 Dominum
995 1487 1060 1528 ac
1090 1469 1258 1527 Deum
1287 1480 1536 1526 nostrum
1571 1469 1767 1526 Filium
1789 1483 1946 1524 suum
1979 1481 2105 1525 esse

516 1577 782 1633 testatur;
812 1571 869 1623 et
895 1563 1134 1638 Spiritus
1161 1567 1407 1630 sanctus,
1443 1563 1493 1619 id
1548 1573 1633 1617 est
1660 1563 1992 1629 Paracletus,
2051 1563 2105 1618 in

509 1665 662 1716 tanto
690 1659 815 1715 ﬁdei
846 1667 1192 1714 sacramento
1223 1655 1368 1712 Patri
1429 1654 1678 1726 Filioque
1708 1656 2057 1726 conjungitnr
2089 1671 2102 1709 :

500 1761 558 1810 ut
589 1759 776 1810 verum
812 1747 1055 1819 Patrem,
1081 1767 1269 1806 verum
1317 1749 1541 1815 Filium,
1564 1756 1752 1806 varum
1783 1752 1946 1805 etiam
1977 1745 2105 1819 Spi-

2212 535 2333 603 bus,
2369 533 2520 592 velut
2543 537 2652 610 2ο
2675 539 2725 592 in
2755 537 2864 593 alto
2880 537 2991 606 jam
3026 535 3239 608 positis,
3275 546 3548 609 praecepta
3579 538 3810 595 traderet

2210 625 2512 684 caelestium
2539 631 2916 683 mandatorum
2941 635 3028 684 :et
3054 628 3296 700 provisas
3320 628 3448 684 olim
3476 629 3811 685 benedictio-

2212 734 2307 777 nes
2338 723 2520 776 divino
2547 736 2774 785 munere
2808 722 3118 792 largiretur,
3140 723 3438 777 secundum
3471 721 3620 794 quod
3650 719 3810 778 David

2211 823 2339 869 ante
2369 822 2596 870 testatus
2631 813 2808 870 fuerat
2834 858 2846 881 ,
2877 811 3114 871 dicendo
3143 833 3156 870 :
3183 812 3390 872 Etenim
3413 815 3813 872 benedictionem

2213 905 2356 961 dabit
2397 908 2484 976 qui
2512 908 2673 980 legem
2711 906 2853 961 dedit
2883 903 3055 979 (Psal.
3089 911 3314 975 Lxssttt,
3349 907 3426 980 8).
3473 909 3542 964 Et
3575 913 3633 964 iit
3659 921 3813 978 aper-

2213 997 2318 1052 tius
2343 1006 2398 1053 et
2419 999 2646 1068 gratiam
2671 999 3065 1070 apostolorum,
3086 1009 3136 1056 et
3161 1005 3442 1057 auctorem
3470 1005 3638 1056 tantae
3660 1001 3817 1073 hujus

2213 1085 2611 1147 benedictionis
2633 1089 2967 1154 ostenderet.
2987 1089 3194 1150 addidit
3217 1095 3404 1150 dicens
3431 1113 3444 1149 :
3471 1094 3816 1150 Ambulabunt

2213 1183 2276 1241 de
2304 1187 2487 1241 virtute
2517 1187 2569 1241 in
2600 1188 2857 1251 virtutem,
2894 1185 3150 1243 videbitur
3170 1186 3311 1244 Deus
3334 1185 3550 1244 deorum
3574 1191 3628 1243 in
3654 1188 3818 1246 Sion:

2211 1281 2382 1338 Filius
2411 1282 2618 1338 scilicet
2649 1281 2764 1348 Dei,
2801 1283 2891 1353 qui
2923 1285 2973 1338 in
3005 1283 3136 1340 Sion
3164 1285 3430 1356 apostolis
3475 1283 3836 1342 benedictio-‘

2214 1391 2311 1433 nes
2338 1375 2585 1432 donavit.
2621 1375 2770 1433 Idem
2800 1378 2944 1434 enim
2978 1378 3030 1432 in
3057 1378 3160 1435 hoc
3185 1389 3373 1435 monte
3406 1378 3819 1435 benedictioues

2213 1465 2477 1538 apostolis
2507 1467 2675 1537 dedit,
2705 1469 2793 1538 qui
2821 1468 3140 1540 jamdudum
3170 1471 3223 1526 in
3253 1477 3441 1526 monte
3486 1471 3618 1528 Sina
3653 1470 3818 1542 Moysi

2211 1561 2385 1634 legem
2437 1561 2757 1630 tradiderat,
2803 1567 3041 1633 probans
3089 1577 3150 1620 se
3189 1573 3310 1620 esse
3356 1563 3644 1636 utriusque
3687 1564 3818 1634 legis

2211 1665 2510 1722 auctorem,
2546 1653 2843 1713 secundum
2867 1657 3008 1730 quod
3042 1675 3136 1729 per
3162 1658 3459 1715 .ieremlam
3492 1659 3609 1730 ipse
3637 1658 3817 1715 Domi-

2215 1773 2314 1812 nus
2341 1755 2649 1812 manilestat
2679 1755 2866 1812 dicens
2898 1774 2908 1808 ;
2941 1753 3008 1810 Et
3051 1755 3186 1809 dabo
3208 1755 3312 1810 illis
3335 1759 3699 1810 testamentum
3731 1769 3821 1809 na—

502 1845 666 1904 ritum
723 1855 972 1902 Sanctum
1026 1841 1378 1901 crederemus
1410 1861 1423 1896 :
1484 1849 1594 1898 tres
1647 1849 1914 1914 personas
1949 1885 1962 1907 ,
2009 1840 2105 1897 sed
2139 1837 2183 1903 Β
2214 1865 2328 1904 rum
2354 1866 2370 1903 :
2393 1863 2496 1903 non
2536 1849 2638 1903 tale
2666 1847 2819 1919 quale
2839 1847 3156 1921 jamdudum
3188 1847 3308 1902 dedi
3339 1847 3577 1916 patribus
3604 1859 3781 1902 eorum
3802 1887 3816 1911 ,

503 1943 669 1999 d‘nam
698 1934 1038 1995 divinitatem
1066 1937 1375 2001 Trinitatis,
1406 1949 1682 2005 unamque
1713 1935 2096 1991 substantiam.

511 2027 643 2092 ﬁtﬁt:
672 2033 985 2089 transitoria
1016 2031 1084 2086 de
1110 2028 1396 2086 Trinitatis
1424 2031 1686 2101 mysterio
1716 2026 1858 2084 dit-ta
1885 2039 2028 2084 sunt.

583 2129 686 2201 19
711 2125 802 2184 ιιι.
852 2124 1052 2181 Verum
1082 2125 1202 2194 quia
1237 2123 1419 2178 "omnia
1449 2135 1567 2193 qure
1598 2127 1696 2192 pro
1729 2121 1885 2176 nobis
1915 2120 2103 2176 Domi-

503 2235 604 2280 nus
650 2223 790 2292 egit,
841 2221 894 2274 in
939 2226 1342 2274 sacramentum
1390 2215 1582 2270 salutis
1632 2223 1835 2269 nostra:
1881 2223 2105 2270 osuansa

501 2315 882 2388 cognosdmus
926 2332 939 2366 ε
989 2313 1042 2367 tn
1075 2325 1140 2367 eo
1191 2310 1333 2382 Quod
1386 2309 1662 2378 baptizato
1707 2308 1938 2363 Domino
1981 2308 2106 2364 ςαξιὶ

501 2409 676 2480 aperti
717 2416 868 2470 sunt,
907 2404 1048 2461 idem
1081 2411 1448 2467 monstratur,
1483 2403 1605 2473 quia
1651 2403 1855 2456 renatis
1886 2403 1938 2456 in
1972 2402 2104 2472 bap-

497 2501 661 2557 tismo
705 2499 968 2555 castorum
1016 2513 1181 2568 regna
1231 2501 1514 2566 paterent,
1555 2511 1675 2566 qua:
1725 2494 1883 2550 nobis
1934 2494 2106 2549 Filius

502 2595 621 2660 Dei,
656 2594 709 2647 in
740 2605 970 2662 corpore
997 2587 1064 2645 ad
1091 2589 1291 2646 emtum
1341 2577 1650 2644 ascendens
1671 2629 1684 2651 ,
1719 2588 1926 2657 primus
1973 2603 2108 2658 ape-

504 2689 637 2744 ruit.
673 2686 830 2742 Undc
861 2695 915 2740 et
943 2685 1125 2740 statim
1160 2683 1212 2738 in
1246 2699 1333 2747 eo,
1364 2681 1506 2753 quod
1540 2691 1761 2738 sanctus
1788 2681 2028 2751 Spiritus
2053 2681 2107 2736 in

503 2782 689 2854 specie
730 2778 998 2836 columbae
1045 2771 1372 2841 descendit,
1405 2765 1460 2832 et
1488 2769 1592 2830 itox
1623 2763 1799 2830 Patris
1842 2775 1912 2854 de
1951 2776 2109 2832 coelis

504 2850 748 2941 auditur,
767 2873 1037 2930 dicentis:
1066 2871 1168 2926 Hic
1197 2882 1270 2926 est
1294 2868 1466 2926 Filius
1489 2887 1662 2937 meus;
1690 2870 1742 2924 in
1766 2870 1868 2924 hoc
1886 2850 2110 2925 c'teleste

505 2968 829 3037 mysterium
852 3009 864 3030 ,
898 2974 954 3022 et
999 2967 1192 3020 salutis
1243 2974 1442 3021 nostra!
1481 2963 1618 3019 ordo
1647 2965 1954 3030 revelatur;
1982 2964 2109 3033 quia

503 3076 603 3132 per
651 3060 892 3114 salutare
936 3059 1266 3129 baptismum
1299 3072 1487 3127 aqum,
1515 3071 1762 3112 essemus
1790 3065 1846 3111 et
1889 3056 1980 3111 lilii
2013 3055 2112 3112 Dei

501 3153 690 3218 futuri,
717 3161 774 3208 et
795 3152 956 3208 donis
979 3151 1150 3206 sancti
1176 3152 1414 3219 Spiritus
1441 3150 1762 3205 munerandi
1786 3169 1797 3203 :
1824 3166 1919 3221 per
1944 3164 2105 3220 quem

2214 1959 2329 1996 cum
2352 1935 2618 1996 educerem
2646 1955 2732 1996 eos
2755 1939 2817 1994 de
2854 1949 2988 1996 terra
3022 1938 3278 2014 ὥρῃ)ιῇ
3310 1940 3400 1994 sed
3427 1940 3525 1994 hoc
3563 1950 3638 1993 est
3673 1947 3822 1994 testa-

2213 2043 2438 2089 titenlum
2467 2033 2606 2104 quod
2638 2030 2770 2088 dabo
2794 2032 2943 2087 illis:
2965 2030 3188 2085 scribam
3223 2031 3357 2104 leges
3395 2045 3535 2086 meas
3567 2031 3622 2084 in
3655 2030 3824 2086 cordi-

2213 2129 2304 2184 bus
2342 2144 2541 2194 eorum,
2569 2137 2616 2182 et
2655 2127 2710 2182 in
2756 2143 2906 2182 sensu
2947 2143 3124 2180 eorum
3170 2125 3392 2180 scribam
3437 2125 3560 2180 illas
3610 2122 3820 2198 (Jerern.

2213 2233 2362 2287 nsi,
2392 2223 2481 2288 5i,
2511 2220 2628 2294 5‘2).
2659 2221 2724 2276 Et
2745 2219 3062 2291 jamdudum
3089 2217 3304 2289 quidem
3335 2229 3460 2273 eum
3489 2219 3574 2294 les
3598 2218 3818 2274 daretur

2211 2313 2412 2389 (Exod.
2445 2329 2557 2379 ιιι,
2587 2313 2705 2382 2t),
2734 2313 2887 2384 juxta
2933 2322 3173 2368 montem
3209 2312 3442 2382 populus
3497 2311 3823 2382 prohibeba-

2212 2417 2302 2464 tur
2327 2409 2594 2464 accedere
2620 2427 2631 2462 :
2661 2421 2805 2462 nunc
2837 2415 3017 2460 autent
3045 2406 3276 2461 Domino
3310 2405 3530 2461 dicente
3554 2405 3607 2459 in
3643 2414 3826 2460 monte

2216 2511 2376 2559 nemo
2403 2499 2760 2572 prohibetur;
2796 2499 2962 2555 immo
3006 2499 3184 2570 pntius
3215 2507 3406 2554 omnes
3438 2499 3741 2560 invitantur
3766 2507 3821 2553 ut

2215 2595 2631 2667 audiantzquia
2686 2594 2736 2649 itt
2787 2595 2904 2666 lcge
2947 2593 3210 2648 severitas
3256 2595 3360 2660 est,
3408 2592 3465 2648 in
3518 2585 3816 2663 Evangelia

2214 2691 2386 2762 gratia
2415 2709 2428 2743 τ
2457 2689 2567 2745 illic
2598 2695 2777 2745 terror
2804 2687 3100 2745 incredulis
3130 2688 3394 2742 incutitur
3416 2729 3432 2754 ,
3474 2687 3564 2743 hic
3597 2685 3824 2744 creden-

2217 2786 2364 2840 tibus
2414 2783 2854 2841 benedletionum
2897 2789 3092 2838 munus
3122 2781 3444 2838 infunditur.
3484 2780 3544 2838 Si
3581 2782 3664 2836 vis
3697 2791 3826 2853 ergo

2215 2887 2268 2934 et
2317 2887 2370 2933 tn
2415 2877 2849 2934 benedictit'mem
2895 2891 2922 2931 a
2967 2876 3196 2930 Domino
3234 2876 3518 2944 accipere,
3565 2876 3815 2944 relinque

2217 2975 2492 3027 terrenam
2540 2968 3050 3026 conversationem,
3087 2977 3210 3036 pete
3257 2966 3427 3020 vitam
3477 2979 3820 3036 supernam;

2217 3065 2450 3121 ascende
2495 3064 2547 3120 in
2595 3061 2933 3119 altitudinem
2980 3060 3103 3116 lidei
3153 3071 3427 3130 tamquam
3461 3068 3737 3128 montem,
3771 3070 3824 3118 at

2217 3158 2464 3215 b'cue'dici
2487 3157 2612 3228 jure
2641 3174 2668 3213 a
2698 3157 2928 3215 Domitio
2960 3153 3062 3232 21
3097 3162 3380 3216 merearis.
3418 3157 3529 3217 Sed
3561 3175 3685 3233 qua:
3707 3160 3819 3232 jam

501 3259 583 3302 εει
617 3246 792 3312 Patri,
829 3255 886 3301 et
925 3245 1064 3300 Filio
1110 3247 1227 3298 latts
1266 3254 1321 3298 et
1352 3243 1521 3314 gloria
1556 3244 1607 3298 in
1639 3244 1836 3298 smcula
1879 3243 2106 3299 steculo-

2216 3255 2326 3327 ipsa
2359 3253 2519 3310 verba
2553 3252 2989 3310 benedictionum
3019 3258 3147 3318 sint,
3183 3252 3487 3310 videamus.

499 3356 646 3396 rum.
679 3344 877 3396 Amen.

1011 3449 1432 3508 TRACTATUS
1470 3450 1602 3506 111⁸.

801 3588 867 3643 In
898 3597 1053 3659 caput
1078 3603 1110 3642 v
1141 3585 1413 3658 Evangelii
1452 3585 1513 3642 S.
1557 3585 1818 3643 Matthmi.

570 3731 610 3785 l.
667 3728 855 3783 Videas
885 3736 1056 3780 autem
1083 3769 1096 3792 ,
1132 3726 1322 3796 inquit,
1354 3725 1531 3780 turbas
1570 3724 1756 3790 Iesus,
1795 3725 2029 3779 ascendit
2056 3726 2111 3779 in

503 3831 766 3878 montem:
789 3831 858 3886 et,
909 3817 1115 3874 sedente
1141 3835 1221 3882 eo,
1268 3826 1586 3872 accesserunt
1613 3820 1683 3872 ad
1705 3834 1822 3871 eum
1866 3817 2111 3885 discipuli

498 3917 632 3988 ejus,
665 3923 710 3968 et
738 3913 978 3984 aperiens
1018 3929 1076 3965 os
1120 3927 1294 3975 suum,
1337 3911 1550 3963 docebat
1594 3925 1681 3964 eos
1717 3910 1932 3964 dicens:
1962 3908 2112 3964 Beati

501 4023 761 4082 pauperes
798 4005 985 4070 spiritu
1006 4046 1022 4072 ,
1061 4005 1305 4074 quoniam
1343 4004 1575 4074 ipsorum
1607 4014 1680 4057 est
1709 4019 1925 4076 regnum
1952 4003 2108 4058 (mlo-

498 4119 616 4157 rum
641 4101 858 4173 (Matth.
894 4117 945 4165 v,
985 4100 1036 4165 t,
1067 4099 1148 4170 2),
1184 4110 1240 4154 et
1261 4110 1460 4154 eastern
1509 4115 1628 4170 qua:
1672 4110 1976 4170 sequuntur
2008 4100 2108 4157 .De

504 4195 738 4251 terrenis
760 4204 815 4248 et
848 4191 1145 4246 humilibus
1187 4191 1253 4244 ad
1300 4190 1408 4244 alta
1443 4198 1498 4245 et
1540 4191 1754 4248 excelsa
1807 4191 2106 4263 discipulos

504 4303 633 4344 suos
685 4286 950 4342 Dominus
1005 4284 1310 4347 ducturus,
1365 4293 1604 4339 montem
1654 4286 1975 4341 conscendit
2007 4303 2018 4339 :
2051 4288 2108 4342 et

505 4381 724 4453 quidem
758 4376 978 4438 Oliveti,
1011 4386 1070 4431 ut
1115 4391 1213 4446 per
1242 4376 1410 4447 ipsius
1455 4378 1702 4433 vocabuli
1753 4379 2107 4448 signiﬁcatio-

501 4490 646 4540 nem,
680 4473 881 4528 divittae
917 4469 1314 4524 misericordia:
1367 4486 1481 4524 sua:
1528 4486 1724 4525 munus
1767 4471 2102 4526 omenderet.

502 4565 770 4626 Ascendit
820 4565 985 4635 igitur
1027 4562 1290 4618 Dominus
1326 4563 1378 4616 in
1428 4573 1691 4628 montem,
1726 4573 1783 4617 ut
1827 4564 2106 4634 discipulis

2288 3349 2351 3406 ll.
2397 3349 2578 3419 Beati,
2606 3349 2815 3421 inquit,
2844 3351 3100 3422 pauperes
3128 3343 3316 3420 spiritu
3337 3393 3350 3417 ,
3385 3345 3640 3421 quoniam
3671 3349 3814 3418 ipso-

2215 3447 2328 3498 ruut
2368 3456 2438 3499 est
2479 3459 2692 3518 regnum
2740 3446 3010 3499 calorum.
3059 3439 3254 3499 Plures
3297 3437 3519 3515 quidem
3569 3444 3823 3499 norimus

2216 3531 2524 3608 pauperes:
2565 3537 2660 3593 sed
2704 3547 2813 3594 non
2850 3535 2979 3608 quia
3023 3537 3234 3591 tantum
3286 3539 3591 3606 pauperes,
3621 3533 3827 3591 ideirco

2215 3629 2438 3685 beatos:
2492 3633 2616 3702 quia
2669 3637 3109 3702 unumquemque
3163 3631 3415 3684 notitrum
3469 3627 3581 3683 hoﬂ
3635 3637 3827 3684 neces-

2214 3726 2348 3778 sitas
2389 3725 2728 3796 paupertatis
2765 3723 2893 3779 lacit
2933 3735 3056 3779 esse
3094 3723 3352 3788 beatum,
3395 3719 3494 3777 sed
3551 3717 3693 3775 lich
3731 3720 3825 3776 'de-

2215 3823 2354 3874 mta!
2390 3820 2744 3890 paupertatis.
2778 3815 2910 3874 Nam
2945 3818 3142 3873 multos
3175 3819 3377 3872 scimus
3407 3827 3576 3888 egere
3606 3815 3822 3888 quidem

2212 3913 2394 3968 sa'zculi
2429 3913 2688 3970 facultate
2712 3955 2728 3982 ,
2764 3913 3122 3968 nihilominus
3153 3911 3336 3967 tamen
3367 3925 3397 3966 a
3433 3913 3684 3982 peccatis
3715 3917 3820 3967 non

2212 4005 2500 4076 desinere,
2536 4015 2696 4081 atque
2729 4015 2756 4064 a
2789 4005 2897 4064 title
2939 4007 3035 4063 Del
3076 4011 3200 4064 esse
3239 3997 3492 4073 aii‘bnos;
3535 4021 3678 4078 quos
3718 4005 3826 4061 uti-

2211 4105 2318 4175 que
2349 4101 2695 4158 mauil‘esmm
2731 4107 2815 4158 est
2843 4098 3040 4157 beatos
3073 4099 3182 4156 dici
3213 4107 3323 4155 non
3365 4101 3551 4170 posite.
3595 4096 3660 4155 Et
3705 4098 3823 4157 ideo

2211 4191 2475 4251 debemus
2509 4195 2792 4266 requirere
2821 4194 2911 4267 qui
2945 4195 3031 4250 isti
3067 4193 3209 4248 beati
3241 4193 3385 4259 sint,
3419 4191 3490 4249 ue
3521 4191 3722 4263 quibus
3751 4193 3825 4248 ait

2211 4289 2474 4346 Dominus
2507 4309 2520 4344 :
2554 4289 2702 4344 Beati
2740 4299 2996 4362 pauperes
3033 4288 3258 4358 spiritu,
3302 4287 3548 4357 Quoniam
3589 4288 3822 4356 ipsorum

2210 4398 2285 4442 est
2314 4393 2530 4456 regnum
2562 4386 2826 4439 caelorum.
2875 4381 2983 4436 Hos
3016 4383 3202 4450 utique
3231 4387 3508 4449 panpene's
3549 4379 3824 4449 signiﬁcat

2209 4491 2331 4532 esse
2361 4477 2592 4543 beatos,
2625 4477 2718 4547 qui
2750 4474 3080 4543 contemptis
3113 4471 3296 4527 mundi
3329 4471 3574 4538 divitiis,
3607 4481 3820 4543 spreta-

2210 4573 2316 4640 que
2343 4571 2530 4626 sac'cmi
2557 4570 2849 4634 facultate,
2881 4576 2937 4622 ut
2975 4568 3084 4622 D'eo
3114 4566 3311 4622 tierent
3341 4563 3546 4621 divites
3569 4605 3583 4631 ,
3617 4561 3821 4620 mundo

491 4747 636 4826 cui!“
660 4743 902 4826 phbﬁliﬁ,
929 4743 1018 4812 qui
1053 4751 1226 4826 mium
1268 4743 1414 4826 butt}:
1470 4744 1757 4826 C/{roniatii
1790 4754 2000 4826 textum
2018 4766 2103 4826 re-
2131 4760 2186 4820 D
2211 4755 2422 4809 mendis
2455 4754 2972 4826 inquinatuslucem
3004 4751 3141 4807 vidit
3167 4752 3222 4806 in
3257 4751 3564 4806 novissima
3587 4755 3807 4823 quoque

506 4817 629 4872 tulit
660 4816 714 4868 in
737 4813 919 4893 libello
945 4811 1036 4869 suo
1069 4813 1314 4893 adversus
1349 4814 1600 4893 Ιιρςνεεὶιη
1629 4811 1826 4893 Felicis
1852 4823 2103 4893 θρὶδσορὶη

509 4899 672 4960 quem
702 4886 889 4960 videas
921 4888 1175 4960 superius
1220 4888 1361 4940 inter
1409 4877 1658 4940 Veterum
1681 4877 1994 4946 Testimonia
2027 4877 2108 4949 'dé

513 4956 692 5015 sancta
735 4956 1034 5027 Chromatio
1066 4957 1346 5027 episcopo;
1392 4969 1602 5012 necnon
1629 4963 1958 5019 an'Ctoritale
1990 4965 2108 5021 Edi-

513 5031 678 5086 tionis
699 5029 891 5098 prima:
918 5026 1383 5096 Clu'omatii,’qu:e
1443 5031 1668 5084 llasile-‘e
1723 5034 1927 5100 prodiit
1964 5051 2108 5091 anno

529 5101 693 5163 i523,
720 5112 991 5168 quamque
1019 5113 1128 5166 pra:
1159 5102 1403 5166 inanibus
1433 5100 1731 5158 habemus:
1765 5105 1905 5160 sicut
1948 5110 2108 5165 etiam

523 5175 849 5226 auctoritate
884 5173 1077 5224 vetusti
1113 5171 1316 5225 codicis
1351 5169 1574 5226 Palatini
1620 5173 1961 5232 bibliotheca:
2009 5181 2112 5236 Va-

523 5247 748 5306 ticante,
785 5241 924 5296 unde
955 5243 1231 5306 integrum
1263 5245 1407 5297 hunc
1438 5241 1724 5300 Clit-aurarii
1749 5247 1952 5304 textum
1983 5253 2113 5308 edu-

515 5317 591 5384 xit
622 5332 688 5369 ex
718 5315 997 5384 prtecitato
1053 5313 1259 5367 Alcuini
1299 5316 1474 5370 tibello
1523 5318 1855 5375 clarissimus
1914 5322 2114 5378 Fonta-

519 5381 1020 5462 ninust'quihe‘tiaut
1039 5393 1222 5462 totum
1261 5388 1487 5462 inseruit
1515 5391 1566 5444 in
1595 5406 1689 5444 sua
1719 5391 1950 5447 Historia
1980 5394 2116 5450 litte-

526 5457 667 5512 τω·Ῑά
699 5451 1013 5528 Arjttilciensi
1039 5455 1180 5528 libro
1206 5473 1281 5525 ttt,
1305 5474 1426 5527 Cap.
1459 5461 1516 5525 4,
1543 5479 1690 5515 num.
1725 5463 1776 5517 2.

592 5526 862 5606 Cit-terunt
889 5526 1080 5606 (quid
1128 5544 1258 5606 sane
1303 5526 1571 5606 mireris)
1624 5546 1768 5590 torus
1824 5538 1908 5592 llic
1947 5537 2114 5592 Chro-

521 5600 666 5683 matii
688 5593 874 5683 :t‘ex‘ttts
1027 5586 1098 5674 (re
1135 5595 1387 5683 Mysu'erio
1421 5586 1923 5683 'l‘rittitatis;est,iiit
1955 5586 2111 5664 ο

515 5669 1196 5754 ἸήἱωίριξιροειΔΡθιὲυηιί
1233 5673 1578 5754 Lugdunensi
1623 5678 1763 5732 laede
1813 5669 2107 5754 corruptus

517 5745 761 5815 :‘t‘p‘paret,
795 5745 865 5796 ita
897 5749 954 5795 ut
984 5757 1272 5815 erroneum
1305 5749 1466 5802 etiam
1527 5755 1748 5806 sensum
1805 5745 2056 5805 involvat
2088 5793 2101 5815 ,

509 5813 879 5893 quodsummi
914 5815 1036 5893 viri,
1072 5813 1414 5893 Fqntaninus
1455 5820 1770 5893 premimus
1810 5829 1978 5893 argue
2024 5813 2101 5878 De

559 5881 744 5953 tibeis,
785 5899 894 5942 non
935 5881 1492 5949 animadverterunt}
1523 5891 1828 5963 iisdemque
1875 5881 2099 5964 prorsus

2211 4825 2543 4881 bibliotheca
2568 4825 2862 4882 Gallandii.

2285 4897 2393 4953 Nos
2427 4908 2714 4968 propterea
2751 4908 2924 4952 totum
2969 4896 3114 4950 hunc
3152 4894 3440 4949 Chromatii
3474 4903 3712 4968 _textum
3761 4896 3816 4949 in

2215 4970 2316 5022 Itac
2339 4965 2817 5033 ntts’tra'edilitttte,
2842 4984 2947 5022 non
2969 4969 3148 5021 minus
3169 4984 3328 5036 quam
3355 4981 3450 5020 St‘X
3474 4965 3616 5021 locis
3633 4971 3818 5036 emeri—

2212 5041 2419 5106 datum,
2450 5055 2561 5096 sure
2593 5043 2886 5111 integritati
2917 5035 3294 5111 restituimttsj,
3327 5037 3628 5111 collatione
3674 5035 3817 5111 facta

2213 5129 2335 5166 cum
2365 5125 2512 5167 textu
2533 5109 2726 5167 eodem
2751 5123 2906 5177 prout
2929 5120 3106 5166 exstat
3130 5109 3271 5174 apud
3301 5109 3592 5163 Alcu'mum
3621 5111 3672 5163 in
3702 5109 3818 5164 edi-

2217 5186 2361 5237 tione
2395 5185 2686 5237 novissima
2731 5183 3023 5246 Frobenii,
3084 5182 3225 5237 unde
3270 5188 3482 5235 textum
3532 5183 3709 5249 ipsum
3761 5182 3816 5235 in

2218 5254 2544 5309 Tcslimoniis
2581 5253 3193 5318 Veteruminseruinttts;
3226 5254 3382 5306 sicuti
3408 5253 3577 5307 etiam
3605 5253 3818 5308 ratione

2221 5327 2398 5380 habita
2419 5331 2596 5381 citata:
2619 5325 2874 5380 editionis
2901 5326 3098 5380 Prinne
3120 5325 3448 5378 Basileensis
3471 5324 3817 5392 Scriptorum

2218 5413 2312 5450 seu
2334 5398 2734 5465 OpttsCulnrttm
2793 5398 3076 5451 Chromatii
3121 5395 3292 5459 1528,
3337 5397 3683 5466 alteriusque
3729 5394 3820 5449 iti-

2217 5469 2340 5522 tletn
2377 5471 2700 5523 lla~ilecnsis
2735 5469 2867 5524 1569
2921 5471 3064 5522 inter
3113 5468 3449 5522 .ilonumenta
3497 5467 3820 5522 Sanctorum

2220 5538 2441 5593 Patrum
2477 5540 2950 5612 Ortodosographa
3005 5539 3234 5594 Joannis
3282 5537 3534 5612 _Gryna3i_,
3567 5554 3817 5612 gnecnon

2218 5613 2415 5666 vetttsﬁ
2469 5613 2673 5668 codicis
2721 5608 3027 5667 A'lcu'iniani
3085 5608 3432 5667 bibliotheca;
3487 5608 3816 5673 Va’ticante,

2217 5694 2373 5750 prout
2401 5685 2452 5737 in
2481 5682 2796 5754 Prarfatione
2814 5699 2915 5739 suo
2943 5685 3066 5738 loco
3089 5681 3497 5754 admonuimus.
3588 5751 3631 5754 η
3717 5751 3733 5754 7_
3811 5750 3817 5754 _

2217 5793 2252 5824 —_
2279 5762 2302 5789 ἰ
2346 5753 2499 5824 Apud
2544 5750 2796 5811 Galland.
2833 5774 2845 5809 :
2886 5755 3210 5812 Tarentus
3255 5752 3322 5821 11,
3365 5753 3425 5808 in
3455 5750 3522 5810 Β.
3579 5750 3817 5807 Mardus

2207 5820 2567 5896 Evangélium.
