4056 6340
170 333 273 397 53!

1031 322 1456 390 ruscra'rus
1484 324 1555 389 tu
1589 322 1657 389 ut
1681 318 2131 391 evaseeuuu
2162 322 2217 392 s.
2250 318 2604 397 uaria/st.

3376 344 3481 403 ΒΜ

171 464 286 505 esse
314 454 588 518 pauperes
615 447 936 504 voluerunt.
968 448 1029 503 Hi
1062 448 1229 511 tales,
1261 460 1530 518 pauperes
1554 446 1770 517 quidem
1802 446 1853 508 Α
1883 447 1948 502 Et
1997 449 2227 505 iterum:
2260 450 2465 507 Cibabis
2506 464 2600 507 nos
2633 458 2764 524 ptine
2801 455 3151 527 lacrytnarum
3178 500 3191 525 ,
3223 466 3270 513 et
3301 469 3481 528 potum

172 544 369 601 szeculo
398 540 689 609 videntur,
722 541 817 597 sed
848 542 960 597 Deo
988 541 1189 596 divites
1219 550 1344 595 sunt
1370 585 1383 605 ,
1416 550 1639 612 egentes
1672 556 1771 594 sa:-

172 637 322 701 culo,
354 634 451 690 sed
483 633 716 690 Christo
749 636 1067 706 locupletes.
1111 634 1283 703 Crrjus
1330 634 1503 688 beata:
1538 644 1771 703 paupere

174 730 292 786 tatis
334 728 663 797 exemplum
713 728 869 784 nobis
912 728 1071 798 primi
1120 728 1169 780 in
1225 740 1285 781 se
1333 725 1584 795 Apostoli
1636 735 1775 795 pne-

175 821 440 875 buerunt:
475 819 572 891 qui
604 829 917 889 contempta
947 821 1091 876 omni
1127 819 1390 874 facultate
1412 860 1425 883 ,
1473 818 1656 873 atatim
1688 833 1775 873 se-

171 914 270 969 cuti
294 912 512 967 Domini
546 927 739 967 Vocem
760 954 776 980 ,
806 912 974 980 ipsius
1001 927 1123 968 esse
1147 911 1399 983 discipuli
1434 920 1773 966 meruerunt.

177 1006 275 1061 Hos
314 1007 447 1060 tales
494 1020 776 1077 pauperes
817 1008 977 1061 etiam
1018 1003 1404 1077 Aposrolorum
1438 1004 1778 1075 temporibus

175 1102 508 1170 invenimus,
567 1103 662 1170 qui
712 1104 871 1172 primi
919 1101 1238 1167 credentes,
1284 1100 1561 1154 universis
1613 1098 1780 1153 rebus

173 1197 275 1253 suis
314 1196 878 1267 possessionibusque
926 1194 1236 1257 distractis,
1289 1194 1393 1249 sub
1442 1192 1543 1245 hac
1581 1190 1778 1245 devota

177 1298 485 1362 paupertate
540 1290 758 1344 Domini
813 1289 1027 1342 divitias
1080 1288 1434 1356 qumsierttnt.
1515 1284 1669 1340 Unde
1727 1291 1782 1339 et

175 1383 454 1454 Apostolus
502 1383 562 1437 in
608 1384 704 1438 tali
749 1390 1064 1453 paupertate
1104 1380 1323 1435 divitias
1366 1380 1548 1433 inesse
1586 1378 1782 1433 coeles-

177 1489 250 1535 tes
286 1478 573 1542 ostendit,
620 1478 845 1533 dicens:
893 1475 1182 1547 Tamquam
1222 1474 1356 1527 nihil
1404 1471 1683 1535 habentes,
1736 1478 1783 1524 et

176 1576 270 1651 εξ
299 1576 477 1632 omnia
512 1576 838 1649 possidentes
867 1572 921 1644 (l
950 1571 1071 1626 Cor.
1106 1585 1190 1637 vr,
1222 1570 1348 1640 10).
1383 1568 1513 1623 lude
1543 1567 1783 1637 denique

178 1672 393 1736 Petrus,
428 1684 562 1727 cum
598 1668 907 1725 ascendens
949 1667 1001 1721 in
1045 1665 1307 1735 templum
1340 1679 1369 1719 a
1401 1663 1600 1718 claudo
1630 1663 1782 1717 eice-

178 1779 450 1836 mosynam
487 1770 801 1833 peteretur,
835 1762 942 1815 ait:
976 1758 1257 1831 Argentum
1286 1766 1334 1811 et
1364 1770 1548 1810 aurum
1579 1770 1681 1810 non
1710 1765 1783 1809 est

1880 540 2028 597 dabis
2073 544 2124 596 in
2169 543 2409 616 lacrymis
2439 540 2491 600 in
2520 552 2763 602 mensura
2806 546 2979 619 (Psal.
3022 564 3184 606 LXXIX
3214 594 3226 616 ,
3275 550 3355 623 6).
3388 552 3483 609 Vis

1878 643 2061 689 autem
2098 635 2240 691 seire
2272 638 2415 705 pium
2448 636 2652 693 luctum
2676 642 3031 696 sanctorum?
3080 642 3221 697 Audi
3270 645 3476 699 dictum

1877 724 1945 780 de
1977 726 2228 785 Samuele
2262 730 2523 800 propheta
2552 776 2566 798 ,
2616 734 2739 803 quia
2787 742 2962 807 usque
3005 734 3070 791 ad
3113 737 3259 793 diem
3292 741 3484 798 mortis

1878 819 1995 889 ejus
2024 822 2221 878 luxerit
2246 836 2430 894 regem
2462 824 2681 882 Saulem
2700 824 2746 901 (ι
2774 824 2906 902 Reg.
2930 836 3019 894 sv,
3037 824 3151 903 35).
3176 831 3487 890 Hieremias

1880 922 2098 984 Quoque
2127 930 2249 971 cum
2279 918 2465 989 populi
2491 929 2713 990 peccata
2740 922 3002 989 deﬁeret,
3036 922 3107 980 ita
3139 925 3213 981 ait
3238 944 3249 980 :
3285 918 3352 982 Ut
3379 928 3485 997 flu-

1881 1008 2023 1062 mina
2043 1026 2295 1079 aquarum
2323 1016 2640 1071 transierunt
2669 1016 2805 1070 oculi
2834 1018 2965 1086 mei,
2997 1034 3153 1091 super
3175 1024 3490 1079 contritione

1884 1099 2043 1169 plebis
2074 1114 2202 1157 mea:
2244 1102 2460 1174 (Thren.
2505 1112 2563 1163 ιιι
2594 1151 2606 1175 ,
2640 1108 2754 1176 48).
2803 1109 2870 1166 Ει
2906 1114 3143 1169 iterum:
3179 1116 3308 1184 Quis
3348 1116 3495 1174 dabit

1883 1195 2042 1263 capiti
2072 1206 2185 1248 nteo
2216 1212 2404 1268 aquam
2425 1241 2438 1265 ,
2472 1200 2520 1253 et
2544 1202 2709 1256 acuti:
2738 1204 2864 1258 meis
2891 1208 3087 1275 fontem
3119 1210 3492 1282 lacrymarum,

1885 1290 1931 1338 et
1962 1286 2176 1356 plorabo
2209 1291 2341 1342 hanc
2384 1290 2578 1359 plebem
2618 1293 2702 1347 die
2743 1309 2804 1351 ac
2838 1308 2985 1354 nocte
3015 1294 3229 1372 (Jereni.
3261 1305 3311 1359 ix
3342 1348 3355 1372 ,
3391 1306 3491 1377 l)?

1886 1379 2076 1435 Daniel
2112 1382 2276 1436 etlam
2312 1386 2460 1455 gravi
2493 1388 2638 1442 luctu
2674 1392 2774 1459 prb
2820 1395 3005 1463 populi
3040 1400 3277 1466 peccatis
3318 1399 3491 1455 afﬁci-

1889 1482 1975 1531 tur
2004 1518 2017 1541 ,
2050 1478 2351 1560 secundum
2380 1481 2523 1551 quod
2552 1468 2671 1551 ipse
2698 1488 2930 1541 teStatur
2954 1489 3141 1544 dicens
3168 1510 3181 1546 :
3218 1490 3285 1546 Et
3314 1510 3455 1547 eram
3478 1536 3493 1560 ,

1887 1571 2061 1639 inquit
2083 1610 2098 1636 ,
2129 1558 2238 1643 25
2267 1571 2448 1644 lugens
2485 1574 2645 1630 tribus
2678 1576 3011 1634 hebdomadis
3038 1580 3278 1651 dierum,
3309 1558 3495 1656 panem.

1888 1678 1991 1718 non
2030 1668 2355 1722 manducans
2386 1711 2400 1735 ,
2437 1680 2481 1724 et
2524 1672 2697 1725 vinum
2736 1666 2839 1727 iioh
2895 1675 3069 1731 bibens
3101 1678 3272 1747 (Dan.
3304 1696 3335 1734 x
3364 1722 3379 1747 ,
3413 1680 3496 1753 5).

1889 1761 2123 1817 Sanctus
2169 1775 2391 1830 quoque
2435 1758 2737 1832 Apostolus
2786 1762 3050 1836 quosdam
3085 1770 3495 1829 Corinthiorum

178 1857 497 1929 mihi:quod
529 1867 709 1911 autem
742 1856 928 1919 habeo,
962 1854 1058 1906 hoc
1088 1852 1175 1905 tibi
1204 1855 1311 1905 do:
1342 1850 1405 1903 In
1438 1850 1642 1903 nomine
1678 1848 1778 1902 Do-
1814 1848 1863 1909 B
1891 1852 2039 1907 luctu
2068 1853 2234 1907 simili
2268 1853 2440 1910 deﬂet
2467 1899 2481 1923 ,
2515 1858 2779 1915 dicendo;
2831 1859 2895 1915 ει
2940 1863 3141 1918 veniam
3171 1867 3239 1918 ad
3279 1870 3367 1921 vos
3398 1910 3411 1933 ’
3448 1868 3503 1921 ω

179 1955 291 2007 mini
319 1954 492 2007 nostri
526 1952 663 2006 Jestt
692 1949 885 2006 Christi
913 1964 1069 2019 surge
1097 1957 1143 2000 et
1171 1945 1382 1999 ambula
1408 1946 1547 2016 (Act.
1574 1959 1629 1999 ιιι
1656 1985 1669 2008 ,
1698 1941 1777 2010 6).

180 2043 217 2100 0
244 2059 365 2101 vere
412 2045 578 2100 beata
628 2053 926 2111 paupertas
951 2082 964 2107 ,
1000 2054 1120 2111 quae
1150 2054 1271 2094 cum
1305 2037 1441 2092 nihil
1482 2036 1550 2093 de
1596 2036 1783 2091 mundi

180 2138 421 2193 faeniltatc
459 2138 671 2192 habent
695 2178 709 2199 ,
743 2142 951 2189 tantum
985 2136 1053 2190 de
1080 2136 1221 2191 caelo
1249 2133 1517 2203 largitur!
1550 2131 1668 2186 Non
1696 2132 1786 2185 dat

179 2230 384 2300 quidem
419 2241 719 2302 argentum
754 2226 839 2282 vel
871 2242 1061 2282 aurum
1086 2267 1099 2291 ,
1129 2227 1221 2281 sed
1255 2224 1399 2295 quod
1433 2226 1553 2294 plus
1584 2226 1665 2278 est
1707 2224 1783 2277 di-

178 2323 309 2379 vitiis
333 2324 600 2379 erunibus
623 2364 637 2388 ,
670 2320 849 2377 reddit
874 2322 1121 2389 corporis
1143 2320 1453 2373 sanitatem.
1489 2316 1786 2387 Imaginem

181 2416 406 2472 Czesaris
440 2418 493 2470 in
530 2429 764 2469 nummo
786 2456 801 2481 ,
835 2429 996 2484 quam
1028 2412 1224 2478 daret,
1273 2427 1379 2466 non
1429 2410 1615 2465 habuit
1643 2424 1656 2475 ;
1693 2409 1787 2464 sed

181 2509 365 2566 Christi
401 2512 713 2579 imaginem
749 2508 801 2563 in
836 2508 1058 2563 homine
1092 2507 1441 2562 reformavit.
1489 2506 1562 2560 De
1604 2504 1788 2575 hujus-

184 2607 315 2662 madi
349 2604 698 2677 pauperibus
738 2606 791 2659 in
835 2605 1094 2674 prmscnti
1142 2604 1264 2657 loco
1311 2603 1574 2655 Dominus
1617 2601 1792 2671 loqui-

187 2711 280 2767 tur,
325 2703 394 2759 de
441 2702 653 2772 quibus
699 2711 753 2755 et
801 2699 967 2753 David
1015 2698 1200 2753 multis
1247 2697 1381 2751 locis
1431 2702 1659 2751 testatur
1706 2696 1791 2750 di-

180 2800 381 2854 cendo:
418 2798 603 2853 Edent
641 2810 898 2865 pauperes
921 2837 935 2862 ,
968 2803 1014 2849 et
1044 2794 1441 2859 saturabantar,
1474 2802 1520 2845 et
1551 2793 1676 2845 vit-et
1708 2807 1796 2845 cor

185 2902 347 2947 earum
376 2894 429 2946 in
464 2892 723 2945 swcatum
755 2890 932 2943 stecuti
968 2886 1151 2958 (Psal.
1180 2902 1281 2941 χχι
1301 2928 1313 2951 ,
1343 2884 1421 2957 7).
1458 2884 1527 2939 Et
1556 2885 1750 2939 iterum
1778 2902 1793 2939 :

184 2986 451 3042 Judicabtt
484 3000 747 3057 pauperes
780 2983 996 3052 populi,
1032 2992 1077 3037 et
1109 2983 1276 3037 salvos
1308 2981 1462 3053 faciet
1494 2980 1632 3048 ﬁlios
1662 2994 1798 3050 pau-

184 3092 358 3150 perum
389 3079 582 3154 (Psal.
619 3092 755 3133 an
781 3122 794 3145 ,
825 3078 903 3147 4).
942 3075 1049 3132 Iste
1078 3093 1273 3147 pauper
1301 3076 1576 3139 clamavit,
1609 3084 1653 3127 et
1688 3072 1794 3127 Do-

184 3176 349 3230 minus
380 3172 655 3229 exaudivit
690 3182 808 3226 eum
841 3169 1016 3244 (Psal.
1056 3182 1239 3224 χχχιιι
1260 3211 1273 3235 ,
1305 3169 1383 3239 7).
1420 3168 1633 3222 Talium
1666 3178 1797 3237 ergo

185 3278 491 3342 pauperum
534 3266 806 3323 Dominus
848 3266 1007 3321 docet
1050 3276 1174 3319 esse
1217 3270 1445 3334 regnum
1492 3261 1793 3326 caelorum,

184 3369 268 3438 qui
310 3382 380 3422 se
420 3380 591 3421 causa
638 3362 919 3432 religionis
962 3377 1025 3415 ac
1069 3360 1192 3415 ﬁdei
1227 3358 1429 3414 smealo
1460 3370 1801 3429 pauperavc-

184 3472 304 3517 runt
330 3505 345 3529 ,
379 3466 439 3516 ut
473 3460 809 3530 locupletem
844 3467 1092 3512 sanetum
1124 3454 1389 3525 Spiritum
1424 3452 1795 3523 possiderent.

185 3553 282 3612 Vel
315 3562 471 3611 certe
512 3554 709 3609 beatos
742 3562 1011 3621 pauperes
1042 3549 1208 3615 dicit,
1241 3548 1331 3619 qui
1364 3548 1516 3603 nulla
1546 3547 1797 3616 superbia

186 3645 393 3702 diaboli
432 3646 725 3710 inﬂantur,
766 3643 912 3697 nulla
953 3640 1255 3697 ambitione
1297 3642 1483 3696 smculi
1526 3641 1799 3695 extollun-

190 3748 296 3806 tur,
340 3738 441 3794 sed
484 3737 858 3793 humilitatem
905 3734 1130 3806 Spiritus
1174 3748 1299 3791 cum
1343 3735 1468 3790 ﬁdei
1510 3734 1801 3792 devotione

191 3830 529 3887 custodiunt.
563 3828 724 3886 Unde
753 3829 953 3884 dicitur
979 3842 1009 3881 a
1042 3828 1207 3883 David
1238 3829 1293 3882 in
1327 3827 1546 3882 Psalmo
1573 3845 1586 3883 :
1621 3828 1801 3883 Sacri-

193 3927 366 3995 ficium
416 3924 528 3979 Deo
573 3924 792 3993 spiritus
832 3921 1255 3975 contribulatus:
1297 3936 1386 3975 cor
1427 3921 1705 3974 contritum
1754 3929 1802 3975 et

196 4019 527 4073 humiliatum
569 4008 717 4071 Deus
750 4031 852 4069 non
896 4015 1093 4085 spernit
1139 4014 1333 4086 (Psal.
1366 4029 1431 4077 ι,
1464 4014 1531 4069 19
1557 4014 1593 4083 γ.
1640 4014 1803 4069 Tales

193 4126 323 4185 ergo
354 4124 631 4184 pauperes
663 4108 856 4180 spiritu
888 4108 1031 4163 beati
1063 4118 1189 4162 sant
1217 4107 1358 4176 apud
1391 4107 1583 4161 Deum;

270 4207 353 4263 Ill.
385 4206 596 4263 Deinde
622 4206 738 4259 ait:
772 4194 923 4257 Beati
945 4203 1034 4272 qui
1065 4203 1273 4273 lugent,
1307 4201 1551 4270 quoniam
1573 4200 1675 4270 ipsi
1695 4199 1802 4270 23

197 4302 630 4357 consolabuntur.
672 4297 827 4355 Sicut
855 4297 923 4351 de
951 4296 1282 4367 pauperibus
1314 4296 1572 4365 superius
1597 4336 1610 4358 ,
1648 4296 1714 4347 ita
1749 4301 1805 4348 et

200 4394 701 4467 hiedelugentibus
732 4391 1000 4461 loquitur:
1031 4402 1137 4443 non
1166 4398 1262 4445 eos
1282 4390 1471 4443 beatos
1493 4382 1795 4457 appellans,

200 4492 286 4561 qui
337 4499 428 4546 aut
469 4490 692 4546 dilecme
736 4485 968 4555 alicujus
1028 4476 1275 4555 Coniugis
1326 4484 1614 4539 orbitatem
1648 4524 1661 4549 ,
1711 4489 1805 4537 aut

201 4584 547 4639 amissionem
582 4582 879 4637 Citarorum
916 4578 1199 4649 pignorum
1237 4578 1583 4647 ﬁliorumque
1620 4578 1801 4647 gravi-

1889 1946 2090 2016 lug‘eam
2123 1949 2311 2002 multos
2343 1962 2406 2004 ex
2435 1952 2513 2005 his
2540 1954 2629 2024 qui
2655 1958 2774 2008 ante
2795 1958 3152 2027 peccaberunt,
3180 1958 3226 2015 ei
3254 1964 3354 2015 non
3382 1980 3503 2034 ege-

1890 2050 2013 2096 runt
2041 2044 2394 2114 paenitentiam
2426 2047 2477 2100 in
2522 2046 2857 2104 iinttttmditia
2896 2068 3051 2121 quant
3101 2058 3408 2125 gesserunt,
3456 2056 3503 2111 el

1890 2136 2237 2206 fornicatione
2264 2128 2329 2211 (il
2352 2139 2472 2194 Cor.
2497 2144 2588 2204 xll,
2625 2136 2740 2213 ‘21).
2779 2138 3105 2214 Hllju‘sntodi
3135 2150 3267 2219 ergo
3294 2148 3500 2205 Iuctttni

1894 2229 2155 2321 Dominus
2187 2234 2435 2301 perpetui
2480 2232 2664 2304 gaudii
2708 2239 3090 2295 consolatione
3127 2242 3449 2310 compensat
3488 2285 3501 2304 .

1893 2324 2191 2378 secundum
2238 2324 2379 2394 quod
2411 2326 2578 2381 Isaias
2608 2330 2794 2383 retulit
2824 2372 2837 2397 ,
2868 2324 3096 2387 dicens:
3142 2320 3274 2388 Date
3305 2336 3387 2390 his
3418 2337 3508 2406 qui

1895 2417 2069 2486 lugent
2114 2418 2245 2472 Sion
2278 2461 2292 2485 ,
2342 2420 2565 2490 gloriam
2594 2428 2687 2493 pro
2712 2424 2883 2477 cinere
2916 2442 2934 2477 :
2966 2428 3257 2481 unctionem
3311 2412 3506 2485 lwtitiw

1896 2509 2181 2579 lugentibus
2200 2527 2217 2564 .·
2245 2525 2339 2583 pro
2365 2513 2551 2584 Spiritu
2586 2515 2839 2570 "uestitus
2862 2518 3107 2573 anticutmi
3133 2520 3316 2591 gloriae
3351 2518 3508 2591 (Isai.

1897 2614 2006 2669 Litt,
2040 2605 2114 2674 5).
2146 2604 2312 2659 David
2344 2607 2451 2661 ait:
2488 2606 2797 2664 Com-erlistl
2819 2612 3087 2683 planctum
3111 2620 3279 2669 meum
3304 2617 3354 2669 in
3378 2636 3509 2688 gau—

1898 2696 2041 2751 dium
2065 2698 2211 2763 ntihi,
2248 2698 2518 2771 disrupisti
2549 2718 2755 2757 saccum
2788 2722 2976 2773 meum,
3009 2718 3058 2761 et
3082 2710 3401 2779 pra'ciuxisti
3432 2732 3510 2767 me

1900 2791 2081 2845 ltetitia
2111 2791 2284 2862 (Psal.
2318 2809 2466 2862 χχιχ,
2500 2794 2615 2864 12).

1974 2884 2061 2939 ιν.
2094 2885 2299 2940 Deinde
2331 2886 2441 2941 ait:
2475 2886 2632 2977 Beati
2652 2891 2799 2944 mites
2822 2934 2835 2955 ,
2870 2894 3118 2967 quoniam
3164 2898 3264 2970 ipsi
3290 2898 3515 2955 [neredi-

1901 2987 2003 3034 tate
2028 2980 2359 3050 possidebunt
2391 2991 2597 3036 terram.
2630 2982 2870 3039 Diversze
2898 2994 3239 3060 shutpratia:
3272 2996 3511 3062 promis,

1901 3076 2114 3129 sionum
2141 3075 2451 3130 divinarum
2478 3120 2492 3141 ,
2528 3078 2652 3147 quia
2686 3078 2890 3134 diversi
2918 3086 3124 3151 gradus
3160 3086 3506 3147 meritorum.

1904 3166 1996 3223 Ait
2025 3174 2187 3237 ergo:
2219 3166 2364 3222 Beati
2388 3168 2535 3221 mites
2564 3211 2577 3233 ,
2610 3172 2855 3240 quoniam
2893 3172 2993 3243 ipsi
3035 3177 3375 3247 possidebunt
3409 3196 3512 3238 ter-

1902 3262 2035 3314 ram.
2078 3259 2231 3316 Miles
2267 3268 2396 3315 sunt
2438 3260 2686 3316 homines
2718 3265 3017 3331 mansueti,
3050 3269 3282 3327 humiles
3304 3284 3357 3328 et
3392 3292 3507 3329 mo-

1902 3355 2040 3411 desti
2068 3397 2082 3419 ,
2119 3356 2169 3410 in
2204 3354 2307 3410 ﬂde
2333 3355 2611 3425 simplices
2644 3399 2658 3422 ,
2692 3367 2743 3411 et
2775 3357 2842 3412 ad
2875 3364 3093 3415 On‘tncm
3124 3364 3377 3434 injuriam
3414 3386 3508 3440 pa-

1906 3450 2125 3513 tientes,
2152 3451 2241 3520 qui
2270 3452 2560 3521 pra'ceptis
2586 3453 2919 3523 evangelicis
2939 3454 3505 3519 instituti,Dominic:e

1905 3541 2343 3596 mansuetudinis
2366 3541 2646 3596 imitantur
2667 3545 3006 3614 exemplum,
3037 3548 3129 3617 qui
3154 3549 3230 3603 ait
3260 3551 3311 3604 in
3333 3552 3513 3608 Evan-

1902 3636 2083 3706 gelio:
2119 3633 2314 3688 Discite
2343 3653 2375 3689 a
2398 3646 2477 3689 me
2507 3676 2520 3703 ,
2555 3636 2679 3705 quia
2704 3637 2843 3691 mitis
2868 3634 2982 3692 sbm
3010 3642 3058 3693 et
3098 3642 3311 3697 humilis
3344 3648 3501 3701 corrle

1904 3730 2122 3803 (Matth.
2149 3734 2233 3795 tit,
2269 3728 2379 3800 i9).
2415 3729 2658 3800 Denique
2686 3730 3033 3802 illoyScsjam
3062 3732 3267 3789 dudum
3299 3737 3505 3795 idcirco

1904 3824 2197 3878 maximam
2238 3824 2465 3893 gratiam
2498 3823 2638 3893 apud
2670 3820 2855 3895 .Dt'um‘
2902 3818 3084 3881 llabttit
3118 3871 3131 3894 ,
3184 3831 3305 3899 quia
3361 3834 3507 3889 milis

1905 3928 2043 3971 erat.
2082 3917 2193 3970 lloc
2221 3916 2368 3969 enim
2398 3915 2467 3970 de
2502 3932 2569 3971 eo
2606 3917 2869 3986 scriptum
2905 3918 3021 3973 est:
3062 3919 3123 3973 Et
3160 3933 3271 3977 erat
3300 3922 3504 3997 Moyses

1904 4016 2200 4061 mansuetus
2229 4021 2337 4079 prta
2367 4007 2598 4061 omnibus
2625 4008 2711 4077 qui
2740 4019 2884 4063 erant
2910 4012 3063 4083 super
3090 4023 3285 4069 terram
3309 4014 3500 4088 (Nunt.

1905 4100 2083 4169 xn,5).
2118 4100 2274 4155 Unde
2303 4099 2541 4153 Davidin
2573 4100 2789 4154 Psalnto
2810 4103 2885 4154 ait
2918 4098 3236 4173 :Memento,
3258 4105 3503 4175 Domine,

1906 4190 2077 4245 David
2111 4199 2158 4246 et
2201 4192 2365 4244 omnis
2394 4192 2805 4245 mansuetudinis
2827 4197 2939 4266 ejus
2968 4191 3148 4264 (Psal.
3179 4213 3348 4252 cxxxr
3376 4244 3386 4263 ,
3424 4201 3505 4269 2).

1909 4283 2229 4354 Huiusmodi
2263 4298 2393 4353 ergo
2426 4284 2587 4337 mites
2616 4285 2807 4338 beatos
2836 4286 3075 4339 ostendit
3105 4330 3119 4353 ,
3165 4288 3269 4359 25
3311 4276 3509 4359 quibus

1908 4393 2016 4433 non
2052 4379 2104 4432 in
2154 4377 2406 4447 praesenti
2448 4377 2552 4431 vita
2589 4418 2600 4444 ,
2633 4377 2725 4431 scd
2774 4377 2825 4431 in
2873 4377 3051 4433 futura
3100 4386 3504 4451 posscsSionent

1908 4480 2071 4530 terrae
2101 4474 2245 4528 illius
2288 4473 2459 4527 felicis
2491 4473 2801 4541 repromisit
2835 4515 2848 4538 ,
2883 4473 2951 4529 de
2983 4490 3086 4544 qua
3129 4475 3330 4531 dictum
3374 4480 3506 4551 legi-

1908 4584 2029 4625 mus
2060 4570 2110 4623 in
2144 4567 2394 4622 Psalmo:
2429 4566 2689 4620 Mansueti
2715 4574 2881 4620 autem
2915 4568 3247 4633 possidebunt
3278 4578 3502 4642 terram,

203 4684 284 4731 ter
306 4675 522 4749 lugent}
552 4673 652 4729 sed
685 4682 780 4727 eos
808 4630 999 4741 potiit:
1022 4670 1215 4725 beatos
1243 4684 1368 4726 esse
1400 4630 1799 4741 signiﬁcauqui
1828 4630 1889 4699 Β
1908 4661 2361 4718 etdelertabuntur
2382 4660 2435 4714 in
2460 4659 2793 4714 multitudine
2810 4661 2949 4733 pacis
2964 4630 3504 4738 (Psalmxxvmdi):

204 4776 293 4825 aut
318 4771 537 4841 propria
570 4766 863 4823 commissa
894 4774 1114 4836 peccata
1146 4764 1259 4835 iugi
1286 4767 1644 4837 lacrymarum
1674 4764 1803 4822 tletu

206 4863 419 4934 espiare
444 4858 814 4924 contendunt,
846 4864 937 4912 aut
968 4857 1058 4927 qui
1094 4866 1191 4926 pro
1218 4856 1350 4927 legis
1379 4854 1572 4911 aﬂ‘ectu
1606 4856 1805 4927 iniqui-

209 4960 368 5013 tatem
400 4955 589 5013 saeculi
614 4969 681 5010 ac
713 4951 1048 5022 peccantium
1079 4950 1278 5005 delicta
1309 4950 1495 5020 lugere
1524 4964 1631 5004 non
1663 4950 1805 5004 desi-

210 5060 358 5107 nunt.
392 5049 487 5106 His
530 5060 665 5119 ergo
694 5052 800 5100 tam
828 5053 1013 5099 sancte
1042 5040 1353 5112 lugentibus
1389 5054 1495 5095 non
1528 5042 1804 5096 immerito

209 5160 237 5200 a
271 5145 495 5201 Domino
521 5140 830 5198 consolatio
858 5136 1247 5193 exsultationis
1276 5148 1496 5191 asternze
1542 5135 1812 5205 promitti-

211 5248 316 5297 tur.
346 5238 481 5295 Eant
510 5234 757 5304 denique
790 5231 957 5286 David
988 5238 1209 5285 sanctus
1242 5239 1571 5300 exspectans
1598 5269 1611 5292 ,
1645 5230 1809 5284 etiam

209 5340 430 5391 stratum
448 5344 617 5388 suum
636 5326 1130 5403 jugilacrymarum
1160 5323 1291 5377 ﬁetu
1320 5323 1517 5392 rigavit
1538 5320 1806 5376 dicendo:

209 5426 410 5485 Lavabo
438 5434 531 5499 per
572 5423 809 5496 singulas
850 5424 1019 5475 noctes
1070 5419 1257 5472 lectum
1309 5426 1476 5470 meum
1506 5456 1520 5482 ,
1568 5414 1809 5487 lacrymis

212 5526 336 5577 meis
360 5528 583 5578 stratum
614 5522 781 5571 meum
810 5510 991 5589 rigdbo’
1025 5510 1198 5586 (Psal.
1234 5525 1285 5564 vr
1312 5554 1324 5579 ,
1361 5510 1438 5580 Ἰ).
1472 5511 1540 5566 Ει
1572 5510 1805 5565 iterum:

211 5614 442 5672 Fuerunt
468 5614 603 5670 mihi
628 5610 870 5681 lacrynta?
896 5622 1020 5663 mea:
1051 5618 1208 5679 panes
1237 5603 1323 5661 die
1364 5618 1424 5657 ac
1467 5612 1613 5659 nocte
1638 5644 1651 5667 ,
1686 5604 1809 5656 dum

215 5711 400 5766 dicitur
421 5710 555 5763 mihi
568 5704 834 5774 quotidie:
864 5701 961 5759 Ubi
978 5699 1208 5757 estDeas
1237 5704 1358 5750 tuas
1384 5694 1557 5767 (Psat.
1585 5708 1701 5761 xu,
1725 5692 1810 5765 4)?

217 5802 287 5857 Et
318 5802 553 5858 iterata:
590 5799 731 5866 Qtt‘ia'
749 5800 967 5852 cinerem
1000 5796 1135 5850 sicut
1162 5796 1350 5866 panem
1385 5788 1771 5844 inundat-ubam
1795 5829 1810 5855 ,

212 5907 259 5952 et
289 5902 467 5967 patara
495 5890 669 5947 meum
699 5894 814 5947 citat
841 5888 962 5962 ﬂeta
990 5885 1333 5963 temperabant
1363 5886 1540 5958 (Psat.
1568 5900 1619 5941 cr
1647 5928 1660 5954 ,
1698 5885 1811 5951 to).

1911 4760 1977 4813 Et
2005 4758 2202 4812 iterum
2230 4774 2241 4809 :
2276 4756 2377 4823 Qui
2407 4761 2703 4826 exspectant
2735 4753 3011 4810 Dominum
3034 4798 3049 4823 ,
3080 4758 3179 4830 ipsi
3207 4758 3507 4817 Ittrreditate

1910 4852 2240 4924 possidebunt
2281 4859 2467 4905 terram
2500 4848 2673 4920 (Psal.
2709 4866 2866 4905 vam
2897 4893 2909 4915 ,
2940 4851 3052 4922 ὅθ).
3088 4850 3160 4908 De
3193 4870 3295 4925 qua
3327 4864 3380 4911 et
3413 4874 3509 4929 per

1914 4947 2265 5002 Salomonem
2297 4944 2539 5014 Spiritus
2574 4950 2803 5000 sanctus
2835 4946 3065 5001 testatur
3107 4938 3330 5004 dicens:
3368 4952 3511 5018 Quo—

1913 5040 2050 5092 niam
2075 5038 2198 5092 recti
2235 5034 2536 5090 habitabant
2572 5037 2623 5090 in
2650 5046 2784 5091 terra
2806 5078 2820 5103 ,
2853 5050 2900 5091 et
2932 5041 3097 5093 sancti
3120 5039 3421 5100 habitabant
3455 5048 3507 5102 in

1914 5148 1973 5186 ea
2015 5129 2197 5204 (Prov.
2228 5145 2279 5184 χι
2306 5172 2319 5195 ,
2365 5129 2477 5197 ﬁt).
2526 5128 2638 5183 Hos
2667 5143 2799 5200 ergo
2837 5130 2999 5185 mites
3031 5132 3290 5190 Dominus
3320 5139 3510 5193 beatos

1916 5222 2188 5290 ostendit,
2210 5223 2299 5292 qui
2328 5222 2611 5277 lenitatem
2636 5224 3076 5279 mansuetudinis
3104 5226 3397 5283 Dominicm
3426 5248 3513 5285 sc—

1916 5327 2166 5390 quentes,
2200 5316 2372 5369 beatae
2396 5315 2539 5369 illius
2564 5324 2723 5370 terrze
2758 5317 3075 5374 hmreditate
3107 5332 3365 5390 perpetua
3391 5339 3512 5391 pos-

1922 5415 2164 5468 sessione
2212 5410 2479 5465 truentur.
2525 5408 2755 5463 Maxime
2804 5420 2988 5466 tamen
3024 5414 3093 5467 de
3142 5420 3285 5467 terra
3336 5415 3514 5468 nostri

1917 5508 2169 5578 corporis
2198 5506 2457 5576 loquitur,
2483 5505 2536 5559 in
2569 5519 2673 5575 qua
2708 5506 2879 5561 sancti
2920 5508 3296 5575 transﬁgura’ti
3326 5486 3376 5561 in
3401 5509 3518 5578 glo-

1917 5602 2057 5658 riam
2084 5643 2096 5665 ,
2129 5598 2426 5655 secundum
2458 5597 2780 5668 Apostolum
2811 5640 2824 5664 ,
2858 5610 3059 5653 retenta
3094 5598 3359 5655 felicitate
3390 5616 3514 5671 reg-

1922 5694 2145 5750 nabant.

1998 5787 2062 5843 ν.
2096 5780 2309 5841 Deinde
2332 5783 2407 5837 ait
2439 5799 2451 5834 :
2489 5782 2634 5838 Beati
2662 5784 2751 5853 qui
2796 5781 3031 5835 esuriant
3085 5788 3129 5834 et
3162 5782 3521 5856 sitiuntjusti—

1931 5884 2079 5947 tiam,
2108 5879 2351 5948 q‘ttmtiam
2378 5877 2478 5947 ipsi
2499 5876 2886 5931 saturabttntur.
2906 5868 3019 5928 Non
3052 5874 3195 5930 facili
3225 5872 3524 5945 desiderio,
