4056 6340
547 354 654 413 335

1538 348 1545 381 η’
1579 348 1635 409 S.
1677 341 2055 406 CilROMATiI
2092 339 2311 403 EPISC.
2354 341 2852 415 AQUILEIENSIS.
2904 360 2945 379 '-

3732 347 3845 406 356

546 484 649 525 nec
676 468 783 525 levi
809 463 1129 538 cupiditatis
1159 464 1358 520 ardore
1381 464 1743 530 expetendam
1777 479 1805 517 a
1839 462 1999 517 nobis
2031 475 2154 516 esse
2182 460 2235 519 Λ
2261 460 2500 525 spiritum
2526 471 2718 514 rectam
2741 462 2929 514 innova
2951 459 3004 513 in
3032 456 3310 514 visceribus
3330 456 3458 513 meis
3476 456 3641 532 (Psal.
3660 462 3847 529 μη).

540 564 813 633 justitiam
844 561 1051 616 docuit.
1103 559 1382 629 Siquidem
1415 558 1515 611 bos
1564 557 1755 611 beatos
1777 572 1899 612 esse
1944 552 2153 625 signiti-

551 660 770 729 cat,qui
804 656 868 710 ad
890 671 1009 710 eam
1038 652 1509 724 eonseqttendam,
1530 650 1807 707 esuriendi
1836 666 1897 705 ac
1932 648 2151 704 sitiendi

555 753 741 817 modo,
774 751 979 806 interni
1023 750 1282 805 desiderii
1338 747 1725 817 cupiditatibus
1758 745 2148 800 inardescunt:

554 846 683 915 quia
715 845 759 898 si
787 860 907 899 eam
926 842 1302 913 unusquisque
1328 850 1571 896 nostrum
1604 840 1852 895 esuriens
1876 854 1938 894 ac
1960 840 2151 894 sitiens

552 939 834 994 desiderio
890 936 1241 1008 concupi~eat
1271 976 1287 1002 ,
1333 950 1439 987 non
1497 944 1678 1001 potest
1724 932 1871 987 aliud
1911 947 2147 999 semper,

556 1048 719 1102 quam
776 1030 1044 1101 ju5titiam
1092 1027 1359 1098 cogitare,
1393 1027 1659 1097 justitiam
1694 1042 1939 1096 quaerere
1974 1042 1985 1078 :
2025 1024 2148 1095 quia

548 1124 801 1181 esuriens
827 1138 893 1178 ac
937 1122 1154 1185 sitiens,
1196 1135 1422 1175 necesse
1454 1130 1561 1185 est,
1595 1120 1643 1173 id
1674 1118 1815 1189 quod
1847 1118 1963 1173 sitit
1988 1127 2150 1187 atque

550 1220 745 1285 esurit,
765 1216 1142 1285 concupiscat.
1173 1215 1367 1269 Merito
1395 1213 1557 1283 igitur
1586 1213 1670 1266 bis
1704 1213 1883 1267 taliter
1905 1212 2149 1267 esurien-

553 1312 698 1367 tibus
729 1326 792 1365 ae
820 1309 1138 1365 sitientibus
1155 1323 1302 1371 eum,
1336 1308 1425 1377 qui
1479 1306 1637 1376 panis
1676 1306 1914 1361 caelestis
1942 1320 2004 1359 ac
2028 1303 2150 1359 fons

547 1418 701 1475 aquae
728 1402 868 1457 vivae
911 1412 1019 1467 est,
1072 1403 1383 1457 satietatem
1418 1400 1735 1455 refectiOnis
1766 1400 1909 1454 illius
1956 1413 2150 1469 perpe-

542 1506 652 1552 tua:
685 1496 1047 1559 repromittit,
1084 1494 1355 1549 dicendo:
1386 1494 1494 1566 26
1522 1492 1668 1546 Beati
1710 1494 1799 1562 qui
1821 1493 2051 1547 esuriant
2098 1501 2147 1547 et

538 1592 1022 1661 sitiuntjustitiam,
1055 1590 1299 1658 quoniam
1322 1590 1419 1657 ipsi
1448 1590 1842 1641 saturubuntur.
1866 1586 2016 1641 Illam
2040 1588 2145 1641 uti-

538 1700 647 1755 que
672 1685 938 1755 juSIitiam
972 1684 1118 1745 lidei,
1174 1698 1297 1752 quae
1354 1681 1447 1736 Dei
1489 1691 1542 1737 et
1571 1678 1773 1735 Christi
1806 1693 1909 1745 est,
1942 1682 2009 1735 de
2040 1696 2146 1751 qua

541 1786 599 1831 et
651 1777 948 1846 Apestolus
996 1774 1184 1830 retulit
1214 1792 1226 1827 :
1256 1774 1470 1827 Justitia
1516 1784 1687 1827 autem
1722 1772 1817 1827 Dei
1872 1789 1960 1843 per
1991 1774 2146 1843 ﬁdem

2258 551 2576 621 llujusmndi
2620 568 2752 624 ergo
2783 553 2985 608 mundo
3016 554 3180 607 corde
3210 552 3471 609 Dominae
3502 554 3682 609 beatos
3718 571 3848 611 esse

2254 652 2519 715 ostendit,
2553 653 2643 721 qui
2675 668 2806 721 pura
2846 660 3032 707 mente
3056 660 3113 707 et
3142 652 3345 721 integra
3390 652 3714 707 conscientia
3742 654 3848 708 sub

2254 742 2360 801 fide
2410 744 2625 800 Domini
2673 748 2948 811 viventes,
2980 746 3147 803 Deum
3191 744 3383 816 gloria:
3428 746 3481 798 in
3512 744 3691 799 futuro
3727 760 3847 800 cas-

2252 843 2376 896 lesti
2430 841 2623 911 Regno
2670 844 2994 914 conspicere
3026 842 3423 898 merebuntur:
3466 839 3582 894 Non
3616 843 3727 913 jam
3756 856 3847 909 per

2253 936 2516 1003 speculum
2541 946 2589 990 et
2606 938 2657 989 in
2683 938 2976 1007 aenigmate,
3002 936 3093 991 sed
3116 936 3248 1006 [acie
3280 934 3349 987 ad
3378 934 3560 1001 faciem
3581 975 3594 997 ,
3616 945 3673 987 ut
3703 935 3850 1003 Apoo

2254 1029 2431 1085 stolus
2464 1028 2651 1083 retulit
2681 1029 2723 1098 (l
2750 1029 2870 1083 Cor.
2901 1044 3021 1093 xm,
3054 1030 3167 1099 12).
3199 1028 3363 1083 Modo
3386 1031 3533 1083 enim
3567 1028 3688 1082 lieet
3712 1043 3843 1083 ocu-

2255 1122 2322 1180 lis
2352 1124 2475 1179 ﬁdei
2500 1124 2670 1179 Deum
2694 1125 3156 1196 contemplemur,
3182 1124 3489 1179 claritatem
3522 1130 3696 1176 tamen
3727 1122 3846 1191 ejus

2253 1234 2365 1289 prce
2416 1219 2734 1274 inlirmitatc
2765 1220 2949 1275 carnis
2996 1219 3185 1274 videre
3215 1235 3323 1273 non
3354 1232 3645 1289 possumus
3674 1236 3687 1272 :
3717 1230 3848 1273 tunc

2251 1321 2434 1365 autem
2468 1309 2776 1366 videbimus
2825 1328 2974 1377 eum,
3007 1320 3226 1377 accepta
3276 1312 3388 1384 28
3438 1309 3847 1365 immortalitate

2257 1404 2309 1459 in
2351 1407 2630 1461 ccclestem
2678 1406 2910 1476 gloriam
2963 1404 3369 1469 transformati,
3414 1421 3537 1460 cum
3570 1406 3851 1461 immorta-

2250 1497 2357 1553 lem
2407 1498 2576 1553 Deum
2611 1498 3014 1553 immortalibus
3034 1498 3211 1553 oculis
3257 1499 3580 1563 conspicere
3609 1498 3847 1564 emperi-

2254 1605 2373 1643 mus
2398 1608 2411 1643 :
2436 1601 2490 1645 et
2524 1600 2652 1646 tunc
2684 1606 2814 1645 vere
2864 1591 3182 1660 implebitur
3232 1590 3283 1644 in
3318 1590 3481 1644 nobis
3514 1590 3665 1655 illud,
3697 1589 3847 1659 quod

2252 1684 2514 1756 scriptum
2548 1696 2632 1741 est
2662 1703 2674 1737 :
2708 1684 2859 1740 Sicut
2903 1684 3221 1750 audivimus,
3272 1684 3345 1738 ita
3374 1695 3420 1738 et
3443 1684 3663 1738 vidimus
3688 1684 3743 1737 in
3775 1685 3851 1739 ci-

2248 1779 2402 1832 vitate
2433 1777 2643 1832 Domini
2676 1779 2923 1831 virtutum
2952 1777 2969 1848 (
2997 1776 3147 1831 Psnl.
3183 1793 3349 1840 vatt,
3382 1776 3472 1848 9).
3503 1777 3618 1832 Non
3651 1778 3848 1832 imme-

539 1870 668 1926 Jesa
700 1870 916 1937 Christi,
948 1873 1003 1925 in
1033 1888 1207 1926 omnes
1236 1880 1281 1923 et
1311 1887 1465 1934 super
1510 1887 1687 1924 omnes
1736 1871 1822 1940 qui
1854 1871 2064 1924 credunt
2094 1870 2146 1924 in
2177 1864 2224 1924 B
2254 1875 2360 1925 rito
2393 1872 2535 1927 idem
2567 1872 2738 1927 David
2770 1889 2891 1926 eum
2924 1870 3088 1926 futuri
3116 1873 3381 1939 temporis
3408 1873 3637 1941 gloriam
3664 1878 3851 1925 osten-

538 1984 653 2023 eum
686 1966 863 2039 (Rom.
898 1982 977 2027 ιιι.
1030 1965 1145 2037 20).
1186 1964 1281 2020 Vel
1327 1975 1477 2021 certe
1533 1965 1711 2032 ipsum
1758 1964 2050 2018 Dominum
2078 1978 2142 2019 ac

540 2059 881 2116 Salvatoro-m
908 2070 1187 2123 nuSIrum,
1231 2057 1322 2126 qui
1367 2057 1524 2111 nobis
1574 2056 1871 2112 secundum
1906 2059 2142 2123 Aposto-

536 2153 650 2207 lum
685 2170 697 2205 :
730 2151 797 2206 Et
816 2154 1042 2225 justitia,
1077 2163 1124 2208 et
1154 2153 1523 2222 sanctiﬁcatio.
1567 2162 1614 2206 et
1656 2153 1943 2223 redemptio
1975 2152 2144 2223 {actus

536 2256 613 2301 est
644 2246 687 2319 (l
718 2245 839 2301 Cor.
872 2264 910 2311 ι,
954 2248 1051 2317 '50)
1077 2264 1092 2311 ;
1126 2247 1281 2317 cujus
1309 2246 1612 2313 desiderio,
1642 2248 1793 2302 velut
1816 2248 1921 2304 cibi
1955 2264 2017 2302 ac
2047 2264 2143 2317 po-

536 2348 626 2393 tus
660 2338 843 2403 modo,
878 2338 1021 2392 beati
1053 2354 1275 2407 semper
1304 2349 1632 2402 estestuant,
1665 2338 1966 2393 secundum
1996 2339 2143 2409 quod

536 2430 657 2501 ipse
702 2430 968 2485 Dominus
1019 2446 1117 2500 per
1159 2429 1510 2486 Salomonem
1545 2441 1797 2497 tcsmtur,
1830 2431 2020 2486 dicens
2074 2448 2141 2487 ex

530 2539 767 2593 persona
795 2524 1129 2593 Sapientiae:
1167 2523 1266 2590 Qui
1318 2541 1398 2578 me
1428 2524 1767 2588 manducaui,
1798 2525 1971 2580 adhuc
2024 2543 2143 2581 esu-

532 2617 712 2672 rient:
754 2627 803 2671 et
864 2618 954 2689 qui
998 2634 1076 2671 me
1125 2617 1321 2683 bibunt,
1352 2618 1523 2670 adhuc
1563 2618 1734 2672 sitient
1766 2618 1957 2687 (Eccli.
1991 2635 2138 2686 utv,

535 2710 660 2783 29).
700 2712 849 2765 Hane
882 2727 1013 2782 ergo
1039 2710 1311 2781 justitiam
1360 2714 1522 2767 etiam
1558 2728 1657 2767 nos
1687 2729 1903 2781 semper
1930 2716 2143 2768 esurire

531 2820 597 2860 ac
626 2806 781 2861 sitire
806 2806 1093 2869 debemus,
1125 2817 1183 2861 ut
1227 2808 1463 2862 Saturari
1504 2809 1628 2863 cibo
1658 2808 1978 2864 refectionis
2010 2824 2137 2880 per-

528 2911 712 2971 petua:
772 2916 1103 2957 mereamur.
1158 2900 1303 2957 Bene
1350 2910 1531 2955 autem
1591 2916 1712 2955 cum
1762 2902 2139 2958 additamento

526 2993 734 3051 dictum
766 3007 850 3050 est
881 2997 931 3049 iu
960 2997 1082 3051 loco
1110 2995 1374 3067 przesenti
1404 3011 1418 3048 :
1450 2995 1597 3049 Beati
1623 2997 1711 3066 qui
1739 2997 1970 3051 esuriant
1993 3006 2040 3050 et
2062 2996 2137 3050 si-

527 3090 657 3143 tiant
679 3090 965 3162 justitiam,
1000 3092 1261 3161 quoniam
1288 3087 1393 3159 ipsi
1436 3090 1833 3143 saturabuntur
1859 3106 1871 3141 :
1899 3090 2021 3159 quia
2044 3090 2135 3160 qui

528 3196 639 3236 non
667 3182 957 3251 juStitiam,
990 3182 1084 3236 sed
1137 3181 1305 3250 injust
1330 3181 1456 3234 tiam
1486 3182 1753 3245 esuriant,
1783 3181 1994 3236 scilicet
2042 3180 2134 3250 qni

521 3290 736 3340 aurum,
786 3284 841 3331 et
870 3284 1155 3345 argentum
1186 3275 1527 3338 desiderant,
1556 3278 1645 3345 qui
1672 3276 1889 3331 divitias
1912 3276 1997 3331 vel
2031 3275 2128 3329 hn-
2160 3251 2208 3316 ο

526 3386 693 3425 nores
717 3370 905 3425 smculi
945 3370 1366 3440 concupiscunt,
1391 3378 1445 3423 et
1468 3371 1557 3439 qui
1586 3386 1878 3441 numquam
1904 3368 2137 3425 terrenis

528 3465 726 3534 opibus
754 3466 839 3520 vel
880 3465 1061 3519 carnis
1101 3464 1396 3520 desideriis
1424 3466 1729 3528 satiantur;
1773 3466 1807 3518 ii
1844 3465 2001 3530 tales,
2030 3482 2137 3520 non

528 3557 700 3624 beati,
753 3558 849 3613 sed
904 3557 1155 3614 infelices
1210 3566 1371 3624 sunt;
1406 3559 1529 3629 quia
1560 3563 1660 3622 eis,
1694 3575 1802 3613 non
1852 3575 1977 3629 spes
2008 3574 2135 3628 pro-

529 3650 716 3706 missa:
745 3652 958 3722 glorite,
988 3651 1083 3706 sed
1114 3650 1481 3706 damnationis
1514 3668 1676 3723 ptena
1702 3652 1952 3708 debetur.

608 3744 693 3800 Vl.
723 3745 925 3800 Deinde
956 3748 1071 3800 ait:
1128 3744 1274 3801 Beati
1307 3748 1683 3811 misericordes,
1735 3748 1978 3819 quoniam
2008 3748 2137 3819 ipsis

528 3840 852 3894 miserebitur
905 3837 1066 3894 Deus.
1109 3838 1362 3896 Plurimis
1393 3842 1612 3912 quidem
1643 3842 1992 3900 testimoniis.
2028 3851 2136 3896 tam

527 3933 584 3986 in
618 3936 787 3987 veteri
819 3933 1173 3989 Testamento
1220 3950 1381 4005 quam
1441 3937 1606 3991 etiam
1654 3935 1706 3987 in
1764 3950 1925 4001 novo,
1956 3935 2022 3990 ad
2058 3936 2135 3990 la-

527 4023 778 4079 ciendam
810 4025 1248 4081 misericordiam
1281 4043 1309 4080 a
1337 4026 1571 4081 Dominn
1602 4041 2002 4095 provocamur:
2037 4028 2133 4084 sed

526 4118 594 4172 ad
625 4121 1014 4187 compendium
1045 4119 1167 4175 (idei
1197 4121 1531 4175 arbitramur
1554 4120 1660 4191 27
1686 4120 1818 4174 satis
1859 4136 2133 4192 superque

523 4208 778 4264 suftirere
825 4212 900 4276 id,
933 4213 1076 4281 quod
1124 4211 1176 4266 in
1222 4212 1483 4282 praesenti
1532 4212 1651 4266 loco
1697 4212 1815 4281 ipse
1870 4214 2133 4271 Dominus

524 4305 745 4373 prepria
774 4320 908 4361 voce
931 4307 1231 4376 depromit,
1264 4307 1502 4363 dicendo
1531 4305 1718 4362 :Beati
1750 4308 2128 4377 misericordes,

523 4400 771 4467 quoniam
801 4401 931 4470 ipsis
959 4401 1283 4455 miserebitur
1326 4400 1489 4457 Deus.
1527 4403 1793 4459 Dominus
1820 4404 2130 4459 misericor-

518 4490 728 4545 diarnm
779 4492 1164 4548 misericordes
1196 4494 1327 4547 dicit
1387 4510 1509 4550 esse
1562 4495 1773 4561 beatos,
1833 4497 2129 4552 ostendens

521 4600 967 4655 unumquemque
1011 4586 1448 4640 misericordiam
1502 4586 1597 4641 Dei
1658 4590 1965 4657 promereri
2019 4607 2124 4645 non

523 4691 690 4747 posse
740 4679 841 4731 nisi
888 4686 944 4732 et
985 4675 1101 4745 ipse
1145 4678 1463 4732 misericors
1518 4679 1698 4733 luerit.
1754 4681 1906 4736 Unde
1934 4692 1989 4739 et
2018 4682 2129 4739 alio

524 4770 649 4824 loco
675 4770 750 4824 ait
777 4788 789 4824 :
815 4770 994 4825 Estote
1020 4787 1141 4840 ergo
1172 4770 1556 4836 misericordes,
1583 4773 1716 4826 sicut
1752 4784 1800 4827 et
1832 4772 1992 4830 Pater
2015 4794 2127 4832 vcs-

523 4874 601 4917 ter
648 4864 736 4929 qui
782 4874 858 4919 est
902 4865 957 4917 in
1008 4864 1168 4928 cwlis,
1221 4864 1514 4919 misericors
1562 4875 1636 4921 est
1686 4866 1944 4939 (Luam,
1996 4872 2127 4943 56).

521 4954 733 5010 Deinde
760 4956 836 5011 ait
868 4973 882 5010 ε
910 4954 1057 5009 Beati
1092 4957 1285 5012 ntundo
1309 4959 1485 5027 corde,
1522 4960 1770 5032 quoniant
1814 4960 1915 5034 ipsi
1958 4963 2126 5019 Deunt

519 5046 786 5100 videbunt.
823 5046 933 5102 Hos
962 5048 1167 5102 mundo
1197 5050 1367 5106 corde
1390 5067 1519 5108 esse
1549 5054 1837 5125 signiﬁcat,
1870 5058 1980 5127 qui,
2027 5059 2126 5117 de-

512 5142 694 5212 posita
743 5140 908 5195 sorde
959 5142 1192 5208 peccati,
1241 5145 1309 5199 ab
1341 5148 1492 5200 omni
1540 5162 1600 5202 se
1634 5151 1823 5203 carnis
1869 5151 2121 5222 inquina-

514 5246 702 5287 mento
731 5234 1114 5304 purgaverint,
1146 5242 1201 5291 et
1249 5253 1344 5307 per
1374 5254 1539 5309 opera
1594 5240 1716 5297 lidei
1769 5253 1931 5313 atque
1954 5246 2116 5313 justi-

511 5329 603 5385 tize
631 5330 739 5385 Deo
772 5328 1099 5399 placuerint,
1126 5333 1421 5389 secundum
1455 5339 1599 5407 quod
1627 5339 1791 5393 David
1824 5342 1875 5394 in
1901 5340 2116 5397 Psaltno

508 5431 741 5479 testatur
780 5424 975 5479 dicens
1004 5442 1015 5476 :
1042 5423 1169 5491 Quis
1213 5429 1454 5483 ascendet
1504 5436 1558 5484 in
1604 5444 1827 5487 montem
1878 5434 2112 5501 Domini,

503 5527 596 5571 aut
639 5518 751 5587 quis
778 5516 936 5573 stabit
967 5516 1018 5568 in
1050 5518 1161 5570 loco
1190 5532 1371 5575 sancto
1401 5525 1555 5595 ejus?
1585 5522 1845 5581 Innoceus
1880 5529 2113 5583 ntanibus

498 5620 550 5664 et
574 5610 763 5665 mundo
788 5609 969 5674 corde,
997 5611 1082 5676 qui
1106 5628 1209 5667 non
1236 5618 1438 5686 accepit
1463 5619 1513 5670 in
1552 5634 1682 5673 vano
1709 5622 1937 5677 animam
1963 5640 2109 5677 suam

500 5700 686 5774 (Psal.
718 5719 876 5768 χχιιι,
907 5703 960 5766 5,
989 5702 1077 5771 4).
1126 5704 1325 5761 Merito
1374 5721 1432 5762 et
1482 5708 1651 5764 David
1706 5714 1886 5769 sciens
1936 5715 2104 5770 Deum

495 5796 716 5851 nonnisi
764 5796 971 5851 mundo
1016 5796 1184 5850 corde
1234 5814 1397 5866 posse
1443 5801 1637 5869 videri,
1702 5807 1773 5859 ita
1802 5806 1854 5860 in
1891 5808 2105 5865 Psalmo

489 5896 745 5959 precatur
791 5891 983 5946 dicens
1014 5902 1027 5939 :
1054 5885 1156 5942 Cor
1205 5891 1459 5945 mundam
1487 5909 1603 5947 crea
1646 5896 1701 5949 in
1728 5914 1827 5963 me,
1862 5897 2028 5968 Deus,
2056 5914 2102 5957 et

2251 1963 2402 2019 deret
2435 1966 2486 2018 in
2511 1980 2615 2033 qua
2644 1965 2819 2019 sancti
2846 1980 2968 2019 eum
3002 1964 3111 2020 Deo
3138 1964 3485 2025 habitabant,
3520 1964 3592 2017 ita
3624 1966 3846 2019 retulit:

2250 2060 2488 2112 Attamen
2538 2060 2664 2125 iusti
2715 2058 3093 2128 conﬁtebuntur
3141 2059 3253 2121 tibi,
3296 2068 3344 2113 et
3392 2057 3690 2112 habitabant
3716 2059 3851 2113 recti

2248 2168 2363 2205 cum
2396 2152 2533 2220 facie
2562 2164 2649 2206 tua
2678 2151 2861 2225 (Psal.
2892 2166 3119 2216 CXKXH,
3150 2150 3277 2221 H).

2323 2243 2433 2299 Vll.
2482 2245 2686 2299 Deimte
2730 2246 2805 2298 ait
2843 2242 3032 2299 :Beati
3064 2244 3288 2313 vaciﬁci,
3335 2244 3581 2313 quoniam
3623 2246 3716 2313 ﬁlii
3750 2245 3849 2300 Dei

2248 2339 2583 2393 vocabuntur.
2620 2338 2833 2393 Davitici
2879 2349 3027 2403 sunt,
3058 2338 3151 2408 qui
3181 2354 3207 2390 ει
3241 2338 3604 2394 dissensionis
3645 2351 3697 2393 et
3725 2340 3849 2395 dis-

2246 2434 2447 2488 cordiae
2499 2433 2759 2488 seandalo
2808 2433 3069 2502 separati,
3143 2432 3497 2489 dilectionem
3565 2434 3851 2489 cbaritatis

2246 2528 2523 2591 fraternm.
2569 2539 2623 2584 et
2677 2544 2862 2599 pacem
2920 2527 3180 2583 Ecclesia:
3228 2528 3330 2581 sub
3378 2527 3664 2583 catholica:
3714 2528 3851 2584 ﬁdei

2244 2626 2449 2679 unitate
2479 2624 2792 2679 custodiunt
2821 2645 2834 2678 :
2865 2639 3023 2695 quam
3057 2638 3243 2693 pacem
3276 2623 3533 2677 tuendam
3566 2622 3850 2694 discipulis

2242 2718 2355 2773 Suis
2384 2717 2650 2772 Dominus
2685 2720 2734 2770 in
2762 2715 3060 2787 Evangelia
3095 2716 3446 2783 peculiariter
3468 2715 3846 2781 commendat,

2242 2811 2508 2865 dicendo:
2542 2810 2729 2865 Pacem
2757 2812 2991 2872 relinquo
3018 2810 3180 2873 vobis,
3207 2826 3385 2878 pacem
3417 2826 3583 2863 meam
3607 2810 3671 2863 do
3697 2810 3846 2865 vobis

2242 2902 2433 2975 (Joan.
2482 2920 2598 2970 xw,
2641 2904 2772 2969 27).
2802 2903 2972 2969 Quam
3019 2918 3208 2974 pacem
3254 2902 3545 2957 Dominum
3577 2902 3850 2959 Ecclesiae

2239 3014 2352 3053 su:e
2392 2999 2643 3053 daturum
2698 2998 2863 3051 David
2898 3008 3023 3052 ante
3056 3005 3286 3051 testatus
3334 3008 3444 3057 est,
3474 2996 3847 3052 dicens:Aa-

2241 3092 2377 3146 diam
2423 3092 2548 3163 quid
2599 3093 2843 3163 loquatur
2872 3092 2925 3144 in
2968 3107 3043 3143 me
3078 3089 3332 3143 Dominus
3383 3087 3545 3152 Deus,
3600 3089 3845 3160 quoniam

2241 3188 2473 3259 loquetur
2504 3204 2678 3258 pacem
2706 3187 2759 3239 in
2789 3185 2985 3253 plebem
3013 3201 3183 3245 suam,
3207 3194 3252 3238 et
3276 3200 3433 3251 super
3463 3193 3667 3237 sanctos
3697 3199 3845 3247 suos,

2239 3292 2287 3335 et
2312 3282 2362 3334 in
2386 3297 2471 3335 eos
2493 3281 2579 3351 qui
2600 3287 2963 3334 convertantur
2986 3277 3054 3331 ad
3081 3278 3285 3347 ipsum(
3309 3275 3456 3330 Psal.
3491 3292 3729 3339 Lustv,
3757 3275 3839 3344 9).

2240 3372 2315 3428 De
2346 3389 2450 3444 qua
2484 3388 2612 3441 pare
2660 3370 3015 3427 Custodienda
3062 3376 3117 3422 el
3144 3369 3451 3435 Apostolus
3500 3378 3839 3434 commonet,

2237 3468 2426 3523 dicens
2455 3485 2467 3521 :
2496 3466 2560 3520 In
2597 3466 2829 3519 omnibus
2873 3474 3132 3517 servantes
3180 3462 3435 3516 unitatem
3488 3462 3701 3533 spiritus
3723 3477 3844 3513 cum

2238 3562 2444 3617 vinculo
2482 3562 2623 3631 pacis
2653 3560 2886 3633 (Eplies.
2934 3575 3004 3623 tv,
3052 3558 3141 3627 5).
3197 3558 3262 3611 Et
3318 3556 3515 3611 iterum
3548 3554 3705 3609 :Paa:
3746 3554 3841 3608 Dei

2236 3676 2352 3731 quae
2375 3670 2582 3730 supcrat
2610 3671 2808 3711 onmem
2840 3654 3177 3716 intellectum,
3206 3649 3467 3705 custodiat
3489 3648 3649 3703 corda
3674 3660 3839 3703 vestra

2237 3762 2284 3806 et
2312 3769 2531 3820 corpora
2554 3762 2720 3803 vestra
2747 3766 2777 3801 a
2803 3746 2941 3801 malo
2970 3743 3249 3815 (Philipp.
3278 3758 3354 3809 tv,
3398 3741 3429 3793 7
3449 3744 3491 3813 ).
3526 3741 3667 3796 bibil
3693 3756 3840 3795 enim

2237 3854 2344 3900 tam
2376 3844 2743 3900 necessarium
2774 3840 2946 3896 Servis
2980 3836 3106 3904 Dei,
3144 3848 3252 3890 tam
3286 3835 3531 3889 salutare
3556 3833 3837 3897 Ecclesiae,

2236 3955 2395 4008 quam
2437 3938 2757 3994 cltaritatem
2807 3948 3066 3998 servare,
3118 3946 3280 3999 quam
3332 3944 3522 3998 pacem
3579 3928 3838 3998 diligere,

2235 4032 2355 4087 sine
2383 4046 2486 4099 qua
2520 4031 2683 4084 Deum
2718 4026 2888 4082 videri
2924 4040 3030 4081 non
3065 4039 3247 4095 posse,
3301 4022 3369 4075 ad
3401 4020 3663 4076 Hebraeos
3694 4023 3840 4089 Apo-

2235 4126 2407 4182 stolus
2456 4124 2564 4196 29
2605 4123 2787 4185 docet,
2836 4120 3068 4176 dicendo
3095 4136 3107 4172 :
3136 4118 3267 4173 Ante
3296 4118 3473 4171 omnia
3510 4117 3711 4188 diligite
3736 4132 3835 4185 pa-

2235 4236 2366 4283 cem,
2413 4220 2524 4271 sine
2570 4234 2671 4288 qua
2718 4213 2895 4269 nullus
2940 4224 3171 4267 nostrum
3220 4208 3388 4263 Deum
3434 4210 3606 4263 videre
3654 4208 3837 4278 poterit

2236 4314 2421 4388 (Hebr.
2463 4331 2557 4374 xu.
2592 4314 2701 4380 14).
2734 4308 2888 4367 Unde
2929 4308 3074 4363 omni
3114 4306 3295 4360 studio
3325 4320 3390 4359 ac
3417 4303 3716 4359 devotione
3746 4318 3835 4371 pa-

2234 4423 2351 4463 cem
2396 4406 2655 4462 Ecclesia:
2705 4418 2926 4461 servare
2971 4416 3069 4455 nos
3111 4397 3395 4462 convenit,
3440 4405 3499 4451 et
3544 4411 3643 4451 eos
3681 4396 3833 4467 quia

2233 4515 2367 4571 pace
2402 4500 2753 4562 dissentiunt,
2790 4497 2855 4550 ad
2896 4492 3157 4548 Ecclesiae
3192 4491 3544 4555 cltaritatem,
3573 4501 3833 4557 quantum

2235 4592 2287 4646 in
2316 4593 2473 4648 nobis
2498 4603 2601 4656 est,
2639 4588 2785 4662 pacis
2815 4602 2875 4641 ac
2902 4585 3023 4640 tidei
3053 4582 3233 4638 studio
3271 4595 3553 4644 revocare.
3588 4578 3835 4649 exemplo

2236 4685 2523 4756 Propltette
2552 4683 2643 4755 qui
2674 4686 2787 4737 ait:
2822 4678 2949 4735 Cum
2982 4678 3060 4731 his
3090 4677 3177 4746 qui
3210 4675 3429 4729 oderunt
3460 4691 3662 4743 pacem,
3693 4691 3835 4727 nam

2238 4780 2526 4850 paciﬁcus;
2573 4794 2691 4832 cum
2720 4775 2967 4845 loquebar
2995 4769 3122 4835 illis,
3155 4768 3533 4839 impugnabant
3565 4783 3648 4821 me
3673 4766 3835 4839 gratis

2233 4876 2405 4949 (Psal.
2432 4890 2577 4938 exn,
2614 4874 2690 4943 7).
2739 4866 2936 4925 Merito
2975 4876 3029 4921 et
3072 4866 3123 4918 in
3169 4862 3474 4933 Evangelio
3503 4862 3557 4916 in
3590 4860 3834 4916 exsulta-

2232 4969 2379 5024 tione
2424 4968 2739 5037 angelorum
2786 4960 3126 5017 nativitatetn
3177 4955 3390 5011 Domini
3438 4952 3831 5016 nuntiantium,

2233 5063 2347 5116 bmc
2380 5076 2483 5113 vox
2522 5066 2707 5112 sancta
2752 5054 3059 5121 reperitur:
3096 5048 3276 5104 Gloria
3315 5049 3366 5101 in
3400 5047 3670 5101 altissimis
3703 5045 3831 5113 Deo,

2230 5165 2279 5208 et
2302 5155 2353 5206 in
2375 5162 2511 5206 terra
2532 5168 2636 5221 pax
2661 5147 2949 5203 hominibus
2972 5145 3118 5198 bona:
3145 5141 3422 5196 voluntatis
3450 5139 3609 5213 (Luc.
3631 5156 3690 5206 ll,
3716 5140 3737 5194 1
3760 5141 3832 5210 ι).

2230 5250 2307 5304 De
2340 5264 2441 5317 qua
2477 5262 2609 5315 pace
2630 5255 2686 5301 et
2719 5242 2883 5297 David
2918 5240 3139 5296 retttlit:
3176 5236 3311 5301 Pax,
3344 5237 3542 5305 inquit,
3576 5234 3738 5289 multa
3758 5245 3835 5289 est

2228 5342 2564 5413 diligentibus
2586 5349 2653 5399 te.
2679 5348 2724 5392 et
2751 5353 2852 5389 non
2883 5342 2955 5389 est
2977 5332 3083 5387 illis
3108 5329 3413 5386 scandalum
3441 5326 3614 5398 (Psal.
3638 5341 3830 5394 cxvttt,

2230 5436 2357 5503 165)
2430 5434 2497 5489 Ει
2539 5433 2704 5489 Isaias
2743 5429 3032 5486 similiter:
3070 5426 3135 5481 Et
3182 5440 3366 5493 ponam
3404 5422 3461 5475 in
3500 5422 3667 5475 multa
3706 5438 3836 5491 pace

2224 5530 2361 5599 ﬁlios
2399 5538 2533 5587 tuos,
2566 5536 2613 5578 et
2649 5527 2703 5579 in
2738 5524 2979 5596 aequitate
3004 5517 3347 5588 ardiﬁcaberis
3376 5512 3539 5588 (lsai.
3571 5530 3681 5581 Ltv,
3713 5512 3828 5585 13).

2212 5625 2269 5681 δι
2304 5624 2446 5676 enim
2480 5622 2547 5675 ad
2580 5622 2681 5676 hoc
2712 5620 2879 5675 Filius
2914 5616 3004 5672 Dei
3052 5628 3274 5670 carnem
3319 5612 3610 5680 suscipere
3634 5617 3690 5663 et
3714 5609 3829 5678 pati

2211 5718 2465 5788 dignatus
2493 5725 2599 5781 est,
2633 5727 2687 5767 ut
2730 5714 3042 5783 paciticaret
3074 5723 3173 5762 nos
3208 5708 3317 5761 Deo
3354 5720 3453 5773 per
3492 5704 3827 5773 sanguinem

2207 5811 2389 5869 crucis
2419 5823 2531 5863 suae
2573 5806 2795 5879 (Coloss.
2828 5820 2868 5870 ι,
2898 5803 3027 5869 20);
3076 5802 3288 5871 utique,
3328 5796 3634 5853 secundum
3677 5790 3824 5860 quod

2210 5903 2505 5974 Apostolus
2545 5900 2752 5967 retulit,
2788 5913 2886 5969 per
2903 5895 3085 5952 omnia
3112 5889 3319 5964 paciﬁci
3362 5902 3487 5945 esse
3515 5886 3779 5940 debemus
3806 5926 3820 5949 ,
