4056 6340
182 324 285 382 357

1031 318 1451 377 TRACTATUS
1491 318 1559 374 IV
1603 316 1671 374 IN
1713 305 2169 375 EVANGELIUM
2209 318 2270 375 S.
2312 318 2671 376 MATTIUEI.

3417 325 3525 385 358

181 434 599 507 utvereipsum
630 438 803 493 Deum
825 435 972 509 pacis
995 434 1047 490 in
1070 434 1227 490 nobis
1251 433 1457 489 habere
1490 446 1804 486 mereamur
1828 432 1882 491 Α
1909 441 2044 497 stat;
2076 441 2133 488 et
2174 447 2242 488 ex
2286 448 2355 488 eo
2386 434 2527 505 quod
2558 434 2694 499 luit,
2730 432 2784 488 in
2815 433 2985 489 aliam
3028 436 3271 506 speciem
3303 452 3532 507 genera-

184 530 357 602 (Rom.
391 546 483 593 xv,
521 531 623 603 55)
656 550 669 586 :
704 532 807 587 hoc
846 531 989 585 enim
1023 530 1285 599 scriptum
1317 538 1401 584 est
1441 543 1455 581 :
1506 525 1700 580 Factus
1730 536 1805 580 est

182 624 233 678 in
261 639 388 693 pace
404 622 559 678 locus
577 627 721 694 ejus,
741 634 785 678 et
802 624 1048 678 habitatio
1073 627 1186 696 ejus
1202 624 1254 676 in
1278 622 1412 678 Sion
1442 620 1617 688 (Psat.
1637 636 1802 685 Lxxv,

183 719 261 787 5).
303 718 369 771 Et
396 718 481 773 sic
516 734 659 774 vere
704 734 811 773 non
848 720 1018 775 solum
1063 718 1157 772 lilii
1205 718 1297 772 Dei
1341 717 1575 777 erimus.
1620 715 1712 770 sed
1752 722 1808 770 et

185 812 408 865 hieredes
434 810 566 873 Dei,
593 814 889 868 colueredes
907 825 1077 866 autent
1104 809 1319 865 Christi.
1351 809 1466 863 Hoc
1490 808 1637 862 enim
1660 807 1806 876 Apo-

185 902 356 957 srolus
402 904 607 958 retulit
642 921 657 957 :
692 903 754 960 Si
798 905 917 973 ﬁlii,
957 907 1152 972 inquit,
1184 902 1299 965 Dei,
1336 911 1381 955 et
1420 900 1652 955 hceredes
1683 899 1801 967 Dei,

185 995 483 1051 eolucredes
506 1007 690 1050 autem
715 995 909 1051 Christi
941 996 1121 1068 (Rom.
1147 1012 1263 1061 vm,
1298 993 1407 1067 I7).

252 1086 389 1143 VIII.
436 1089 660 1144 Deinde
697 1088 773 1143 ait
799 1108 811 1143 :
836 1088 980 1143 Beati
1005 1090 1093 1160 qui
1113 1090 1515 1158 persecutionem
1531 1090 1807 1161 patiuntur

187 1192 395 1249 propter
412 1182 722 1254 justitiam,
759 1183 1001 1252 quoniam
1030 1183 1261 1252 ipsorum
1288 1194 1363 1236 est
1390 1191 1612 1252 regnum
1652 1179 1809 1234 caelo-

185 1291 315 1329 rum.
356 1274 488 1329 Non
533 1277 816 1331 immerito
856 1276 1202 1329 esurieudatm
1250 1289 1315 1330 ac
1355 1274 1654 1329 sitiendam
1700 1274 1810 1346 3o

185 1366 453 1437 justitiam
488 1365 765 1422 Dominus
792 1370 1040 1436 superius
1070 1368 1392 1423 memoravit
1423 1385 1437 1421 :
1469 1368 1624 1437 cujus
1662 1367 1811 1422 desi-

186 1459 331 1515 derio
364 1463 424 1515 in
466 1474 685 1516 tantum
729 1461 880 1517 sitire
918 1476 1017 1516 nos
1045 1462 1223 1523 decet.
1258 1471 1315 1515 ut
1347 1470 1574 1532 propter
1602 1476 1723 1517 eam
1756 1469 1811 1516 et

189 1553 639 1624 persecutionem
672 1554 881 1622 mundi,
910 1566 964 1610 et
1008 1569 1200 1625 pcenas
1228 1555 1503 1624 corporis,
1534 1563 1592 1609 et
1635 1558 1808 1627 ipsam

190 1660 421 1704 mortem
447 1661 818 1706 contemnere
846 1651 1163 1706 debeamus.
1190 1652 1247 1705 In
1275 1667 1376 1722 qua
1404 1652 1810 1721 signiﬁcatione

189 1752 431 1813 martyre
452 1775 464 1792 ν
496 1744 741 1800 maxime
764 1745 1128 1811 declarantur,
1154 1746 1242 1814 qui
1272 1756 1495 1814 propter
1513 1744 1808 1813 justitiam,

1908 536 2013 582 tur.
2073 528 2161 585 Sic
2204 537 2259 584 et
2313 530 2557 599 Apostoli
2608 538 2777 599 atque
2826 544 3026 585 omnes
3072 531 3389 597 credentes,
3432 549 3529 604 per

1906 634 2100 691 aquam
2133 620 2418 691 baptismi,
2450 638 2547 693 per
2578 622 2743 677 ﬁdem
2775 622 2980 677 Christi
3014 623 3129 695 (qui
3161 623 3216 678 in
3244 640 3531 695 compara-

1910 715 2055 769 tione
2084 716 2165 770 sol
2205 716 2431 784 justitiae
2480 715 2661 771 dictus
2707 717 2814 786 est)
2861 724 2918 771 et
2963 732 3062 785 per
3108 716 3525 787 inspirationem

1906 807 2083 862 sancti
2111 809 2345 877 Spiritus
2375 808 2493 864 Deo
2522 809 2724 876 renati,
2758 825 2826 865 ex
2878 818 3101 865 terrena
3154 811 3208 866 in
3246 814 3531 870 coele~tem

1907 902 2243 959 nativitatem
2294 904 2655 960 transierunt.
2711 904 2867 961 L'nde
2904 921 3013 961 non
3048 907 3326 961 immerito
3354 909 3536 964 sancti

1907 996 2159 1069 Apostoli
2192 999 2269 1053 sal
2306 1008 2463 1055 terra:
2494 1018 2521 1052 a
2557 1000 2792 1055 Domino
2829 1011 3236 1071 nuneupantur.
3284 1003 3348 1057 Et
3374 1006 3531 1073 cujus

1910 1092 2113 1145 terrae?
2140 1104 2447 1161 promptmn
2480 1104 2561 1147 est
2592 1109 2823 1149 noscere
2848 1113 2860 1147 :
2895 1093 2947 1148 id
2977 1106 3063 1150 est
3094 1103 3256 1150 terra:
3284 1097 3534 1167 corporis

1910 1183 2018 1256 32
2052 1186 2247 1251 noSIri,
2281 1202 2444 1256 quam
2472 1186 2674 1242 dudum
2706 1188 3057 1255 insipientem
3091 1203 3153 1243 ac
3183 1203 3347 1244 St-nsu
3378 1190 3531 1245 vani-

1911 1288 2041 1334 tatis
2071 1278 2364 1347 insulsam,
2419 1282 2752 1353 evangelicae
2801 1283 3216 1354 praedicationis
3265 1284 3535 1353 Sapientia

1912 1374 2200 1430 Salieruut.
2251 1374 2358 1444 Ipsi
2408 1377 2552 1430 enim
2603 1376 2683 1431 sal
2733 1388 2894 1432 terrae
2936 1387 3139 1431 nostrae
3188 1376 3316 1431 facti
3363 1387 3530 1445 sunt,

1911 1468 2035 1536 quia
2070 1482 2168 1537 per
2196 1468 2344 1538 ipsos
2375 1480 2429 1523 et
2460 1469 2625 1525 verba
2658 1468 2945 1539 sapientiae
2979 1470 3312 1539 accepimus,
3347 1479 3403 1523 et
3435 1484 3532 1538 per

1913 1559 2200 1615 C(elestetn
2236 1560 2578 1617 nativitatem
2614 1564 2667 1617 in
2699 1563 3009 1632 Spirilalem
3043 1578 3232 1617 sumus
3263 1562 3533 1618 detnutati

1912 1664 2186 1708 naturam.
2217 1655 2369 1711 Sicut
2396 1654 2565 1725 igitur
2594 1655 2675 1711 sal
2709 1656 2851 1722 hoc,
2889 1657 2941 1710 id
2972 1667 3057 1711 est
3082 1656 3161 1710 sal
3196 1664 3356 1710 terrae
3384 1697 3399 1720 ,
3442 1654 3529 1709 in-

1912 1746 2151 1803 discrete
2182 1749 2437 1803 omnibus
2465 1764 2603 1817 Opus
2631 1757 2747 1814 est,
2792 1747 2845 1803 id
2879 1759 2963 1801 est
2997 1749 3217 1818 regibus
3245 1762 3308 1802 ac
3338 1755 3531 1817 poten-

189 1836 342 1891 ﬁdem
392 1846 453 1892 et
501 1852 711 1892 nomen
765 1839 967 1893 Christi
1026 1841 1439 1909 persecutiones
1501 1839 1556 1894 in
1603 1840 1804 1893 saeculo
1834 1835 1883 1895 B
1914 1840 2076 1898 tibus.
2109 1840 2370 1897 divitibus
2397 1853 2451 1897 et
2483 1841 2834 1912 pauperibus,
2863 1841 3040 1897 servis
3068 1856 3130 1895 ac
3156 1842 3428 1908 dominis;
3451 1840 3531 1895 sic

189 1931 499 1994 sustinent,
552 1930 756 1998 quibus
805 1946 929 1999 apes
980 1946 1173 2000 magna
1227 1930 1585 1999 promittitur,
1632 1930 1684 1985 id
1727 1941 1813 1986 est

187 2025 469 2093 possessio
516 2025 673 2096 regni
722 2025 1010 2080 etelurum.
1052 2023 1219 2095 Cujus
1261 2024 1620 2080 beatitudinis
1664 2026 1810 2093 Apo-

191 2118 314 2174 stoli
348 2119 635 2189 principes
658 2120 1005 2185 exstiterunt,
1031 2129 1086 2173 et
1106 2119 1446 2187 omnesjusti
1470 2119 1561 2182 qui
1588 2126 1810 2188 propter

189 2212 461 2283 justitiam
503 2213 645 2282 legis
688 2212 919 2268 divorsis
949 2212 1425 2282 persecutionibus
1454 2210 1661 2279 alllicu,
1692 2227 1808 2267 tne-

194 2306 293 2361 rito
332 2306 464 2361 ﬁdei
498 2322 618 2359 suae
650 2306 717 2360 ad
750 2323 913 2371 regna
945 2307 1189 2362 ccelestia
1222 2315 1609 2375 pervenerunt.

260 2400 355 2456 IX.
404 2403 619 2457 Deinde
641 2402 718 2455 ait
744 2418 756 2455 :
790 2400 937 2456 Beati
964 2403 1104 2457 eritis
1135 2419 1248 2456 cum
1276 2418 1364 2456 vos
1396 2401 1646 2471 persecuti
1692 2403 1807 2472 [ue-

194 2494 288 2549 rint
322 2496 587 2554 homines.
621 2504 670 2548 et
717 2495 1119 2565 exprobrabant.
1151 2510 1199 2550 et
1227 2497 1397 2549 dicent
1427 2512 1576 2549 omne
1614 2497 1809 2549 malum

196 2601 373 2643 contra
403 2606 519 2644 eos.
553 2586 788 2643 Gaudete
812 2590 864 2643 in
889 2591 983 2643 illa
1015 2592 1097 2643 die
1124 2598 1172 2645 et
1196 2592 1448 2647 exsultate
1473 2608 1491 2644 :
1519 2589 1636 2643 (lico
1675 2590 1811 2643 enim

197 2682 353 2745 vobis,
384 2683 512 2751 quia
546 2697 744 2735 merces
772 2692 939 2735 uestra
969 2682 1130 2735 multa
1162 2693 1236 2737 est
1276 2684 1330 2736 in
1358 2683 1497 2737 caelis
1525 2700 1543 2737 :
1570 2682 1644 2736 sic
1674 2682 1810 2737 enim

198 2778 453 2847 faciebant
480 2786 527 2831 et
559 2774 843 2847 PrOphetis
871 2787 1043 2847 putres
1071 2794 1266 2832 eorum.
1299 2777 1491 2833 Omnia
1519 2794 1639 2846 quae
1676 2787 1810 2831 tem-

198 2886 329 2942 pore
376 2871 784 2943 persecutimtis
826 2880 1046 2943 propter
1083 2889 1278 2927 nomen
1310 2873 1510 2927 Christi
1550 2871 1811 2927 adversus

197 2967 365 3037 justos
397 2976 826 3037 pet-secutorum
855 2968 1164 3037 excogitare
1200 2979 1382 3039 potest
1424 2968 1641 3023 iulanda
1690 2984 1813 3037 per-

200 3059 343 3125 ﬁdia,
386 3062 477 3116 vel
529 3060 754 3115 din-rsa
806 3061 1099 3131 Opprohria
1152 3062 1425 3130 ingerere,
1469 3061 1555 3114 vel
1596 3061 1809 3129 corpori

200 3168 387 3225 ptettas
449 3155 695 3221 inferre;
747 3171 856 3210 non
908 3156 1085 3209 solum
1135 3158 1403 3223 patienter
1450 3159 1591 3209 lerre
1643 3154 1812 3210 debe-

1918 1948 1972 1991 et
1987 1935 2229 1991 ccelestis
2247 1935 2532 2004 sapientiae
2553 1935 2800 1997 verbum.
2817 1935 2962 2005 quod
2989 1934 3392 2006 perApOstolos
3407 1950 3539 2002 prae-

1917 2031 2156 2085 dicatum
2176 2039 2282 2095 est,
2300 2030 2673 2085 necessarium
2697 2031 3018 2085 estcuuctis
3040 2029 3105 2083 ad
3130 2030 3292 2082 vitam
3314 2027 3533 2082 :Omnes

1915 2125 2075 2190 enim,
2102 2125 2403 2179 secundum
2437 2125 2767 2194 Apostolum
2792 2166 2806 2189 ,
2837 2135 2982 2197 egent
3014 2124 3183 2198 gratia
3208 2121 3306 2176 Dei
3344 2121 3531 2187 (Rom.

1914 2229 1997 2282 ttt,
2034 2215 2144 2286 2'5).
2197 2218 2331 2282 Quia
2377 2216 2511 2269 sicut
2551 2228 2880 2285 praesentem
2907 2217 3048 2269 hanc
3076 2217 3240 2269 vitam
3270 2230 3377 2269 non
3410 2213 3532 2269 sine

1914 2308 2044 2362 salis
2074 2326 2174 2363 usu
2207 2308 2588 2364 habemuszita
2622 2324 2839 2379 qquue
2871 2310 3015 2363 illam
3048 2312 3211 2363 vitam
3241 2316 3526 2371 aeternam,

1913 2402 2033 2456 sine
2063 2402 2208 2455 dono
2235 2400 2519 2471 sapientiae
2552 2399 2752 2455 divinae
2784 2399 3013 2468 adipisci
3053 2416 3161 2455 non
3211 2413 3525 2471 possumus.

1988 2497 2051 2552 ll.
2094 2497 2202 2554 Sed
2229 2499 2354 2568 quia
2386 2498 2455 2553 de
2486 2510 2676 2552 natura
2705 2497 2787 2553 vel
2829 2499 3000 2566 gratia
3042 2496 3175 2550 salis
3220 2494 3525 2549 secundum

1916 2592 2328 2663 intelligentiam
2358 2592 2698 2662 spiritualem
2732 2590 2845 2660 jam
2882 2591 3135 2660 superius
3172 2588 3379 2643 dictqu
3412 2596 3527 2651 est,

1916 2700 2060 2739 nunc
2102 2699 2322 2756 quoque
2367 2684 2435 2739 de
2484 2684 2596 2753 ipsa
2644 2684 2773 2737 salis
2818 2684 3021 2737 virtute
3070 2691 3388 2736 tractemus.
3428 2678 3531 2737 Vos

1915 2797 2067 2852 ergo,
2102 2783 2310 2851 iuqu:t,
2361 2781 2482 2836 estis
2526 2781 2609 2834 sal
2654 2790 2821 2834 teme.
2866 2780 3051 2849 Itaque
3091 2781 3233 2833 sicut
3259 2779 3377 2841 sal,
3406 2793 3532 2833 cum

1916 2887 2179 2946 operatur
2206 2876 2257 2930 in
2285 2890 2450 2929 carne
2480 2874 2762 2943 qualibet,
2794 2874 3158 2942 corruptelam
3188 2889 3296 2927 noti
3329 2873 3531 2929 adiuit-

1915 2968 2000 3031 tit,
2037 2970 2258 3023 lcetores
2290 2971 2489 3030 aul'ert,
2524 2966 2719 3021 sordes
2746 2975 3032 3036 expurgat,
3068 2979 3285 3019 vermes
3316 2981 3423 3021 non
3452 2966 3531 3020 si-

1915 3059 1995 3117 nit
2020 3060 2301 3130 geuerari:
2334 3062 2406 3113 ita
2435 3072 2490 3114 et
2518 3059 2761 3115 caelestis
2798 3062 2972 3129 gratia
3003 3073 3065 3112 ac
3097 3058 3236 3113 ﬁdes
3277 3075 3396 3126 quae
3438 3073 3537 3127 per

1916 3150 2212 3222 Apostolus
2245 3150 2369 3204 data
2403 3162 2515 3215 est,
2553 3150 2718 3204 simili
2759 3150 3015 3220 exemplo
3048 3151 3103 3204 in
3136 3150 3291 3204 nobis
3332 3164 3531 3217 Opera-

202 3262 339 3311 mus,
374 3249 471 3303 sed
520 3248 693 3302 etiam
740 3262 862 3302 cum
896 3246 1095 3315 gaudio
1124 3248 1508 3302 exsultationis
1536 3246 1805 3316 accipere,
1837 3235 1884 3296 Ε
1920 3254 2027 3300 tur.
2075 3244 2266 3299 Aufert
2314 3244 2458 3299 enim
2511 3245 2748 3300 carnalis
2788 3245 3248 3313 concupiscentiae
3291 3258 3525 3312 corrup-

203 3351 419 3410 propter
446 3340 693 3395 l’uturattt
726 3340 979 3407 gloriam.
1027 3339 1138 3394 lloc
1164 3341 1309 3395 enim
1348 3340 1426 3393 ait
1457 3358 1469 3392 :
1497 3337 1729 3393 Gaudete
1758 3340 1813 3393 in

205 3433 291 3488 illa
304 3436 385 3489 die
407 3445 457 3489 et
481 3436 744 3490 exsultate
759 3450 777 3487 :
799 3434 913 3487 dico
935 3434 1091 3499 vobis,
1117 3435 1239 3506 quia
1257 3450 1444 3488 merces
1462 3445 1627 3487 vestra
1649 3435 1814 3488 multa

207 3531 351 3583 estin
394 3530 561 3584 caelis.
594 3528 769 3597 Quam
806 3529 1043 3599 gloriosa
1090 3538 1173 3584 est
1221 3530 1621 3599 persecutionis
1652 3531 1814 3599 hujus

211 3623 547 3690 tolerantia,
609 3622 764 3689 cujus
828 3622 1141 3677 mercedem
1200 3625 1463 3678 Dominus
1520 3626 1812 3690 repositam

210 3732 323 3773 esse
371 3716 507 3771 dicit
570 3716 628 3770 in
670 3715 852 3771 ccelis!
908 3716 976 3771 Et
1032 3716 1238 3771 idcirco
1288 3716 1579 3786 propositae
1626 3717 1815 3787 gloriae

214 3812 490 3879 praemium
550 3808 1001 3874 considerantes,
1056 3809 1123 3863 ad
1178 3825 1394 3866 omnem
1471 3810 1812 3864 tolerantiam

213 3902 310 3974 31
342 3901 623 3973 passionis
670 3902 867 3955 devota
920 3901 1025 3957 ﬁde
1068 3902 1243 3973 parati
1272 3918 1394 3957 esse
1424 3902 1723 3957 debemus:
1758 3914 1815 3958 ut

213 4004 493 4050 Consortes
542 3993 739 4064 gloriae
785 3992 1180 4061 PrOphctarum
1224 4008 1385 4065 atque
1424 3996 1812 4063 Apostolorum

215 4088 349 4143 ellici
382 4104 721 4153 mereamur,
764 4104 859 4157 per
892 4087 1169 4143 Christum
1210 4090 1498 4145 Dominum
1547 4100 1812 4157 nostrum,

215 4184 298 4253 qui
328 4193 412 4239 est
442 4182 768 4239 benedicws
801 4184 851 4236 iu
880 4183 1100 4238 saecula.

716 4317 1126 4375 TRACTATUS
1166 4318 1231 4375 IV
1262 4329 1312 4374 ει.

495 4435 565 4488 In
597 4444 753 4503 caput
788 4449 820 4486 ν
854 4432 1129 4504 Evangelii
1158 4433 1220 4490 S.
1256 4434 1515 4491 Matthwi.

282 4552 322 4606 1.
369 4548 577 4605 Deinde
606 4548 683 4602 ait
712 4566 725 4599 :
766 4546 871 4601 Vos
896 4548 1019 4600 estis
1046 4548 1126 4601 sal
1156 4559 1343 4615 terra;
1374 4548 1466 4602 sed
1487 4551 1533 4603 si
1562 4550 1641 4603 sal
1670 4557 1819 4604 teme

1920 3339 2127 3404 telam,
2196 3349 2543 3409 peccatorum
2628 3341 2824 3395 Sordes
2907 3348 3208 3410 exiturgat,
3300 3338 3526 3395 odorem

1918 3434 2075 3489 malae
2119 3434 2555 3490 conversationis
2609 3434 2886 3500 excludit,
2933 3448 3150 3489 vermes
3200 3433 3529 3488 delictorum

1919 3544 2027 3582 non
2074 3528 2205 3583 sinit
2261 3529 2548 3597 generari,
2603 3527 2654 3581 id
2708 3536 2798 3583 est
2853 3526 2921 3582 de
2980 3540 3218 3596 corpore
3276 3524 3533 3581 libidino-

1919 3637 2008 3678 sas
2055 3632 2109 3677 et
2156 3621 2469 3677 mortiferas
2524 3621 2833 3690 voluptates
2886 3634 3189 3687 exsurgere
3231 3635 3245 3668 :
3307 3632 3531 3673 Conser-

1918 3731 2051 3770 vans
2098 3731 2325 3784 corpora
2360 3724 2546 3769 nostra
2578 3714 2738 3769 etiam
2768 3714 2835 3768 ab
2864 3714 2963 3767 illo
3000 3710 3291 3767 immortali
3320 3724 3529 3776 verme,

1918 3809 2025 3881 33
2050 3808 2139 3875 qui
2172 3807 2439 3864 indefessa
2475 3823 2630 3879 poena
2658 3814 2976 3877 peceatores
2997 3804 3291 3867 excruciat,
3320 3803 3391 3858 de
3420 3816 3531 3872 quo

1918 3908 2177 3975 scriptum
2210 3915 2328 3958 est:
2374 3903 2573 3959 Vermis
2602 3920 2782 3957 eorum
2825 3920 2929 3957 non
2974 3903 3225 3956 morietur
3249 3942 3263 3964 ,
3302 3900 3530 3969 et'ignis

1917 4012 2093 4051 eorum
2124 4012 2224 4049 non
2255 3996 2611 4065 exstinguetur
2638 3994 2832 4069 (Marc.
2852 4011 2929 4060 ιχ,
2948 3995 3039 4053 45,
3061 3992 3163 4056 45,
3192 3994 3284 4057 47,
3307 4008 3370 4045 ex
3388 3988 3528 4046 Isai.

1919 4104 2065 4149 vat,
2091 4086 2207 4157 24).
2244 4088 2305 4142 Et
2335 4089 2495 4141 sicuti
2520 4089 2661 4143 Sales
2687 4104 2715 4141 a
2747 4086 2880 4141 foris
2904 4085 3126 4157 quidem
3159 4090 3531 4157 apponuntur,

1919 4180 2250 4235 intrinsecus
2273 4196 2402 4234 vero
2433 4188 2732 4249 Operantur
2755 4194 2854 4247 per
2876 4182 3134 4232 virtutem
3162 4190 3373 4230 naturae
3398 4189 3536 4238 suae,

1922 4274 1995 4327 ita
2024 4281 2079 4325 et
2108 4271 2348 4327 ctelestis
2386 4273 2559 4341 gratia
2602 4273 2879 4327 exteriora
2920 4269 3156 4323 hominis
3200 4276 3362 4337 atque
3398 4266 3541 4319 inte-

1922 4365 2064 4421 riora
2096 4372 2477 4435 perpenetrat,
2526 4373 2581 4419 et
2631 4374 2805 4418 totunt
2859 4364 3136 4417 hmniuetn
3189 4361 3459 4430 integrum
3504 4372 3539 4413 a

1922 4472 2149 4531 peccato
2178 4458 2665 4530 incorruptumque
2704 4466 3021 4513 conservat.
3068 4456 3177 4510 Hos
3214 4466 3394 4508 autem
3427 4451 3544 4507 Dco

1924 4556 2118 4629 dignos
2149 4570 2296 4619 esse,
2324 4554 2416 4625 qui
2447 4554 2561 4609 sale
2594 4551 2837 4607 ccelestis
2880 4549 3166 4621 sapientiae
3211 4546 3544 4603 eundiuntur

215 4649 526 4718 infamatum
558 4646 737 4717 fuerit,
766 4644 834 4697 ad
866 4643 1088 4699 nihilum
1114 4646 1268 4713 calet,
1299 4646 1399 4700 nisi
1424 4660 1479 4701 ut
1508 4648 1819 4717 projiciatur
1846 4629 1900 4690 Ῑ)
1927 4652 2117 4725 (Leuit.
2174 4666 2235 4716 ιι,
2268 4647 2384 4720 15),
2417 4652 2581 4704 etiam
2610 4646 2810 4701 dudum
2846 4643 3189 4713 praecedente
3212 4639 3381 4711 ﬁgura
3410 4639 3545 4710 legis

217 4744 385 4812 foras,
436 4750 487 4796 et
535 4739 863 4793 conculcetur
903 4740 965 4792 ab
1016 4738 1308 4795 hominibus
1361 4740 1579 4809 (Matth.
1611 4759 1665 4811 v,
1705 4743 1817 4813 I5).

218 4832 473 4889 Dominus
517 4832 814 4902 Apostolus
859 4847 985 4885 suos
1031 4832 1110 4886 Sal
1150 4840 1311 4889 terrae
1350 4836 1721 4907 cognominat.
1755 4836 1825 4891 Et

217 4925 491 4980 videamus
519 4924 649 4994 quid
682 4924 781 4978 sub
810 4923 968 4993 hujus
1007 4925 1251 4979 vocabuli
1300 4929 1710 4994 comparatione
1755 4929 1823 4984 de

220 5018 491 5086 Apostolis
521 5017 637 5070 suis
672 5016 932 5069 Dominus
962 5015 1088 5070 Velit
1124 5016 1371 5088 intelligi.
1421 5019 1574 5086 Quod
1619 5030 1675 5074 ut
1707 5020 1824 5089 ple-

220 5110 336 5164 nius
369 5109 642 5180 possimus
674 5108 979 5175 advertere,
1009 5108 1240 5178 primum
1273 5111 1507 5167 sollicite
1538 5112 1823 5183 requiren-

220 5202 339 5257 dum
385 5214 502 5269 est,
538 5200 669 5270 qttid
714 5202 814 5256 hoc
860 5203 937 5257 Sal
988 5204 1090 5268 sit,
1158 5214 1212 5258 et
1259 5206 1419 5272 cujus
1458 5215 1650 5271 terrae,
1684 5215 1741 5263 et
1772 5209 1825 5264 in

219 5310 375 5364 quam
407 5294 611 5350 deinde
645 5310 757 5348 rem
789 5295 1185 5365 utilitatemque
1212 5297 1483 5366 proﬁciat.
1510 5297 1626 5353 Jam
1660 5300 1825 5356 etiam

220 5392 345 5445 salis
378 5391 551 5458 ipsius
584 5398 830 5442 naturam
867 5404 1131 5459 usumque
1162 5400 1399 5446 tractare
1438 5392 1733 5461 debemus,
1769 5405 1829 5450 ut

220 5485 302 5539 his
332 5483 593 5555 cognitis,
628 5484 881 5538 dominici
913 5482 1042 5539 dicti
1073 5484 1327 5540 virtutem
1357 5486 1587 5554 spiritali
1623 5487 1824 5543 intelli-

218 5580 393 5649 gentia
427 5578 642 5634 facilius
673 5592 1046 5646 assequamur.
1080 5576 1281 5632 Natura
1333 5577 1498 5647 igitur
1549 5580 1678 5635 Salis
1728 5596 1823 5648 per

219 5686 438 5745 aquam,
484 5688 582 5743 per
626 5670 863 5727 calorem
912 5670 1065 5739 solis,
1122 5685 1219 5742 per
1264 5672 1455 5729 ﬂatum
1502 5675 1651 5730 venti
1691 5689 1822 5733 con-

1926 4756 2211 4802 ostensutn
2242 4753 2350 4807 est,
2380 4744 2503 4814 quia
2528 4754 2690 4796 omne
2713 4736 3036 4793 sacriﬁcium
3063 4732 3403 4791 oﬂ'ereudum
3432 4731 3544 4788 Deo

1928 4841 2045 4897 sale
2068 4838 2382 4893 saliebatur.
2413 4835 2567 4903 Quod
2597 4836 2776 4905 ipsum
2828 4831 3178 4902 Evangelista
3204 4844 3544 4885 commemo-

1929 4936 2071 4987 ravit
2098 4932 2358 4987 dicendo:
2398 4929 2582 4991 Omne,
2620 4928 2815 4997 inquit,
2844 4925 3158 4995 sacriﬁcium
3190 4924 3300 4979 sale
3326 4922 3545 4977 satietur

1925 5024 2135 5099 (Marc.
2192 5040 2246 5079 ιχ
2272 5067 2287 5087 ,
2337 5023 2479 5093 48);
2528 5020 2826 5078 o~tendens
2852 5034 2977 5075 eum
3009 5021 3284 5074 hominen:
3318 5016 3543 5088 dignum

1929 5131 2059 5172 vere
2088 5116 2414 5171 sacriﬁcium
2463 5115 2575 5169 Deo
2621 5115 2736 5169 ﬁeri
2764 5154 2779 5175 ,
2825 5112 2920 5182 qui
2967 5111 3208 5167 cteleSIis
3258 5110 3544 5179 sapientiae

1929 5210 2133 5264 virtute
2174 5217 2322 5264 eSSet
2366 5206 2598 5262 inlusus.
2654 5204 2808 5261 Unde
2849 5220 2958 5260 non
2990 5203 3264 5260 immerito
3294 5217 3417 5257 cum
3449 5214 3546 5272 per

1931 5302 2274 5358 Ezecltielem
2324 5301 2642 5372 prephetam
2698 5300 2958 5354 Dominus
3000 5298 3339 5363 Jerusalem,
3378 5296 3549 5350 immo

1934 5398 2114 5466 potius
2167 5395 2552 5467 Synagogam,
2603 5393 2934 5464 increparet,
2988 5392 3132 5446 inter
3178 5398 3371 5444 caetera
3427 5385 3547 5439 ait:

1934 5488 2080 5561 Aqua
2114 5505 2213 5542 non
2242 5498 2315 5542 est
2349 5488 2455 5541 lota
2478 5528 2494 5553 ,
2528 5503 2693 5558 neque
2718 5486 2827 5540 sale
2855 5484 3010 5538 solita
3044 5479 3267 5554 (Ezech.
3304 5494 3413 5542 svt,
3441 5476 3545 5547 4);

1935 5583 2325 5655 pra-nuntians,
2362 5581 2483 5651 quia
2518 5596 2692 5650 neque
2734 5580 2963 5651 gratiam
3001 5575 3250 5645 baptismi
3284 5569 3544 5624 salutaris

1933 5676 2004 5731 ad
2030 5672 2297 5730 abluenda
2328 5683 2547 5742 peccata
2576 5685 2671 5727 sua
2698 5679 2989 5739 acceptura
3009 5674 3149 5731 erat,
3178 5673 3354 5733 neque
3379 5658 3544 5718 ﬁdem

292 5892 318 5920 ι
362 5881 517 5950 Apud
569 5880 867 5936 Galland.:
912 5878 1180 5932 Tractatus
1242 5876 1336 5937 Ill.
1386 5880 1439 5931 in
1489 5878 1549 5931 S.
1606 5873 2226 5939 MatthmiEi'nnaelimn.
