4056 6340
219 311 315 398 su

1033 306 1448 398 resurgitis
1485 308 1529 386 γ
1568 306 1637 368 IN
1676 304 2134 396 pungentis
2170 307 2230 384 ξ.
2272 307 2626 396 smnpm.

3421 314 3530 392 δη

216 427 265 502 in
287 425 491 496 ciuitate
521 423 626 508 ρεί
656 426 857 502 nostri:
889 423 1030 508 peus
1054 424 1294 496 fundavit
1333 439 1450 505 eam
1481 423 1532 501 in
1561 433 1817 502 internum
1846 425 1902 504 Α
1927 419 2026 475 hac
2056 423 2199 477 enim
2223 421 2438 478 lucerna
2471 423 2886 506 inextinguibile
2928 426 3066 497 legls
3107 442 3173 484 ac
3196 431 3387 512 gratiae
3417 445 3531 486 sua:

215 516 386 588 (Psal.
421 505 598 590 xufu,
653 519 730 591 9).
763 519 830 594 Et
870 505 923 571 ut
964 517 1251 574 manifeste
1279 531 1338 571 se
1369 515 1436 571 de
1467 515 1570 594 hac
1599 515 1821 580 civitate

213 612 356 682 loqui
395 599 648 684 Spiritus
673 593 896 682 sanctus
929 611 1269 690 ostenderet,
1301 611 1463 665 etiam
1505 609 1704 663 montis
1734 608 1819 680 ip-

212 706 319 761 sius
351 705 478 760 fecit
509 707 880 772 mentionem,
902 705 1136 761 dicendo
1165 723 1178 758 :
1207 701 1272 758 In
1291 704 1494 757 civitate
1525 702 1819 767 Deinostri,

211 797 263 852 in
304 807 478 850 monte
523 807 714 852 sancto
756 802 887 872 ejus.
932 797 1010 852 De
1049 812 1151 869 qua
1186 812 1283 868 per
1326 793 1516 872 lsaiam
1555 793 1821 848 Dominus

214 889 481 962 loquitur,
519 889 719 958 dicens
747 907 758 943 :
797 891 907 972 38
936 889 1072 945 Ecce
1107 907 1203 964 ego
1240 888 1545 963 pra'parabo
1575 886 1666 940 tibi
1697 902 1814 957 car;

209 981 486 1056 bunculum
519 983 780 1052 lapidem,
809 985 860 1038 et
903 983 1242 1056 fundamenta
1285 992 1372 1036 tua
1399 983 1742 1052 sapphyrum,
1775 988 1822 1034 et

209 1077 617 1152 propugnacula
673 1087 761 1132 tua
797 1078 1083 1150 jaspidem,
1134 1087 1180 1132 et
1223 1087 1402 1148 portas
1433 1085 1550 1130 tuas
1591 1073 1821 1145 lapidein

210 1146 566 1248 crystallum,
597 1146 649 1223 et
694 1146 966 1224 circuitum
995 1180 1138 1224 tuum
1178 1146 1377 1248 lapides
1399 1167 1606 1248 electos,
1635 1161 1682 1221 et
1713 1183 1822 1220 om-

211 1279 293 1316 nes
331 1244 490 1331 ﬁlios”
516 1249 639 1317 tuos
671 1263 917 1318 docibiles
958 1262 1055 1318 Dei
1080 1262 1236 1335 (Isai.
1280 1244 1405 1329 uv’,
1444 1263 1502 1318 ll
1533 1305 1546 1328 ,
1579 1244 1682 1338 l2,
1716 1278 1816 1315 sec.

207 1355 390 1428 LXX).
438 1355 508 1434 Et
557 1359 738 1424 multa
784 1358 982 1413 similia
1025 1375 1147 1430 quae
1194 1358 1653 1429 prmtermisimus
1685 1398 1701 1422 ,
1751 1373 1822 1414 ne

208 1450 426 1504 taedium
475 1451 801 1522 legentibus
857 1453 1193 1518 faceremus;
1238 1453 1477 1507 maxime
1527 1468 1652 1508 cum
1705 1451 1822 1508 huic

209 1559 321 1614 qua:
347 1541 496 1617 dicta
524 1554 681 1609 sunt,
712 1545 778 1598 ad
820 1545 1202 1618 probationem
1227 1545 1467 1600 civitatis
1499 1545 1659 1616 hujus
1690 1545 1822 1598 satis

208 1635 533 1707 abundeque
563 1619 867 1722 siifﬁciant.
895 1636 1186 1692 Civitatem
1217 1651 1542 1707 ergosupra
1577 1619 1817 1692 montem

209 1727 456 1798 positam,
485 1727 808 1784 Ecclesiam
840 1730 1104 1794 ostendit,
1136 1745 1299 1798 supra
1328 1728 1487 1784 ﬁdem
1523 1729 1734 1784 Domini
1757 1743 1819 1784 ac

1927 514 2110 568 lumen
2141 515 2398 584 ostendit,
2431 499 2572 598 quod
2601 499 2707 572 non
2742 501 2921 588 aliquo
2953 507 3116 575 emcze
3148 499 3523 600 fnentis‘vela-

1925 608 2072 663 mine
2094 610 2446 679 aperiendum
2479 621 2560 668 est
2586 613 2673 668 vel
2702 613 3128 680 obscurandum,
3158 625 3215 670 ut
3237 615 3408 672 Judaei
3438 618 3526 673 vel

1924 699 2169 757 haeretici
2195 701 2419 766 faciunt,
2454 704 2546 773 qui
2593 705 2936 774 perspicuam
2977 707 3154 762 lucem
3189 708 3545 780 prmdicatio-"

1871 809 1880 817 δ
1924 794 2010 849 nis
2038 795 2234 850 divina:
2268 797 2446 864 pravis
2479 797 3027 867 interpretationibus
3058 799 3321 871 obtegere
3355 809 3412 857 et
3440 817 3534 858 oc-

1925 889 2133 943 cultare
2161 889 2430 954 nituntur,
2453 907 2551 966 pro
2583 891 2688 970 ﬁde
2715 877 2994 962 perﬁdiam
3023 891 3135 965 ω
3165 894 3531 962 prmdicando,

1925 988 1982 1037 et
2008 981 2192 1036 lumen
2227 984 2472 1038 veritatis
2500 984 2702 1039 erroris
2743 986 2984 1041 tenebris
3012 986 3342 1043 obvelando.
3375 988 3530 1045 Unde

1925 1073 2151 1129 lucerna
2176 1073 2293 1129 haec
2321 1075 2456 1143 legis
2481 1089 2544 1130 ac
2574 1075 2697 1132 ﬁdei
2732 1093 2838 1132 non
2864 1079 3191 1134 occultanda
3224 1080 3384 1135 nobis
3415 1088 3529 1146 est,

1923 1168 2017 1225 sed
2061 1168 2126 1222 ad
2157 1170 2390 1224 salutem
2423 1172 2714 1246 multorum
2755 1188 2973 1244 semper
3002 1175 3054 1229 in
3083 1174 3354 1242 Ecclesia,
3387 1176 3535 1231 velut

1925 1261 1977 1316 in
2007 1261 2371 1327 candelabro,
2403 1266 2812 1333 constituenda;
2846 1276 2905 1320 ut
2932 1269 3182 1324 veritatis
3211 1269 3382 1340 ipsius
3411 1269 3530 1323 luce

1924 1366 1981 1413 et
2027 1373 2125 1411 nos
2178 1357 2442 1425 fruamur,
2473 1367 2528 1413 et
2567 1375 2757 1414 omnes
2789 1361 3079 1416 credentes
3126 1362 3528 1418 illuminentur.

1924 1448 2005 1504 Ad
2041 1449 2195 1516 cujus
2222 1449 2440 1504 luminis
2462 1453 2977 1522 contemplationem
2998 1454 3186 1522 etiam,
3211 1469 3308 1525 per
3335 1453 3526 1508 Isaiam

1925 1557 2027 1598 nos
2067 1552 2288 1598 sanctus
2335 1542 2572 1612 Spiritus
2624 1544 2948 1600 adhortatur
2991 1545 3224 1602 dicendo
3258 1565 3271 1600 :
3309 1546 3527 1612 Venite,

1923 1633 2239 1689 ambulemus
2281 1636 2334 1689 in
2377 1633 2489 1691 luce
2542 1635 2775 1690 Domini.
2831 1637 3038 1692 Dimisit
3092 1639 3226 1692 enim
3279 1629 3527 1709 populant

1923 1741 2072 1778 suum
2105 1725 2288 1780 domus
2320 1724 2487 1780 Israel
2518 1726 2673 1800 (Isai.
2696 1743 2754 1794 Il,
2785 1725 2840 1793 5,
2867 1727 2924 1793 6,
2952 1745 3053 1782 sec.
3100 1726 3291 1800 LXX).
3325 1727 3400 1784 De
3423 1743 3529 1798 qua

210 1821 508 1877 Salvatoris
540 1823 724 1877 nostri
762 1824 812 1878 in
845 1823 1055 1878 ccelesti
1088 1823 1263 1894 gloria
1287 1822 1673 1889 constitutam;
1702 1839 1822 1894 qum
1851 1821 1900 1884 B
1929 1817 2050 1873 luce
2079 1827 2133 1873 et
2161 1818 2355 1874 beatus
2400 1819 2595 1874 Petrus
2636 1819 2690 1874 in
2734 1819 2989 1890 Epistola.
3025 1835 3121 1875 sua
3150 1831 3382 1875 testatus
3413 1831 3524 1886 est,

209 1922 322 1970 actu
355 1914 605 1986 spiritali
641 1931 862 1992 omnem
908 1925 934 1952 ιι
976 1914 1358 1976 liumiditatem
1390 1924 1624 1971 terrena!
1669 1905 1820 1971 inﬁr-

208 1995 406 2062 mitatis
438 2007 736 2063 excedens
759 2051 773 2073 ,
809 2008 1070 2064 universo
1105 2008 1310 2062 mundo
1351 2009 1645 2079 conspicua
1676 2009 1816 2064 lacta

206 2108 285 2154 est
310 2099 589 2170 gloriosa;
627 2116 752 2172 quze
773 2100 884 2171 jam
913 2115 1022 2155 non
1058 2115 1155 2174 pler
1183 2102 1660 2156 annuntiationem
1686 2101 1822 2172 legis

208 2189 588 2260 obumbratur,
629 2179 729 2244 sed
761 2205 859 2272 per
887 2191 1258 2262 evangelicam
1291 2189 1600 2247 doctrinam
1635 2201 1818 2278 aperta

210 2281 606 2353 praedicatione
630 2283 994 2354 conspicitur.

275 2376 364 2432 Ill.
409 2378 476 2433 Et
516 2377 785 2433 addidit:
824 2377 1009 2451 Neque
1039 2381 1171 2433 enim
1211 2379 1502 2434 accendunt
1533 2381 1818 2447 lucernam,

213 2482 254 2527 et
279 2484 472 2542 ponunt
504 2490 626 2527 eam
654 2473 750 2526 sub
781 2475 956 2550 modio
980 2515 995 2540 ,
1033 2475 1124 2556 sed
1150 2492 1308 2556 supra
1331 2476 1730 2554 candelabrum,
1765 2485 1822 2556 ut

211 2568 371 2622 luceat
401 2569 650 2622 omnibus
678 2569 765 2640 qui
787 2570 840 2622 in
881 2569 1036 2632 domo
1071 2581 1190 2623 sunt
1222 2569 1439 2642 (Mattlt'.
1473 2587 1525 2634 v,
1574 2571 1689 2644 15).
1724 2570 1818 2624 Vi-

215 2659 430 2716 deamus
470 2661 669 2731 itaque
723 2671 778 2716 et
820 2661 978 2733 hujus
1029 2662 1162 2718 dicti
1206 2663 1475 2736 Dominici
1527 2665 1818 2719 rationem.

213 2753 418 2810 Scimus
447 2757 742 2820 lucernam
777 2754 841 2834 ad
876 2755 980 2812 hoc
1008 2757 1258 2823 accendi,
1296 2767 1355 2811 ut
1387 2773 1494 2812 non
1527 2757 1709 2812 modio
1731 2767 1825 2834 aut

215 2849 387 2928 aliquo
417 2829 781 2918 operimento
825 2858 1072 2920 tegatur;
1111 2849 1256 2924 quod
1298 2851 1343 2906 si
1387 2833 1513 2917 ﬁat,
1545 2866 1676 2928 usus
1707 2827 1824 2928 ejus

215 2925 339 2997 nulli
369 2929 462 2998 rei.
498 2942 796 3016 proderit:
832 2943 926 2998 sed
961 2945 1086 3022 ideo
1115 2945 1436 3000 accenditur
1477 2946 1528 3022 in
1570 2925 1826 2998 candela-

215 3034 327 3114 bro,
355 3047 410 3090 ut
435 3037 490 3091 in
516 3038 676 3112 edito
708 3038 828 3092 loco
854 3019 1028 3109 posita
1053 3038 1354 3099 carcitatem
1380 3019 1630 3116 obsitum
1649 3036 1824 3092 noctis

215 3130 446 3200 alijiciat,
480 3143 540 3188 et
585 3132 731 3187 lucis
763 3147 875 3204 sum
904 3147 1057 3186 usum
1097 3130 1150 3186 in
1189 3132 1352 3186 domo
1379 3129 1695 3186 constitutis
1725 3130 1825 3184 im-

1891 1978 1894 1984 ι
1925 1912 2112 1968 dicens
2139 1932 2152 1967 :
2181 1913 2283 1980 Qui
2308 1913 2495 1985 eripuit
2518 1931 2609 1968 nos
2637 1914 2700 1967 de
2725 1913 2963 1980 tenebris,
2993 1924 3042 1967 et
3071 1914 3333 1968 advocavit
3359 1930 3451 1968 nos
3477 1915 3534 1968 in

1922 2008 2281 2064 admirabilem
2311 2010 2476 2064 lucem
2509 2010 2554 2082 (l
2587 2007 2729 2064 Petr.
2767 2025 2826 2076 ιι,
2857 2007 2936 2078 9).
2962 2008 3117 2065 Unde
3148 2019 3201 2064 et
3231 2007 3530 2063 Zacharias

1923 2107 2208 2174 propheta,
2241 2113 2300 2158 ut
2326 2103 2588 2174 spiritalis
2618 2103 2778 2184 hujus
2803 2103 3026 2158 luminis
3055 2112 3109 2158 et
3133 2104 3376 2160 caelestis
3403 2119 3530 2159 can-

1923 2196 2130 2252 delabri
2160 2198 2303 2269 quod
2336 2199 2388 2252 in
2425 2199 2595 2267 ﬁgura
2624 2197 2886 2254 Ecclesiae.
2917 2206 3200 2252 ostensum
3225 2207 3330 2264 est,
3361 2199 3536 2253 mani-

1924 2273 2470 2363 festaret'mysteria,
2515 2289 2656 2370 inter
2698 2299 2895 2344 cmtera
2941 2305 3061 2360 qua:
3104 2275 3159 2344 ei
3203 2279 3533 2362 pro-merito

1927 2383 2229 2454 prophetia:
2276 2392 2573 2460 monstrata
2607 2391 2770 2449 sunt,
2811 2383 2974 2437 etiam
3005 2381 3392 2437 candelabrum
3425 2397 3522 2436 au-

1924 2494 2074 2534 reum
2123 2493 2244 2534 cum
2299 2478 2642 2548 lampadibus
2693 2477 2808 2530 suis
2855 2491 2914 2531 se
2945 2476 3148 2530 vidisse
3181 2484 3410 2531 testatus
3438 2485 3524 2530 est

1927 2571 2113 2644 (lacti.
2144 2587 2217 2631 tv,
2248 2569 2328 2641 2).
2379 2567 2509 2624 Nam
2553 2578 2608 2624 et
2651 2569 2703 2622 in
2747 2550 3426 2634 tabernaculotestimonii
3463 2567 3530 2649 ad

1925 2661 2122 2718 futurae
2152 2661 2394 2718 veritatis
2424 2660 2734 2730 exemplum
2781 2659 3171 2714 candelabrum
3197 2673 3320 2712 cum
3358 2657 3532 2711 lucer-

1926 2758 2010 2813 nis
2062 2754 2336 2811 indefesso
2387 2755 2592 2810 lumine
2647 2753 2850 2824 populo
2893 2751 3110 2806 lucebat
3159 2751 3358 2822 (Exod.
3409 2751 3525 2815 χι).

1926 2850 2093 2922 Cujus
2131 2851 2207 2904 rei
2244 2851 2384 2905 ratio
2425 2849 2631 2904 Judmis
2659 2847 2880 2918 quidem
2911 2845 3123 2902 occulta
3156 2855 3260 2913 est,
3293 2846 3451 2902 sicuti
3481 2854 3537 2901 et

1926 2945 2106 2998 omnia
2139 2952 2478 2999 sacramenta
2518 2943 2674 3013 legis,
2708 2941 2803 2996 sed
2853 2942 3013 2996 nobis
3055 2941 3167 3012 jam
3215 2941 3526 2995 manifesta.

1929 3038 2140 3093 Scimus
2165 3038 2310 3092 enim
2341 3038 2390 3089 in
2419 3025 2752 3090 candelabro
2776 3033 2869 3087 illo
2905 3017 3090 3105 typum
3115 3034 3226 3086 veri
3256 3041 3310 3087 et
3339 3032 3528 3086 aeterni

1927 3129 2145 3184 luminis
2189 3137 2472 3183 ostensum
2502 3145 2516 3182 :
2546 3126 2598 3181 id
2641 3139 2724 3181 est
2766 3125 3002 3195 Spiritus
3041 3126 3238 3186 sancti.
3291 3123 3382 3194 qui
3433 3139 3530 3194 per

216 3226 426 3295 pertiat.
461 3226 628 3294 Quod
665 3227 789 3298 ideo
811 3205 1090 3281 Dominus
1132 3215 1549 3290 commemorat,
1581 3239 1690 3296 quo
1722 3224 1821 3294 sci-
1849 3217 1896 3282 C
1929 3221 2316 3276 multiformem
2343 3219 2573 3290 gratiam
2601 3233 2765 3284 omne
2795 3217 3055 3282 Ecclesiae
3081 3230 3281 3285 corpus
3311 3230 3532 3286 semper

215 3335 414 3402 remus,
444 3329 502 3400 et
533 3336 640 3395 nos
675 3320 879 3375 idcirco
912 3322 1081 3391 gratia
1131 3321 1256 3390 ﬁdei
1301 3333 1586 3388 accepsos,
1618 3327 1673 3372 et
1716 3316 1792 3396 3g

216 3411 328 3469 luce
357 3415 590 3487 spiritus
637 3414 1006 3476 illuuiinatos.
1041 3423 1098 3482 ut
1125 3424 1181 3470 et
1223 3414 1324 3483 ipsi
1373 3427 1470 3480 per
1501 3425 1666 3481 opera
1699 3410 1821 3464 ﬁdei

213 3514 364 3577 atque
389 3503 631 3580 justitim
665 3506 814 3588 velut
841 3505 1060 3582 lucerna
1094 3504 1457 3581 Spiritualiter
1480 3487 1818 3580 luceremus;

213 3607 262 3652 et
294 3599 392 3652 hos
421 3601 518 3670 qui
553 3599 611 3674 in
657 3598 901 3652 tenebris
927 3598 1134 3653 erroris
1174 3607 1303 3672 sunt
1332 3596 1493 3674 positi
1515 3638 1530 3661 ,
1565 3597 1821 3674 ignorati-

213 3693 293 3744 tize
324 3673 486 3770 nocte
542 3672 773 3770 depulsa
805 3720 826 3755 ,ν
851 3691 1098 3775 veritatis
1130 3665 1297 3766 ipsius
1333 3663 1546 3744 lumine
1582 3663 1823 3768 illustra—

213 3798 406 3838 remus.
442 3783 616 3840 Unde
647 3782 948 3862 Apostolus
977 3782 1088 3870 ait:
1129 3782 1279 3836 Inter
1317 3799 1444 3858 quos
1487 3780 1663 3833 lucetis
1691 3781 1822 3865 sicut

212 3875 486 3950 luminaria
522 3875 579 3929 in
611 3875 709 3928 hoc
748 3876 960 3952 mundo,
989 3875 1142 3930 verba
1173 3877 1288 3930 vitm
1319 3876 1635 3952 continentes
1663 3871 1820 3944 (Phi-

211 3966 334 4037 lipp.
378 3983 440 4034 ll,
474 3967 578 4032 15,
609 3963 724 4038 16).
757 3968 908 4034 Quod
945 3961 994 4021 si
1024 3955 1136 4021 non
1179 3951 1467 4030 faciamus,
1513 3966 1823 4020 videbimur

213 4047 315 4113 tam
348 4061 665 4136 necessarii
702 4061 922 4115 luminis
958 4062 1273 4124 utilitatem,
1310 4041 1392 4115 ad.
1420 4061 1676 4114 damnum
1713 4068 1820 4136 tam

215 4139 453 4209 nostrum
516 4131 680 4224 quam
739 4155 1008 4222 aliorum,
1059 4155 1380 4210 inﬁdelitate
1436 4164 1620 4208 nostra
1676 4133 1825 4206 velut

209 4248 441 4315 quodam
524 4233 800 4336 velamine
856 4233 1115 4320 obtegere
1168 4260 1222 4304 et
1275 4248 1626 4330 obumbrare.
1679 4245 1824 4311 Qua-

212 4353 428 4410 propter
458 4352 526 4399 et
572 4341 725 4396 illum
768 4342 858 4412 qui
903 4343 1164 4397 talentum
1212 4343 1276 4396 ad
1323 4341 1532 4396 lucrum
1583 4339 1825 4395 t-(elestis

210 4421 608 4514 negotiationis
659 4426 951 4514 acceptum
1009 4436 1350 4491 abscondere
1421 4419 1598 4505 magis
1654 4430 1828 4487 voluit

209 4517 364 4598 quam
409 4531 483 4585 ad
533 4513 778 4610 mensam
805 4523 1192 4584 nummulariis
1221 4529 1372 4598 dare,
1418 4529 1658 4584 debitam
1705 4515 1823 4600 pte-

1926 3314 2218 3371 illnmiuat.
2255 3313 2410 3380 Unde
2441 3320 2498 3380 et
2525 3310 2785 3374 Dominus
2818 3311 2868 3376 in
2903 3309 3226 3380 Evangelia,
3257 3309 3398 3362 inter
3427 3321 3534 3362 cac-

1926 3420 2063 3474 tera,
2092 3408 2391 3476 discipulos
2412 3420 2541 3460 suos
2564 3415 2622 3459 ut
2647 3405 2898 3459 lucernas
2924 3403 2978 3480 in
3004 3403 3251 3456 manibus
3273 3400 3530 3480 ardentes

1924 3505 2158 3558 habeant
2184 3500 2528 3563 adhortatur,
2557 3481 2790 3553 dicendo
2827 3514 2840 3550 :
2867 3496 2985 3552 Sint
3013 3495 3172 3549 lumbi
3203 3494 3356 3547 vestri
3388 3507 3527 3563 pra:-

1923 3599 2098 3663 cincti,
2124 3607 2167 3651 et
2195 3597 2418 3650 lucerna:
2448 3593 2686 3647 ardentes
2713 3591 2865 3662 (Luc.
2891 3607 2990 3657 xu,
3017 3590 3128 3660 15).
3157 3575 3313 3656 Quod
3344 3589 3531 3664 utique

1923 3691 2029 3766 [ιι
2063 3691 2346 3744 Dominum
2371 3687 2694 3772 praecepisse
2718 3728 2730 3750 ,
2757 3701 2862 3740 non
2895 3671 3168 3756 corporali
3197 3697 3396 3768 sensu,
3430 3670 3527 3736 Sed

1924 3784 2135 3838 ratione
2161 3780 2427 3852 Spiritali,
2464 3779 2868 3847 intelligendum
2903 3789 3009 3832 est.
3041 3776 3174 3831 Nam
3209 3777 3333 3846 quia
3367 3775 3418 3829 iu
3445 3776 3529 3829 lu—

1923 3865 2086 3932 cerna
2121 3859 2432 3958 mandatum
2468 3874 2588 3939 Dei,
2619 3855 2734 3928 sive
2764 3874 2942 3927 lumen
2978 3871 3115 3940 legis
3145 3867 3524 3940 signiﬁcatur;

1926 3971 2127 4025 idcirco
2159 3970 2435 4023 lucernam
2486 3969 2536 4021 in
2586 3966 2834 4020 manibus
2889 3971 3110 4034 portare
3143 3957 3421 4032 jubemur,
3471 3965 3532 4012 ut

1927 4063 2212 4116 illuminati
2238 4061 2411 4132 gratia
2439 4058 2674 4128 Spiritus
2706 4057 2876 4134 sancti
2897 4098 2910 4120 ,
2934 4053 3438 4130 operiliusjustitize
3462 4065 3524 4104 ac

1929 4155 2053 4210 fidei
2094 4154 2402 4213 lnceamus,
2455 4149 2753 4206 secundum
2804 4148 2946 4217 quod
2989 4147 3249 4202 Salomon
3304 4141 3525 4220 retulit:

1937 4248 2066 4312 Vite,
2093 4231 2581 4326 inquit,justorum,
2615 4242 2853 4296 similiter
2881 4249 2932 4293 ut
2960 4241 3052 4292 lux
3081 4237 3384 4308 fulgebunt;
3406 4251 3530 4305 pro-

1927 4340 2112 4395 cedunt
2138 4340 2274 4393 enim
2301 4347 2349 4418 et
2378 4336 2680 4390 illuminant
2703 4375 2716 4396 ,
2744 4331 2941 4386 donecb
2957 4329 3180 4400 corrigat
3208 4328 3316 4381 dies
3341 4326 3529 4395 (Prov.

1929 4453 2002 4502 tv,
2033 4435 2130 4500 18;
2164 4449 2266 4488 sec.

2002 4517 2066 4585 γ’.
2102 4525 2293 4582 Merito
2336 4511 2497 4596 ergo,
2544 4537 2666 4577 cum
2719 4521 2771 4574 in
2805 4517 3062 4590 prmsenti
3114 4515 3236 4569 loco
3274 4511 3537 4594 Dominus

209 4637 328 4690 nam
375 4607 701 4679 incurris-sel
731 4605 950 4677 scimus
998 4633 1055 4678 et
1109 4607 1369 4694 legimus.
1393 4621 1624 4695 (Matth.
1673 4637 1818 4688 xxv,
1851 4618 1902 4682 Ιὶ
1930 4624 2172 4680 lucerna:
2206 4620 2538 4676 mentionem
2576 4601 2836 4696 fecisset,
2866 4607 3096 4664 dicendo
3118 4605 3331 4688 :Neque
3361 4620 3540 4660 accen-

207 4716 294 4783 28,
323 4718 444 4783 30).

279 4760 294 4783 ,
323 4720 358 4772 3
431 4759 444 4771 .

496 4807 704 4886 idcirco
726 4808 944 4863 lucerna
971 4809 1056 4892 illa
1081 4809 1400 4896 spiritualis,
1425 4823 1546 4880 quae
1569 4809 1634 4864 ad
1660 4824 1822 4865 usum

198 4889 640 4979 .salu'tis'nostrie
669 4917 898 4957 accensa
925 4889 1050 4967 est,
1075 4889 1291 4972 semper
1337 4895 1524 4958 lucere
1573 4903 1737 4958 debet
1771 4904 1824 4957 in

211 4986 387 5054 nubis.
429 4998 716 5054 Habemus
743 4997 886 5051 enim
919 4996 1196 5078 lucernam
1228 4997 1470 5082 caelestis
1493 4994 1753 5058 mandati,
1775 5003 1829 5050 et

207 5092 400 5162 gratia:
446 5091 736 5162 spiritalis,
777 5077 848 5146 de
891 5071 993 5160 qua
1047 5071 1214 5144 David
1257 5071 1483 5160 retulit:
1517 5076 1821 5142 Mandatum

210 5177 355 5239 tuum
388 5187 612 5240 lucerna
638 5184 854 5256 pedibus
893 5184 1036 5245 meis.
1065 5193 1112 5236 et
1139 5183 1230 5238 lux
1260 5167 1458 5239 semitis
1492 5186 1618 5255 meis
1641 5171 1817 5258 (Psal.

208 5292 400 5343 cxvm,
441 5275 594 5346 105).
643 5266 728 5329 De
765 5291 867 5346 qua
901 5287 954 5328 et
1009 5257 1270 5329 Salomon
1295 5275 1370 5328 ait
1404 5293 1417 5328 :
1450 5275 1706 5341 Quoniam
1740 5267 1820 5328 lu-

208 5387 364 5424 cerua
387 5349 473 5426 est
505 5378 818 5440 praeceptum
849 5359 975 5439 legis
1007 5367 1192 5437 (Prov.
1226 5384 1302 5430 γι,
1331 5365 1460 5436 25).
1489 5369 1562 5422 De
1591 5381 1695 5436 qua
1723 5381 1821 5436 per

211 5464 554 5533 Sophoniam
603 5475 818 5532 quoque
868 5461 1194 5528 pr0phetam
1252 5461 1512 5514 Dominus
1544 5468 1818 5514 testatur:

214 5557 281 5611 Et
310 5559 588 5636 scrutabor
612 5553 907 5610 Jerusalem
943 5557 1060 5608 cum
1090 5556 1301 5608 lucerna
1332 5553 1523 5625 (Soph.
1548 5568 1586 5617 ι,
1620 5550 1732 5623 ιε).
1764 5552 1820 5632 lu

292 5728 319 5773 ε
341 5717 759 5828 ,ξίιιηιὶᾴὶξαιεηι
783 5719 866 5772 An
895 5717 1259 5781 humilitatem,
1286 5723 1446 5785 prout
1467 5713 1636 5770 editio
1658 5714 1832 5783 prima

292 5805 356 5828 ,ει
385 5804 570 5828 “nam

222 5791 610 5846 Basileensis?

302 5859 332 5899 ¹⁵
375 5859 650 5944 Corrigat.
710 5858 854 5914 LXX
876 5901 889 5926 ,
919 5859 1080 5916 Prov.
1115 5875 1186 5926 Iv,
1210 5857 1278 5914 18
1301 5900 1314 5923 ,
1346 5857 1640 5934 κατορθώσῃ
1669 5896 1683 5920 ,

1929 4718 2059 4774 dunt
2088 4717 2385 4779 lucernam,
2413 4722 2459 4768 et
2493 4718 2687 4780 ponunt
2715 4723 2829 4786 eam
2858 4704 2949 4760 sub
2980 4701 3156 4757 modio
3179 4744 3194 4766 ,
3240 4699 3329 4754 sed
3385 4714 3541 4771 super

1927 4795 2340 4874 candelabrum,
2391 4797 2446 4860 ut
2481 4806 2647 4861 luceat
2687 4803 2924 4856 omnibus
2950 4799 3040 4870 qui
3080 4796 3134 4850 in
3179 4795 3332 4850 domo
3371 4802 3536 4858 sunt,

1927 4905 2138 4959 addidit
2166 4903 2388 4958 dicens:
2413 4901 2503 4955 Sic
2529 4883 2693 4953 luceat
2720 4897 2813 4951 lux
2835 4905 2999 4949 vestra
3019 4907 3192 4946 coram
3215 4889 3532 4951 hominibus,

1927 5007 1984 5050 ut
2011 4995 2217 5049 videant
2261 5009 2419 5064 opera
2458 5002 2627 5046 vestra
2661 4989 2827 5053 bona,
2870 4998 2918 5060 et
2958 4984 3290 5056 magniﬁcent
3321 4981 3535 5062 Patrem.

1929 5100 2149 5140 vestrum
2194 5087 2280 5154 qui
2319 5087 2372 5138 in
2400 5086 2541 5138 uelis
2566 5093 2640 5156 est
2672 5081 2892 5152 (Matth.
2925 5096 2976 5146 ν,
3010 5077 3123 5147 16).
3161 5078 3537 5164 Muguilicatur

1931 5182 2076 5237 enim
2111 5181 2252 5235 Deus
2285 5181 2336 5233 in
2373 5178 2533 5231 nobis
2559 5176 2700 5247 apud
2734 5174 3048 5230 incredulos
3076 5182 3131 5252 et
3165 5171 3446 5236 inﬁdeles,
3488 5170 3534 5223 si

1929 5271 2226 5326 secundum
2264 5278 2530 5340 praecepta
2563 5267 2744 5322 divina
2777 5268 3052 5330 vivamus,
3079 5267 3122 5320 si
3171 5266 3326 5320 bonis
3355 5262 3538 5333 operi-

1931 5364 2342 5420 bnsluceamus.
2370 5361 2525 5417 Unde
2548 5369 2602 5416 et
2624 5360 2844 5434 sanctus
2871 5359 3162 5431 Apostolus
3193 5357 3264 5410 ait
3289 5374 3301 5408 :
3325 5353 3536 5424 Magni-

1931 5459 2080 5527 ﬁcate
2109 5465 2155 5509 et
2181 5465 2381 5528 portate
2419 5453 2587 5506 Deum
2641 5455 2692 5507 in
2743 5469 2961 5523 corpore
2997 5461 3161 5504 uestro
3213 5448 3257 5518 (l
3287 5448 3406 5501 Cor.
3435 5461 3482 5498 \u
3518 5488 3532 5509 ,

1929 5550 2046 5624 20).
2080 5551 2144 5606 Et
2169 5550 2361 5606 beatus
2382 5549 2576 5624 Petrus
2608 5549 2660 5603 in
2696 5547 2938 5618 Epistula
2972 5561 3068 5600 sua
3101 5541 3355 5598 similiter
3385 5554 3537 5594 com-

1940 5722 2044 5784 gat.
2076 5711 2230 5782 Legit
2257 5718 2439 5784 tamen
2468 5711 2695 5781 corrigat
2721 5705 3138 5784 etiam_Luc_i_fer
3152 5703 3495 5784 paler-uanus
3515 5745 3532 5769 ,

1945 5775 2003 5838 ut
2032 5785 2098 5837 ad
2125 5775 2250 5837 eum
2281 5783 2458 5836 locum
2489 5775 2715 5836 annotat
2733 5780 2996 5836 Nobilius.
3021 5776 3202 5830 Editio
3231 5775 3403 5845 prima
3437 5775 3540 5830 Ba-

1948 5855 2200 5928 §ileensis
2227 5854 2393 5910 habet
2419 5853 2680 5924 decurrat.
