4056 6340
531 347 640 407 345

1536 349 1594 405 S.
1635 345 2018 403 αηιιοΜΑτιι
2056 342 2277 402 EPISC.
2320 345 2798 416 AQUILEIENSIS

3725 347 3832 403 544

533 470 720 516 monet
745 480 757 514 :
792 460 862 516 lit
883 477 1000 516 eum
1037 461 1424 516 detrectaverint
1452 461 1515 514 de
1539 460 1699 526 vobis,
1731 477 1888 532 Opera
1906 459 2132 532 justitia?
2156 459 2206 519 Α
2236 461 2420 515 calum
2456 472 2506 515 et
2537 470 2677 517 terra
2716 471 2997 528 transeant,
3026 462 3135 515 iota
3161 476 3320 514 unum
3367 462 3445 516 vel
3480 477 3615 516 unus
3645 479 3778 534 apex
3804 479 3836 518 a

529 555 861 628 magniﬁcent
900 554 1064 608 Deum
1109 565 1339 609 nostrum
1391 553 1447 621 (Ι
1475 552 1616 608 Petr.
1663 568 1754 618 ut,
1791 551 1912 622 16).
1945 552 2131 607 Potest

533 658 712 702 autem
743 659 798 704 et
818 648 978 703 aliter
1009 647 1271 718 intelligi,
1306 646 1434 715 quia
1459 645 1742 716 multiplex
1773 645 2130 715 intelligentia

528 739 788 808 spiritalis
811 750 927 806 est,
959 751 1017 794 ut
1050 740 1102 794 in
1135 740 1351 794 lucerna
1387 740 1560 808 ipsum
1607 739 1892 792 Dominum
1923 737 2132 808 signiti-

526 847 657 888 care
689 846 975 886 noscamus
995 873 1010 897 ,
1044 842 1264 902 propter
1292 831 1554 899 assumpti
1579 833 1824 900 corporis
1857 831 2134 886 humilita-

525 937 660 984 tem.
694 927 795 983 Hic
825 928 1079 999 quidem,
1105 941 1210 982 non
1244 926 1416 981 solum
1447 923 1556 998 ιε
1579 926 1875 982 secundum
1899 926 2131 996 gloriam

525 1023 860 1087 divinitatis,
888 1023 976 1079 Sol
1006 1022 1236 1092 justitiae
1269 1035 1636 1092 nuncupatur,
1681 1021 1776 1076 sed
1829 1021 2130 1076 secundum

525 1116 793 1184 assumpti
833 1117 1081 1185 corporis
1122 1123 1529 1170 sacramentum
1571 1115 1739 1170 etiam
1787 1116 2005 1170 lucerna
2037 1128 2129 1168 os-

525 1209 810 1275 tenditur;
841 1210 965 1279 quia
993 1224 1115 1264 cmn
1148 1209 1290 1265 Deus
1315 1219 1464 1265 esset
1502 1209 1693 1280 gloriae
1733 1219 1786 1264 et
1830 1206 2130 1276 majestatis

523 1309 785 1366 internae,
820 1299 1043 1354 humilis
1097 1301 1150 1354 in
1203 1303 1306 1354 hoc
1351 1300 1554 1354 mundo
1595 1309 1868 1369 tamquam
1909 1300 2132 1354 lucerna

520 1394 794 1464 apparuit.
828 1393 896 1448 Et
925 1410 1033 1449 non
1057 1394 1176 1450 sine
1205 1410 1372 1449 causa
1405 1406 1678 1465 tamquam
1707 1393 1929 1448 lucerna
1963 1412 1976 1448 :
2005 1394 2130 1464 quia

519 1491 740 1544 lucerna
773 1505 870 1561 per
903 1501 1122 1546 noctem
1151 1492 1336 1546 lucere
1365 1491 1666 1545 consuevit.
1698 1489 1907 1543 Idcirco
1947 1489 2130 1559 itaque

516 1582 576 1638 in
607 1581 711 1638 hoc
749 1583 953 1638 mundo
991 1582 1215 1638 humilis
1263 1592 1538 1652 tamquam
1580 1583 1797 1636 lucerna
1837 1582 2127 1652 apparuit:

517 1684 578 1729 ut
609 1677 862 1731 tenebras
890 1677 1100 1731 erroris
1119 1675 1186 1730 de
1206 1677 1468 1730 cordibus
1501 1674 1702 1730 nostris
1728 1685 1780 1730 ct
1811 1675 2130 1744 ignorantiae

517 1777 738 1824 noctem
771 1769 1107 1838 depelleret;
1137 1771 1225 1840 qui
1253 1771 1306 1824 in
1342 1769 1443 1822 hoc
1477 1768 1681 1823 mundo
1700 1769 1847 1823 velut
1881 1767 1932 1822 in
1968 1778 2128 1823 nocte

2237 550 2372 626 Lege
2417 570 2522 608 non
2572 553 2963 620 cadent,donec
2991 554 3166 608 omnia
3216 554 3347 623 ﬁant
3389 552 3602 623 (Matth.
3636 569 3692 613 ν.
3720 554 3833 626 18).

2237 645 2408 712 Quam
2441 661 2566 700 vera
2597 646 2760 715 igitur
2789 659 2854 702 ac
2881 644 3065 700 divina
3112 647 3182 700 sit
3212 644 3528 717 praedicatio
3559 645 3736 712 Legis,
3768 661 3835 701 ex

2241 738 2343 792 hoc
2395 738 2514 807 ipso
2558 738 2959 809 cognoscimus.
2989 739 3058 794 (le
3108 753 3213 810 qua
3255 755 3324 794 ne
3358 740 3466 793 iota
3499 740 3719 808 quidem
3751 739 3832 796 vel

2238 844 2401 884 unum
2452 831 2661 902 apicem
2719 846 2879 900 posse
2931 831 3130 886 cadere
3177 832 3441 887 Dominus
3499 833 3829 889 manifestat.

2235 927 2571 997 Quamquam
2605 928 2656 980 in
2682 926 2785 983 hoc
2813 927 2920 982 iota
2951 927 3032 982 vel
3066 927 3214 996 apice
3244 926 3427 997 Legis,
3456 928 3622 980 etiam
3649 941 3832 982 sacra-

2237 1031 2478 1075 mentum
2533 1019 2711 1075 crucis
2767 1019 2938 1088 possit
2992 1019 3240 1090 intelligi,
3265 1021 3388 1090 quia
3445 1019 3554 1074 ima
3600 1029 3656 1074 et
3700 1035 3834 1089 apex

2236 1112 2522 1182 quamdam
2573 1112 2628 1167 in
2668 1127 2728 1169 se
2770 1111 3060 1182 imaginem
3090 1113 3266 1167 crucis
3300 1111 3620 1177 ostendunt,
3655 1127 3774 1181 quae
3805 1128 3834 1167 a

2236 1204 2380 1277 Lege
2411 1221 2474 1261 ac
2522 1203 2808 1277 Prophetis
2852 1205 3142 1277 przedicata
3186 1205 3332 1262 nulla
3364 1206 3581 1263 ratione
3627 1214 3834 1277 poterat

2237 1299 2526 1371 praeteriri.

2305 1393 2372 1449 ll.
2426 1393 2629 1450 Deinde
2680 1395 2794 1449 ait:
2832 1394 2932 1461 Qui
2984 1395 3211 1460 solverit,
3248 1394 3518 1464 inquiens,
3569 1409 3730 1448 unum
3773 1395 3833 1448 de

2235 1489 2494 1544 mandatis
2530 1490 2645 1544 istis
2676 1491 2901 1544 minimis
2928 1501 2976 1545 et
3014 1491 3247 1545 docuerit
3281 1490 3356 1545 sic
3400 1491 3658 1555 homines,
3686 1489 3834 1543 mini-

2235 1600 2350 1638 mus
2395 1583 2664 1638 vocabitur
2707 1585 2763 1637 in
2819 1600 2974 1656 regno
3021 1585 3266 1638 caelorum
3315 1581 3508 1647 (Ibid.,
3555 1580 3672 1654 29).
3700 1581 3829 1638 Cum

2238 1677 2490 1734 mandata
2533 1678 2756 1732 minima
2800 1678 3011 1733 solvere
3051 1677 3276 1748 impium
3312 1679 3408 1742 sit,
3442 1678 3620 1732 multo
3665 1677 3830 1748 magis

2240 1786 2431 1840 magna
2468 1781 2521 1825 et
2565 1771 2820 1827 maxima.
2856 1765 3011 1826 Unde
3059 1787 3153 1840 per
3195 1769 3549 1826 Salomonem
3579 1769 3633 1825 id
3658 1771 3828 1840 ipsum

517 1864 681 1933 positi
705 1863 979 1934 (legimus.
1013 1862 1335 1933 llujusmodi
1376 1878 1508 1933 ergo
1547 1864 1768 1918 lucerna
1791 1905 1806 1928 ,
1839 1862 1889 1916 id
1920 1870 2005 1917 est
2039 1863 2118 1916 in-
2153 1862 2201 1922 B
2229 1861 2465 1932 Spiritus
2518 1873 2740 1918 sanctus
2783 1872 3122 1918 contestatur
3147 1905 3162 1927 ,
3207 1862 3398 1918 dicens
3429 1879 3441 1916 :
3476 1864 3581 1928 Qui
3629 1863 3828 1917 modica

516 1956 766 2010 carnatio
810 1955 1014 2010 Christi
1062 1965 1284 2013 ostensa
1331 1972 1360 2008 a
1391 1955 1536 2025 Lege
1574 1964 1631 2010 et
1663 1954 1978 2024 prophetis,
2009 1955 2119 2022 jam

519 2061 630 2102 non
661 2047 894 2104 obscura
925 2048 1311 2118 praedicatione
1339 2049 1476 2116 legis
1505 2058 1780 2119 tamquam
1817 2048 2001 2103 modio
2045 2059 2122 2103 te-

512 2139 680 2212 gitur,
726 2156 825 2194 nec
877 2140 1201 2197 inﬁdelitate
1243 2141 1556 2196 Scribarum
1607 2156 1670 2196 ac
1718 2141 2118 2196 Pharisaeorum

517 2231 667 2286 velut
691 2232 927 2299 quodam
961 2248 1087 2288 vase
1121 2234 1364 2302 perfidia:
1390 2234 1636 2303 operitur
1661 2251 1675 2286 :
1705 2234 1800 2288 sed
1830 2235 1883 2288 in
1908 2249 2073 2289 cruce
2101 2277 2116 2301 ,

515 2324 664 2379 velut
703 2325 758 2378 in
803 2325 1141 2381 candelabro
1167 2368 1183 2392 ,
1223 2330 1556 2390 constituta,
1596 2344 1812 2383 onmem
1858 2327 2120 2384 Ecclesiae

515 2413 737 2470 domum
769 2417 1059 2472 illuminat.
1113 2420 1424 2475 Secundum
1466 2419 1787 2492 mysterium
1826 2421 2008 2492 itaque
2039 2423 2120 2476 in-

514 2509 876 2576 carnationis,
905 2511 1122 2566 lucerna
1155 2525 1270 2578 est;
1298 2514 1598 2568 secundum
1624 2513 1852 2584 gloriam
1871 2530 1999 2570 \ero
2030 2514 2117 2570 Di-

515 2601 790 2666 vinitatis,
836 2601 931 2658 Sol
971 2604 1196 2674 jusnitiae
1247 2615 1350 2660 est.
1402 2605 1644 2675 Denique
1675 2606 1728 2662 in
1776 2606 1894 2677 ipso
1937 2607 2119 2662 crucis

517 2693 892 2761 candelabro,
947 2706 1221 2765 tamquam
1268 2695 1358 2753 Sol
1400 2698 1737 2767 resplenduit
1770 2739 1784 2765 ,
1840 2713 1964 2753 cum
2021 2714 2118 2768 per

517 2788 910 2859 Apostolorum
968 2791 1442 2861 praedicittionem,
1491 2793 1644 2863 quasi
1698 2808 1795 2862 per
1849 2793 2114 2863 quosdam

514 2882 734 2950 radios,
769 2886 1030 2940 universo
1072 2887 1189 2941 orbi
1235 2885 1597 2942 clarissimum
1630 2902 1744 2942 sua:
1789 2888 2117 2959 cognitionis

514 2978 698 3032 lttmen
742 2978 953 3036 invexit
981 2981 1246 3037 Dominus
1273 2993 1330 3038 et
1361 2981 1614 3039 Salvator
1644 2992 1852 3052 noster,
1898 2982 1990 3054 qui
2033 2991 2118 3039 est

511 3071 836 3131 benedictus
863 3075 918 3131 in
948 3077 1176 3132 saecula.

940 3211 1048 3285 43
1078 3213 1496 3274 mortuus
1542 3217 1676 3274 vna.

797 3328 866 3382 1η
902 3339 1061 3400 caput
1096 3347 1127 3384 v
1158 3329 1428 3404 Evangelii
1469 3332 1531 3389 S.
1565 3332 1820 3389 Mattluei.

581 3442 621 3498 Ι.
651 3442 859 3498 Deinde
903 3445 978 3498 ait
1006 3464 1018 3498 :
1055 3443 1232 3500 Nolite
1260 3459 1467 3518 putare,
1492 3447 1616 3518 quia
1653 3449 1764 3502 veni
1793 3448 1989 3502 solvere
2014 3447 2111 3502 Le-

507 3552 624 3605 gem
664 3546 752 3591 aut
800 3536 1081 3606 praphetas
1113 3553 1252 3592 :non
1300 3541 1414 3594 veni
1453 3541 1672 3607 solvere,
1696 3541 1788 3594 sed
1825 3541 2110 3612 adimplere

506 3627 722 3700 (Matth.
779 3646 834 3697 v,
889 3633 1001 3702 17).
1049 3632 1166 3687 Non
1215 3635 1281 3687 ad
1342 3633 1746 3689 dissolvendam
1776 3633 1974 3704 Legem
2022 3637 2106 3691 vel

505 3722 809 3790 Prophetas
838 3726 1013 3781 Filius
1043 3727 1138 3782 Dei
1169 3728 1334 3792 venit,
1364 3728 1454 3798 qui
1485 3739 1680 3782 auctor
1722 3738 1807 3782 est
1852 3728 2014 3799 Logis
2053 3739 2108 3786 et

503 3815 902 3886 PrOphetarum
925 3836 940 3884 ;
971 3819 1094 3884 quia
1111 3819 1126 3872 i
1135 3834 1227 3888 pse
1243 3818 1462 3891 Moysen
1480 3819 1546 3874 ad
1566 3819 1883 3875 tradendam
1906 3820 2104 3892 Legem

503 3913 706 3983 populo
734 3913 907 3980 dedit,
938 3924 992 3970 et
1021 3913 1324 3984 Pmpbetas
1367 3916 1435 3967 ad
1485 3914 1928 3983 pra-:ditationem
1962 3917 2108 3971 futu-

497 4020 687 4062 rorum
733 4014 924 4062 sancto
979 4005 1184 4075 Spiritu
1216 4005 1535 4060 inundavit:
1573 4002 1694 4058 Non
1730 4021 1882 4076 ergo,
1908 4008 2101 4077 inquit,

498 4101 612 4155 veni
665 4102 863 4156 solvere
914 4098 1103 4173 Legem
1150 4107 1238 4152 aut
1305 4095 1617 4166 Prophetas,
1650 4097 1740 4151 sed
1794 4099 2098 4168 adimplere.

499 4193 750 4265 Implevit
803 4204 986 4249 autem
1039 4194 1237 4264 Legem
1294 4200 1350 4246 et
1398 4190 1705 4262 Prophetas
1753 4191 1854 4249 hoc
1905 4194 2098 4261 modo;

497 4287 624 4344 dum
658 4304 718 4344 ea
752 4302 873 4359 quae
905 4286 1103 4356 scripta
1134 4295 1292 4342 erant
1320 4285 1372 4339 itt
1398 4284 1539 4355 Lege
1565 4295 1620 4340 et
1648 4285 1958 4356 PrOphetis,
1986 4289 2103 4361 ipse

494 4379 918 4435 consummavit.
952 4377 1108 4435 Unde
1136 4392 1257 4432 cum
1301 4386 1513 4432 acetum
1560 4378 1612 4431 in
1656 4392 1820 4433 cruce
1860 4379 2100 4434 oblatum

494 4473 598 4529 sibi
645 4471 898 4538 bibisset,
928 4470 1004 4524 ait
1039 4487 1052 4522 :
1085 4470 1438 4540 Adimplelunt
1484 4478 1557 4524 est
1592 4469 1772 4542 (Joan.
1809 4487 1920 4538 XIX,
1954 4470 2046 4542 30)
2084 4489 2096 4524 :

492 4576 554 4621 ut
584 4565 869 4621 evidenter
899 4563 1233 4624 ostenderet,
1263 4563 1447 4616 omnia
1493 4577 1612 4629 qum
1642 4561 1710 4617 de
1749 4579 1809 4617 se
1855 4565 1906 4617 in
1953 4563 2099 4634 Lege

2225 1961 2441 2030 spernit,
2473 1959 2728 2028 paulatim
2758 1959 2958 2013 decidet
2993 1956 3183 2029 (Eccli.
3216 1974 3332 2023 xu,
3363 1957 3481 2029 20).
3526 1957 3596 2012 Et
3628 1959 3828 2013 idcirco

2226 2053 2358 2108 nihil
2382 2063 2466 2108 est
2487 2052 2554 2108 de
2587 2053 2874 2124 praeceptis
2897 2051 3102 2109 divinis
3125 2053 3472 2119 solvendum,
3509 2053 3644 2108 nihil
3674 2053 3827 2108 muti-

2224 2145 2470 2212 landum,
2501 2147 2597 2203 sed
2633 2156 2804 2202 totum
2843 2146 2989 2202 ﬁdeli
3030 2162 3095 2202 ac
3141 2146 3335 2202 devota
3381 2155 3566 2203 mente
3608 2161 3826 2202 servan-

2223 2238 2351 2295 dum
2383 2249 2545 2309 atque
2567 2240 2893 2306 docendum,
2919 2255 2988 2297 ne
3017 2240 3171 2312 regni
3199 2241 3440 2298 cmlestis
3462 2241 3644 2314 gloria
3672 2242 3826 2296 amit-

2224 2341 2368 2388 tatur
2402 2351 2414 2387 :
2445 2333 2594 2403 quia,
2651 2347 2774 2404 qum
2814 2332 3020 2402 judicio
3075 2333 3381 2390 inﬁdelium
3424 2335 3509 2389 vel
3543 2334 3822 2390 hominum

2223 2425 2408 2481 saeculi
2455 2426 2674 2480 minima
2711 2434 2969 2497 putantur
3017 2437 3071 2482 et
3110 2443 3305 2499 parva,
3333 2428 3450 2483 hmc
3479 2429 3624 2497 apud
3660 2430 3821 2484 Deum

2223 2533 2331 2572 non
2372 2527 2502 2572 sunt
2535 2533 2721 2589 parva,
2756 2519 2854 2576 sed
2885 2522 3217 2576 necessaria.
3257 2521 3363 2590 Qui
3392 2534 3568 2577 autem
3598 2523 3823 2577 docuerit

2223 2620 2269 2663 et
2299 2612 2499 2680 fecerit,
2531 2609 2678 2666 hunc
2722 2627 2974 2682 magnum
3006 2612 3248 2668 futurum
3295 2614 3560 2668 Dominus
3590 2615 3824 2670 ostendit

2224 2703 2278 2756 in
2329 2718 2501 2772 regno
2555 2705 2840 2760 caelorum.
2877 2704 3220 2775 Quapropter
3266 2721 3372 2761 non
3424 2707 3604 2761 solum
3646 2707 3821 2762 verbis

2221 2796 2555 2864 operandum
2580 2807 2687 2863 est,
2712 2796 2808 2851 sed
2840 2807 2893 2851 et
2915 2797 3099 2862 faelis;
3135 2813 3236 2853 nec
3267 2806 3328 2853 ut
3357 2795 3558 2854 doceas
3593 2807 3815 2865 tantum,

2220 2888 2315 2944 sed
2366 2901 2422 2943 ut
2469 2888 2614 2956 quod
2673 2890 2947 2959 docueris,
2982 2891 3171 2947 facias.
3206 2893 3271 2947 Et
3314 2892 3604 2949 audiamus
3648 2893 3814 2964 ipsum

2221 2979 2512 3035 Dominum
2568 2981 2881 3050 hnjusmodi
2931 2984 3210 3050 doctores,
3242 2985 3333 3055 qui
3366 2985 3557 3040 dicunt
3611 2994 3667 3041 et
3716 3000 3816 3041 non

2221 3069 2446 3138 faciunt,
2473 3072 2581 3145 45
2606 3075 2657 3129 in
2692 3074 2988 3146 Evangelio
3019 3077 3392 3148 increpantem
3423 3098 3435 3132 :
3476 3077 3592 3146 Var,
3621 3080 3806 3149 inquit,

2219 3163 2384 3232 vobis,
2410 3163 2610 3221 Scriba:
2633 3177 2682 3221 et
2707 3165 2969 3222 Pltariswi
2992 3168 3294 3240 hypocrita,
3324 3171 3448 3242 quia
3472 3175 3701 3227 oneratis
3729 3173 3814 3227 Ito-

2141 3259 2184 3320 C
2218 3257 2381 3312 mines
2425 3259 2683 3325 oneribus,
2707 3275 2824 3328 qua:
2864 3266 3062 3332 portari
3105 3279 3208 3317 non
3251 3277 3490 3335 possunt,
3521 3266 3626 3334 ipsi
3655 3275 3814 3320 autem

2215 3366 2318 3404 non
2358 3353 2568 3424 tangitis
2589 3353 2754 3427 digito
2797 3363 2962 3410 vestro
2990 3356 3224 3411 sarcinas
3257 3357 3394 3428 ipsas
3421 3356 3642 3428 (Matth.
3669 3375 3812 3428 xxttt,

2213 3441 2293 3512 4).
2329 3445 2479 3498 [Vnde
2524 3455 2580 3500 et
2627 3447 2921 3516 Apostolus
2965 3447 3041 3502 ait
3075 3466 3087 3502 :
3127 3446 3271 3515 Non,
3325 3450 3526 3520 inquit,
3560 3453 3814 3508 auditores

2213 3536 2367 3611 Legis
2384 3540 2521 3612 justi
2547 3551 2664 3595 sunt
2708 3543 2852 3610 apud
2881 3541 3067 3609 Deunt,
3095 3545 3185 3596 sed
3213 3548 3436 3616 factores
3459 3544 3613 3617 Legis
3625 3547 3815 3618 justiﬁ-

2213 3633 2474 3688 cabuntur
2510 3634 2686 3704 (Rom.
2716 3652 2777 3701 tt,
2810 3637 2926 3706 15).
2963 3637 3019 3692 Si
3055 3637 3156 3693 hoc
3183 3639 3346 3693 etiam
3377 3640 3446 3696 de
3473 3643 3814 3698 audientibus

2211 3723 2365 3793 dicit,
2399 3726 2524 3795 quid
2554 3729 2622 3783 de
2653 3728 2972 3784 doctoribus
3013 3731 3425 3801 intelligendum
3458 3735 3587 3788 est?
3612 3733 3739 3789 lude
3765 3745 3815 3790 et

2211 3817 2472 3874 Salomon
2502 3822 2579 3875 ait
2612 3837 2625 3874 :
2656 3819 2785 3876 Noli
2807 3838 2914 3876 esse
2942 3823 3125 3877 citatus
3152 3824 3207 3878 in
3232 3823 3414 3898 lingua
3435 3837 3548 3890 tua,
3575 3838 3625 3880 et
3651 3827 3814 3899 segnis

2209 3926 2270 3965 ac
2311 3913 2556 3968 remissus
2595 3914 2650 3967 in
2693 3915 2930 3985 aperibus
2969 3916 3068 3968 tuis
3099 3913 3291 3984 (Eccli.
3326 3933 3402 3982 tv,
3433 3919 3548 3988 54).
3581 3918 3654 3974 Et
3695 3919 3811 3975 ideo

2208 4018 2426 4075 oportet
2457 4022 2581 4062 eum
2632 4007 2722 4078 qui
2762 4009 2947 4074 docet,
2982 4009 3291 4080 exemplum
3343 4026 3411 4065 ex
3463 4027 3525 4066 se.
3571 4015 3812 4083 prmhere

2210 4115 2363 4171 pura:
2416 4099 2537 4156 ﬁdei
2589 4117 2686 4170 per
2721 4102 3064 4156 honestatem
3110 4105 3551 4162 eonvrrsationis
3591 4121 3726 4171 suae,
3759 4117 3812 4161 ut

2208 4199 2508 4268 Apostolus
2547 4199 2836 4254 Timotheo
2874 4199 3067 4255 scribit
3099 4217 3111 4254 :
3143 4199 3363 4268 Forma,
3390 4203 3590 4270 inquit,
3616 4217 3723 4258 esto
3752 4204 3809 4273 ﬁ-

2206 4292 2398 4346 delium
2448 4291 2504 4364 (1
2555 4291 2689 4346 Tim.
2738 4309 2809 4355 tv,
2850 4292 3061 4366 12).,Ει
3120 4294 3314 4350 iterum
3355 4296 3720 4366 :Exemplum
3767 4307 3810 4352 te

2204 4385 2377 4454 ipsum
2403 4388 2638 4455 prwbens
2667 4402 2881 4456 operum
2927 4385 3201 4454 bonorum,
3232 4388 3285 4440 in
3305 4389 3543 4459 justitia,
3578 4391 3632 4445 in
3660 4393 3806 4445 casti-

2205 4487 2328 4544 tate,
2354 4479 2405 4533 in
2425 4479 2721 4540 sobrietate,
2759 4495 2849 4548 per
2867 4478 3157 4534 doctrinam
3188 4497 3367 4534 sanam
3394 4480 3528 4555 (Tit.
3561 4499 3621 4547 ll,
3645 4486 3698 4549 7,
3725 4485 3803 4557 8).

2209 4570 2361 4627 Unde
2411 4585 2464 4629 et
2523 4574 2638 4643 ipse
2668 4573 2838 4630 Filius
2869 4574 3108 4644 Dei.qui
3163 4576 3424 4647 magister
3470 4589 3524 4632 et
3550 4579 3808 4635 dominus

487 4667 546 4716 et
605 4656 893 4726 Prophetis
935 4656 1138 4724 scripta
1192 4665 1368 4719 erant,
1398 4653 1563 4708 etiam
1618 4670 1786 4724 usque
1837 4655 1905 4708 ad
1956 4657 2094 4711 aceti
2122 4654 2178 4716 D
2203 4661 2336 4730 legis
2363 4672 2467 4728 est,
2500 4665 2565 4719 ad
2597 4666 2911 4737 exemplum
2941 4676 3210 4736 nostrum,
3235 4679 3431 4726 cuncta
3458 4687 3583 4742 quae
3601 4672 3805 4742 docuit,

493 4758 677 4821 potum
719 4763 842 4804 esse
871 4747 1166 4816 completa.
1195 4745 1475 4815 Adimplet
1497 4745 1696 4816 Legem
1727 4748 1876 4802 omni
1905 4748 2091 4813 modo,

489 4843 619 4899 dum
667 4843 986 4914 mysterium
1046 4842 1261 4909 pascha:
1313 4841 1398 4894 vel
1454 4841 1600 4909 agni,
1634 4841 1764 4896 olim
1812 4842 1863 4897 in
1924 4843 2091 4914 tigura

487 4942 879 4999 monstratum,
914 4933 1183 5004 passionis
1223 4949 1336 4987 sua:
1380 4944 1724 4990 sacramento
1771 4940 2089 5007 complevit.

487 5031 643 5089 Unde
676 5030 752 5084 ait
782 5029 1075 5098 Apostolus
1103 5045 1117 5082 :
1152 5026 1291 5082 Nam
1321 5037 1370 5082 et
1411 5029 1606 5099 pascha
1635 5042 1868 5086 nostrum
1904 5035 2088 5090 immo-

484 5125 626 5179 latus
670 5133 744 5178 est
787 5121 1020 5176 Christus
1066 5121 1109 5196 (l
1158 5119 1280 5178 Cor.
1325 5124 1484 5192 v,7).
1533 5125 1809 5197 Adimplet
1859 5129 2082 5201 Legem,

485 5216 617 5272 dum
649 5215 918 5271 sacrificia
955 5214 1136 5284 Legis,
1169 5215 1460 5286 omniaque
1488 5219 1735 5290 exempla
1769 5219 1822 5275 in
1850 5236 1909 5277 se
1942 5239 2083 5294 prac-

484 5313 741 5383 ﬁgurata,
773 5307 1094 5376 accipiendo
1141 5323 1360 5378 corpus,
1389 5311 1634 5367 veritatis
1684 5315 1894 5372 ratione
1933 5332 2085 5372 com-

482 5405 668 5476 plevit.
717 5401 814 5456 Vel
861 5409 1010 5456 certe
1054 5401 1314 5471 adimplet
1359 5402 1592 5476 Legem,
1623 5408 1750 5464 dum
1811 5421 2080 5480 prtecepta

479 5497 643 5569 Legis
694 5510 816 5564 qua:
862 5494 1108 5562 dederat,
1141 5497 1470 5568 evangelicae
1499 5501 1688 5570 grati-.e
1719 5518 1830 5558 sua:
1860 5503 2082 5574 supple-

478 5599 667 5645 mento
697 5589 1010 5644 confirmat.
1035 5587 1205 5656 Quam
1233 5600 1413 5647 autem
1464 5591 1663 5664 Legem
1710 5600 1860 5652 venit
1899 5597 2077 5652 adim-

2201 4755 2372 4810 voluit
2400 4758 2562 4812 rebus
2592 4759 2726 4829 ipsis
2760 4761 3005 4830 implere.

2269 4847 2355 4904 ΙΙΙ.
2389 4850 2456 4905 Et
2474 4851 2852 4907 addidit:Nisi
2879 4853 3216 4908 abundaverit
3234 4856 3438 4922 iustitia
3467 4869 3639 4914 vestra
3662 4862 3805 4932 plus-

2194 4959 2350 5014 quam
2399 4943 2704 5000 Scribarum
2755 4956 2802 5001 et
2850 4945 3260 5013 Pharisaeorum,
3309 4967 3416 5006 non
3458 4953 3722 5011 intrabitis
3754 4958 3805 5010 in

2190 5058 2411 5112 regnum
2431 5041 2924 5114 calorunﬂMatt/t.
2955 5059 3010 5106 ν,
3031 5043 3150 5115 20).
3183 5043 3625 5114 Reprehenditur
3647 5051 3804 5122 justi-

2190 5135 2262 5189 tia
2293 5135 2393 5190 Scr
2419 5137 2609 5190 barum
2632 5147 2686 5191 et
2731 5136 3155 5205 Pharisaeorum,
3183 5140 3306 5208 quia
3335 5156 3442 5195 non
3477 5142 3643 5198 ﬁdem
3677 5159 3801 5214 pro-

2191 5228 2466 5286 missionis
2497 5231 2728 5297 divinae,
2774 5230 2869 5287 sed
2915 5230 3210 5287 humanam
3254 5233 3473 5290 laudem
3513 5248 3569 5292 et
3619 5238 3802 5294 seculi

2187 5323 2415 5394 gloriam
2447 5327 2798 5394 quzerebant,
2843 5324 3004 5380 sicuti
3057 5326 3322 5384 habemus
3375 5333 3693 5399 exemplum
3735 5333 3800 5388 de

2188 5416 2282 5471 illo
2309 5416 2584 5472 Pharisaeo
2612 5420 2848 5488 superbo
2875 5429 2929 5474 et
2955 5420 3131 5486 elato;
3154 5423 3245 5492 qui
3278 5431 3338 5478 ut
3357 5423 3461 5479 sibi
3488 5425 3795 5496 videbatur,

2183 5508 2412 5579 iustitia:
2439 5524 2555 5563 sua:
2578 5513 2769 5565 merita
2813 5507 3134 5582 praeferens,
3167 5515 3516 5585 impudenter
3537 5535 3622 5587 se,
3656 5522 3797 5576 elato

2186 5601 2368 5656 animo
2389 5617 2453 5657 ac
2470 5603 2722 5670 superbis
2754 5606 3001 5670 vocibus,
3037 5605 3092 5661 in
3113 5621 3415 5680 conspectu
3440 5611 3535 5666 Dei
3553 5613 3794 5684 jactabat

478 5681 650 5751 plere,
676 5681 735 5737 in
777 5681 1032 5752 sequenti
1077 5680 1417 5742 demonstrat
1445 5686 1681 5744 dicendo
1713 5706 1728 5744 :
1759 5689 1939 5746 Donec
1964 5688 2077 5763 Μ
2183 5692 2339 5764 (Luc.
2374 5709 2526 5762 xvnt,
2558 5693 2674 5765 11).
2726 5696 3060 5755 Retiuebant
3104 5717 3238 5774 ergo
3278 5704 3525 5775 speciem
3553 5680 3792 5779 'justiti'a

540 5875 566 5903 ⁸
609 5843 769 5938 Apud
815 5829 1061 5927 Galland.
1099 5887 1112 5926 :
1145 5854 1459 5930 Thermus
1491 5872 1554 5942 ν,
1585 5874 1637 5928 in
1667 5867 1750 5946 _S.
1794 5859 2037 5930 Matt/ttei
2057 5865 2422 5949 Evang‘eiium.
