4056 6340
196 358 298 414 545

1033 359 1452 418 TRACTATUS
1491 359 1584 416 Vll
1622 358 1687 416 ΙΝ
1727 358 2188 421 EVANGELIUM
2227 363 2286 421 S.
2321 364 2676 423 ΜΑΤΤΗᾸΞΙ.

3417 375 3527 435 346

145 523 158 532 .
195 475 406 532 Scriba:
430 485 490 532 et
521 476 828 545 Pharisaei,
855 478 965 553 56
989 493 1094 534 non
1125 486 1184 533 ut
1216 477 1329 533 Deo
1362 477 1637 548 placerent
1658 518 1673 542 ,
1718 474 1815 532 sed
1845 475 1896 537 Α
1924 476 2055 531 tiam
2081 479 2485 536 circumstantia:
2519 483 2669 538 labiis
2695 486 2821 540 meis
2847 486 3017 560 (Psal.
3048 505 3175 558 cxc,
3211 493 3287 566 3).
3323 494 3392 550 Et
3424 495 3528 551 ire-

195 578 250 626 ut
282 569 491 646 famam
524 572 783 628 humanae
806 573 992 643 gloi'ia:
1012 581 1317 643 quaererent
1337 611 1351 636 ,
1375 582 1432 624 ut
1464 570 1614 624 lncra
1645 577 1818 623 terre-

196 678 258 718 na
276 673 331 718 et
350 667 693 736 temporalia
719 667 1000 722 commoda
1029 675 1426 721 mercarentur.
1453 666 1518 720 Et
1541 664 1663 720 ideo
1689 662 1816 718 hor-

197 767 336 814 tatur
356 757 668 826 Dominus,
701 770 760 815 ut
791 761 926 816 hanc
958 770 982 797 δ
1028 759 1287 816 famosam
1327 759 1594 830 justitiam
1639 757 1816 814 laudis

195 851 449 907 humana:
473 895 490 920 ,
539 836 809 925 operibus
837 855 1058 926 iustitia}
1085 854 1328 911 coelesﬁs
1356 867 1419 907 ac
1453 852 1576 908 ﬁdei
1607 853 1816 908 meritis

194 943 617 1014 prae-Cedamus,
658 963 755 1020 per
783 948 1056 1004 Christum
1089 947 1376 1002 Dominum
1409 957 1678 1001 nostrum.

680 1083 1104 1157 ,TRACTATUS
1158 1084 1248 1141 vu
1294 1083 1344 1140 δ.

531 1201 605 1257 In
637 1214 792 1277 caput
814 1220 847 1258 v
873 1201 1142 1278 Evangelii
1167 1203 1230 1258 S.
1259 1201 1519 1258 Matthaai.

258 1315 302 1372 l.
340 1316 569 1372 Dehinc
601 1319 851 1389 sequitur
880 1335 893 1372 :
925 1317 1156 1373 Audistis
1183 1318 1304 1389 quia
1332 1315 1526 1372 dictum
1565 1327 1639 1371 est
1680 1318 1818 1371 anti-

189 1413 297 1482 quis
322 1428 342 1466 :
370 1410 502 1466 Non
530 1413 744 1467 occides
767 1431 786 1469 :
821 1412 922 1480 Qui
957 1423 1127 1466 autent
1169 1413 1430 1479 occiderit,
1464 1429 1580 1467 reus
1612 1412 1706 1466 erit
1722 1415 1816 1485 juo

193 1504 348 1559 dicio.
383 1504 504 1578 Ego
534 1516 718 1561 autem
747 1507 862 1561 dico
910 1506 1048 1561 vobis
1082 1522 1100 1561 :
1132 1505 1193 1562 Si
1233 1507 1345 1573 quis
1373 1507 1612 1560 irascitur
1664 1506 1817 1576 fratri

191 1616 302 1663 suo,
337 1618 463 1656 reus
493 1603 598 1655 erit
611 1602 822 1675 judicio
847 1601 1062 1675 (Matth.
1082 1617 1132 1666 v,
1159 1600 1250 1668 2|,
1281 1598 1397 1672 22).
1431 1600 1543 1656 Hoc
1568 1598 1815 1668 estquod

191 1693 327 1750 dixit
351 1695 629 1752 Dominus
646 1739 660 1763 ,
687 1715 789 1752 non
809 1696 1130 1752 venisolvere
1152 1695 1362 1768 Legem,
1395 1696 1485 1751 sed
1509 1695 1810 1766 adimplere.

191 1786 302 1844 Hoc
335 1798 458 1856 est,
489 1793 646 1861 quod
679 1791 857 1845 minus
901 1800 1038 1857 erat,
1077 1790 1279 1847 addere
1310 1809 1323 1846 :
1361 1801 1625 1861 prtecepta
1669 1789 1816 1843 scili-

1921 587 2042 626 rum
2070 573 2125 628 in
2153 575 2258 628 alio
2294 576 2506 645 psalmo
2527 577 2661 632 dixit
2695 597 2707 632 :
2733 578 2881 648 Dixi,
2914 585 3202 639 custodiam
3233 587 3342 643 vias
3371 605 3534 656 meas,

1921 674 2111 720 utnon
2140 665 2436 735 delinquam
2482 669 2536 723 in
2575 670 2754 743 lingua
2803 689 2915 727 utea
2957 673 3131 747 (Psal.
3177 667 3404 740 χχιιι-ιιι.
3454 680 3532 754 1).

1921 757 2082 826 Qttia,
2114 771 2169 813 ut
2199 760 2459 818 Salomon
2491 762 2566 817 ait
2595 781 2606 816 ι
2635 763 2800 818 Labia
2821 765 3207 837 imprudentum
3232 773 3391 828 stulta
3417 792 3540 829 uar-

1918 851 2142 918 rabunt;
2174 862 2221 907 et
2249 863 2441 909 statera
2464 857 2779 928 appenditur
2805 861 3010 913 verbum
3034 862 3308 930 prudentis
3339 863 3536 935 (Eccli.

1919 959 2034 1011 χχι,
2065 944 2176 1013 28).
2221 945 2291 1000 Et
2324 946 2448 1003 ideo
2477 948 2740 1004 Dominus
2771 949 2824 1005 in
2866 951 3163 1025 Evangeliu
3196 955 3414 1027 (Matth.
3440 975 3537 1027 xu,

1919 1036 2037 1109 56),
2070 1039 2234 1093 etiam
2261 1055 2360 1110 pro
2393 1043 2574 1097 otioso
2618 1059 2877 1102 sermone
2918 1048 3188 1104 rationem
3223 1066 3324 1106 nos
3355 1053 3540 1110 reddi-

1919 1140 2074 1186 turos
2099 1147 2222 1188 esse
2249 1142 2478 1190 testatus
2507 1147 2613 1192 est.
2651 1138 2789 1194 llinc
2816 1151 2869 1195 et
2907 1141 3212 1211 Apostolus
3250 1146 3320 1201 ila
3357 1150 3543 1204 horta-

1920 1233 2029 1292 tur,
2078 1226 2266 1282 dicens
2318 1247 2330 1283 :
2378 1229 2560 1286 Omnis
2597 1249 2763 1288 sermo
2804 1237 2972 1292 malus
3015 1255 3078 1293 ea:
3107 1256 3196 1296 ore
3231 1253 3399 1298 vestro
3435 1261 3538 1299 non

1918 1329 2085 1386 exeat,
2117 1322 2220 1374 nisi
2235 1323 2322 1392 qui
2349 1324 2512 1378 bonus
2531 1337 2606 1380 est
2631 1327 2700 1380 ad
2729 1329 3128 1399 wdiﬁcationrm
3154 1334 3280 1403 ﬁdei
3314 1335 3534 1408 (Ep/tes.

1920 1429 1996 1480 tv,
2029 1414 2144 1488 29).
2180 1416 2249 1471 Et
2280 1417 2476 1472 iterum
2514 1439 2526 1473 :
2556 1420 2741 1477 Sermo
2770 1434 2936 1479 vester
2962 1427 3030 1480 sit
3059 1443 3261 1498 semper
3280 1431 3334 1483 in
3364 1434 3537 1503 gratia

1917 1509 2029 1564 sale
2055 1509 2317 1574 conditus,
2340 1523 2398 1565 ut
2418 1513 2596 1568 sciatis
2616 1517 2875 1586 quomodo
2897 1530 3131 1588 oporteat
3151 1537 3237 1577 vos
3267 1523 3543 1590 unicuique

1920 1605 2235 1674 respondere
2260 1605 2488 1677 (Coloss.
2531 1624 2606 1676 tv,
2642 1609 2720 1681 6).
2755 1612 2836 1667 0b
2859 1629 3021 1683 quam
3057 1630 3170 1671 rem
3202 1617 3253 1671 itt
3283 1619 3537 1675 omnibus

1919 1711 2111 1754 cautos
2143 1717 2241 1755 nos
2273 1716 2396 1758 esse
2424 1706 2711 1771 convenit,
2745 1721 2811 1761 ne
2841 1721 2940 1778 per
2969 1708 3394 1766 familiaritatem
3419 1711 3541 1768 inu-

1921 1794 2094 1849 tilinm
2124 1795 2441 1861 verborum,
2475 1797 2732 1853 damnum
2758 1801 2923 1856 saluti
2955 1801 3328 1868 acquiratnus.

191 1891 273 1935 cet
305 1880 479 1953 Legis
510 1882 565 1936 in
603 1882 801 1937 melius
830 1882 1147 1938 reformare.
1183 1883 1337 1939 Unde
1358 1895 1406 1938 et
1429 1891 1650 1937 sanctus
1673 1884 1816 1951 Apo—
1845 1878 1893 1938 B
1967 1890 2077 1960 _lll.
2108 1890 2316 1946 Dehinc
2343 1892 2423 1946 ait
2455 1910 2467 1946 :
2502 1892 2565 1947 Si
2595 1891 2751 1959 offers
2779 1910 2970 1949 manus
3006 1905 3153 1950 tuum
3188 1909 3306 1953 ante
3349 1899 3533 1966 altare,

193 1974 368 2028 stolus
401 1976 481 2028 ait
508 1991 522 2028 :
553 1973 751 2046 Legem
782 1991 901 2045 ergo
948 1976 1259 2030 destruintus
1289 1992 1377 2044 per
1400 1975 1594 2046 ﬁqlem?
1619 1974 1762 2028 Absit
1793 1991 1810 2028 :

191 2070 276 2124 sed
309 2069 508 2142 Legem
536 2071 904 2125 constituimus
932 2070 1106 2141 (llam.
1135 2087 1212 2137 III,
1247 2070 1362 2142 5|).
1402 2071 1537 2126 Iludi
1588 2077 1643 2124 et
1675 2068 1812 2124 duro

193 2165 395 2234 populo
421 2164 591 2234 Legis
618 2163 817 2219 tradita
844 2173 972 2219 sunt
1003 2164 1252 2218 mandata
1281 2165 1542 2234 justitite;
1568 2162 1812 2232 perfecto

193 2268 375 2312 autem
401 2269 459 2312 et
514 2257 668 2311 fideli
705 2256 904 2326 populo
947 2258 1258 2327 evangelica
1295 2256 1584 2311 traduntur
1613 2271 1811 2325 praece-

193 2360 280 2422 pta
310 2359 732 2413 consummatae
764 2349 885 2405 fidei
912 2360 965 2405 ct
992 2349 1231 2406 caelestis
1255 2351 1500 2421 justitia}.
1535 2349 1644 2405 Lex
1675 2363 1814 2420 prte-

192 2446 338 2515 cepit
375 2462 486 2499 non
542 2443 944 2506 occidendum,
996 2443 1357 2514 Evangeliutn
1406 2459 1536 2499 vero
1575 2458 1676 2499 nec.
1706 2443 1812 2497 ira-

192 2538 457 2594 scendum
492 2555 506 2592 :
543 2549 605 2592 ut
654 2553 874 2594 omnem
917 2536 1156 2594 radicem
1213 2539 1422 2608 peccati
1475 2537 1713 2593 auferret
1744 2537 1810 2592 de

192 2634 452 2688 COt‘diblls
490 2634 738 2699 nostris;
770 2633 893 2703 quia
933 2649 1029 2703 per
1072 2633 1406 2688 iracundiam
1442 2642 1619 2702 potest
1646 2636 1808 2688 etiam

195 2741 364 2798 usque
403 2728 474 2783 ad
534 2726 895 2782 homicidium
941 2727 1237 2798 perveniri.
1261 2727 1368 2800 47
1401 2729 1551 2784 Unde
1581 2743 1684 2783 non
1712 2729 1810 2783 im-

195 2821 388 2876 merito
413 2821 614 2876 beatus
633 2821 738 2877 Job
760 2820 813 2876 in
844 2821 980 2876 libro
1003 2837 1103 2878 suo
1132 2823 1203 2878 ita
1235 2831 1465 2878 testatus
1482 2832 1560 2878 est
1586 2823 1806 2878 dicens:

194 2912 426 2970 Stultum
464 2915 721 2982 interﬁcit
763 2915 1060 2981 iracundia,
1111 2917 1380 2970 seductum
1425 2926 1596 2970 autem
1620 2915 1808 2969 occidit

193 3011 457 3065 tentulatio
491 3007 642 3082 (Job.
677 3026 732 3077 v,
765 3010 843 3080 2).
900 3010 1068 3065 David
1107 3027 1322 3082 quoque
1353 3013 1420 3066 ita
1461 3012 1536 3066 ait
1568 3027 1580 3064 :
1616 3009 1811 3066 Irasci-

191 3105 337 3171 ntini,
363 3116 412 3158 et
438 3105 603 3160 nolite
644 3121 887 3174 peccare;
931 3105 1086 3159 dicite
1104 3106 1155 3159 in
1183 3105 1424 3158 cordibus
1456 3105 1656 3171 vestris,
1681 3115 1727 3158 et
1755 3105 1807 3158 in

191 3201 448 3255 cubilibus
495 3201 681 3256 vestris
722 3201 1124 3271 compungimiui
1173 3200 1349 3267 (Psal.
1398 3217 1470 3265 tv,
1522 3200 1596 3272 5).
1651 3200 1804 3270 Quod

1915 1996 1965 2041 et
1986 1986 2055 2038 ibi
2077 1996 2446 2040 rememoratus
2469 1989 2629 2058 fueris
2650 1988 2770 2058 quia
2807 1988 2954 2044 habet
2985 1990 3186 2062 aliquid
3218 1995 3381 2063 frater
3412 2003 3533 2050 tuus

1915 2081 2183 2134 adversum
2216 2089 2296 2142 te;
2341 2081 2570 2150 relinque
2590 2081 2700 2135 illic
2722 2098 2907 2138 munus
2943 2094 3106 2149 tuum,
3140 2096 3186 2138 et
3217 2087 3346 2140 vade
3378 2088 3528 2155 prius

1916 2172 2244 2226 reconciliari
2267 2174 2419 2245 fratri
2447 2183 2557 2239 tuo,
2581 2185 2630 2229 et
2646 2185 2767 2228 tunc
2783 2175 2914 2243 offer
2935 2194 3125 2231 munus
3144 2193 3285 2232 tuum
3311 2179 3529 2251 (Matth.

1917 2280 1969 2330 v,
1994 2264 2084 2330 25,
2123 2265 2238 2338 24).
2265 2265 2464 2334 Quanti
2501 2266 2693 2322 habeat
2735 2267 3002 2324 Dominus
3033 2268 3329 2325 fraternam
3360 2272 3534 2328 dilec-

1917 2361 2142 2429 tionem,
2177 2378 2240 2418 es
2277 2362 2380 2417 hoc
2404 2363 2521 2432 ipso
2543 2363 2962 2434 Cognoscimus;
2998 2365 3389 2419 cumohlatum
3423 2367 3534 2423 Deo

1916 2471 2113 2510 munus
2133 2455 2371 2511 ostendit
2395 2468 2616 2526 accepte
2647 2473 2754 2512 non
2781 2456 2990 2516 offerri.
3013 2458 3114 2512 nisi
3141 2460 3290 2529 prius
3315 2457 3532 2516 oblator

1916 2549 2159 2604 muneris
2191 2549 2340 2604 fratri
2369 2565 2490 2614 suo,
2528 2549 2805 2605 iracundia
2829 2549 3090 2620 seposita,
3118 2551 3528 2607 reconcilietur.

1914 2641 2231 2697 Invenimus
2262 2643 2498 2712 denique
2521 2643 2804 2698 offerentis
2831 2641 2966 2698 Cain
3009 2659 3239 2700 munera
3269 2644 3472 2698 idr-it-co
3498 2659 3527 2699 a

1915 2736 2026 2791 Deo
2056 2735 2340 2805 repudiata
2379 2733 2531 2807 (Gen.
2563 2753 2634 2800 tv,
2677 2735 2756 2808 5),
2791 2737 2919 2806 quia
2957 2736 3241 2790 charitatis
3278 2734 3529 2809 ﬁ9jnra

1913 2846 2022 2886 non
2055 2846 2282 2886 servans
2311 2872 2324 2895 ,
2380 2831 2643 2886 adversus
2680 2829 2904 2885 fratrem
2930 2829 3068 2885 iram
3101 2830 3285 2885 animo
3317 2833 3526 2886 retine-

1913 2926 2029 2979 bat.
2083 2925 2238 2981 Unde
2295 2939 2401 2980 non
2481 2925 2756 2980 immerito
2803 2924 3068 2978 Dominus
3124 2925 3178 2979 in
3229 2924 3529 2995 Evangelia

1914 3020 2100 3072 multis
2133 3018 2288 3082 locis,
2322 3017 2607 3072 charitatis
2651 3019 2904 3072 fratertne
2942 3017 3292 3072 dilectionem
3334 3019 3527 3088 pr:rci-

1914 3125 2019 3180 pue
2037 3109 2447 3167 custodiendam
2480 3125 2599 3165 esse
2627 3110 2890 3174 insinuat,
2915 3109 3148 3164 dicendo
3174 3127 3188 3162 :
3214 3108 3523 3165 Mandatum

1913 3219 2099 3256 novum
2127 3204 2192 3254 do
2221 3203 2380 3268 vobis,
2410 3212 2464 3256 ut
2505 3202 2828 3256 dilectionem
2861 3201 3091 3254 habeatis
3119 3202 3186 3253 atl
3216 3202 3521 3255 alterutrum

193 3297 571 3352 testimonium
603 3306 824 3350 sanctus
855 3294 1146 3365 Apostolus
1181 3296 1566 3362 interpretatus
1597 3305 1679 3348 est
1725 3295 1806 3349 di-
1833 3282 1878 3345 C
1909 3293 2094 3362 (Joau.
2120 3308 2237 3356 xm.
2271 3293 2393 3364 34).
2426 3293 2493 3348 Ει
2525 3295 2722 3348 iterum
2760 3311 2772 3346 :
2806 3290 2869 3345 In
2893 3292 2991 3345 hoc
3024 3303 3328 3362 cognoscent
3347 3309 3520 3346 omnes

193 3403 318 3444 cens
353 3406 366 3442 :
404 3387 507 3443 Sol
549 3405 654 3442 non
686 3389 888 3442 occidat
919 3405 1074 3457 super
1099 3387 1427 3441 iracundiam
1448 3398 1682 3449 vestram,
1714 3405 1805 3443 ne-

191 3501 283 3555 que
303 3485 438 3538 detis
466 3483 642 3537 locum
672 3482 877 3536 diabolo
903 3481 1125 3554 (Ep/tes.
1153 3498 1227 3548 tv,
1258 3481 1350 3546 26,
1374 3481 1492 3554 27).
1518 3479 1650 3536 Cum
1675 3497 1803 3553 ergo

192 3578 349 3636 irasci
372 3593 487 3634 non
514 3580 700 3644 liceat,
735 3577 904 3632 multo
933 3579 1113 3632 minus
1143 3577 1421 3632 homicidii
1468 3577 1674 3634 crimen
1704 3577 1800 3633 ad-

191 3674 428 3729 mittere.
461 3672 533 3728 ist
563 3687 686 3727 cum
720 3671 993 3727 iracundia
1025 3673 1341 3728 teneaturin
1366 3671 1801 3742 futurojutlirio;

189 3782 350 3836 quant
375 3776 641 3834 putamus
669 3779 884 3836 poenam
911 3763 1219 3821 habiturum
1247 3764 1418 3836 ipsius
1440 3764 1664 3820 sceleris
1692 3763 1806 3820 fac-

191 3869 357 3918 torem
373 3863 397 3916 ?

257 3956 318 4012 ll.
337 3955 448 4023 Qui
465 3964 643 4010 autem
659 3953 866 4019 dixerit,
888 3955 1053 4024 inquit
1067 3997 1081 4020 ,
1100 3955 1254 4024 fratri
1275 3971 1385 4020 suo,
1407 3971 1551 4018 raca,
1576 3970 1690 4007 reus
1707 3955 1805 4007 erit

189 4052 428 4106 concilio.
477 4049 581 4117 Qui
623 4057 796 4102 autem
822 4047 1046 4114 dixerit,
1082 4051 1256 4118 fatue,
1289 4064 1403 4101 reus
1432 4047 1530 4102 erit
1559 4047 1804 4118 gehent

189 4146 322 4215 ignis
350 4143 581 4214 (Matth.
612 4159 667 4210 v,
699 4142 816 4213 22).
842 4142 919 4198 lla
949 4142 1110 4197 docet
1153 4158 1252 4197 nos
1284 4143 1540 4197 Dominus
1564 4157 1660 4211 per
1687 4156 1800 4195 om-

190 4240 280 4295 nia
297 4255 422 4296 esse
447 4236 755 4312 perfectos,
779 4247 833 4290 ut
860 4254 926 4291 ne
946 4237 1156 4292 levibus
1174 4235 1390 4305 quidem
1417 4235 1500 4289 vel
1519 4234 1670 4289 vanis
1688 4249 1804 4288 ser-

189 4333 448 4389 monibus
483 4331 671 4385 futuro
689 4329 899 4400 judicio
931 4332 1007 4386 rei
1042 4343 1342 4386 teneamur.
1381 4329 1537 4383 Vetat
1569 4343 1802 4396 namque

189 4426 293 4482 dici
319 4426 506 4491 fratri,
555 4441 709 4491 raca,
749 4424 799 4479 id
831 4433 915 4479 est
956 4440 1124 4479 vacue
1157 4432 1212 4480 et
1244 4422 1418 4478 inanis
1463 4439 1475 4474 :
1516 4438 1622 4476 non
1655 4420 1798 4475 enim

188 4519 348 4576 debet
382 4521 493 4575 dici
528 4534 734 4574 vacuus
766 4518 1036 4583 etinanis,
1065 4519 1156 4589 qui
1187 4517 1290 4572 fide
1312 4529 1366 4572 et
1385 4516 1589 4587 Spiritu
1614 4527 1801 4571 saneto

188 4613 382 4683 plenus
414 4624 522 4669 est.
551 4612 742 4683 Neque
781 4614 928 4668 enim
971 4612 1136 4668 debet
1176 4613 1354 4667 fatuus
1390 4610 1674 4682 appellari,
1705 4610 1798 4681 qui

186 4707 467 4763 credendo
495 4709 551 4762 in
580 4706 822 4770 Christo,
853 4705 1052 4760 divinae
1081 4705 1363 4775 sapientiae
1407 4705 1634 4775 gratiam
1663 4719 1796 4758 con-

187 4813 413 4856 secutus
445 4810 554 4857 est.
590 4799 745 4855 Unde
784 4810 839 4854 et
871 4814 993 4855 cum
1039 4815 1133 4868 per
1170 4797 1518 4854 Salomonem
1563 4796 1796 4868 Spiritus

188 4905 414 4949 sanctus
443 4894 515 4948 de
555 4895 680 4948 viro
716 4893 1030 4964 evangelica
1070 4893 1386 4963 loqueretur
1408 4934 1422 4958 ,
1466 4893 1535 4946 ita
1570 4899 1798 4947 testatus

189 5001 296 5057 est,
329 4990 525 5046 dicens
560 5006 572 5042 :
608 4988 796 5042 Beatus
823 4989 913 5059 qui
940 5004 1042 5042 non
1073 4997 1147 5042 est
1172 4988 1346 5056 lapsus
1373 4986 1521 5040 verba
1552 4987 1657 5040 oris
1685 4986 1765 5040 sui
1783 5028 1797 5052 ,

187 5093 236 5136 et
270 5100 370 5136 non
397 5092 473 5137 est
503 5081 802 5136 stimulatus
820 5082 1031 5136 tristitia
1054 5080 1227 5134 delicti
1250 5078 1442 5150 (Eccli.
1477 5095 1587 5146 xlv,
1617 5079 1688 5150 1),
1733 5079 1801 5133 Ει

188 5176 397 5231 idcirco
419 5177 530 5231 alio
554 5177 677 5230 loco
714 5175 857 5230 idem
894 5173 1150 5230 Salomon
1195 5177 1270 5228 ait
1301 5191 1314 5226 :
1349 5171 1462 5227 Fac
1497 5177 1576 5228 ori
1606 5183 1692 5227 tuo
1717 5189 1799 5228 se-

187 5287 302 5338 ras,
331 5281 380 5326 et
411 5271 606 5343 linguae
637 5281 740 5324 tute
768 5280 814 5323 et
847 5268 1012 5323 verbis
1049 5269 1151 5322 tuis
1194 5271 1280 5338 fac
1315 5277 1560 5321 steterant
1600 5263 1791 5334 (Eccli.

190 5379 396 5432 xxvm,
430 5365 542 5432 18).
574 5363 645 5418 Et
672 5363 872 5418 iterum
899 5378 913 5416 :
938 5360 1258 5416 Circamcide
1277 5369 1377 5415 ate
1405 5374 1620 5430 pravum
1646 5375 1723 5426 os,
1750 5368 1798 5411 et

185 5459 370 5528 iniqua
399 5455 512 5530 48
541 5457 680 5510 labia
710 5458 861 5528 longe
891 5455 1090 5525 expelle
1110 5473 1140 5508 a
1159 5466 1206 5508 te
1229 5453 1416 5526 (Prov.
1457 5469 1528 5518 tv,
1566 5452 1686 5523 24).
1730 5452 1795 5507 Et

189 5555 393 5607 iterum
424 5550 1108 5620 :Indisciplinutwloquelte
1123 5565 1223 5603 non
1259 5556 1521 5604 assuescat
1549 5563 1604 5602 os
1627 5558 1797 5614 tuum;

187 5657 269 5703 est
300 5648 435 5702 enim
465 5648 517 5700 in
541 5647 636 5700 illa
663 5645 870 5700 tristitia
893 5645 1065 5698 delicti
1095 5642 1284 5717 (Eccli.
1322 5657 1476 5708 \‘Xlll,
1506 5642 1616 5708 17).
1641 5641 1797 5698 Unde

187 5740 250 5798 et
271 5742 439 5798 David
460 5743 567 5796 ait:
591 5738 759 5808 Pone,
791 5737 1032 5807 Domine,
1060 5737 1352 5794 custodiam
1378 5738 1458 5791 ori
1477 5753 1612 5803 meo,
1639 5747 1686 5792 et
1705 5753 1794 5792 os-

197 5895 221 5928 ς,
271 5867 300 5895 ι
340 5837 640 5915 Famosam.
671 5859 752 5915 Au
786 5854 1084 5925 Fumosam,
1119 5864 1280 5928 prout
1305 5867 1360 5908 tn
1385 5848 1788 5925 margineﬁry-

196 5929 391 5986 natus?

1906 3389 2029 3461 quia
2069 3389 2313 3460 discipuli
2354 3390 2454 3443 mei
2483 3389 2633 3456 estis,
2675 3389 2720 3443 si
2758 3387 3061 3442 charitutem
3100 3389 3165 3441 ad
3206 3387 3518 3441 alterutrum

1904 3481 2184 3537 habueritis
2211 3481 2396 3555 (Ibid.,
2425 3481 2539 3553 ⁸55).
2564 3481 2681 3536 Νοιι
2709 3482 2985 3536 immerito
3006 3481 3168 3534 etiam
3199 3495 3292 3549 per
3310 3479 3520 3534 Zacha-
3574 3547 3580 3551 η

1905 3576 2040 3631 riam
2067 3576 2387 3647 prophetam
2424 3577 2492 3630 ita
2521 3576 2780 3630 Dominus
2811 3575 3051 3644 loquitur
3087 3571 3380 3627 :Judicium
3401 3577 3521 3647 just

1907 3679 2012 3723 tum
2041 3682 2086 3724 et
2116 3670 2392 3742 paciﬁcum
2429 3670 2690 3742 judicate,
2717 3679 2762 3723 ct
2808 3669 2966 3722 nolite
3009 3668 3230 3722 retinere
3263 3669 3514 3722 malitiam

1904 3760 2086 3834 fratris
2115 3764 2273 3816 vestri
2311 3763 2362 3817 in
2400 3764 2639 3817 cordibus
2668 3763 2848 3816 vestris
2889 3761 3074 3832 (Zaclt.
3127 3778 3240 3828 t’ttt,
3266 3762 3380 3834 16).
3414 3763 3518 3818 l‘et'

1907 3856 2072 3912 David
2098 3873 2315 3928 quoque
2360 3858 2614 3914 similiter
2646 3868 2877 3912 testatur
2911 3875 2924 3909 :
2957 3856 3150 3912 Desine
3189 3859 3252 3912 ab
3305 3857 3417 3923 ira,
3471 3867 3516 3910 et

1905 3954 2201 4024 derelinque
2222 3953 2632 4024 indignationem
2664 3951 2838 4020 (Psal.
2871 3967 3062 4014 xxxvt,
3097 3951 3174 4023 8).
3209 3951 3330 4006 Pari
3357 3951 3516 4005 modo

1905 4048 2067 4102 etiam
2097 4062 2193 4116 per
2221 4046 2571 4102 Salomonem
2596 4045 2833 4114 Spiritus
2858 4056 3082 4098 sanctus
3107 4044 3372 4113 loquitur,
3433 4043 3519 4096 di-

1905 4155 2034 4196 cens
2071 4158 2085 4194 :
2117 4138 2288 4192 Homo
2335 4139 2530 4193 homini
2572 4155 2801 4193 reservas
2831 4137 2986 4202 iram,
3021 4147 3069 4191 et
3112 4155 3142 4189 a
3189 4135 3299 4190 Deo
3329 4137 3518 4204 quaeris

1904 4232 2152 4286 medelam
2176 4232 2199 4285 ?
2223 4229 2346 4298 Ipse
2376 4233 2428 4285 in
2459 4232 2715 4285 hominem
2746 4232 2966 4284 similem
2991 4231 3082 4283 tibi
3111 4246 3214 4284 non
3240 4231 3397 4284 habes
3420 4232 3518 4282 mi-

1904 4325 2260 4388 sericordiam,
2284 4335 2329 4379 et
2352 4324 2519 4378 Deum
2536 4340 2720 4378 exoras
2746 4339 2839 4393 pro
2865 4323 3128 4392 peccatis?
3160 4321 3228 4374 Et
3260 4323 3370 4392 ipse
3396 4339 3512 4374 cum

1904 4419 1975 4474 sis
1997 4436 2117 4473 caro
2145 4418 2334 4473 retines
2366 4418 2516 4482 irant,
2551 4427 2599 4471 et
2624 4416 3045 4488 propitiationent
3071 4415 3200 4484 petis
3224 4433 3253 4467 a
3276 4411 3428 4467 Deo?
3449 4413 3519 4466 Et

1904 4516 2020 4584 quis
2062 4513 2226 4568 orabit
2275 4530 2368 4586 pro
2427 4514 2626 4569 delictis
2657 4513 2758 4567 tuis
2812 4509 3006 4585 (Eccli.
3058 4524 3251 4570 xxvm,
3281 4506 3425 4578 5-5).
3461 4508 3524 4561 Et

1905 4607 2279 4680 superaddidit
2329 4606 2567 4664 dicens:
2603 4605 2863 4661 Mtittento
2918 4601 3218 4666 novissima,
3270 4609 3317 4653 et
3356 4599 3528 4655 desine

1822 4683 1871 4741 υ
1901 4702 2161 4757 iuimirari
2191 4701 2389 4773 (Ibid.,
2425 4702 2506 4774 6).
2535 4700 2692 4756 Unde
2721 4711 2774 4754 et
2816 4707 3043 4755 Sanctus
3083 4693 3248 4748 David
3291 4707 3527 4764 emt-lge-

1901 4796 1988 4851 lici
2015 4796 2273 4864 prmcepti
2309 4810 2406 4864 per
2438 4793 2701 4863 Spititttltl
2745 4800 2995 4846 Sanctum
3031 4803 3136 4844 non
3171 4789 3412 4858 ignarus,
3457 4785 3524 4842 de

1901 4905 1960 4945 se
1987 4889 2060 4944 ita
2095 4897 2326 4944 testatus
2357 4898 2462 4954 est,
2497 4887 2688 4942 dicens
2749 4904 2762 4941 :
2813 4884 2873 4940 Si
2924 4885 3269 4954 iniquitatem,
3325 4883 3520 4954 inquit,

1902 4985 2148 5054 conspexi
2193 4984 2244 5036 in
2290 4984 2444 5037 corde
2487 4999 2618 5048 meo,
2651 4998 2752 5035 non
2781 4981 3021 5034 erraudiet
3057 4977 3310 5035 Dominus
3339 4977 3514 5050 (Psal.

1907 5095 2035 5143 va,
2073 5078 2184 5144 l8).
2217 5077 2358 5146 Quid
2391 5078 2537 5132 enim
2573 5087 2680 5131 tam
2714 5083 2927 5145 gratum
2959 5074 3095 5138 Deo,
3128 5085 3233 5129 tam
3266 5088 3520 5129 necessa-

1905 5174 2044 5227 rium
2093 5181 2296 5226 nostra:
2327 5171 2512 5236 saluti,
2549 5185 2707 5240 quam
2760 5168 2902 5238 qttod
2940 5169 3200 5225 Dominus
3251 5168 3515 5239 praecipit,

1905 5266 2039 5321 iram
2077 5280 2182 5319 non
2237 5262 2496 5328 retinere,
2543 5263 2767 5332 pacifico
2813 5263 2996 5316 animo
3029 5277 3093 5317 ac
3119 5263 3348 5332 simplici
3382 5279 3509 5317 ron-

1903 5359 2130 5416 scientia
2156 5359 2265 5412 Deo
2284 5374 2479 5412 munus
2502 5357 2720 5425 offerre,
2745 5357 3092 5412 sicutoltlulit
3119 5357 3323 5425 primus
3345 5355 3518 5410 Abel?

1905 5453 1974 5508 Et
2004 5453 2127 5509 ideo
2157 5467 2383 5507 munera
2410 5452 2577 5520 ipsius
2602 5459 2856 5520 suscepta
2890 5459 3015 5504 sunt
3044 5464 3071 5502 a
3102 5448 3236 5511 Deo,
3261 5447 3392 5500 Cain
3427 5461 3513 5500 re-

1902 5547 2126 5618 probata
2161 5546 2322 5616 :quia
2347 5545 2478 5600 Abel
2510 5561 2641 5617 pura
2674 5560 2736 5599 ac
2765 5542 3000 5612 simplici
3029 5541 3138 5612 5o
3164 5546 3346 5594 mente
3393 5553 3510 5591 mu-

1900 5657 2031 5698 nera
2078 5640 2305 5696 Domino
2354 5639 2654 5704 offerebat;
2703 5638 2834 5692 Cain
2877 5651 3008 5689 vero
3060 5637 3190 5687 iram
3245 5631 3509 5685 adversus

1899 5735 2120 5792 fratrem
2177 5731 2397 5788 tenebat
2444 5733 2497 5786 in
2549 5732 2734 5787 corde.
2771 5728 3116 5797 Quapropter
3159 5723 3206 5777 si
3255 5721 3506 5778 volumus

1969 5850 1996 5888 b
2036 5848 2191 5918 Apud
2248 5847 2543 5905 Galland.:
2594 5846 2915 5903 Tnscnrus
2945 5837 3011 5907 γ,
3055 5838 3109 5892 in
3152 5838 3214 5895 S.
3265 5835 3501 5896 Matt/uel

1909 5921 2270 5989 Evangelium.
2494 5932 2502 5979 t
