4056 6340
539 311 643 390 τεΗ

1543 307 1602 386 ει.
1643 303 2025 391 cauom"
2063 304 2286 392 sese
2329 303 2812 396 Αρυιιιβιβιιειε

3723 302 3823 364 διε

535 435 758 506 munera
784 428 964 498 nostra
991 420 1102 502 Deo
1123 420 1361 504 placere,
1385 387 1680 501 excludere
1703 418 2034 496 iracundiam
2059 417 2127 498 de
2154 431 2208 506 Α
2308 415 2393 474 III.
2443 385 2547 502 alii
2581 434 2732 504 vero,
2762 434 2996 504 qqornm
3026 419 3254 504 assertio
3295 418 3510 494 planior
3534 415 3564 456 ι’
3592 416 3726 474 mihi
3750 417 3826 490 vi-_

533 495 697 571 corde
727 495 1010 599 debemus,
1043 495 1359 578 interfice—re.
1388 495 1646 588 malitiam
1675 521 1860 592 contra
1910 495 2128 590 fratrem
2165 498 2174 522 ³

536 619 868 679 susceptam,
901 603 1088 686 tenere
1133 625 1261 663 vero
1311 624 1497 681 paceni
1545 606 1863 672 fraternam,
1915 621 2132 690 servare

538 703 888 769 charitatem,
935 703 1162 782 diligere
1207 693 1639 782 tittsiiitttitatent,
1673 697 1947 757 cnstodire
2000 716 2133 774 con-

539 798 803 864 cordiam,
835 808 892 852 ιιι
913 777 1126 897 placare
1153 777 1438 880 Dominum
1464 811 1793 876 mereamur,
1818 796 1908 882 qui
1934 803 2017 878 est
2043 793 2136 866 be-_-

537 891 785 974 nedictus
817 892 870 974 in
895 891 1115 948 s'atcula.

1003 1002 1421 1076 rascrsrus
1476 1003 1664 1064 vntm

847 1119 913 1176 In
944 1130 1095 1190 caput
1125 1135 1157 1181 γ
1183 1118 1450 1192 Evangelii
1478 1120 1541 1177 S.
1565 1117 1824 1177 Hatthati.

611 1256 648 1312 Ι.
695 1256 823 1312 Ιόει
864 1255 989 1310 hinc
1033 1255 1314 1324 sequitur:
1351 1253 1511 1322 Esto,
1563 1253 1766 1326 inquit,
1819 1257 2140 1330 consentiens

541 1350 836 1404 adversario
875 1359 984 1414 tuo,
1013 1349 1135 1403 dum
1166 1365 1217 1403 es
1243 1364 1360 1403 cum
1387 1349 1478 1402 illo
1504 1339 1555 1402 in
1578 1349 1682 1416 uia,
1712 1366 1773 1403 ne
1804 1354 1936 1424 forte
1959 1331 2140 1428 adt'er:

539 1443 707 1497 sarius
745 1442 913 1495 tradat
949 1451 995 1495 te
1015 1441 1187 1514 judici
1212 1485 1223 1505 ,
1251 1450 1300 1494 et
1310 1441 1479 1512 judex
1522 1443 1692 1496 tradat
1715 1429 1766 1496 te
1805 1443 2064 1509 ministro,
2090 1452 2140 1524 et

534 1537 587 1589 in
617 1553 872 1590 carcerem
903 1537 1126 1590 mittaris
1155 1553 1173 1590 :
1205 1535 1363 1589 Amen
1395 1537 1508 1590 dico
1542 1537 1651 1601 tibi,
1685 1554 1784 1608 non
1833 1539 1968 1592 ea‘ies
1995 1539 2137 1605 inde,

537 1627 702 1681 donec
739 1627 924 1682 reddas
956 1629 1286 1682 novissimum
1327 1630 1664 1699 quadrantem
1707 1629 1918 1704 (Matth.
1963 1648 2015 1697 v,
2043 1631 2136 1697 25,

536 1719 654 1790 ‘26).
690 1721 762 1775 De
813 1721 918 1775 hoc
950 1721 1161 1774 Domini
1195 1721 1340 1776 dicto
1367 1722 1584 1792 quidam
1611 1725 1681 1777 ita
1709 1722 2024 1780 existimant
2055 1727 2133 1780 in.

2233 513 2414 586 detur,
2437 495 2812 588 adversarium
2825 495 2926 570 'ltic
2957 495 3222 586 Spiritum
3249 528 3496 584 sanetum
3519 513 3829 570 existimant

2234 591 2668 684 intelligendum,
2717 591 2806 677 qui
2856 593 3180 684 adversatur
3245 589 3392 663 vitiis
3441 594 3497 684 et
3551 593 3828 684 desideriis

2234 685 2432 766 carnis,
2459 699 2756 756 secundum
2780 700 2923 770 quod
2944 683 3259 770 Apostolus
3291 683 3632 766 mattifestat,
3653 683 3832 772 diceuf

2237 795 2346 844 do:
2381 788 2552 858 Caro,
2594 792 2791 861 inquit,
2831 794 3149 874 concupiscit
3197 794 3442 851 adversus
3489 793 3750 863 spiritum,
3787 802 3832 847 et

2237 884 2451 951 spiritus
2480 883 2725 939 adversus
2751 871 2958 972 carnem
3000 902 3019 940 :
3053 885 3164 940 htec
3187 887 3324 964 enim
3367 885 3466 940 sibi
3487 885 3701 941 inuicem
3741 875 3834 960 ad-

2237 988 2529 1045 versantur,
2567 990 2619 1032 ut
2641 996 2745 1034 non
2772 996 3105 1053 quaecumque
3132 982 3302 1047 vultis,
3326 982 3420 1036 illa
3450 981 3660 1052 faciatis
3694 978 3835 1052 (Gal.

2241 1088 2297 1140 v,
2325 1073 2436 1146 l7).
2465 1073 2702 1144 Spiritus
2748 1075 2892 1130 enim
2938 1075 3184 1132 ctelestia
3232 1075 3531 1142 desiderat,
3564 1089 3694 1130 caro
3732 1082 3838 1129 ter-

2242 1181 2369 1221 rena
2393 1167 2763 1242 concupiscit:
2783 1167 3023 1244 Spiritus
3054 1168 3212 1242 dgnis
3245 1168 3590 1240 spiritalibus
3618 1167 3837 1238 gaudet,

2239 1271 2368 1312 caro
2398 1257 2546 1312 vitiis
2575 1259 2954 1336 corporalibus
2981 1259 3307 1340 oblectatur.
3343 1257 3499 1315 Unde
3529 1270 3580 1314 et
3612 1259 3844 1336 Aposto-

2243 1351 2326 1410 lus
2355 1354 2466 1408 ait:
2502 1353 2674 1410 Nolite
2709 1354 3011 1434 contristare
3057 1354 3314 1430 Spiritum
3343 1363 3581 1434 sanctum
3628 1349 3749 1436 pei,
3791 1353 3842 1406 in

2239 1462 2341 1524 quo
2371 1446 2557 1517 signati
2606 1447 2726 1528 estis
2749 1447 2803 1500 in
2846 1448 2928 1502 die
2970 1447 3340 1530 redemptionis
3370 1446 3590 1520 (Ephes.
3620 1462 3696 1510 1v,
3728 1446 3839 1520 50).

2242 1539 2399 1612 Huic,
2432 1540 2616 1606 credo,
2651 1540 2967 1616 adversario
3015 1544 3222 1622 peccati
3261 1549 3316 1624 et
3361 1540 3569 1594 erroris
3602 1539 3841 1618 humani,

2241 1632 2490 1694 suadenti
2535 1649 2653 1704 quae
2692 1633 2833 1703 justa
2867 1643 2921 1700 et
2948 1643 3131 1689 sancta
3166 1641 3314 1698 sunt,
3343 1634 3396 1687 iu
3427 1634 3686 1702 omnibus
3718 1633 3846 1690 obe-

2243 1725 2360 1781 tlire
2392 1739 2492 1780 nos
2519 1725 2779 1780 Dominus
2805 1707 3097 1796 praecepit,
3125 1725 3255 1782 dum
3283 1740 3408 1781 cum
3445 1725 3543 1779 illo
3574 1739 3764 1780 sumus
3792 1723 3844 1800 in

541 1811 893 1899 telligendum
918 1855 931 1878 ,
967 1824 1274 1868 asserentes
1303 1813 1613 1884 huiusmodi
1644 1817 2017 1894 adversarium
2047 1821 2133 1890 qui
2245 1821 2350 1883 via,
2387 1818 2439 1874 id
2484 1826 2566 1903 est
2596 1817 2650 1874 in
2681 1817 2940 1898 comitatu
2974 1819 3105 1901 vitae
3147 1807 3455 1899 praesentis,
3489 1827 3548 1874 ut
3586 1807 3846 1900 :rternam

537 1887 696 1973 culpa
735 1919 832 1958 sua
875 1905 959 1960 vel
988 1905 1162 1960 aliena
1191 1907 1444 1962 inimicus
1474 1908 1766 1974 exstiterit,
1804 1887 1912 1963 cito
1947 1909 2013 1963 ad
2044 1903 2138 1980 pa-

541 2010 660 2050 cem
684 2005 738 2049 et
769 1996 1035 2051 amicitias
1067 2011 1186 2052 esse
1214 1997 1601 2064 revocandum,
1627 1999 1754 2054 dum
1777 2014 1900 2054 cum
1932 2001 2023 2056 illo
2053 1989 2142 2057 su-

543 2104 661 2142 tuus
687 2088 739 2142 iu
770 2090 891 2154 via;
926 2088 977 2144 id
1006 2098 1091 2144 est
1133 2091 1184 2144 in
1209 2106 1368 2145 cursu
1399 2091 1526 2146 vitae
1555 2094 1877 2162 prmseutis:
1911 2109 1977 2150 ne
2016 2110 2136 2149 cum

541 2182 610 2237 de
632 2181 1011 2253 s:eculo_iuerit
1032 2169 1330 2250 recessum,
1358 2186 1755 2255 unusquisque,
1779 2197 1834 2240 ut
1856 2186 2140 2244 charitatis

545 2276 834 2332 immemor
865 2287 921 2334 et
967 2279 1369 2336 inimicitiarum
1402 2297 1549 2348 reus,
1575 2282 1802 2351 incipiat
1845 2285 1954 2340 Deo
1972 2285 2140 2354 judici

541 2369 748 2437 oll‘erri,
783 2379 838 2427 et
869 2372 1005 2426 tradi
1049 2388 1078 2426 a
1121 2372 1303 2442 judice
1333 2375 1614 2441 ministro;
1647 2374 1698 2429 id
1729 2384 1813 2430 est
1850 2365 2143 2448 praeposito

543 2475 975 2533 tormentorum;
1012 2475 1070 2521 ιιι
1097 2470 1298 2524 missus
1326 2469 1377 2524 in
1400 2485 1674 2526 carcerem
1699 2461 1961 2540 gehennae.
1991 2472 2146 2529 debi~

542 2573 626 2615 tas
666 2562 872 2631 peccati
917 2577 1106 2632 ptenas
1147 2564 1412 2620 exsolvat.
1463 2563 1570 2622 Sed
1621 2567 1848 2621 assertio
1892 2568 1992 2621 ista
2037 2583 2142 2654 uoq

545 2653 758 2724 plenam
776 2653 1204 2710 videturltahere
1223 2658 1512 2711 rationem.
1529 2657 1666 2726 Quid
1682 2660 1823 2733 enim
1839 2660 1862 2712 ?
1880 2659 1926 2715 si
1949 2659 2146 2730 aliquis

547 2745 650 2820 51
676 2763 706 2803 e
735 2747 994 2803 fratribus
1025 2749 1094 2804 ob
1121 2764 1342 2824 causam
1369 2751 1491 2805 ﬁdei
1525 2752 1866 2806 adversarius
1890 2754 2142 2820 exsistat,

547 2843 808 2913 numquid
853 2846 1097 2915 perﬁdia:
1144 2848 1315 2918 ipsius
1365 2863 1670 2904 consensus
1718 2843 2149 2926 commodandus

547 2947 649 3004 est,
694 2955 761 2993 ne
808 2954 933 2995 cum
967 2942 1058 2996 tali
1089 2941 1344 3013 religiosa
1378 2943 1649 2998 discordia
1687 2945 1942 3000 maneat?
1969 2927 2146 2999 Habe;

551 3048 668 3086 mus
697 3034 1038 3090 adversarios
1068 3047 1122 3092 et
1160 3019 1398 3109 gentiles
1426 3038 1517 3108 qui
1545 3037 1666 3092 lldei
1701 3048 1902 3112 nostra:
1948 3023 2150 3094 adver—

545 3134 756 3191 santur,
789 3128 876 3198 qui
928 3143 1027 3182 nus
1074 3128 1352 3184 interdum
1388 3140 1632 3200 tempore
1660 3130 2055 3212 persecutionis
2082 3125 2148 3185 ad

2245 1928 2453 1988 pacem,
2485 1921 2539 1967 et
2566 1923 2881 1992 perpetuam
2911 1905 3226 1994 societatem
3250 1927 3370 1994 cum
3398 1928 3465 1968 eo
3489 1911 3697 1988 habere
3728 1926 3849 1982 pos-

2242 2008 2431 2061 simus.
2463 2007 2658 2082 Verum
2693 1989 2744 2078 si
2777 2007 2896 2080 quis
2926 1989 3195 2062 voluntati
3228 1989 3466 2074 Spiritus
3497 2004 3675 2083 sancti
3704 2003 3849 2084 dicto

2243 2115 2350 2154 non
2375 2077 2602 2178 audiens
2623 2107 2678 2176 et
2701 2077 3006 2178 contrarius
3031 2098 3324 2162 exstiterit,
3357 2113 3464 2176 non
3494 2078 3719 2178 dubium
3743 2077 3846 2162 cs‘t,

2243 2171 2552 2264 huiusmodi
2585 2171 2885 2266 hominem,
2913 2173 3035 2262 post
3057 2179 3344 2244 excessum
3382 2171 3660 2255 vitae,UDei
3691 2187 3848 2256 Filio,

2241 2273 2331 2355 qui
2359 2283 2522 2354 iudex
2557 2273 2802 2348 vivorum
2831 2297 2894 2338 ac
2923 2267 3260 2336 mortuorum
3292 2267 3398 2346 est,
3423 2280 3795 2364 offerendum,
3820 2295 3849 2334 a

2245 2361 2352 2460 quo
2368 2376 2609 2432 tradetur
2625 2378 2896 2442 ministro,
2913 2375 2964 2430 id
2979 2365 3302 2462 est,Angelo
3319 2359 3721 2430 tormentorum
3735 2359 3850 2429 mit-

2248 2469 2440 2525 tendus
2466 2471 2517 2524 in
2539 2486 2758 2526 carcere
2787 2470 3070 2541 gehennae;
3091 2467 3233 2524 unde
3258 2484 3366 2525 non
3393 2469 3725 2535 dimittetur,
3746 2467 3851 2523 nisi

2244 2564 2406 2618 etiam
2430 2564 2535 2638 53
2565 2563 2921 2618 novissimum
2970 2549 3330 2634 quadrantem
3378 2547 3687 2628 reddata-id
3713 2562 3846 2629 ’est,

2247 2653 2478 2712 omnem
2518 2672 2732 2738 pmuau}
2767 2655 2933 2726 debiti
2964 2654 3125 2710 etiam
3159 2670 3330 2725 usque
3359 2652 3427 2709 ad
3484 2654 3850 2722 novissimum

2251 2763 2531 2830 peccatum
2565 2752 2840 2804 exsolvat.
2869 2749 2947 2805 De
2992 2748 3096 2803 hoc
3124 2747 3295 2819 igitur
3317 2749 3642 2832 adversario
3669 2746 3855 2800 Domi-

2250 2863 2351 2918 nus
2387 2825 2453 2900 ιη’
2490 2825 2742 2916 praesenti
2774 2845 2900 2900 loco
2946 2843 3090 2916 loqui
3147 2825 3493 2914 intelligitur,
3524 2843 3618 2912 qui
3651 2842 3855 2918 adver-

2251 2914 2380 2996 sans
2406 2931 2644 3014 peccatis
2665 2938 2872 2994 nostris
2903 2938 3133 2992 salutem
3157 2944 3399 2990 nostram
3427 2923 3736 3016 desiderat,
3761 2934 3854 3018 qui

2254 3048 2352 3088 nos
2381 3032 2584 3088 idcirco
2611 3033 2760 3102 cttpit
2787 3031 2890 3087 sibi
2943 3045 3068 3088 esse
3099 3015 3530 3095 consentaueos,
3562 3015 3623 3083 ut
3654 3038 3711 3083 et
3740 3015 3858 3099 pai-

2254 3140 2350 3180 nas
2375 3125 2570 3206 inferni
2594 3123 2855 3191 evadere,
2881 3132 2936 3178 et
2957 3113 3119 3192 reg-na
3149 3111 3398 3178 coelestia
3433 3121 3702 3198 consequi
3737 3135 3856 3204 me-

547 3218 778 3274 nelauda
811 3222 1074 3276 sacriﬁcia
1107 3232 1312 3292 cogunt
1341 3239 1353 3274 :
1390 3222 1648 3292 numquid
1679 3211 1738 3278 et
1763 3205 2008 3293 propter
2043 3222 2149 3308 ht‘tg
2175 3225 2219 3285 C
2256 3205 2493 3274 reamur.
2545 3219 2620 3273 De
2649 3233 2756 3288 quo
2786 3205 2846 3271 et
2871 3216 3127 3301 Salomon
3162 3217 3213 3296 in
3256 3215 3399 3270 libro
3424 3229 3525 3268 Suo
3551 3214 3746 3269 testari
3780 3214 3861 3268 vi-

539 3313 779 3383 jusmodi
827 3315 1174 3372 adversarios
1205 3317 1307 3372 hoc
1337 3317 1603 3386 agendum
1647 3329 1762 3385 est,
1794 3319 2150 3389 quemadmo-

549 3406 673 3460 dum
706 3407 969 3478 voluntati
995 3407 1239 3476 ipsorum
1283 3424 1612 3486 consensum
1645 3401 1968 3480 sacrilegum
1999 3426 2150 3486 cont:

549 3483 856 3561 modeinus,
880 3514 946 3554 ne
976 3499 1178 3553 inimici
1207 3501 1846 3572 permaneantiquorum
1871 3481 2152 3572 sacrilega:

550 3589 889 3658 persuasioui
915 3605 1024 3646 non
1045 3591 1206 3645 modo
1224 3595 1675 3648 consentiendum
1703 3579 1810 3648 nou
1836 3606 1942 3659 est,
1963 3610 2150 3651 verum

552 3681 715 3734 etiam
751 3681 947 3736 invicta
980 3682 1084 3738 ﬁde
1109 3683 1498 3760 resistendum.
1604 3667 1608 3671 ’
1800 3663 1806 3676 ’
1930 3681 1935 3690 ’
1977 3674 1980 3676 ’

626 3770 690 3826 ιι.
735 3772 964 3840 Quidam
1013 3775 1174 3829 etiam
1226 3787 1412 3847 aperte
1443 3777 1812 3834 adversarium
1847 3779 1936 3834 ltic
1966 3778 2155 3834 diabo-

556 3863 667 3918 lum
702 3864 1115 3936 intelligendum
1142 3869 1487 3936 exiSIimant;
1516 3870 1661 3941 quod
1692 3887 1795 3948 qua
1820 3873 2028 3926 ratione
2058 3871 2155 3926 ad-

553 3967 788 4023 struant,
824 3975 928 4014 non
961 3962 1360 4019 animadverto.
1395 3962 1450 4017 ιη
1481 3979 1590 4034 quo
1630 3962 1776 4019 enim
1822 3965 1985 4020 debet
2022 3980 2154 4021 con-

555 4065 750 4105 sensus
792 4052 1012 4108 diabolo
1057 4057 1429 4121 commodari;
1462 4057 1618 4134 cujus
1658 4058 1760 4114 ltoc
1792 4074 1929 4129 opus
1961 4070 2066 4128 est,
2098 4066 2157 4114 ut

558 4153 728 4199 totum
758 4155 946 4200 contra
982 4147 1163 4211 ﬁdem,
1198 4158 1383 4202 contra
1413 4150 1669 4216 salutem,
1698 4161 1890 4206 contra
1912 4153 2152 4208 divinam

555 4241 879 4314 religionem
907 4246 1152 4311 suadeat,
1182 4244 1454 4308 hortetur,
1475 4247 1967 4316 extorqueatiNisi
1997 4247 2157 4302 forsi-

558 4345 646 4412 tan
681 4338 784 4393 hoc
811 4353 975 4394 sensu
1007 4340 1242 4411 intelligi
1273 4340 1490 4409 debeat,
1511 4350 1570 4397 ut
1597 4343 1641 4396 si
1675 4342 1810 4398 forte
1841 4354 2158 4413 persecutor

553 4433 753 4504 aliquis
783 4434 1037 4489 inimicus
1066 4437 1361 4500 exsisteus,
1395 4437 1477 4491 vel
1509 4435 1761 4492 diabolus
1790 4424 1937 4516 (quia
1968 4445 2157 4492 auctor

557 4528 952 4598 persecutionis
1002 4525 1110 4599 εει)
1165 4529 1402 4583 voluerit
1450 4515 1610 4584 causa
1671 4515 1906 4608 nominis
1954 4528 2156 4584 Christi

2251 3311 2411 3368 detur
2462 3354 2476 3378 ,
2529 3287 2678 3366 cum,
2713 3311 2892 3367 dicit:
2942 3287 3031 3364 Est
3080 3287 3248 3374 unus,
3289 3320 3335 3363 et
3391 3325 3494 3363 non
3544 3319 3620 3363 est
3675 3325 3861 3363 secun-

2252 3405 2372 3470 dus,
2406 3414 2452 3457 et
2481 3403 2687 3477 quidem
2715 3420 2805 3457 nec
2835 3405 3006 3472 ﬁlius,
3037 3419 3128 3458 nec
3159 3406 3323 3466 frater
3352 3412 3424 3456 est
3453 3402 3524 3469 ei,
3553 3413 3603 3455 et
3632 3418 3739 3455 non
3784 3412 3860 3456 est

2254 3491 2376 3568 ﬁnis
2401 3499 2542 3552 omni
2567 3477 2860 3552 labori-suo
2893 3495 3089 3569 (Eccle.
3122 3512 3194 3562 tv,
3228 3494 3306 3568 8).
3357 3495 3467 3552 Et:
3502 3487 3707 3565 Optimi
3737 3505 3861 3550 sunt

2255 3594 2359 3668 duo
2389 3609 2542 3668 quam
2570 3592 2925 3662 unus,quibus
2938 3601 3008 3645 est
3038 3606 3230 3668 merces
3257 3589 3390 3644 bona
3420 3588 3574 3643 labor
3603 3591 3862 3660 ipsorum;

2255 3687 2377 3758 quia
2430 3687 2473 3740 si
2500 3675 2743 3741 ceciderit
2782 3703 2935 3749 unus,
2965 3686 3096 3739 alter
3122 3685 3278 3755 erigit
3324 3684 3526 3738 socium
3556 3671 3864 3740 suquVa!

2252 3781 2334 3835 illi
2355 3781 2445 3834 uni
2469 3797 2583 3834 cum
2627 3780 2886 3846 ceciderit,
2915 3779 3034 3850 quia
3064 3794 3167 3832 non
3193 3776 3345 3831 habet
3370 3777 3459 3845 qui
3490 3776 3658 3848 erigat
3710 3779 3863 3831 illum

2259 3876 2449 3948 (lbid.,
2481 3875 2536 3942 9,
2574 3875 2660 3947 IO)
2693 3892 2706 3929 :
2737 3874 3038 3930 ostendens
3083 3873 3209 3950 quia
3259 3886 3391 3954 caro
3443 3885 3571 3942 qua:
3623 3886 3862 3954 concor-

2257 3947 2400 4024 diam
2428 3978 2482 4024 et
2509 3969 2822 4024 societatem
2857 3967 3030 4023 sancti
3066 3947 3306 4034 Spiritus
3330 3947 3540 4020 habere
3570 3947 3862 4033 meruerit,

2256 4051 2388 4117 cum
2412 4061 2465 4116 itt
2492 4055 2721 4116 mortem
2751 4058 3034 4124 ceciderit,
3055 4057 3124 4114 ab
3153 4058 3348 4140 eodem
3375 4056 3589 4129 Spiritu
3621 4058 3868 4140 erigatur

2255 4154 2309 4210 in
2329 4155 2492 4209 vitam
2521 4165 2572 4209 et
2605 4153 2833 4222 gloriam
2879 4135 3305 4220 sempiternam;
3337 4135 3417 4204 Et
3469 4135 3634 4229 ideo,
3657 4141 3741 4204 vte
3771 4151 3866 4206 uni

2256 4250 2333 4305 illi
2359 4249 2534 4314 dixit;
2564 4231 2692 4318 quia
2725 4262 2848 4302 cum
2888 4245 3176 4311 ceciderit,
3206 4259 3314 4298 non
3368 4243 3535 4298 habet
3565 4245 3657 4314 qui
3688 4244 3869 4315 erigat

2257 4359 2381 4399 eum
2416 4360 2429 4396 :
2463 4341 2516 4396 id
2568 4319 2675 4404 est,
2715 4341 2840 4411 quia
2891 4353 3019 4394 caro
3063 4321 3570 4408 quae'consortium
3619 4321 3868 4408 Spiritus

2259 4453 2356 4508 per
2376 4433 2754 4492 inﬁdelitatem
2780 4447 2933 4488 suam
2966 4431 3363 4485 nou'meruerit
3401 4429 3632 4497 habere,
3665 4419 3777 4486 non
3813 4434 3867 4487 in

2259 4527 2425 4586 'vitam
2452 4508 2713 4586 :cternam
2741 4527 2989 4596 erigitur,
3038 4523 3132 4578 sed
3166 4525 3220 4578 in
3272 4538 3489 4592 poenam
3540 4519 3867 4595 perpetuam

554 4620 865 4674 Christiano
897 4629 1127 4674 mortem
1160 4620 1386 4684 inferre,
1419 4621 1654 4706 libenter
1697 4605 2023 4697 Consensum
2064 4637 2155 4677 ac—
2183 4619 2234 4680 D
2260 4600 2553 4681 suscitatur
2584 4621 2652 4675 ab
2675 4636 2740 4676 eo
2787 4621 2876 4690 qui
2929 4618 3098 4687 iudex
3131 4619 3383 4674 vivorum
3416 4629 3470 4673 et
3519 4628 3869 4675 mortuorum

555 4711 887 4775 commodet,
928 4720 985 4765 ut
1016 4713 1176 4766 morti
1213 4726 1310 4780 pro
1337 4689 1558 4766 Christo
1611 4689 1879 4778 tradatur,
1906 4729 1973 4769 ne
2012 4689 2155 4770 idem

557 4805 829 4870 diabolus,
863 4806 953 4875 qui
995 4815 1266 4858 accusator
1312 4813 1482 4858 noster
1530 4813 1646 4871 est,
1689 4793 1819 4861 reos
1866 4821 1965 4860 nos
2014 4793 2156 4882 apud

560 4897 730 4951 Deum
783 4897 1082 4952 constituat
1124 4903 1194 4951 de
1228 4895 1352 4950 fidei
1389 4887 1873 4964 praevaricatione,
1900 4908 1956 4975 et
1982 4912 2156 4968 poena:

555 4992 822 5046 obnoxios
868 4991 1029 5046 faciat
1059 5009 1072 5046 :
1101 4991 1228 5062 quia
1255 4990 1526 5058 diabolus,
1556 4993 1804 5060 quamvis
1846 4993 2026 5074 omnis
2052 4994 2159 5050 cri-

559 5084 721 5138 minis
767 5097 956 5138 auctor
984 5087 1076 5152 sit,
1113 5087 1232 5156 ipse
1279 5095 1455 5140 tamen
1487 5095 1542 5142 et
1577 5095 1866 5142 accusator
1909 5095 2010 5143 est.
2042 5087 2155 5144 Hoc

557 5179 703 5234 enim
735 5178 935 5234 dictum
967 5179 1036 5235 de
1067 5195 1133 5235 eo
1161 5181 1215 5234 in
1248 5179 1534 5252 Apocalysi
1567 5180 1795 5252 legimus
1827 5204 1840 5238 :
1875 5181 1940 5235 Et
1973 5185 2158 5254 praxi-

556 5273 748 5342 pitatus
773 5283 868 5338 est,
887 5274 1080 5344 inquit,
1106 5274 1276 5328 Draco
1292 5287 1563 5352 accusator
1591 5279 1812 5348 fratrum
1840 5288 2156 5354 nostrorum,

559 5367 666 5440 52
703 5367 790 5439 qui
820 5370 1090 5423 accusabat
1119 5385 1205 5423 eos
1234 5369 1288 5422 in
1335 5381 1608 5438 conspectu
1659 5371 1756 5425 Dei
1794 5353 1968 5426 dieac
2014 5377 2160 5426 nocte

560 5461 749 5529 (Apoc.
788 5475 882 5526 xu,
919 5461 1026 5535 10).
1059 5463 1180 5529 Ipse
1226 5477 1437 5527 suasor,
1470 5463 1587 5534 ipse
1625 5473 1914 5520 accusator
1944 5457 2158 5548 Suadet,

561 5565 618 5610 ut
643 5554 914 5625 decipiat;
942 5566 1185 5623 accusat,
1218 5564 1280 5611 ut
1308 5555 1554 5610 damnet.

628 5730 657 5760 ι
697 5721 852 5792 Apud
892 5720 1144 5776 Galland.
1191 5735 1204 5772 :
1237 5716 1566 5775 Tascrnus
1590 5716 1680 5794 Ἧι
1718 5722 1770 5773 in
1802 5719 1862 5774 S.
1920 5715 2157 5776 Matthxi

555 5791 916 5868 Evangelium.
945 5864 956 5868 Α
1301 5809 1303 5811 ·

565 5861 571 5878 ³
613 5862 658 5932 ’ἓ
699 5861 787 5931 ᾸΙ.
818 5864 1018 5952 plenior

2259 4725 2383 4773 est:
2417 4714 2504 4796 cui
2558 4723 2644 4771 est
2673 4714 2792 4768 laus
2837 4720 2892 4767 et
2925 4712 3124 4783 gloria,
3160 4712 3212 4766 in
3259 4713 3457 4768 smcula
3507 4714 3865 4768 smculorum.

2258 4811 2454 4868 Amen.
2689 4900 2800 4975 5‘.
2837 4897 3258 4956 TRACTATUS
3312 4899 3386 4955 IX
3409 4911 3459 4954 ο.

2582 5037 2648 5110 ιη
2675 5047 2832 5122 ,εαρμει
2863 5054 2892 5093 ν
2919 5036 3189 5118 Evangelii
3215 5036 3279 5114 ὃ·
3309 5035 3567 5118 Mittite?-

2333 5179 2374 5234 1.
2405 5176 2610 5234 Deinde
2652 5175 2727 5230 ait
2758 5193 2772 5229 :
2802 5173 3053 5236 Audistis,
3100 5173 3224 5244 quia
3246 5170 3441 5224 dictum
3485 5180 3564 5226 est
3593 5171 3827 5240 antiquis
3850 5187 3870 5224 :

2263 5272 2384 5328 Non
2406 5249 2757 5328 incechaberis.
2793 5267 2904 5340 Ego
2932 5259 3241 5321 autem‘dico
3269 5265 3409 5318 uobis
3443 5280 3461 5319 :
3494 5263 3557 5318 Si
3576 5265 3695 5336 quis
3724 5263 3873 5318 vide-

2260 5368 2328 5421 rit
2346 5366 2609 5420 mulierem
2634 5362 2702 5416 ad
2731 5361 3199 5430 concupiscendum
3244 5373 3384 5421 eam,
3417 5359 3539 5426 jam
3584 5361 3873 5411 masc/tatus

2263 5471 2337 5516 est
2364 5462 2419 5514 in
2475 5458 2628 5513 corde
2673 5473 2768 5510 suo
2809 5453 3028 5527 (Matth.
3051 5469 3105 5519 v,
3146 5453 3242 5519 27,
3271 5451 3391 5523 28).
3426 5450 3549 5506 Non
3585 5452 3875 5513 immerito

2265 5561 2486 5610 sanctus
2510 5549 2680 5605 David
2727 5547 2835 5614 ait,
2862 5545 3098 5604 dicendo
3131 5562 3144 5599 :
3177 5543 3258 5599 Tu
3313 5545 3578 5599 mandasti
3623 5543 3877 5598 mandata

2336 5725 2358 5756 ο
2383 5713 2542 5790 Apud
2580 5708 2838 5772 Gatland.
2874 5728 2888 5766 :
2921 5709 3251 5774 Teucrum;
3290 5706 3405 5790 γω
3455 5709 3511 5775 in
3539 5707 3606 5770 S.
3633 5706 3876 5780 Mazagas“

2264 5784 2624 5874 Euangelium.
