4056 6340
459 290 561 350 581

1473 292 1530 350 S.
1571 289 1956 350 CHROMATII
1995 289 2212 348 EPISC.
2255 292 2742 362 AQUILEIENSIS

3654 301 3761 358 352

460 408 704 466 mchari
731 409 949 483 (Matth.
976 426 1030 474 ν,
1057 411 1150 477 5|,
1179 409 1298 482 52).
1320 409 1380 465 In
1411 409 1666 464 omnibus
1704 407 1972 462 Dominus
2000 419 2065 461 ac
2101 412 2144 473 Α
2169 406 2435 464 dicendo:
2486 408 2751 465 Jnrationi
2798 427 2901 466 non
2955 421 3219 467 assuescat
3273 429 3329 468 os
3379 422 3525 468 tuum
3574 412 3767 484 (Et-cli.

460 498 713 558 Salvator
741 513 927 558 noster
975 503 1107 574 legis
1158 503 1392 573 antiquae
1422 501 1543 571 iura
1586 501 1841 555 reformat
1868 500 1920 553 in
1952 515 2066 553 nte-

462 597 590 652 lius.
625 597 956 653 iamdudum
1005 599 1221 670 quidem
1253 596 1455 668 populo
1481 593 1710 650 .Iudaico
1759 593 1946 648 illicite
1988 592 2068 647 vi-

462 689 614 747 venti
635 707 699 748 ac
731 698 844 747 suis
874 693 1242 760 voluptatibus
1271 691 1566 755 servienti,
1611 705 1707 758 per
1728 688 1946 760 Moysi-ii
1981 702 2068 743 re-

467 783 614 854 pudii
645 784 808 840 dandi
837 799 1181 856 quacumque
1211 783 1279 838 de
1299 797 1461 838 causa
1523 781 1732 837 indulta
1779 781 2071 837 videbatur

469 877 729 945 licentia;
767 897 872 934 non
905 880 1046 950 quod
1101 882 1172 934 ita
1220 879 1350 948 legis
1391 879 1530 932 ratio
1581 879 1923 948 postularet,
1974 875 2071 931 sed

473 965 596 1044 quia
638 974 821 1044 populi
881 974 1116 1029 carnalis
1156 971 1420 1028 ell'renata
1473 970 1730 1042 voluptas
1775 970 2074 1025 secundum

471 1064 710 1137 rigorem
775 1067 1080 1136 disciplina:
1138 1065 1406 1136 justitiam
1483 1065 1619 1134 legis
1704 1073 1893 1119 tenere
1965 1077 2072 1118 non

476 1169 685 1231 posset.
722 1159 930 1215 Idi-irco
966 1159 1080 1214 haec
1106 1158 1370 1231 permissa
1401 1157 1631 1213 facultas
1649 1168 1752 1220 est,
1774 1156 2072 1213 secundum

476 1252 621 1321 quod
655 1252 762 1306 alio
793 1251 844 1306 in
871 1251 989 1306 loco
1017 1253 1134 1320 ipse
1158 1250 1422 1305 Doininus
1451 1265 1714 1320 responso
1733 1265 1857 1315 suo,
1900 1251 2076 1304 adhuc

483 1345 567 1398 eis
595 1343 994 1414 requirentibus
1017 1385 1031 1408 ,
1061 1343 1392 1398 manifestat.
1426 1343 1560 1398 Nam
1610 1359 1732 1398 eum
1778 1344 2026 1398 dicerent
2056 1385 2072 1407 ,

475 1451 574 1493 cur
604 1437 812 1510 Moyses
861 1437 1200 1507 permisisset
1229 1438 1345 1493 dari
1392 1438 1632 1494 libellum
1674 1438 1927 1508 repudii,
1989 1453 2079 1493 re-

474 1529 695 1599 spondit
741 1530 1000 1585 Dominus
1050 1532 1240 1585 dicens
1265 1551 1278 1585 :
1307 1531 1386 1584 Ad
1427 1531 1676 1584 duritiam
1714 1531 1884 1586 cordis
1925 1530 2077 1585 vestri

476 1623 680 1694 scripsit
717 1622 814 1677 hoc
846 1621 1074 1694 Moyses,
1105 1625 1222 1678 dari
1271 1623 1502 1679 libellum
1538 1626 1786 1697 repudii;
1837 1623 1898 1677 ab
1934 1624 2078 1677 initio

477 1727 648 1771 autem
673 1732 773 1770 non
797 1717 893 1785 fuit
916 1719 991 1771 sic
1039 1718 1056 1787 (
1088 1715 1279 1771 Matth.
1305 1733 1418 1785 nx,
1453 1723 1485 1773 8
1509 1719 1552 1787 ).
1591 1718 1746 1772 Unde
1796 1732 1941 1772 nunc
1973 1731 2078 1772 non

2172 518 2366 564 χχχιιι.
2393 501 2470 573 9).
2505 503 2570 557 Et
2603 505 2832 559 itetum:
2875 505 3023 560 Sicut
3053 517 3226 560 autem
3267 524 3439 562 servus
3479 509 3772 580 flagellatus

2170 595 2394 656 assidue,
2425 612 2457 648 a
2492 595 2651 650 livore
2687 613 2789 650 non
2822 598 3114 662 minuitur;
3148 599 3223 652 sic
3248 600 3413 655 omnis
3430 601 3626 672 jurans
3667 613 3712 656 et
3744 601 3772 640 δ

2172 687 2480 760 negotians,
2541 705 2574 742 α
2625 700 2834 759 peccato
2887 707 2988 744 non
3039 693 3336 762 purgabitar
3389 691 3586 762 (Ibid,
3661 692 3774 766 il).

2175 779 2329 834 Unde
2375 781 2562 848 iurare
2603 796 2702 835 nos
2747 797 2972 851 prorsus
3006 798 3113 837 non
3155 787 3434 839 convenit.
3462 785 3604 854 Quid
3634 788 3780 840 enim

2175 874 2468 943 unicuique
2500 883 2744 928 nostrum
2789 873 2977 944 iurare
3031 890 3256 931 necesse
3293 888 3400 943 est,
3451 893 3581 932 cunt
3626 875 3784 931 nobis

2177 967 2391 1022 mentiri
2421 967 2647 1021 omnino
2679 983 2787 1023 non
2829 969 3032 1033 liceat;
3071 985 3303 1039 quorum
3344 974 3509 1026 verba
3547 973 3619 1025 ita
3649 986 3784 1026 vera

2177 1077 2417 1133 semper,
2468 1063 2540 1117 ita
2594 1062 2797 1128 debent
2831 1079 2954 1120 esse
3006 1063 3345 1128 ﬁdelissima,
3387 1075 3446 1119 ut
3501 1080 3602 1136 pro
3636 1067 3789 1135 iura-

2179 1164 2365 1210 mento
2401 1154 2747 1210 habeantur?
2789 1158 2850 1210 lit
2897 1157 3104 1212 idcirco
3152 1157 3413 1213 Dominus
3455 1173 3564 1213 non
3603 1162 3786 1214 solum

2179 1252 2444 1322 peierare,
2481 1251 2578 1306 sed
2609 1253 2774 1307 etiam
2823 1253 3011 1322 iurare
3052 1268 3151 1308 nos
3199 1255 3491 1323 prohibet;
3535 1269 3606 1311 ne
3659 1265 3789 1309 tunc

2183 1354 2389 1399 tantum
2437 1345 2716 1400 videamur
2753 1361 2942 1400 verum
2991 1345 3196 1411 dicere,
3227 1362 3348 1402 cum
3397 1346 3684 1418 iuramus;
3719 1361 3790 1402 ne

2183 1453 2320 1510 quos
2353 1453 2576 1493 veraces
2619 1441 2672 1494 in
2717 1440 2866 1492 onmi
2900 1455 3156 1495 sermone
3187 1454 3310 1495 esse
3349 1441 3664 1507 constituit,
3689 1456 3793 1510 pu-

2187 1543 2428 1587 taremus
2455 1533 2575 1588 sine
2597 1533 2911 1602 iuramento
2941 1533 3148 1589 licitum
3197 1551 3319 1591 esse
3347 1537 3590 1591 tnentiri.
3641 1535 3795 1592 Iura-

2186 1625 2356 1679 menti
2403 1626 2546 1680 enim
2594 1625 2710 1680 haec
2747 1641 2910 1680 causa
2951 1636 3056 1691 est,
3110 1627 3236 1698 quia
3267 1631 3446 1683 omnis
3491 1630 3581 1698 qui
3610 1627 3782 1699 iurat,

2184 1718 2249 1773 ad
2276 1718 2567 1788 hociurat,
2603 1730 2658 1773 ut
2691 1719 2835 1789 quod
2868 1734 3057 1774 verunt
3100 1730 3184 1774 est
3215 1722 3524 1792 ϐιοψιὲὶιιιΐ.
3571 1721 3638 1776 Ει
3668 1721 3792 1777 ideo

480 1810 758 1867 immerito
806 1815 1066 1867 Dominus
1104 1828 1167 1866 ac
1192 1811 1443 1867 Salvator
1474 1823 1684 1879 noster,
1735 1813 1946 1867 sublata
1990 1813 2082 1866 illa
2114 1816 2157 1877 Β
2189 1813 2448 1867 Dominus
2500 1813 2640 1867 inter
2695 1812 3068 1883 iuramentum
3112 1825 3166 1869 et
3225 1814 3496 1885 loquelam
3545 1825 3796 1871 nostram

482 1901 727 1970 licentia,
780 1907 1022 1974 antiquae
1069 1903 1478 1958 conSIitutionis
1515 1921 1627 1958 sua:
1658 1914 1932 1974 praecepta
1989 1918 2080 1958 re-

487 1993 902 2050 staurat..liibet
919 2012 1153 2066 namque
1174 1995 1506 2050 matrimonii
1537 2011 1746 2050 casmnt
1770 1995 2085 2066 c0njngiunt

483 2089 849 2146 indissolubili
879 2092 999 2160 lege
1031 2091 1260 2154 servari,
1302 2092 1601 2146 ostendens
1643 2091 1881 2162 coniugii
1912 2093 2085 2160 legem

483 2197 512 2236 a
544 2198 604 2237 se
639 2197 760 2237 esse
778 2187 1029 2252 primitus
1060 2185 1385 2239 institutam.
1416 2185 1538 2253 lpse
1584 2186 1731 2240 enim
1787 2187 1859 2238 ait
1888 2202 1901 2238 :
1935 2184 2088 2250 Quod

485 2295 610 2352 ergo
647 2277 783 2333 Deus
813 2279 1084 2350 conjunxit
1109 2280 1162 2333 in
1193 2297 1380 2346 unum,
1417 2281 1568 2334 homo
1597 2296 1697 2332 non
1723 2278 1832 2351 59
1861 2287 2085 2350 separet.

497 2377 617 2442 Quo
652 2374 800 2428 dicto
851 2385 906 2430 et
944 2383 971 2411 ιι
1023 2376 1291 2445 passivam
1346 2373 1662 2429 Judaeorunt
1707 2374 2006 2438 lll'Clllinlll,
2036 2381 2091 2428 et

483 2466 705 2521 stullatn
758 2481 821 2520 ac
875 2467 1246 2521 miserabilem
1293 2467 1721 2521 Manicltzeoruttt
1782 2481 2088 2536 prtesuntp-

488 2559 716 2625 tionem,
761 2560 855 2629 qui
881 2569 1132 2629 neganta
1161 2559 1272 2614 Deo
1291 2575 1412 2614 esse
1438 2559 1718 2630 coniugia,
1759 2559 1922 2629 huius
1965 2575 2092 2614 scn-

490 2655 676 2707 tentia:
707 2657 1152 2722 pronuntiatione
1174 2651 1475 2716 damnavit,
1506 2651 1715 2713 dicens,
1734 2665 1946 2723 excrpta
1967 2667 2094 2704 cau-

495 2761 554 2800 sa
593 2744 952 2814 fornicationis
995 2761 1221 2799 uxorem
1254 2759 1361 2798 non
1405 2743 1576 2799 licere
1610 2743 1810 2797 dimitti
1845 2761 1856 2796 :
1905 2753 2095 2809 aperte

497 2838 912 2903 deitinnstrans,
948 2853 1072 2892 eum
1123 2849 1316 2892 contra
1351 2837 1445 2891 Dei
1501 2852 1662 2907 agere
1717 2841 2093 2900 voluntatem,

508 2933 599 3003 qui
633 2933 1042 2987 matrimonium
1068 2947 1096 2984 a
1127 2931 1239 2985 Deo
1273 2930 1519 3001 iunctum
1549 2929 1731 2983 illicita
1760 2929 1980 2983 divortii
2009 2945 2096 2984 se-

498 3029 786 3096 paratione
817 3035 1089 3080 temerare
1123 3025 1554 3094 prtesumpserit.
1583 3022 1739 3079 Unde
1771 3038 1878 3078 non
1934 3024 2090 3094 igno-

499 3129 644 3183 rent,
676 3134 838 3189 quam
871 3133 1036 3189 grave
1069 3119 1211 3186 apud
1258 3118 1425 3172 Deum
1467 3116 1840 3171 damnationis
1887 3114 2096 3170 crimen

2189 1909 2392 1964 nullam
2422 1911 2529 1963 vult
2556 1908 2662 1980 61
2697 1923 2819 1963 esse
2859 1908 3174 1963 diStanliam
3201 1925 3215 1961 :
3247 1910 3372 1980 quia
3401 1909 3547 1965 sicut
3575 1912 3625 1964 iii
3649 1911 3801 1980 inra-

2189 2014 2374 2060 mento
2414 2005 2617 2059 nullam
2660 2004 2916 2059 convenit
2955 2017 3078 2058 esse
3115 2002 3422 2075 perfidiam,
3465 2004 3539 2058 ita
3583 2019 3800 2075 quoque

2191 2098 2243 2152 in
2279 2097 2462 2153 verbis
2494 2099 2694 2152 nostris
2718 2097 2929 2152 nullum
2953 2097 3112 2152 debet
3136 2097 3798 2170 essemendacium,quia

2190 2204 2504 2261 utrumque,
2537 2200 2591 2246 et
2633 2192 2932 2260 periurium
2972 2202 3026 2248 et
3067 2191 3430 2254 nn-ndacium,
3458 2191 3801 2261 diviniiudi-

2190 2287 2259 2341 cii
2288 2301 2444 2355 pretia
2470 2288 2776 2351 damnatur,
2807 2285 3022 2340 dicente
3050 2286 3361 2355 Scriptura:
3391 2283 3464 2340 0s
3485 2285 3630 2352 quod
3661 2303 3803 2340 men-

2194 2380 2343 2445 titur,
2396 2379 2584 2433 occidit
2629 2379 2856 2432 animant
2913 2378 3069 2451 (Sap.
3130 2394 3168 2441 ι,
3213 2377 3323 2437 ll).
3368 2377 3626 2448 Quisquis
3669 2392 3800 2446 ergo

2193 2488 2382 2530 verum
2409 2473 2669 2543 loquitur,
2697 2473 2878 2543 jurat;
2909 2473 3031 2542 quia
3064 2473 3326 2543 scriptum
3374 2483 3462 2528 est
3493 2492 3505 2526 :
3539 2471 3704 2528 Testis
3735 2472 3801 2542 ﬁ-

2195 2572 2326 2625 delis
2354 2587 2454 2624 non
2478 2571 2720 2624 mentitur
2757 2569 2944 2638 (Prov.
2977 2584 3088 2634 xw,
3139 2568 3217 2637 5).
3261 2566 3416 2624 Umle
3457 2585 3564 2622 non
3610 2568 3803 2623 imme—

2196 2668 2302 2721 rito
2337 2666 2506 2721 Deum
2558 2677 2804 2720 nosmim
2843 2662 3027 2733 iurare
3077 2675 3223 2730 sche
3281 2659 3567 2730 Scriptura
3616 2659 3802 2713 divina

2197 2771 2613 2822 comnieinOrat,
2647 2756 2770 2828 quia
2818 2771 2847 2809 a
2895 2755 3028 2820 Deo,
3073 2755 3162 2824 qui
3196 2769 3359 2809 verax
3385 2763 3471 2806 est
3499 2760 3557 2808 et
3585 2751 3805 2806 mentiri

2199 2856 2409 2918 nescit,
2444 2851 2705 2924 quidquid
2729 2849 2949 2911 dicitur,
2998 2862 3093 2916 pro
3148 2849 3459 2917 iuramento
3520 2847 3756 2900 habetur
3789 2886 3804 2911 ,

2199 2947 2322 3018 quia
2356 2961 2542 3000 verum
2563 2957 2645 3001 est
2675 2959 2836 3000 omne
2865 2941 3009 3013 quod
3037 2942 3295 3011 loquitur.
3324 2939 3646 2994 Invenimus
3687 2939 3810 3008 qui-

2201 3040 2323 3096 dem
2349 3041 2637 3108 aliquoties
2671 3036 3154 3107 Deuminrantem,
3187 3035 3278 3089 sed
3312 3044 3538 3104 prepter
3565 3034 3808 3089 Judaicze

2205 3132 2543 3188 inﬁdelitatis
2577 3130 2879 3200 perﬁdiam,
2925 3128 3015 3200 qui
3055 3137 3244 3197 putant
3273 3142 3435 3182 omne
3475 3143 3670 3182 verum
3696 3141 3811 3180 non

497 3213 800 3272 incurrunt.
827 3213 917 3282 qui
946 3227 1046 3281 per
1087 3210 1408 3265 ell'renatam
1457 3210 1704 3266 libidinis
1753 3210 2097 3278 voluptatem

2207 3226 2312 3279 nisi
2344 3225 2398 3279 in
2433 3225 2535 3278 ﬁde
2563 3223 2858 3292 iuramenti
2885 3220 3207 3277 consistere.
3243 3218 3452 3274 Idcirco
3481 3234 3615 3289 ergo
3644 3220 3809 3273 etiam

497 3306 519 3380 (
545 3311 751 3377 absque
782 3305 1156 3360 fornicationis
1186 3321 1349 3360 eausa
1379 3307 1397 3376 )
1424 3303 1668 3360 dimissis
1704 3303 1988 3370 uxoribus,
2046 3303 2101 3358 in

501 3400 605 3455 alia
642 3403 832 3454 volunt
855 3401 1092 3454 transire
1133 3399 1407 3470 coniugia.
1439 3399 1594 3467 Quod
1645 3397 1851 3452 idcirco
1879 3412 1939 3452 se
1987 3413 2107 3451 cre-

503 3497 641 3553 dunt
669 3497 891 3563 impune
938 3498 1306 3563 committere,
1348 3498 1474 3565 quia
1509 3497 1762 3552 humanis
1817 3503 1873 3551 et
1921 3497 2107 3551 smculi

506 3591 718 3661 legibus
742 3590 794 3644 id
835 3589 1053 3644 videtur
1081 3575 1435 3659 permissum,
1460 3592 1794 3653 nescientes,
1827 3590 1878 3642 in
1917 3590 2017 3642 hoc
2043 3603 2103 3644 se

508 3684 730 3755 gravius
759 3699 822 3737 ac
849 3682 1027 3751 magis
1075 3683 1399 3754 delinquere
1423 3726 1438 3749 ,
1473 3687 1599 3754 quia
1657 3684 1919 3737 humanas
1957 3682 2108 3753 leges

506 3778 706 3833 divinis
732 3775 1053 3847 prmferaut;
1089 3787 1146 3830 ut
1186 3777 1330 3847 quod
1362 3777 1611 3830 illicitum
1646 3775 1794 3829 Deus
1835 3791 1960 3830 esse
1978 3791 2103 3831 con-

504 3873 701 3935 stituit,
741 3871 1094 3926 ideolicitum
1122 3872 1349 3926 eredant
1382 3873 1507 3940 quia
1546 3869 1612 3924 ab
1647 3868 1872 3923 homine
1917 3870 1984 3924 sit
2039 3869 2106 3923 li-

505 3969 636 4023 bere
669 3966 1016 4038 permiSsum.
1067 3964 1172 4021 Sed
1198 3966 1360 4019 sicuti
1413 3977 1641 4018 uxorem
1680 3975 1921 4016 easreac
1974 3978 2109 4033 pure

507 4061 780 4117 viventem
814 4061 1093 4114 dimittere
1139 4057 1216 4112 fas
1250 4074 1357 4112 non
1395 4064 1479 4112 est
1514 4073 1528 4119 ;
1569 4057 1640 4110 ita
1673 4071 1894 4125 quoque
1947 4056 2107 4110 adul-

507 4165 681 4211 teram
738 4153 1019 4210 dimittere
1083 4151 1408 4224 permissum
1457 4159 1574 4218 est,
1616 4151 1742 4220 quia
1786 4149 1900 4220 ipsa
1934 4150 2113 4205 mariti

511 4253 794 4307 coiisortio
825 4249 956 4306 fecit
988 4265 1048 4306 se
1085 4251 1387 4320 indignam,
1428 4264 1550 4320 qua:
1603 4250 1656 4303 in
1706 4263 1908 4320 corpus
1954 4263 2110 4304 suum

511 4345 811 4416 peccando,
853 4344 950 4400 Dei
981 4346 1239 4412 templum
1277 4358 1408 4398 ausa
1449 4351 1538 4398 est
1562 4343 1788 4399 violare.

577 4438 644 4495 ll.
685 4439 902 4508 Dehinc
922 4440 1033 4492 ait:
1061 4439 1316 4504 Audistis,
1345 4439 1468 4506 quia
1495 4438 1689 4492 dictum
1729 4449 1802 4492 est
1831 4438 2057 4505 antiquis
2093 4453 2111 4491 :

507 4533 633 4589 Non
667 4533 919 4607 pejerabis
947 4550 964 4586 :
994 4534 1177 4588 reddes
1205 4543 1380 4587 autem
1413 4531 1636 4586 Domino
1667 4534 1972 4604 juramenta
2001 4541 2110 4585 tua.

2210 3319 2350 3374 Deus
2387 3320 2576 3388 iurare
2614 3318 2809 3381 voluit,
2853 3327 2910 3370 ut
2942 3316 3032 3385 qui
3073 3314 3316 3385 loquenti
3346 3313 3458 3370 Deo
3484 3329 3592 3368 non
3622 3312 3813 3369 crede-

2209 3411 2360 3475 bant,
2394 3412 2682 3466 crederent
2705 3409 2786 3464 vel
2812 3407 3036 3478 iuranti.

2284 3504 2367 3558 Ill.
2407 3506 2491 3558 Ait
2532 3519 2662 3575 ergo
2711 3502 2970 3558 Dominus
3004 3523 3016 3558 :
3051 3501 3283 3555 Audistis
3308 3541 3322 3566 ,
3353 3500 3475 3569 quia
3511 3501 3708 3554 dictum
3736 3509 3813 3554 est

2209 3595 2436 3664 antiquis
2467 3611 2484 3648 :
2510 3593 2632 3647 Non
2665 3593 2934 3666 pejerabis.
2983 3591 3096 3663 Ego
3138 3600 3312 3646 autem
3353 3591 3469 3644 dico
3508 3592 3674 3658 vobis,
3711 3608 3813 3644 non

2203 3688 2386 3760 jurare
2439 3690 2648 3741 omnino
2674 3703 2692 3741 :
2718 3703 2876 3757 neque
2907 3703 2996 3758 per
3035 3685 3249 3747 caelum,
3291 3685 3413 3755 quia
3457 3686 3678 3738 thronus
3720 3683 3817 3738 Dei

2209 3791 2281 3834 est
2315 3799 2333 3834 .·
2363 3798 2524 3848 neque
2553 3797 2642 3852 per
2671 3791 2876 3842 terram,
2903 3779 3021 3850 quia
3045 3778 3324 3832 scabeltum
3348 3787 3421 3832 est
3453 3778 3647 3848 pedum
3668 3779 3819 3840 eius:

2213 3891 2372 3939 neque
2401 3890 2491 3943 per
2517 3872 2960 3944 Hierosolymam,
2984 3873 3106 3943 quia
3132 3872 3312 3925 civitas
3339 3883 3411 3925 est
3436 3871 3613 3940 magni
3638 3871 3814 3942 Regis.

2217 3969 2268 4022 iii
2303 3969 2385 4021 his
2417 3969 2626 4022 Domini
2651 3969 2831 4034 dietis,
2856 3969 3050 4039 quibus
3079 3983 3177 4039 per
3201 3966 3512 4036 huiusmodi
3543 3969 3816 4023 elementa

2209 4061 2396 4133 iurare
2437 4078 2534 4116 nos
2584 4063 2865 4132 prohibet,
2896 4061 3091 4132 duplex
3144 4062 3501 4130 intelligentia
3553 4071 3659 4116 est.
3694 4060 3815 4114 Pri-

2217 4172 2364 4212 mum
2397 4158 2542 4210 enim
2571 4155 2741 4209 voluit
2768 4171 2797 4208 a
2828 4155 2985 4211 nobis
3007 4164 3059 4208 et
3089 4170 3242 4208 usum
3269 4153 3587 4224 iurationis,
3613 4164 3669 4210 et
3692 4169 3823 4208 con-

2217 4249 2562 4306 suetudinem
2593 4249 2812 4303 humani
2838 4248 3044 4304 erroris
3077 4248 3320 4313 auferre;
3351 4263 3418 4301 ne
3447 4247 3824 4319 unusquisque

2219 4358 2462 4402 nostrum
2512 4363 2608 4416 per
2657 4346 2773 4401 haec
2809 4346 3081 4400 elementa
3117 4343 3387 4414 iurando,
3419 4354 3727 4399 creaturam
3767 4342 3823 4397 in

2223 4442 2433 4497 honore
2489 4441 2688 4496 divinae
2750 4439 3118 4494 venerationis
3162 4437 3421 4501 haberet;
3481 4444 3576 4491 aut
3622 4435 3826 4491 idcirco

2221 4537 2596 4607 impunitatem
2633 4534 2850 4603 periurii
2883 4533 2992 4604 62
3025 4530 3226 4585 habere
3252 4546 3311 4585 se
3342 4528 3623 4597 crederet,
3656 4531 3698 4583 si
3728 4544 3829 4599 per

509 4627 621 4698 Ego
643 4638 814 4682 autent
854 4629 970 4681 dico
992 4626 1153 4691 vobis,
1188 4643 1290 4679 non
1322 4628 1507 4696 jurare
1541 4625 1794 4678 omnino:
1823 4640 1984 4693 neque
2031 4641 2120 4692 pcr
2145 4614 2200 4674 D
2226 4630 2411 4684 mumli
2440 4629 2710 4683 ριεηιρηιςι
2737 4627 2968 4695 iuraret.
3001 4639 3121 4678 cum
3154 4625 3418 4694 scriptum
3453 4625 3525 4676 sit
3557 4639 3570 4675 :
3604 4619 3717 4678 Nec
3732 4623 3826 4692 ju-

510 4722 716 4784 cwtum,
746 4721 868 4792 quia
911 4720 1127 4774 (In-onus
1178 4718 1273 4772 Dei
1312 4727 1425 4773 est:
1455 4719 1566 4790 60
1598 4734 1762 4787 neque
1787 4735 1878 4790 per
1901 4715 2117 4784 tert’ant,

512 4815 634 4883 quia
664 4813 946 4868 scabetlum
975 4821 1046 4865 est
1095 4811 1283 4880 pedum
1318 4813 1465 4882 ejus:
1491 4828 1651 4882 neque
1679 4827 1769 4882 per
1811 4809 2120 4882 Hierosoly-

515 4922 672 4966 mam,
704 4906 824 4976 quia
850 4904 1029 4958 civitas
1071 4913 1148 4957 est
1193 4903 1347 4971 Regis
1375 4903 1550 4973 magni
1586 4918 1603 4957 :
1643 4920 1806 4973 neque
1849 4920 1940 4974 per
1965 4913 2118 4976 caput

515 5012 661 5055 tuum
687 5000 911 5068 jurabis,
956 4999 1074 5068 quia
1121 5013 1221 5051 non
1259 5005 1401 5066 potes
1453 5013 1613 5050 unum
1650 4998 1903 5066 capillum
1944 4999 2120 5053 album

517 5100 687 5168 facere
712 5103 800 5146 aut
833 5093 1059 5162 nigrum.
1107 5091 1188 5145 Sit
1223 5101 1394 5144 autem
1433 5106 1600 5144 sermo
1645 5101 1841 5145 vester:
1885 5099 1980 5156 est,
2010 5102 2083 5147 est
2104 5111 2121 5157 ;

520 5205 645 5251 non,
705 5200 846 5240 non:
890 5185 1025 5250 quod
1056 5192 1228 5238 autem
1282 5184 1628 5237 abundantius
1671 5193 1765 5249 est,
1811 5203 1843 5238 a
1882 5185 2022 5240 malo
2052 5197 2125 5240 est

525 5280 740 5355 (Matth.
788 5295 840 5345 v,
874 5277 1086 5344 55-57).
1119 5277 1222 5331 Per
1251 5284 1479 5347 gratiam
1507 5276 1772 5332 doctrina?
1794 5281 2126 5350 evangelica:

526 5376 613 5432 lex
645 5388 740 5445 per
762 5371 982 5442 Moysen
1011 5371 1135 5424 data
1159 5369 1464 5441 profectum
1493 5374 1723 5442 accepit.
1749 5369 1807 5428 ln
1842 5373 1958 5441 lege
1988 5388 2125 5442 prte-

525 5482 743 5539 ceptum
793 5475 897 5527 est,
952 5480 1060 5518 non
1105 5479 1228 5519 esse
1266 5465 1662 5535 peierandum:
1717 5468 1768 5521 in
1833 5467 2126 5538 Evangelio

526 5583 658 5623 vero
687 5581 786 5622 nec
819 5564 1136 5636 iurandum.
1183 5565 1334 5635 Quod
1369 5568 1544 5638 ipsum
1577 5564 1706 5620 olim
1745 5581 1840 5633 per
1871 5563 2125 5617 Salomo-

523 5679 648 5721 nem
717 5664 1018 5734 praecipere
1058 5660 1292 5733 Spiritus
1343 5670 1564 5718 sanctus
1605 5659 2123 5732 prazmeditabatur,

599 5797 623 5824 σε
666 5783 940 5839 Passiuant
971 5784 1243 5840 Mendose.
1277 5784 1408 5854 Leg.
1441 5782 1716 5854 pessimam
1763 5789 1856 5854 aut
1887 5794 2117 5854 pravam.

600 5856 628 5894 Β
673 5855 973 5926 Negotians.
1005 5854 1100 5913 Gr.
1140 5851 1450 5932 superos;
1473 5853 1766 5908 nominans.
1798 5851 1968 5907 Paulo
1998 5856 2126 5904 ante

2222 4721 2352 4776 rat'it
2380 4721 2616 4788 proximo
2646 4736 2738 4773 suo
2771 4720 2828 4772 in
2873 4717 3050 4769 dolum
3099 4713 3268 4783 (Psal.
3308 4729 3461 4780 xxttt,
3502 4712 3583 4785 4).
3633 4712 3688 4767 lit
3720 4727 3830 4783 quo

2225 4813 2388 4869 etiam
2420 4829 2662 4868 errorem
2696 4824 2802 4865 tam
2825 4809 3062 4864 .ludaica:
3093 4807 3447 4874 infidelitatis,
3472 4823 3635 4876 quam
3666 4812 3830 4862 etiam

2225 4907 2444 4978 generis
2497 4905 2716 4959 humani
2759 4903 3122 4966 condemnat,
3173 4901 3262 4971 qui
3314 4901 3505 4955 relicto
3555 4915 3828 4968 creatore,

2226 5010 2529 5055 creaturam
2577 4998 2680 5053 sub
2719 4997 2906 5052 divina
2949 4996 3301 5050 veneratione
3344 4995 3656 5050 habuerunt
3682 5038 3696 5061 ,
3745 5011 3836 5050 se-

2227 5093 2466 5148 cundmn
2520 5091 2662 5163 quod
2709 5089 3006 5160 Apostolus
3054 5087 3282 5142 retulit:
3323 5085 3392 5140 Et
3441 5088 3746 5152 coluerunt,
3786 5096 3838 5142 ct

2228 5187 2510 5242 servierunt
2559 5196 2810 5239 creatura:
2837 5226 2850 5250 ,
2900 5181 3069 5251 potius
3115 5197 3268 5252 quam
3305 5181 3526 5234 creatori
3572 5179 3753 5252 (Rom.
3792 5196 3835 5248 ι,

2381 5278 2588 5334 Deinde
2634 5278 2796 5332 etiam
2845 5275 2950 5330 huc
2993 5274 3155 5328 tltollo
3209 5281 3385 5341 potest
3409 5273 3679 5342 intelligi;
3711 5275 3838 5344 quia

2234 5391 2356 5430 cum
2387 5375 2602 5444 iuratur
2645 5389 2740 5442 per
2765 5374 2962 5428 cadum
3008 5380 3064 5425 et
3096 5381 3319 5434 terram,
3344 5369 3559 5436 iuratur
3589 5386 3686 5440 per
3713 5385 3841 5426 eum

2233 5470 2325 5541 qui
2359 5470 2556 5524 caelum
2585 5478 2638 5523 et
2663 5478 2861 5522 terram
2892 5465 3194 5528 constituit,
3225 5464 3521 5518 secundum
3553 5465 3696 5534 quod
3721 5464 3843 5532 ipse

2235 5564 2500 5620 Dominus
2529 5564 2640 5618 alio
2679 5563 2804 5617 loco
2835 5557 3198 5616 manifestatil
3219 5599 3234 5621 ,
3266 5557 3534 5614 dicendo:
3565 5559 3671 5622 Qui
3690 5561 3844 5631 jurat

2235 5660 2290 5714 in
2331 5659 2508 5719 altari.
2529 5664 2679 5734 jurat
2715 5659 2771 5713 in
2805 5672 2864 5712 co
2901 5668 2950 5710 et
2976 5657 3032 5710 in
3075 5655 3306 5709 omnibus
3350 5668 3466 5723 qua:
3508 5670 3668 5722 super
3705 5653 3844 5707 illud

2232 5791 2333 5848 pro
2357 5777 2674 5849 ﬂagellatus,
2714 5775 2849 5834 ibid.
2884 5773 3272 5847 _€Ecra€o'itsvoc,
3307 5771 3676 5842 interrogatus.
3729 5767 3841 5825 Ne-

2233 5847 2341 5920 que
2361 5847 2525 5904 aliter
2551 5847 2711 5917 Vulg.
