4056 6340
499 366 606 431 [bii

1532 356 1590 423 s.
1630 354 2007 424 GHROMATII
2049 352 2264 416 celse.
2307 334 2785 427 AQUlLElENSlS

3691 346 3793 406 850

502 498 647 550 mus,
665 481 1011 555 prmeedente
1031 480 1253 547 merito,
1275 478 1491 536 lucilius
1513 479 1805 551 impetrare
1827 477 2099 548 possimus
2126 473 2177 537 Α
2207 480 2312 528 tres
2337 472 2506 528 nostri
2529 472 2681 538 estis,
2716 470 2798 526 his
2838 468 2929 541 qui
2956 476 3044 524 uas
3073 467 3291 523 oderunt
3317 471 3366 521 et
3407 463 3796 527 abominantur;

495 576 650 631 abeo
673 574 765 645 qui
791 574 870 629 ait
912 589 925 625 :
956 571 1129 626 Petito
1148 612 1161 636 ,
1181 578 1230 625 et
1255 568 1621 624 dabiturttobis
1651 567 1868 643 (Matth.
1893 583 1988 634 vn,
2024 567 2100 639 'i).

507 667 709 725 Verum
741 668 789 723 si
810 681 908 723 eos
936 665 1029 735 qui
1055 680 1153 720 nos
1186 671 1381 735 petunt
1405 662 1772 733 desniciamus
1791 705 1808 726 ,
1836 677 1940 733 qua
1968 660 2107 716 lidu-

501 763 587 818 cia
618 762 787 817 Deum
820 760 1001 826 nobis,
1027 758 1172 830 quod
1206 757 1461 827 petimus,
1493 761 1756 825 praestare
1784 753 2107 811 crediturus?

505 854 728 911 dicente
753 853 1075 923 Scriptura:
1114 849 1248 906 Vide
1274 891 1289 916 ,
1337 864 1399 904 ne
1431 857 1632 903 avertas
1661 847 1845 919 [aciem
1873 857 2013 902 luam
2042 847 2107 902 ab

506 947 617 1002 ullo
642 958 905 1019 paupers;
943 946 1017 999 ita
1044 945 1150 1015 ﬂet,
1174 951 1232 998 ut
1258 956 1350 998 nec
1380 958 1413 996 a
1450 949 1499 995 te
1523 946 1786 995 avertatur
1814 940 1973 1011 [acies
2010 937 2107 993 Dei

506 1040 666 1115 (Tob.
694 1054 766 1107 Iv,
797 1039 877 1111 7).
912 1036 982 1092 Et
1011 1038 1170 1103 omni,
1200 1037 1407 1107 inquit,
1440 1036 1630 1090 uolenti
1646 1035 1874 1090 Mutuari
1895 1052 1927 1089 a
1958 1040 2025 1103 te,
2045 1050 2107 1089 ne

505 1135 758 1190 averteris
785 1131 1003 1202 (Matth.
1035 1147 1088 1200 γ,
1116 1129 1232 1200 ﬂ).
1260 1129 1528 1186 iubemur
1548 1140 1644 1200 per
1670 1128 1857 1184 omnia
1888 1127 2107 1199 religio-

440 1284 453 1295 ,
509 1243 636 1284 nem
669 1224 889 1297 pietatis
915 1236 978 1279 ac
1004 1223 1128 1280 lidei
1158 1222 1439 1279 custodire
1462 1262 1478 1290 ,
1514 1226 1573 1277 ut
1596 1220 1986 1277 necessitatem
2013 1222 2109 1275 tri:

509 1318 800 1376 lrulstionis
825 1318 1053 1374 alterius
1075 1317 1229 1389 quasi
1256 1317 1533 1388 propriam
1558 1326 1973 1385 computemus,
2008 1324 2109 1375 nec

511 1413 682 1485 pluris
724 1410 1039 1468 facultatem
1072 1424 1236 1482 quam
1268 1409 1495 1465 fratrem
1543 1408 1825 1463 faciamus.
1878 1402 1949 1463 Et
1985 1406 2110 1461 ideo

506 1506 595 1562 vel
639 1505 950 1577 petentibus
996 1503 1299 1567 fratribus,
1344 1504 1428 1558 vel
1462 1513 1648 1558 mutuo
1682 1503 1735 1557 in
1780 1499 2109 1557 necessitate

505 1598 613 1673 6⁸1
660 1596 1073 1670 postulantibus
1100 1637 1117 1665 ,
1162 1596 1421 1668 religioso
1468 1596 1651 1650 animo
1692 1602 1746 1650 et
1783 1595 1874 1665 pio
1913 1592 2108 1649 affectu

508 1693 919 1752 communicare
947 1691 1248 1756 debemus,
1278 1696 1660 1761 exspemantes
1684 1687 1993 1743 mercedem
2023 1700 2111 1742 re-

509 1786 830 1844 tributionis
857 1794 1084 1842 ueterum
1113 1818 1128 1850 ,
1168 1783 1467 1839 secundum
1503 1780 1646 1851 quod
1670 1779 1837 1835 David
1870 1779 1978 1834 ait:
2010 1774 2110 1831 Ju-

2205 580 2390 621 nomen
2433 562 2646 619 Domini
2692 563 3083 635 magniﬁcetur,
3117 568 3168 616 et
3212 567 3462 631 appareat
3483 556 3592 612 illis
3613 556 3666 612 in
3709 560 3798 628 ju-

2206 660 2470 716 cunditate
2495 672 2700 723 eorum,
2730 664 2777 713 et
2808 656 2889 712 illi
2928 654 3318 727 confundantur
3347 652 3505 727 (lsai.
3536 665 3690 718 ιιγι,
3722 649 3797 724 5).

2206 749 2365 808 Unde
2412 758 2520 807 non
2567 746 2843 806 immerito
2872 742 3042 804 David
3073 744 3125 803 in
3174 738 3393 802 Psalmo
3426 745 3502 801 ita
3530 750 3763 802 teStatttr
3784 787 3799 814 ,

2206 845 2428 902 dicetis:
2464 842 2684 899 Domine
2714 843 2854 898 Deus
2891 856 3033 898 meus
3056 884 3071 908 ,
3099 844 3145 898 si
3189 843 3286 913 feci
3334 840 3479 896 haec:
3509 838 3556 895 si
3603 833 3805 895 reddidi

2208 934 2607 992 retribuentibus
2633 936 2763 991 mihi
2790 932 2930 990 mala
2952 978 2967 1003 ,
3000 932 3236 989 decidant
3266 933 3451 989 merito
3479 932 3543 988 ab
3588 928 3807 991 iuimicii

2210 1031 2336 1085 meis
2383 1030 2554 1085 inanis
2603 1024 2778 1103 (Psal.
2824 1038 2934 1095 vn,
2972 1022 3053 1098 4).
3098 1027 3298 1083 Beatos
3339 1028 3560 1098 quoque
3606 1020 3708 1081 Job
3755 1007 3804 1080 id

2210 1120 2388 1195 Ipsum
2417 1121 2491 1177 ita
2511 1126 2930 1188 commemorat,
2954 1116 3182 1177 dicens:
3217 1120 3368 1186 Quod
3390 1116 3436 1174 si
3464 1114 3673 1190 gabisils
3700 1130 3805 1173 sunt

2206 1214 2263 1272 in
2288 1214 2474 1272 delicto
2500 1214 2701 1270 inimici
2724 1214 2865 1270 mei:
2890 1217 2933 1271 si
2960 1212 3148 1270 dixiin
3173 1211 3331 1270 corde
3357 1230 3472 1270 meo
3496 1256 3510 1281 ,
3544 1215 3669 1269 bene
3697 1218 3807 1284 {act

2212 1319 2321 1364 tum
2346 1318 2461 1364 est:
2492 1308 2676 1363 audiat
2696 1304 2843 1364 attrls
2873 1320 2987 1362 mea
3017 1306 3435 1362 ntaledictionent
3466 1296 3615 1378 (Job.
3650 1312 3776 1362 xxit
3795 1348 3809 1374 ,

2209 1404 2312 1471 29,
2340 1400 2442 1468 50.
2490 1412 2594 1459 see.
2628 1400 2818 1474 LXX).
2853 1402 2981 1459 Haec
3023 1405 3202 1458 alitem
3257 1400 3592 1473 erahgelicﬁ
3623 1399 3809 1472 εταιίιθ

2214 1498 2487 1570 prmccpta
2517 1541 2531 1565 ,
2579 1508 2700 1569 quae
2750 1512 2895 1553 nunc
2948 1496 3014 1552 ad
3065 1496 3300 1553 salutem
3353 1486 3637 1552 hominum
3691 1492 3813 1550 data

2212 1601 2372 1658 sunt,
2412 1590 2723 1647 invenimus
2752 1605 2850 1663 per
2893 1589 3146 1645 mandata
3194 1582 3355 1661 Legis
3396 1591 3448 1645 in
3482 1584 3813 1644 animalibus

2213 1687 2465 1754 formata,
2491 1692 2614 1741 cttm
2636 1683 2855 1741 dicitur:
2880 1680 2961 1752 Si,
2984 1682 3180 1757 inquit,
3202 1674 3517 1758 videris”
3540 1684 3687 1740 boues
3716 1682 3818 1738 ini-

2214 1781 2336 1836 mici
2374 1782 2450 1835 tui
2478 1780 2570 1836 sub
2619 1788 2771 1836 onere
2800 1778 2965 1834 ruisse
2987 1822 3001 1848 ,
3044 1790 3146 1834 non
3191 1781 3410 1835 transies
3431 1822 3445 1848 ,
3479 1779 3573 1834 sed
3603 1774 3817 1835 elevabis

507 1885 710 1940 candus
738 1883 816 1938 uir
834 1882 923 1954 qui
948 1882 1218 1936 miseretur
1242 1887 1291 1932 et
1321 1875 1635 1942 commodat,
1666 1876 1897 1947 disponet
1922 1888 2113 1928 sermoh

2222 1884 2333 1931 cum
2362 1888 2421 1929 eo
2449 1868 2645 1947 (Exod.
2677 1888 2839 1941 χχιιι,
2872 1870 2935 1939 5;
2966 1870 3123 1928 Dent.
3159 1882 3299 1939 χχιι,
3331 1872 3424 1943 4);
3462 1872 3647 1941 utjaln
3676 1872 3820 1927 nunc

509 1992 600 2032 nos
630 1988 749 2030 suos
776 1975 829 2028 in
836 1972 1045 2046 judicio
1068 1969 1242 2045 (Psal.
1263 1984 1374 2036 cn,
1398 1966 1478 2040 5).
1502 1964 1568 2022 Et
1589 1967 1787 2023 iterum
1806 1981 1820 2019 :
1839 1964 2111 2037 Dispersit,

510 2069 657 2125 dedit
676 2066 1029 2142 pauperibus:
1048 2065 1261 2139 justitta
1288 2065 1401 2134 ejus
1445 2067 1616 2115 ntanet
1650 2062 1704 2114 in
1742 2059 1991 2119 siccatum
2018 2069 2115 2113 διεδ

511 2164 615 2219 culi
642 2161 839 2237 (Ibid,
858 2161 943 2233 9).
964 2157 1123 2217 Unde
1140 2166 1194 2214 et
1207 2167 1447 2213 sanctus
1470 2155 1597 2221 Iob,
1622 2154 1779 2224 cujus
1805 2154 2113 2224 exemplum

508 2257 664 2327 sequi
708 2269 808 2310 nos
848 2253 1149 2317 convenit,
1181 2251 1299 2305 haec
1332 2251 1450 2321 ipsa
1481 2248 1800 2318 evangelica
1846 2254 2119 2317 praecepta

519 2349 841 2419 implevisse
884 2362 945 2402 se
989 2347 1063 2402 ita
1093 2351 1536 2408 commemorat,
1569 2342 1836 2397 dicendo:
1884 2340 2036 2405 Quod
2074 2338 2121 2394 si

510 2444 725 2497 missum
755 2441 853 2513 feci
882 2440 1087 2511 inopem
1110 2479 1126 2507 ,
1155 2437 1298 2491 exire
1333 2438 1560 2509 jannam
1590 2444 1756 2486 meam
1795 2430 1937 2485 nudo
1966 2430 2118 2484 sinu:

508 2535 650 2606 quod
675 2534 723 2587 si
748 2532 1041 2587 cantionem
1066 2532 1373 2601 cujusquam
1410 2527 1568 2582 habui
1600 2569 1614 2595 ,
1662 2533 1712 2579 et
1741 2542 1843 2579 non
1874 2524 2075 2595 disrupi
2099 2532 2119 2577 .‘

510 2636 559 2683 et
597 2628 645 2681 si
682 2625 883 2681 credidi
916 2656 931 2692 -,
978 2623 1113 2678 nihil
1134 2617 1314 2694 accepi
1339 2636 1372 2675 ιι
1393 2614 1624 2674 debitore
1650 2630 1797 2685 meo;
1827 2624 1919 2670 aut
1953 2616 1999 2670 si
2019 2614 2119 2669 mei

517 2737 675 2776 causa
702 2732 949 2789 umquam
977 2726 1111 2770 terra
1143 2714 1371 2788 gemuit,
1388 2722 1478 2766 aut
1501 2710 1631 2767 sulci
1653 2712 1767 2783 ejus
1793 2709 2121 2783 ploraverunt

512 2814 707 2868 simul:
738 2822 827 2867 aut
858 2811 903 2866 si
933 2814 1136 2882 fractas
1164 2810 1282 2880 ejus
1325 2805 1636 2860 manducavi
1676 2803 1822 2859 solus
1864 2803 1975 2857 sine
2004 2814 2120 2871 pre-

514 2910 622 2964 tio:
646 2918 736 2963 aut
765 2909 811 2962 si
841 2906 1067 2961 animum
1106 2903 1322 2958 Domini
1353 2910 1504 2955 terrae
1537 2898 1797 2972 decipiens
1823 2895 2122 2952 contristnui

512 3002 658 3074 (Job.
693 3012 822 3058 χιιι
847 3043 861 3067 ,
894 3000 1067 3057 ιιι-40
1095 3036 1111 3066 ,
1140 3014 1248 3053 sec.
1285 2994 1474 3068 LXX).
1518 2995 1648 3064 Quae
1685 2992 1867 3048 omnia
1893 2991 1997 3047 ιοι)
2035 2989 2119 3045 ld-

511 3098 661 3155 circo
690 3096 931 3153 lideliter
955 3092 1201 3166 implerit
1225 3128 1243 3160 ,
1280 3090 1408 3162 quia
1452 3089 1763 3146 mercedem
1798 3086 1868 3141 ab
1896 3101 1963 3141 eo
1995 3099 2123 3141 εχει

512 3192 768 3262 pectsbst
791 3223 808 3257 ,
848 3188 941 3261 qui
980 3187 1286 3244 retributor
1327 3192 1413 3239 est
1442 3192 1773 3238 aeternorum
1812 3180 2117 3259 bonorum:

511 3286 600 3343 cui
628 3286 747 3341 laus
786 3292 847 3341 et
868 3283 1046 3355 gloria
1078 3284 1132 3337 in
1163 3279 1388 3337 saecula.
1420 3281 1614 3334 Amen.

993 3390 1415 3456 TRACTATUS
1453 3392 1549 3452 Xll
1591 3398 1639 3450 ⁸.

732 3528 800 3598 In
828 3548 987 3612 caput
1020 3555 1051 3593 γ
1080 3546 1127 3593 et
1158 3551 1214 3591 vt
1237 3534 1520 3617 Ilvangelii
1547 3532 1612 3590 S.
1646 3531 1903 3588 Matthati.

591 3662 633 3718 ι.
666 3659 875 3717 Dehinc
903 3655 1187 3729 sequitur:
1219 3651 1481 3719 Audistis,
1513 3650 1633 3721 quia
1662 3649 1858 3703 dictum
1885 3654 1958 3701 est
1986 3645 2122 3701 antis

517 3756 665 3828 quis:
692 3752 889 3826 Diliges
916 3749 1208 3822 proximum
1228 3756 1404 3814 luunt,
1428 3752 1477 3799 et
1496 3740 1926 3798 odiesinimicnm
1952 3746 2116 3793 tuum.

521 3851 635 3921 Ego
663 3856 836 3903 autem
864 3845 985 3900 dico
1032 3842 1205 3898 uobis:
1239 3841 1455 3909 Diligite
1485 3837 1723 3892 inimicos
1771 3843 1964 3889 vestros
1983 3875 1997 3898 ,
2029 3832 2117 3887 be-

519 3944 742 4016 nefacite
770 3942 836 3995 iis
864 3938 955 4012 qui
983 3954 1070 3993 vos
1100 3936 1357 4001 oderunt,
1385 3943 1432 3988 et
1461 3943 1606 3987 orate
1634 3946 1728 3998 pro
1754 3928 2120 3983 calumnianti-

518 4036 612 4090 bus
639 4044 686 4089 et
712 4031 1131 4107 persequentibus
1159 4045 1248 4084 vos
1267 4045 1286 4083 :
1316 4036 1386 4081 ut.
1420 4025 1537 4080 sitis
1582 4018 1683 4094 ﬁlii
1716 4017 1895 4075 Patris
1924 4021 2118 4089 vestri,

471 4106 479 4112 ’
518 4132 608 4205 qui
635 4106 797 4185 solem
827 4142 978 4183 suum
1007 4125 1136 4180 oriri
1151 4123 1302 4196 jubet
1331 4132 1493 4190 supra
1522 4117 1680 4173 bonos
1702 4125 1751 4170 et
1777 4116 1944 4170 malos
1965 4157 1977 4180 ,
2006 4108 2119 4187 ω

517 4234 565 4281 et
588 4224 726 4295 pluit
747 4236 903 4290 super
916 4223 1090 4295 justas
1110 4224 1162 4273 et
1179 4217 1404 4287 injustas
1434 4211 1656 4285 (Matth.
1684 4226 1738 4278 v,
1763 4205 1985 4281 45-45).
2014 4210 2119 4265 Per

519 4319 700 4375 omnia
736 4316 849 4371 vult
875 4328 973 4369 nos
1000 4308 1270 4365 Dominus
1299 4306 1351 4362 in
1384 4303 1678 4377 praeceptis
1703 4304 1817 4358 suis
1840 4317 1963 4359 esse
1992 4316 2119 4373 per—

516 4411 707 4467 lectos.
738 4407 859 4464 .lam
888 4403 1092 4461 dudum
1122 4400 1342 4472 quidem
1372 4399 1425 4453 in
1468 4396 1613 4469 Lege
1641 4404 1973 4467 praeceptum
1999 4404 2114 4451 est:

514 4501 715 4575 Diliges
734 4500 953 4561 amicos,
979 4504 1030 4550 st
1057 4493 1201 4547 adies
1230 4491 1472 4546 inimicas
1504 4486 1695 4559 (licuit.
1731 4502 1846 4554 xIx,
1868 4487 1983 4559 l8):
2017 4486 2119 4543 sed

2219 1967 2272 2021 in
2304 1968 2422 2038 lege
2447 1964 2648 2037 Moysis
2687 1963 3063 2037 unusquisque
3105 1960 3158 2020 lli
3192 1962 3522 2021 animalibus
3553 1963 3820 2029 disceret;

2217 2063 2359 2130 quod
2387 2058 2713 2130 quandoque
2739 2056 3037 2115 secundum
3073 2056 3429 2132 Evangelium
3458 2056 3705 2116 facturus
3735 2062 3823 2116 es-

2218 2160 2303 2208 set
2332 2152 2384 2206 in
2417 2152 2657 2208 homine.

2289 2245 2355 2300 ll.
2397 2245 2466 2301 Et
2496 2248 2693 2301 merito
2723 2244 2971 2317 sequitur
2996 2264 3009 2302 :
3042 2244 3105 2303 Si
3136 2244 3354 2322 diligitis
3384 2264 3472 2303 eos
3500 2250 3591 2320 qui
3620 2266 3705 2304 vos
3742 2250 3825 2304 di-

2221 2340 2412 2413 ligunt,
2445 2350 2595 2411 quam
2624 2341 2906 2395 tttcrcedent
2931 2334 3221 2398 habebitis?
3249 2338 3437 2397 Nonne
3475 2354 3525 2397 el
3567 2343 3827 2416 publicant

2219 2431 2317 2486 hoc
2343 2432 2581 2503 facitmt.’
2607 2428 2677 2487 Et
2695 2428 2740 2487 si
2769 2432 3115 2489 salutat'eritis
3142 2438 3329 2507 fratres
3356 2447 3553 2490 uestros
3585 2432 3785 2490 lautum
3809 2452 3830 2492 :

2220 2525 2348 2594 quid
2376 2525 2600 2596 antplius
2653 2516 2858 2597 facitis?
2905 2542 3072 2583 nonne
3123 2534 3171 2583 et
3213 2526 3408 2583 ethnici
3452 2529 3549 2584 hoc
3592 2520 3832 2601 faciunt?

2221 2617 2401 2673 Eslote
2424 2632 2549 2693 ergo
2581 2632 2666 2673 vos
2694 2618 2927 2692 perfecti,
2957 2620 3087 2676 sicut
3134 2633 3183 2676 et
3233 2612 3395 2677 Pater
3439 2622 3623 2691 vester,
3657 2620 3745 2693 qui
3778 2623 3833 2679 in

2222 2711 2360 2767 cwlis
2399 2721 2495 2778 est,
2526 2715 2778 2786 perfectus
2823 2723 2895 2768 est
2944 2708 3165 2786 (Matth.
3196 2730 3255 2785 γ,
3284 2712 3378 2783 ΑΒ,
3409 2708 3527 2789 48).
3582 2710 3835 2776 Ostendit

2223 2805 2483 2861 Dominus
2515 2811 2768 2864 meritum
2814 2820 2912 2866 nos
2964 2806 3216 2880 perlecta:
3269 2806 3585 2870 dileclibnis
3632 2806 3836 2875 habere

2223 2910 2330 2955 non
2366 2906 2547 2972 potsse,
2584 2902 2629 2959 si
2660 2910 2755 2959 eos
2785 2908 2995 2959 tantum
3036 2898 3326 2977 diligamus
3354 2923 3384 2962 a
3412 2898 3611 2978 quibus
3656 2900 3833 2966 vicem

2222 2992 2381 3047 nobis
2430 2995 2653 3064 rependi
2698 2986 3016 3051 dilectionis
3067 3002 3268 3053 nultum
3316 2992 3660 3069 noverimus,
3706 3017 3832 3059 cum

2225 3083 2536 3156 ltujusmodi
2569 3088 2915 3146 dilectionem
2948 3088 3110 3147 etiam
3149 3092 3405 3163 gentibus
3438 3111 3500 3150 ac
3533 3098 3836 3167 peccaturi.

2224 3179 2326 3234 bus
2350 3180 2590 3237 sciamus
2614 3194 2735 3238 esse
2762 3188 3132 3240 conununem.
3181 3184 3335 3243 Unde
3372 3182 3489 3243 vult
3520 3205 3622 3244 nos
3652 3182 3835 3247 Domi—

2148 3250 2194 3323 C
2227 3288 2329 3329 nus
2353 3290 2697 3331 communem
2733 3272 2904 3348 legem
2934 3276 3247 3335 dilectiOuis
3288 3276 3542 3336 humanas
3590 3282 3708 3355 lege
3744 3282 3834 3339 di-

2227 3367 2474 3423 lectionis
2504 3366 2834 3438 evangelicae
2866 3376 3157 3441 superare;
3208 3370 3265 3427 ut
3316 3388 3421 3427 non
3472 3371 3654 3429 solum
3685 3375 3834 3432 circa

2224 3472 2318 3515 eos
2348 3458 2439 3531 qui
2470 3474 2570 3517 nos
2604 3460 2867 3532 diligant,
2920 3463 3016 3520 sed
3064 3463 3226 3520 etiam
3273 3465 3423 3522 circa
3475 3464 3730 3523 inimicos
3778 3454 3835 3524 el

2223 3550 2470 3610 odicntes
2501 3554 2702 3611 amoris
2733 3557 2907 3613 nostri
2936 3552 3296 3615 ostendamus
3323 3554 3617 3632 affectum,
3652 3572 3707 3616 ut
3734 3578 3831 3619 ve-

2222 3658 2298 3705 rte
2331 3650 2544 3720 pietatis
2590 3662 2654 3708 ac
2701 3650 2986 3735 bonitatis.
3013 3656 3255 3735 paterna:
3303 3650 3356 3710 in
3401 3654 3507 3712 hoc
3551 3646 3833 3714 imitemur

2221 3742 2560 3814 exemplum.
2610 3783 2621 3795 .

2294 3833 2384 3891 Ill.
2429 3836 2498 3892 Et
2529 3830 2773 3894 addidit:
2799 3834 3059 3894 Attendite
3088 3857 3150 3895 ne
3181 3838 3439 3906 iustitiam
3483 3836 3704 3897 vestiam
3737 3859 3831 3898 co-

2221 3944 2333 3984 rum
2361 3930 2658 3988 hominibus
2687 3935 2912 4002 faciatis,
2946 3942 2997 3988 ut
3025 3933 3301 3989 videamini
3345 3932 3407 3990 ab
3449 3936 3566 3992 eis:
3596 3936 3831 4008 alioquin

2221 4026 2504 4080 merredem
2536 4038 2637 4081 non
2662 4028 2909 4083 habebitis
2938 4045 2968 4082 a
2986 4022 3144 4082 Patre
3171 4039 3358 4097 uestro,
3392 4030 3482 4101 qui
3512 4029 3566 4084 in
3594 4030 3735 4086 caelis
3752 4018 3833 4087 est

2223 4119 2439 4191 (Matth.
2463 4128 2535 4188 γι,
2562 4120 2636 4192 l).
2667 4119 2750 4178 Ab
2778 4124 2923 4177 omni
2950 4116 3211 4194 iactantia
3246 4123 3421 4180 inanis
3450 4120 3644 4195 gloriae
3668 4138 3835 4198 atque

2222 4215 2473 4270 humanm
2501 4213 2816 4286 cupiditatis
2842 4216 2986 4272 vuit'
3004 4233 3105 4273 nos
3149 4232 3273 4274 esse
3296 4216 3564 4274 Dominus
3590 4219 3828 4288 alienos,

2222 4315 2279 4362 ut
2305 4316 2442 4378 Opus
2466 4306 2689 4379 iustitia:
2718 4318 2918 4365 nostra:
2944 4324 3049 4365 non
3085 4306 3190 4366 hoc
3214 4309 3394 4366 studio
3429 4304 3693 4367 iaciamus
3720 4328 3830 4385 quo

2222 4398 2534 4457 hominibus
2562 4401 2778 4471 placere
2805 4403 3056 4470 velimus,
3102 4394 3214 4475 '70
3250 4402 3345 4460 sed
3377 4404 3478 4459 soli
3516 4404 3628 4460 Deo
3658 4419 3690 4459 a
3720 4418 3829 4477 quo

2219 4501 2599 4563 exspectamus
2628 4492 2807 4551 meriti
2840 4490 3012 4551 nostri
3049 4494 3382 4552 mercedem.
3432 4488 3657 4553 Amittit
3681 4498 3828 4554 enim

517 4594 719 4665 populo
765 4600 987 4645 terreno
1029 4592 1086 4642 et
1131 4583 1337 4639 carnali
1382 4580 1680 4637 secundum
1732 4586 1947 4649 tempus
1987 4579 2113 4633 data
2147 4652 2195 4665 μ
2222 4582 2475 4641 meritum
2501 4585 2732 4657 iustitia:
2764 4589 2905 4659 apud
2937 4582 3139 4658 Deum,
3170 4590 3260 4660 qui
3303 4588 3506 4645 idcirco‘
3531 4588 3684 4661 juste
3711 4591 3833 4646 vult

516 4652 647 4742 sunt
675 4684 776 4737 ista
806 4686 1080 4750 praecepi!
1103 4712 1118 4741 ς
1148 4675 1311 4730 8ίοποὶ
1338 4682 1394 4729 οἳ
1422 4671 1552 4727 illud
1581 4684 1595 4725 ε
1628 4670 1850 4725 θεαιαηι
1876 4686 1972 4741 Ρνο
1993 4685 2117 4725 οω-
2145 4652 2197 4722 ο
2225 4679 2407 4736 vivere
2450 4652 2517 4734 uti
2554 4652 3084 4752 gloriam-humana:
3125 4652 3312 4739 laudis
3356 4652 3629 4755 acquiiai.
3670 4666 3831 4741 Unde

519 4780 605 4844 to,
633 4776 835 4830 dentem
882 4786 979 4845 pro
1025 4768 1176 4823 dente
1221 4765 1422 4839 (Emod.
1463 4778 1585 4831 xxt,
1618 4764 1725 4831 25;
1758 4759 1921 4820 Leuit.
1956 4780 2113 4834 xxn’,

516 4871 625 4932 20;
661 4867 813 4923 Deut.
845 4872 967 4929 "sis,
998 4862 1118 4931 20).
1145 4858 1299 4914 Nunc
1330 4865 1512 4913 autem
1548 4855 1868 4927 evangelica
1917 4860 2116 4930 populo

516 4960 805 5018 traduntur
837 4959 1108 5027 pracepta
1136 4949 1379 5006 calcatis
1402 4960 1466 5003 ac
1493 4947 1746 5017 perfectio
1770 4948 1997 5018 justitize
2016 4990 2031 5016 ,
2055 4960 2117 5008 ut

514 5052 767 5110 inimicos
796 5050 1122 5119 diligamus,
1156 5042 1408 5097 odicntes
1448 5055 1734 5109 amemus,
1764 5054 1864 5113 pro
1907 5044 2114 5101 calum~

519 5143 796 5203 niautibus
839 5154 909 5198 ac
956 5132 1407 5208 persequentibus
1451 5144 1552 5189 nos
1576 5147 1839 5202 ﬂemus,
1881 5146 1940 5191 ut
1990 5148 2115 5195 vere

519 5238 617 5297 ﬁlii
662 5236 760 5292 Dei
789 5246 913 5291 esse
941 5242 1285 5294 mereamur,
1316 5226 1410 5297 qui
1454 5242 1555 5298 pro
1594 5226 1973 5286 misericordia
2015 5244 2111 5288 sua

520 5329 816 5387 indiscrete
845 5339 1011 5395 super
1043 5322 1216 5377 bonos
1238 5335 1301 5376 sc
1329 5322 1535 5385 malos.
1562 5321 1737 5392 iustos
1760 5334 1826 5379 ac
1856 5323 2111 5395 injustas.

517 5424 643 5481 vitae
670 5419 957 5493 praesentis
975 5414 1237 5473 beneficia
1260 5416 1580 5473 ccelcstiaac
1595 5415 1739 5472 dona
1762 5416 2009 5487 largitur.
2032 5413 2113 5471 Ad
2162 5448 2171 5455 κ

520 5513 828 5587 huiusmodi
880 5520 1149 5582 praecepta
1190 5510 1499 5581 evangelica
1542 5509 1902 5567 custodienda
1944 5507 2110 5564 etiam

520 5625 616 5681 per
669 5607 862 5663 Isaiam
914 5606 1159 5660 hortatur
1208 5619 1307 5661 nos
1356 5604 1591 5675 Spiritus
1636 5612 1889 5659 sanctus:
1923 5602 2112 5657 Audite

518 5701 724 5758 verbum
750 5698 997 5766 Domini,
1030 5694 1117 5768 qui
1144 5696 1331 5756 timetis
1357 5706 1545 5752 nomen
1572 5697 1722 5768 ejus:
1752 5694 1932 5764 dicite,
1967 5686 2107 5750 Fra-

2224 4771 2516 4840 Apostoltts
2542 4773 2620 4827 ait
2648 4790 2659 4827 :
2688 4773 2748 4829 Si
2774 4773 2946 4830 adhuc
2979 4770 3274 4831 hominibus
3312 4774 3597 4848 placerent,
3630 4773 3829 4832 Christi

2220 4870 2394 4920 servits
2422 4870 2526 4921 non
2550 4876 2707 4921 essem
2742 4866 2961 4939 (Coloss.
2986 4885 3021 4937 ι,
3060 4860 3173 4943 10).

2290 4956 2378 5015 ιγ.
2424 4958 2630 5016 Dehinc
2677 4961 2793 5016 ait:
2831 4958 2962 5017 Cum
3009 4964 3183 5019 autem
3229 4962 3360 5036 facis
3403 4965 3826 5037 eleeutosynam,

2220 5048 2330 5105 noli
2355 5050 2475 5106 tuba
2502 5060 2683 5107 canere
2708 5060 2825 5109 ante
2870 5065 2917 5109 te
2957 5056 3088 5110 sicut
3134 5048 3417 5131 hypocrita?
3459 5050 3704 5130 faciunt,
3735 5059 3827 5129 qui

2220 5154 2398 5200 amant
2426 5152 2562 5201 Stare
2591 5147 2646 5202 in
2671 5148 2945 5222 synagogis
2972 5152 3016 5205 el
3045 5150 3099 5205 in
3126 5148 3309 5225 plateis
3332 5162 3388 5207 ut
3407 5146 3827 5224 honoriﬁcentur

2221 5234 2283 5292 ab
2312 5236 2608 5296 hominibus
2639 5258 2657 5297 :
2681 5240 2843 5299 Amen
2869 5244 2983 5300 dico
3010 5242 3172 5314 vobis,
3200 5244 3500 5321 receperunt
3538 5240 3828 5304 n‘tefcedent

2218 5342 2384 5387 suam.
2423 5326 2494 5388 Te
2520 5343 2692 5389 nutent
2720 5337 2936 5407 faciente
2964 5336 3362 5413 eleemosynam,
3386 5332 3582 5396 nesciat
3611 5342 3830 5396 sinistra

2220 5434 2309 5481 tua
2337 5424 2459 5497 quid
2487 5424 2644 5499 faciat
2674 5426 2881 5487 dextera
2909 5430 3030 5501 tua;
3075 5446 3128 5489 ut
3170 5437 3238 5490 sit
3279 5438 3608 5509 eleemosyna
3651 5447 3743 5491 tua
3770 5437 3828 5492 in

2220 5517 2504 5588 absconso;
2538 5530 2583 5576 et
2606 5516 2767 5576 Pater
2795 5534 2934 5593 tuus,
2977 5526 3065 5597 qui
3091 5524 3223 5585 videt
3249 5530 3301 5585 in
3331 5531 3607 5601 absconso,
3642 5516 3829 5587 reddet

2220 5610 2309 5664 tibi
2341 5610 2559 5683 (Matth.
2589 5630 2675 5680 γι,
2705 5615 2849 5688 2-6).
2898 5618 2955 5675 ln
3001 5623 3251 5679 omnibus
3294 5639 3394 5682 nos
3440 5624 3710 5681 Dominus
3752 5625 3824 5680 sd

2219 5701 2474 5772 perlecta;
2507 5706 2630 5763 fidei
2659 5707 2891 5780 gloriam
2924 5711 3172 5771 doctrina
3220 5716 3433 5775 ctelcstl
3480 5718 3816 5775 contuierat.

590 5881 607 5906 ⁸
651 5882 807 5955 Apud
834 5882 1087 5943 Galland.
1124 5901 1138 5938 :
1166 5882 1491 5939 Tascnws
1513 5852 1609 5948 Χῖ,
1640 5880 1695 5935 in
1728 5879 1788 5936 S.
1822 5876 2082 5937 Mattthtei
2105 5878 2458 5957 Evangelium.
