4056 6340
195 298 298 369 ενγ

1021 292 1437 368 internus
1476 292 1591 368 xm
1631 290 1702 366 in
1742 286 2195 367 grassantur
2236 292 2293 366 s.
2336 288 2702 365 uti-rum.

3404 298 3512 368 illi!

200 426 455 499 Superius
484 416 706 496 docuit,
727 424 1125 500 opusjustitiaa,
1150 443 1257 483 non
1280 437 1502 499 propter
1524 428 1795 496 homines,
1830 427 1869 484 Λ
1898 423 2123 495 iustitiae
2152 422 2393 480 caelestis
2422 430 2485 479 ac
2523 411 2648 480 ﬁdei
2690 416 3081 491 perfectionem
3113 410 3380 479 Dominus
3425 427 3514 480 in-

197 520 285 577 sed
318 528 543 592 propter
572 519 750 577 Deum
781 536 903 579 esse
933 520 1259 579 faciendum.
1289 510 1445 577 Nunc
1474 536 1690 592 quoque
1714 522 1802 591 ju-

197 610 400 677 bcmur,
454 610 869 686 eleemosynam
920 612 1219 681 facientes,
1269 615 1394 670 tuba
1441 624 1639 670 eanere
1689 630 1797 669 non

198 704 391 763 debere
420 724 432 760 ε
464 702 518 761 id
552 706 666 774 est,
699 724 805 763 non
839 706 1182 779 promulgare
1219 707 1360 778 quod
1392 692 1649 774 iacimus;
1673 705 1797 777 quia

199 815 297 855 non
324 809 409 855 est
435 796 661 856 devotm
690 799 906 869 mentis,
941 798 1145 857 idcirco
1179 802 1229 857 in
1258 788 1352 857 Dei
1394 792 1559 858 rebus
1595 790 1799 873 aliquid

196 894 427 963 operari,
460 903 522 948 ut
550 895 786 965 gloriam
820 896 1067 950 humana:
1110 893 1283 951 laudis
1325 905 1624 965 exSpectet.
1674 895 1795 950 Ple-

196 987 345 1061 rique
377 987 529 1042 enim
564 985 695 1045 ideo
727 986 926 1061 aliquid
957 989 1008 1044 in
1051 1005 1179 1045 usus
1226 1006 1519 1061 pauperum
1564 990 1801 1061 largiunt-

198 1089 297 1145 tur,
328 1088 384 1135 ut
412 1082 646 1138 inanem
674 1082 881 1139 laudem
912 1083 1192 1138 hominum
1224 1092 1279 1138 et
1301 1078 1496 1138 famam
1520 1084 1702 1139 szeculi
1732 1083 1800 1138 de

196 1175 443 1233 facultate
476 1186 832 1232 mercentur:
866 1191 1002 1247 quos
1050 1177 1231 1248 operis
1274 1177 1355 1231 sui
1403 1175 1712 1232 mercedem
1747 1176 1798 1231 in

198 1270 289 1325 hoc
316 1271 529 1325 saeculo
562 1270 845 1341 recepisse
869 1272 1128 1330 Dominus
1152 1273 1487 1340 manifestat;
1516 1274 1638 1342 quia
1670 1271 1797 1327 dum

197 1361 327 1417 hanc
374 1362 619 1433 gloriam
665 1356 854 1418 saeculi
900 1374 1184 1435 quaerunt,
1238 1356 1545 1422 mercedem
1606 1366 1800 1419 futurae

199 1455 579 1526 promissionis
611 1456 890 1512 amittunt.

261 1536 360 1621 ’1
389 1548 454 1603 ν.
481 1548 551 1604 Et
572 1549 701 1604 ideo
725 1549 931 1605 addidit
962 1551 1267 1608 Dominus:
1296 1548 1365 1609 Ut
1389 1554 1455 1609 sit
1475 1554 1801 1625 eleemosyna

199 1653 279 1696 tua
305 1643 358 1697 in
400 1632 667 1698 abscdnso
686 1662 705 1711 ;
734 1654 780 1699 et
814 1643 973 1700 Pater
1004 1656 1121 1700 tuus
1150 1648 1238 1717 qui
1269 1646 1403 1701 videt
1442 1647 1496 1701 in
1526 1647 1794 1713 absconso,

196 1735 363 1791 reddet
394 1736 492 1790 tibi
522 1753 542 1791 :
575 1735 769 1792 volens
811 1754 947 1809 opus
977 1738 1367 1795 misericordia:
1394 1756 1501 1794 non
1542 1755 1665 1797 esse
1697 1757 1796 1811 puo

1905 515 2088 573 struit.
2123 518 2249 573 Vult
2278 519 2424 573 enim
2459 533 2559 573 nos
2596 514 2719 573 sine
2750 510 3025 589 hypocrisi
3048 560 3063 584 ,
3097 529 3151 572 et
3185 520 3303 573 sine
3333 519 3517 590 aliquo

1903 611 2087 665 studio
2114 611 2289 666 laudis
2315 613 2591 677 humanae,
2628 628 2797 668 omne
2824 624 2967 680 opus
3006 606 3209 665 divina:
3238 612 3519 682 religionis

1906 702 2159 773 implere.
2209 704 2575 760 Prohibemur
2619 708 2858 775 namque
2905 694 3319 776 liypucritarum
3365 724 3519 763 more

1906 799 2189 853 orationes
2225 808 2441 853 nostras
2477 796 2733 853 omnibus
2775 798 3052 871 iactanter
3082 799 3412 865 OSIendere,
3449 817 3521 857 ne

1906 888 2164 944 meritum
2196 892 2384 961 gratim
2412 892 2750 946 amittamus.
2782 886 3046 947 Dominus
3076 892 3253 957 enim,
3290 908 3395 946 non
3429 895 3511 947 si-

1905 983 2172 1037 mulatam
2220 999 2284 1039 ac
2324 983 2650 1055 iactantem,
2699 984 2792 1041 sed
2835 984 3149 1055 simplicem
3185 1002 3247 1041 ac
3292 980 3514 1042 ﬁdelem

1906 1074 2215 1130 orationem
2252 1077 2504 1147 requirit.
2537 1077 2603 1132 Et
2634 1078 2758 1134 ideo
2782 1081 2971 1132 clauso
3004 1074 3170 1142 ostio,
3214 1078 3264 1134 id
3297 1093 3404 1146 εει,
3433 1082 3515 1137 in-

1907 1175 1987 1221 tra
2022 1168 2208 1225 cordis
2236 1184 2296 1225 ac
2327 1172 2676 1227 conscientia:
2709 1166 2884 1243 ipsius
2913 1186 3187 1232 secretum
3221 1194 3248 1231 a
3287 1172 3517 1233 Domino

1900 1258 2169 1331 jubemni‘
2198 1266 2379 1332 orare,
2414 1266 2472 1320 ut
2498 1265 2565 1320 ab
2595 1278 2659 1321 eo
2687 1268 2776 1337 qui
2808 1281 3148 1326 secretorum
3187 1280 3241 1325 et
3269 1269 3515 1327 occulto-

1906 1368 2031 1411 rum
2094 1362 2181 1412 est
2236 1358 2525 1425 Cognitur,
2585 1359 2917 1429 recipiamus
2970 1354 3233 1418 orationis
3285 1365 3515 1419 occulta:

1906 1444 2245 1505 mercedem.
2285 1448 2392 1521 73
2433 1440 2725 1521 Réligiosa:
2765 1454 2911 1509 enim
2958 1450 3159 1513 mentis
3190 1466 3297 1523 est,
3342 1456 3515 1512 Deum

1911 1550 2019 1595 non
2052 1541 2297 1597 clamore
2335 1545 2416 1597 vel
2458 1554 2597 1599 seno
2638 1548 2811 1613 vocis,
2856 1540 2952 1603 sed
3005 1549 3302 1605 devotione
3347 1551 3513 1606 animi

1904 1640 1968 1692 ac
1992 1632 2101 1692 lide
2122 1636 2303 1694 cordis
2327 1642 2511 1701 orare.
2540 1634 2837 1697 secundum
2863 1642 3007 1714 quod
3035 1645 3201 1701 David
3222 1646 3273 1701 in
3302 1646 3516 1702 Psahno

1908 1732 2161 1799 testatur,
2192 1731 2380 1787 dicens
2411 1753 2421 1786 :
2461 1722 2625 1787 Dicite
2645 1736 2695 1789 in
2719 1732 2962 1792 cordibus
2993 1741 3259 1807 vestris,et
3282 1740 3336 1795 in
3368 1741 3513 1795 cubi-

197 1824 408 1894 blicum,
452 1828 554 1884 sed
589 1828 901 1897 occultum;
936 1829 986 1885 id
1019 1840 1124 1896 ρει,
1156 1840 1209 1887 ut
1242 1849 1344 1887 non
1379 1843 1600 1903 propter
1626 1832 1799 1887 ιιοιηῖ-
1831 1816 1875 1885 Β
1906 1814 2036 1878 libus
2083 1820 2264 1878 vestris
2308 1827 2717 1898 compungimini
2750 1814 2924 1899 (Nat.
2967 1846 3046 1897 tv,
3093 1823 3170 1903 5).
3207 1831 3515 1887 lurenimus

197 1941 314 1979 num
348 1923 605 1991 laudem,
644 1925 741 1980 sed
783 1934 1003 1995 propter
1034 1926 1201 1981 Deum
1235 1932 1441 1981 tantum
1485 1943 1801 1996 operemur,

197 2034 222 2073 a
252 2037 353 2090 quo
379 2030 789 2091 exspectamus
816 2020 1044 2090 gloriam
1085 2030 1138 2075 et
1182 2020 1377 2076 futurae
1408 2012 1803 2077 benedictionis

197 2110 532 2169 mercedem.
564 2100 747 2183 Hujus
772 2114 953 2168 autem
986 2106 1158 2169 ﬁdelis
1188 2113 1372 2184 Opetis
1394 2112 1804 2184 eleemosynam

197 2208 290 2261 sub
312 2207 597 2277 religiosa:
630 2203 1019 2259 taciturnitatis
1049 2204 1271 2260 silentio
1297 2205 1580 2269 Salomon,
1615 2202 1804 2259 Eccle-

196 2297 321 2352 siam
346 2292 709 2364 collaudatis,
739 2295 870 2350 olim
904 2302 1234 2365 protestatus
1266 2306 1371 2361 est,
1403 2290 1591 2351 dicens
1623 2310 1636 2348 :
1670 2284 1803 2367 Spe-

198 2392 340 2445 ciosa:
367 2399 495 2443 sunt
530 2404 680 2463 gena:
713 2399 836 2453 tum,
874 2390 1059 2458 prwter
1094 2390 1501 2443 taciturnitatem
1527 2386 1702 2459 (Cant.
1730 2384 1803 2453 vi,

199 2479 269 2554 6).
316 2474 473 2537 llanc
517 2482 736 2536 scilicet
781 2476 1228 2549 taeiturnitatem,
1271 2470 1337 2536 de
1366 2482 1469 2552 qua
1517 2481 1589 2536 ait
1624 2470 1808 2535 Domi-

200 2591 293 2629 nus
334 2592 351 2632 :
398 2571 631 2629 Nesciat
673 2572 885 2628 sinistra
934 2576 1042 2639 tua,
1093 2564 1216 2643 quid
1257 2572 1417 2645 faciat
1465 2571 1676 2628 dextera
1718 2574 1807 2626 lita

200 2662 409 2740 (.llatth.
461 2668 539 2736 vt,
580 2658 663 2739 3).
715 2654 824 2723 Sed
872 2666 977 2721 non
1025 2664 1116 2721 hic
1164 2667 1424 2721 Dominus
1470 2667 1538 2722 de
1586 2656 1807 2720 humani

200 2760 445 2835 corporis
482 2762 743 2816 manibus
781 2754 1044 2830 loquitur,
1078 2750 1273 2831 quibus
1304 2777 1405 2816 nec
1432 2754 1676 2827 iidendi,
1707 2775 1808 2816 nec

200 2852 455 2926 loquendi
490 2855 645 2909 ullus
667 2864 746 2909 εει
782 2856 978 2909 se‘nsiis
1013 2872 1025 2906 :
1057 2852 1151 2909 Sed
1184 2854 1236 2908 in
1267 2856 1430 2909 manu
1461 2842 1687 2910 dextera
1725 2852 1809 2909 vel

199 2952 439 3016 sinistra,
466 2956 565 3004 aut
590 2956 729 3018 opus
754 2942 845 3001 aut
873 2946 1124 3003 homines
1146 2938 1542 3019 signitiCantur.
1564 2947 1810 3018 Denique

200 3044 461 3114 sc‘riptum
490 3039 732 3113 legimus
758 3039 809 3094 in
834 3032 989 3095 libris
1010 3032 1342 3109 Regnorum,
1372 3056 1536 3097 manu
1563 3038 1812 3095 homines

201 3137 521 3209 significari,
555 3140 685 3191 Cum
721 3134 927 3189 dicitur
963 3151 975 3187 :
1010 3121 1201 3188 Nonne
1238 3132 1409 3189 decem
1455 3126 1583 3188 mihi
1628 3151 1813 3188 manus

1906 1918 2144 1989 denique
2178 1908 2230 1972 in
2267 1914 2423 1974 libris
2452 1918 2763 1991 lteguorum
2796 1926 3005 1978 Annam
3046 1920 3199 1980 illaut
3230 1927 3514 1982 sanctissi-

1908 2020 2049 2066 mam
2081 2010 2121 2085 (Ι
2160 2002 2286 2086 Reg.
2313 2027 2351 2078 ι,
2383 2000 2496 2082 l3),
2533 2016 2692 2083 hujus
2717 2014 3054 2088 evangelicw
3086 2018 3349 2075 doctrinae
3380 2039 3519 2090 prte-

1908 2108 2067 2174 Cepta
2097 2106 2488 2175 complentetn.
2514 2100 2646 2163 Nam
2674 2124 2794 2164 cum
2822 2112 2943 2166 sine
2966 2114 3153 2183 aliquo
3180 2113 3327 2167 vocis
3354 2131 3516 2182 sivno,

1910 2198 1965 2251 ih
1999 2194 2184 2252 cerdis
2212 2200 2293 2252 sui
2323 2201 2558 2266 Secreto,
2592 2190 2647 2254 in
2681 2212 2990 2272 conspectu
3035 2198 3250 2259 Domini
3281 2200 3522 2262 ﬁdeliter

1908 2296 2097 2356 Oraus,
2124 2288 2384 2347 desiderii
2412 2288 2494 2347 s'ui
2531 2298 2721 2362 preces
2749 2288 3082 2363 effunderet,
3119 2292 3302 2352 statim
3347 2316 3516 2353 exau-

1910 2378 2013 2439 dll‘i
2044 2398 2072 2436 a
2107 2383 2341 2439 Domino
2389 2385 2608 2440 meruit.
2650 2376 2739 2442 Sic
2788 2397 2841 2442 et
2876 2382 3125 2455 Danieli,
3170 2406 3291 2444 cum
3342 2391 3517 2447 tribus

1911 2476 2094 2547 pueris
2138 2466 2351 2533 occulte
2405 2484 2623 2547 semper
2663 2472 2974 2547 Orantibus,
3025 2480 3515 2551 interpretationes

1910 2566 2115 2626 somnii
2147 2570 2199 2625 et
2226 2571 2624 2627 reiciationum
2655 2574 2865 2627 Secreta
2900 2566 3169 2629 Dominus
3206 2576 3347 2631 scire
3383 2574 3518 2631 eort-

1910 2664 2080 2718 cessit
2112 2659 2274 2735 (Dan.
2305 2678 2343 2730 ι,
2382 2660 2489 2736 17).
2521 2660 2814 2721 Cornelios
2850 2682 3067 2738 quoque
3098 2684 3199 2723 nec
3224 2662 3352 2723 dum
3384 2680 3524 2740 prae—

1912 2757 2086 2827 tepti's
2114 2757 2444 2828 evangelicis
2473 2757 2743 2826 eruditus,
2774 2760 2905 2815 dum
2940 2763 2991 2816 in
3019 2762 3274 2819 eubi’culo
3299 2778 3398 2818 suo
3430 2782 3519 2819 se-

1912 2852 2063 2908 Crcte
2095 2860 2157 2908 ac
2204 2846 2441 2909 fideliter
2470 2858 2612 2919 brat,
2647 2856 2847 2910 meruit
2888 2860 3078 2911 vocem
3126 2858 3299 2913 Sancti
3335 2846 3523 2929 angeli

1916 2944 2193 3015 loquentis
2220 2944 2408 3001 audire
2439 2940 2584 3017 (Act.
2637 2948 2691 3011 1t,
2723 2938 2776 3010 Ξ.
2809 2940 2887 3018 3).
2914 2947 3054 3017 Quid
3092 2948 3161 3004 de
3198 2944 3333 3004 Jona
3363 2944 3518 3006 dice-

1916 3042 2060 3104 mus,
2084 3039 2177 3109 qui
2209 3042 2313 3094 non
2349 3030 2510 3095 modo
2551 3052 2657 3096 non
2687 3041 2965 3104 eubiuilo,
3005 3040 3102 3097 'sed
3132 3046 3286 3099 utero
3314 3043 3522 3100 belluas

1915 3128 2156 3197 clausus,
2203 3128 2258 3187 in
2302 3132 2512 3187 tantum
2556 3136 2722 3188 orans
2766 3135 2969 3189 meruit
3017 3134 3302 3203 etaudiri,
3346 3146 3407 3191 ut
3453 3137 3522 3193 de

201 3206 313 3287 sunt
358 3232 412 3287 in
456 3220 685 3286 Israel?
726 3224 777 3284 id
825 3238 929 3294 est,
965 3227 1156 3285 decem
1202 3228 1372 3286 tribus
1422 3224 1611 3284 Israel.
1662 3227 1811 3285 Unde
1839 3206 1884 3280 C
1920 3220 2186 3298 profundo
2228 3228 2398 3284 maris
2434 3230 2489 3283 et
2531 3227 2598 3284 de
2642 3236 2831 3283 ve‘utre
2878 3230 2988 3283 tam
3028 3224 3281 3284 immanis
3324 3229 3524 3287 bellua:

201 3324 303 3380 neu
336 3323 572 3380 dubium
603 3320 714 3387 est,
741 3319 795 3376 in
827 3316 1048 3377 dextera
1084 3326 1244 3377 manu
1272 3322 1451 3393 justos
1483 3312 1810 3395 significari;

203 3420 251 3473 in
282 3414 507 3474 sinistra
546 3431 683 3472 vero
708 3414 1028 3486 peccatores
1052 3408 1304 3487 intelligi,
1339 3414 1640 3472 secundum
1670 3414 1814 3486 quod

202 3506 460 3570 Salomon
493 3504 692 3568 retulit
727 3527 739 3564 :
773 3506 960 3565 Partes
1002 3502 1321 3565 dexteriora
1362 3511 1498 3565 novit
1528 3504 1814 3576 Dominus;

202 3608 449 3677 perversa?
484 3615 669 3659 autem
707 3611 847 3665 sunt,
894 3618 1008 3675 qua:
1052 3610 1172 3657 aunt
1208 3621 1239 3657 a
1280 3604 1506 3658 sinistris
1530 3602 1711 3671 (Prov.
1738 3621 1812 3671 IV,

201 3696 314 3769 27).
352 3692 528 3771 Hujus
556 3707 744 3751 autem
768 3690 1010 3751 dextera?
1039 3702 1102 3750 ac
1130 3688 1369 3752 sinistrae
1399 3686 1813 3773 intelligentiam

203 3791 465 3847 Dominus
498 3790 556 3846 in
589 3787 891 3859 Erangelio
921 3787 1273 3859 apertissime
1308 3788 1621 3845 tuanifestat
1643 3832 1657 3856 ,
1691 3798 1813 3845 cum

204 3887 381 3957 justus
419 3900 451 3940 a
482 3882 724 3947 dextris,
759 3884 1078 3953 peccatores
1118 3884 1252 3938 vero
1292 3899 1321 3937 a
1365 3874 1602 3938 sinistris
1643 3874 1814 3938 Collo-

204 3977 408 4035 candus
449 3980 578 4035 esse
611 3966 881 4033 deelarat.
935 3972 1062 4031 Haec
1099 3992 1231 4048 ergo
1266 3976 1489 4033 dextera
1520 3978 1814 4047 justor‘dm,

204 4075 248 4127 si
288 4064 423 4145 quid
456 4066 765 4129 Secundum
801 4070 1135 4141 prmceptum
1172 4066 1389 4127 Domini
1418 4078 1700 4141 operatur,
1731 4072 1820 4141 ja-

206 4167 366 4224 betur
396 4168 625 4223 siuistra
668 4164 886 4220 nescire
921 4183 933 4219 :
968 4165 1020 4220 id
1054 4164 1158 4229 éSt,
1188 4166 1248 4221 nt
1284 4166 1428 4238 quod
1473 4166 1723 4236 religiose
1756 4180 1819 4221 ac

205 4259 447 4317 ﬁdeliter
620 4258 937 4328 operamur,
966 4257 1021 4312 in
1052 4256 1351 4327 censpectu
1392 4262 1736 4327 peccatorum
1765 4264 1821 4313 et

207 4344 514 4410 infidelium
549 4352 834 4407 hominum
885 4354 993 4407 non
1032 4351 1325 4421 iaciemus.
1351 4342 1556 4409 Verum
1600 4344 1645 4407 si
1687 4344 1818 4422 quid

211 4462 319 4502 non
354 4446 618 4501 lnnhana’e
655 4438 831 4500 laudis
873 4444 1081 4510 studio,
1113 4446 1283 4501 etiam
1330 4450 1517 4500 coram
1550 4442 1822 4515 religiosis

207 4539 469 4596 fratribus
498 4528 741 4594 ﬁdeliter
767 4536 1102 4601 faceremus,
1136 4551 1246 4592 non
1276 4541 1455 4609 petest
1487 4544 1625 4609 Opus
1652 4537 1823 4594 devo-

1919 3316 2210 3377 incolumis
2251 3322 2315 3377 ac
2368 3312 2525 3377 vivus
2572 3314 2831 3378 evzi'deret
2875 3316 3023 3392 (Jan.
3060 3314 3162 3395 tl)?
3211 3314 3522 3381 Exauditus

1915 3422 2099 3472 autem
2126 3426 2153 3470 a
2186 3402 2298 3473 Deo
2328 3416 2441 3481 est,
2479 3422 2585 3471 non
2621 3418 2744 3488 quia
2782 3416 2938 3481 voce,
2976 3414 3072 3473 sed
3101 3418 3225 3489 quia
3269 3410 3376 3473 ﬁde
3406 3416 3521 3473 cla.

1918 3509 2119 3565 mabat.
2153 3508 2221 3565 Et
2261 3506 2383 3566 ideo
2414 3509 2663 3566 clamore
2694 3508 2842 3566 Vocis
2885 3516 2992 3565 non
3028 3506 3114 3565 est
3145 3526 3282 3581 Opus
3317 3504 3367 3565 in
3398 3526 3521 3566 ora-

1920 3607 2067 3663 tione
2098 3607 2164 3662 ad
2197 3596 2391 3673 Deum,
2420 3614 2581 3679 qnem
2605 3608 2809 3663 scimus
2838 3606 3050 3665 secreta
3075 3606 3259 3665 eordis
3284 3607 3518 3676 intueri;

1918 3701 2013 3758 sed
2037 3701 2277 3757 'clamore
2306 3694 2451 3763 ﬁdei,
2484 3716 2547 3755 ac
2577 3700 2848 3773 religiosae
2881 3703 3080 3757 mentis
3110 3700 3421 3758 devotione.

1989 3794 2054 3851 II.
2084 3794 2239 3852 Unde
2262 3804 2368 3851 non
2392 3795 2464 3850 tm
2477 3795 2672 3850 merito
2693 3795 2744 3851 in
2768 3796 3127 3868 sequentibus
3144 3792 3406 3855 Dominus
3429 3801 3525 3855 ait:

1924 3888 2144 3945 Orontes
2175 3896 2388 3957 autem,
2422 3888 2578 3946 nolite
2606 3878 2825 3945 inultum
2858 3884 3033 3963 loqui,
3064 3893 3193 3947 sicut
3219 3890 3409 3948 ethnici
3433 3895 3513 3965 fa-

1920 3980 2096 4036 ciant:
2120 3986 2304 4054 putant
2320 3982 2452 4036 enim
2465 3981 2603 4053 quod
2619 3982 2673 4037 in
2694 3976 3018 4055 multiloquio
3042 4001 3134 4039 suo
3155 3982 3520 4043 exaudiantut‘.

1923 4070 2105 4128 Name
2145 4089 2266 4148 ergo
2307 4074 2528 4129 Similari
2566 4076 2679 4129 eis:
2846 4076 2940 4131 scit
2978 4077 3116 4132 enim
3159 4070 3317 4132 Pater
3359 4092 3523 4135 vester

1920 4162 2048 4237 quid
2088 4172 2215 4237 opus
2251 4167 2320 4221 sit
2357 4164 2530 4231 vobis,
2573 4168 2847 4236 antequam
2888 4168 3074 4238 petatis
3113 4169 3175 4223 alt
3215 4187 3271 4224 eo
3300 4164 3518 4244 (Matth.

1928 4266 2017 4326 vi,
2050 4250 2121 4325 7,
2157 4254 2255 4330 8).
2300 4252 2516 4315 Ethnici
2558 4260 2701 4315 enim
2746 4252 2998 4316 homines
3036 4273 3225 4331 putant
3272 4265 3519 4319 multilo-

1925 4346 2148 4425 quen‘tia
2188 4348 2486 4407 verborum
2528 4342 2742 4407 facilius
2783 4368 2841 4408 se
2881 4371 2907 4406 a
2951 4353 3183 4409 Domino
3226 4355 3522 4425 impetrare

1928 4462 2087 4519 posse
2126 4446 2270 4519 Quod
2315 4444 2593 4513 postulant
2625 4463 2637 4499 :
2674 4438 2771 4501 sed
2812 4445 2915 4501 hoc
2966 4463 2994 4501 a
3045 4447 3201 4502 nobis
3256 4450 3523 4507 Doxuinus

1928 4554 2033 4595 non
2086 4549 2387 4612 exspectat.
2430 4529 2559 4594 Vult
2598 4541 2783 4610 potius
2822 4550 2878 4595 ut
2919 4543 3224 4596 orationem
3276 4551 3521 4600 nostram

209 4630 377 4687 tionis
405 4645 473 4687 ac
498 4620 626 4684 fidei
655 4644 682 4681 a
714 4620 979 4683 fratribus
1011 4606 1686 4701 iactantia—iudieariante
1718 4624 1824 4684 Do-
1846 4606 1902 4677 Ῑ)
1930 4640 2037 4689 non
2073 4606 2402 4690 verbositate
2434 4606 2714 4689 sermonis
2741 4675 2753 4700 ,
2789 4630 2884 4689 sed
2918 4632 3025 4690 lide
3055 4633 3271 4704 cordis,
3307 4652 3370 4692 ac
3404 4638 3526 4709 jus-

209 4726 420 4782 mi'nu'm
453 4726 518 4781 ac
550 4714 897 4781 Salvatorem
944 4722 1218 4790 nostrum,
1254 4718 1347 4796 qui
1379 4733 1459 4779 est
1496 4718 1822 4781 bettedi'ctns

212 4824 265 4878 in
297 4814 530 4889 secura,
566 4819 763 4876 Amen.

688 4899 1106 4970 TRAC‘I‘ATUS
1146 4904 1268 4969 Xlll
1301 4914 1349 4969 ά.

509 4998 577 5064 In
604 5017 757 5082 caput
785 5024 834 5062 vn
873 5002 1144 5080 Evangelii
1180 5000 1242 5065 S.
1273 5000 1531 5064 Matthmi.

287 5096 329 5161 Ῐ.
364 5092 578 5160 υκιῖἠῶ
606 5104 679 5157 ait
712 5120 724 5157 :
765 5100 828 5156 Ει
866 5114 979 5156 cum
1021 5103 1200 5169 armis,
1242 5109 1342 5157 non
1384 5102 1525 5157 eritis
1567 5103 1698 5156 sicut
1728 5101 1829 5173 Ity-

213 5200 436 5269 patrita!
479 5188 569 5267 qui
620 5200 794 5250 amant
840 5202 974 5249 stare
1004 5196 1054 5248 in
1096 5188 1391 5268 synagogis,
1436 5196 1484 5248 et
1522 5197 1577 5248 in
1620 5194 1829 5268 angulis

215 5292 515 5363 platearum
546 5294 738 5346 stantes
773 5290 942 5355 orare,
985 5294 1037 5343 nt
1073 5287 1344 5343 uideantur
1370 5284 1433 5342 'ab
1479 5289 1771 5343 ﬂaminibus
1810 5304 1829 5341 :

212 5392 385 5446 Amen
431 5391 551 5444 dico
599 5382 739 5443 robiis
768 5432 782 5455 ,
835 5390 1135 5460 irruperunt
1182 5378 1461 5441 niei’ced‘em
1518 5390 1690 5442 suam.
1748 5378 1829 5437 Tu

212 5492 393 5543 a’atem
416 5482 534 5540 cunt
555 5476 803 5550 aruum-is,
834 5482 974 5538 intra
998 5485 1048 5537 in
1076 5480 1367 5537 Cubiculum
1391 5486 1561 5550 tuum,
1579 5482 1626 5537 et
1648 5483 1831 5537 clauso

215 5582 356 5636 ostia
386 5578 478 5635 ora
507 5564 720 5634 Puram
749 5572 913 5645 tuum,
937 5589 985 5632 et
1014 5568 1169 5631 pater
1199 5576 1319 5631 tum
1350 5576 1438 5649 qui
1467 5564 1602 5631 ordei
1643 5579 1695 5632 in
1732 5575 1829 5630 ab-

214 5691 427 5741 sconso,
461 5672 644 5728 reddet
674 5672 767 5727 tibi
796 5671 1012 5742 (Matth;
1038 5688 1113 5739 Vl,
1141 5672 1197 5739 5,
1227 5671 1307 5742 6).
1350 5669 1437 5728 Ad
1465 5685 1685 5727 omnem
1728 5683 1831 5725 nos

1932 4720 2045 4783 lita:
2076 4722 2287 4783 meritis
2326 4726 2772 4782 commendemUS
2803 4741 2818 4792 ;
2849 4716 2899 4783 ei
2940 4728 3126 4798 utique
3149 4770 3164 4795 ,
3203 4729 3293 4800 qui
3338 4728 3536 4787 melius

1934 4824 2083 4880 hbvit
2115 4822 2293 4877 omnia
2321 4828 2443 4893 qua“:
2476 4821 2635 4877 uehis
2662 4821 2969 4878 necessaria
2994 4824 3154 4889 sunt,
3188 4824 3242 4878 et
3274 4820 3531 4881 universa

1934 4916 2055 4989 quae
2082 4914 2405 4988 postulaturi
2449 4918 2658 4984 sumus,
2691 4918 2980 4989 antequam
3008 4910 3332 4989 loquamur,
3360 4936 3533 4993 agno-

1935 5009 2059 5065 S’cit.
2076 4998 2347 5078 Quantum
2367 5003 2601 5081 denique
2620 5000 2788 5066 distet
2812 5004 2957 5065 inter
2972 5011 3448 5084 mhltiloquaccm,
3475 5010 3532 5071 et

1932 5102 2196 5160 humilem
2228 5106 2291 5158 ac
2323 5096 2633 5173 simplicem
2663 5103 2967 5160 orationem
2990 5146 3004 5171 ,
3039 5100 3090 5161 in
3124 5100 3401 5163 Phariszro
3439 5102 3533 5163 illo

1934 5202 1988 5251 et
2039 5188 2336 5251 Ptiblicano
2385 5190 2653 5254 habemus
2702 5200 3036 5270 exemplum.
3086 5192 3220 5255 Nam
3274 5194 3535 5256 Pharisaei

1932 5288 2194 5361 jactantis
2226 5296 2286 5343 Se
2316 5288 2368 5344 in
2404 5284 2847 5362 mttltilo'q'ticn'lia
2881 5292 3174 5349 verborum
3210 5294 3536 5362 t'ept‘obatur

1939 5386 2154 5441 Oratio:
2187 5382 2519 5441 Publi'czi'nu‘s
2551 5388 2679 5441 vero
2721 5386 2945 5443 humilis
2986 5403 3049 5442 ac
3090 5380 3395 5442 submissus
3437 5402 3536 5455 pro

1938 5478 2181 5550 peCca‘tis
2208 5474 2322 5535 suis
2348 5476 2561 5535 veniam
2593 5480 2905 5552 po‘stulans,
2932 5480 3537 5552 iustiﬁcatiorjactantc

1938 5578 1996 5631 se
2024 5568 2304 5629 Pharisréo
2332 5572 2618 5629 descendit
2641 5562 2795 5646 (Luc.
2829 5592 2962 5630 svnt
2983 5616 2995 5639 ,
3030 5568 3133 5646 ltl).
3160 5574 3215 5628 lu
3248 5589 3353 5643 quo
3385 5587 3535 5627 como

1940 5668 2149 5741 pictum
2184 5667 2494 5726 invenimus
2520 5668 2574 5725 id
2602 5668 2750 5741 quod
2776 5669 3041 5737 scriptum
3074 5672 3195 5721 est:
3231 5664 3411 5719 Oratio
3442 5663 3541 5719 hu-

295 5867 320 5894 ι
354 5858 511 5928 Apud
554 5852 809 5913 Gallan‘d;
850 5848 1222 5912 tinctam
1259 5846 1355 5910 Xll
1399 5853 1453 5908 in
1495 5852 1558 5911 S.
1593 5844 1835 5906 Matium
1865 5844 2232 5922 Evangetium.
