4056 6340
572 292 681 353 359

1594 288 1654 346 S.
1693 284 2078 348 CiiROMATIl
2117 283 2333 346 EPISC.
2375 280 2864 356 AQUILEIENSIS

3768 277 3863 340 560

571 406 711 459 utilis
738 402 897 459 nubes
924 402 1208 475 penetravit
1237 398 1449 477 (Eccli.
1472 418 1642 471 xxxv,
1671 404 1733 458 2|
1764 404 1814 474 ),
1847 403 2175 473 perveniens
2206 417 2253 477 Α
2282 412 2525 457 sanctum
2556 442 2570 465 ,
2612 402 2829 456 Patrem
2861 398 3031 454 Deum
3064 395 3269 452 habere
3292 394 3404 465 jam
3436 391 3726 463 cepimus.
3756 391 3863 461 ipse

572 499 641 553 ad
670 498 840 552 Deum
876 498 967 569 qui
999 500 1213 553 orantis
1246 514 1466 567 prerem
1500 496 1693 552 audire
1723 500 2011 552 eottsuevit
2034 537 2049 561 ,
2084 496 2174 566 qui

574 604 659 648 est
692 595 1013 649 benedictus
1047 594 1099 646 in
1135 593 1352 647 sa-cula.
1386 592 1580 647 Amen.

1047 688 1463 745 TRACTATUS
1506 687 1621 743 XIV
1660 696 1707 741 ι.

849 783 918 841 1η
960 796 1115 856 caput
1158 802 1212 839 γι
1256 785 1525 856 Evangelii
1565 783 1625 839 S.
1671 782 1927 838 Matthwi.

646 879 687 935 1.
734 879 941 935 Deinde
974 882 1086 935 ait:
1140 880 1231 935 Sic
1276 895 1396 952 ergo
1441 878 1656 932 orabitis
1699 876 1933 949 (Matth.
1966 892 2052 942 vt,
2086 874 2176 945 9).

582 972 849 1028 Dominus
880 986 1088 1040 noster,
1119 973 1209 1043 qui
1239 982 1460 1027 orantes
1490 988 1550 1027 se
1582 972 1842 1025 exaudire
1874 970 2180 1033 consuevit,

572 1069 775 1137 quibus
810 1069 991 1123 verbis
1019 1081 1178 1122 orare
1208 1066 1510 1121 debeamus
1550 1065 1812 1119 ostendit.
1854 1065 1898 1119 0
1928 1080 2086 1134 quam
2122 1064 2184 1117 ﬁ-

579 1160 722 1218 delis
766 1162 880 1216 haec
907 1170 963 1215 et
995 1161 1155 1216 beata
1188 1160 1348 1215 nobis
1381 1161 1564 1215 oratio
1597 1171 1716 1223 est,
1750 1161 1906 1228 cujus
1936 1160 2181 1213 ordinem

576 1254 736 1310 nobis
775 1255 968 1310 doctor
1006 1256 1167 1319 vita),
1214 1269 1279 1309 ac
1316 1256 1579 1325 magister
1618 1253 1865 1309 caelestis
1895 1251 2002 1324 75
2033 1251 2187 1306 insti-

579 1350 724 1404 tuit!
759 1349 930 1417 Quam
963 1349 1107 1403 beati
1138 1350 1302 1403 etiam
1336 1364 1438 1405 nos
1469 1364 1591 1403 esse
1624 1364 1919 1421 possumus
1941 1388 1955 1413 ,
1991 1348 2034 1402 si
2068 1347 2185 1401 hazc

581 1443 845 1496 orationis
886 1441 1176 1497 dominica:
1222 1443 1385 1497 verba
1431 1459 1540 1497 non
1574 1450 1787 1497 tantum
1819 1440 2001 1495 ofﬁcio
2031 1441 2144 1494 oris
2168 1479 2183 1507 ,

578 1536 676 1589 sed
712 1534 1035 1589 ﬁdelissimo
1066 1536 1503 1590 conversationis
1532 1544 1656 1589 actu
1688 1534 2001 1589 servemus!
2038 1532 2188 1586 llanc

579 1628 766 1699 itaque
814 1630 1005 1683 orandi
1056 1628 1289 1684 formam
1335 1630 1601 1684 Dominus
1641 1628 1929 1697 discipulis
1968 1628 2081 1683 suis
2119 1624 2187 1680 ad

586 1739 739 1793 spem
793 1724 986 1776 salutis
1037 1722 1291 1777 humana:
1340 1723 1662 1787 Constituit,
1706 1722 1978 1776 dicendo:
2032 1718 2189 1773 Pater

2282 495 2425 550 enim
2462 496 2603 549 Deus
2629 494 2789 549 Pater
2814 508 2953 547 unus
2983 499 3068 547 est
3095 489 3253 544 nobis
3281 530 3294 555 ,
3323 487 3412 558 qui
3443 494 3735 557 regenerat
3759 486 3865 555 Spi-

2281 589 2389 642 ritu
2417 604 2516 643 stto
2537 629 2551 651 ,
2586 602 2723 658 quos
2755 585 2883 641 facit
2914 584 2980 640 ad
3012 596 3272 638 :eternam
3306 580 3685 636 hzercditatem
3718 578 3862 635 ﬁlios.

2282 682 2351 736 Et
2384 682 2504 736 ideo
2534 679 2691 751 quasi
2721 678 2819 733 ﬁlii
2853 679 2948 733 Dei
2979 676 3260 731 ambulare
3290 674 3555 729 debemus
3575 713 3589 739 ,
3622 687 3689 726 ne
3727 670 3865 725 aliter

2283 774 2507 844 agentes
2550 788 2709 842 quam
2752 772 2893 827 ﬁlios
2930 770 3029 827 Dei
3069 766 3357 834 convenit,
3402 767 3481 822 rei
3524 766 3628 821 sub
3658 778 3866 833 usurpa-

2282 866 2435 922 tione
2468 868 2601 922 tanti
2636 867 2875 921 nominis
2906 874 3216 920 teneanmr.

2356 958 2420 1012 1|.
2456 961 2545 1013 Ait
2565 974 2697 1028 ergo
2728 976 2740 1015 :
2778 954 2942 1011 Pater
2983 964 3155 1009 noster
3182 954 3269 1024 qui
3298 970 3350 1008 es
3378 952 3430 1005 in
3453 950 3628 1015 caelis,
3656 946 3865 1017 sanctifi-

2286 1063 2426 1107 cetur
2464 1069 2646 1106 nomen
2696 1064 2856 1105 tuum.
2892 1051 3007 1105 Non
3038 1047 3183 1119 qttod
3233 1046 3301 1101 ab
3331 1047 3514 1115 aliquo
3560 1058 3757 1097 nomen
3787 1041 3866 1096 Dei

2288 1145 2615 1202 sanetiﬁeari
2667 1144 2859 1215 possit,
2889 1159 3011 1199 cum
3068 1156 3260 1197 omnes
3282 1138 3584 1194 sanctilicet
3618 1136 3752 1205 ipse,
3789 1135 3865 1204 qui

2290 1239 2361 1293 ait
2393 1254 2490 1308 per
2537 1237 2865 1306 Pr0phetam
2900 1253 2912 1289 :
2946 1234 3130 1290 Sancti
3154 1242 3332 1298 estote,
3366 1232 3501 1285 sicut
3548 1239 3594 1283 et
3618 1245 3707 1300 ego
3737 1244 3867 1282 sanc-

2290 1342 2369 1385 tus
2390 1348 2526 1397 sum,
2560 1330 2682 1383 dicit
2718 1328 2967 1382 Dominus
3015 1325 3217 1399 (Levit.
3246 1340 3323 1389 st,
3356 1324 3447 1388 44;
3498 1337 3589 1376 xxx
3614 1361 3629 1387 ,
3658 1322 3749 1388 2).
3774 1319 3863 1376 Sed

2290 1427 2493 1482 idcirco
2525 1440 2721 1480 nomen
2749 1422 2919 1492 ipsius
2953 1419 3282 1476 sanctilicari
3310 1418 3669 1488 postulamus,
3693 1415 3793 1487 77
3824 1426 3867 1469 ut

2293 1525 2345 1579 in
2380 1523 2537 1578 nobis
2590 1520 2961 1575 sanctiﬁcetur
2994 1534 3087 1587 per
3129 1533 3291 1587 opera
3322 1513 3573 1585 justitizc,
3622 1528 3715 1582 per
3758 1512 3865 1567 lidei

2293 1618 2572 1677 meritum,
2607 1630 2700 1682 per
2745 1613 2974 1683 gratiam
3004 1610 3238 1680 Spiritus
3259 1608 3454 1663 sancti.
3490 1607 3660 1672 Quam
3688 1605 3867 1658 sancti-

2294 1709 2629 1770 ﬁcationetn.
2682 1716 2741 1762 ut
2788 1722 2887 1777 per
2944 1705 3253 1774 huiusmodi
3293 1703 3434 1758 dona
3460 1702 3711 1770 accipere
3762 1716 3867 1771 pos-

588 1826 765 1869 noster
790 1815 877 1885 qui
905 1816 958 1869 in
987 1816 1129 1870 costis
1154 1833 1205 1869 es
1239 1812 1420 1886 (Ibid.
1446 1815 1487 1885 ).
1521 1816 1734 1883 Quanta
1778 1814 1994 1869 Domini
2040 1816 2183 1868 circa
2217 1823 2264 1884 Β
2290 1807 2481 1869 simus,
2510 1802 2897 1858 misericordia:
2922 1802 3092 1872 ipsius
3113 1800 3371 1854 auxilium
3393 1799 3756 1855 necessarium
3778 1806 3866 1851 est.

594 1923 696 1961 nos
744 1907 1007 1962 dilectio!
1041 1910 1255 1975 Quanta
1303 1908 1678 1963 misericordia
1722 1908 1840 1979 ejus
1879 1916 1936 1964 et
1974 1910 2145 1977 pietas
2169 1948 2184 1973 ,

589 2018 711 2072 qua:
745 2003 901 2056 nobis
934 2010 1098 2057 tante
1131 2005 1321 2073 gratite
1350 2019 1548 2059 munus
1581 2004 1839 2070 indulsit,
1871 2012 1930 2057 ut
1966 2004 2189 2057 licenter

584 2096 877 2151 Dominum
910 2110 972 2151 ac
1003 2096 1172 2150 Deum
1209 2107 1457 2152 nostrum
1483 2139 1497 2163 ,
1548 2097 1691 2152 servi
1742 2097 1955 2151 Patrem
2006 2097 2191 2151 dicere

526 2240 529 2243 .
584 2189 916 2245 audeamus!
966 2190 1088 2259 Quo
1132 2191 1395 2246 vocabulo
1426 2205 1531 2246 non
1556 2190 1668 2259 jam
1712 2198 1917 2244 tantum
1961 2205 2187 2254 servos,

577 2285 673 2342 sed
704 2285 873 2341 etiam
908 2284 1051 2340 ﬁlios
1076 2300 1174 2340 nos
1205 2286 1300 2341 Dei
1333 2300 1457 2341 esse
1484 2285 1841 2341 demonstrat.
1874 2286 2088 2340 Etcum
2121 2284 2187 2339 ad

578 2379 809 2450 gratiam
843 2379 979 2433 satis
1011 2394 1291 2450 superque
1320 2380 1634 2445 sufﬁceret,
1673 2389 1732 2434 ιιι
1764 2379 1851 2433 vel
1893 2381 2035 2434 servi
2081 2377 2189 2432 dici

586 2474 968 2530 tantummodo
989 2491 1355 2540 mererentur,
1384 2477 1434 2530 in
1452 2485 1661 2529 tantum
1686 2474 1928 2528 charitas
1953 2473 2045 2527 Dei
2067 2486 2193 2526 exa-

588 2568 852 2624 hundavit
877 2609 893 2634 ,
927 2579 988 2623 ut
1020 2584 1130 2623 non
1176 2571 1353 2623 solum
1398 2570 1574 2634 servi,
1617 2567 1711 2623 sed
1746 2578 1803 2623 et
1836 2568 1930 2621 lilii
1970 2567 2062 2621 Dei
2098 2581 2195 2635 per

586 2660 941 2733 adOptiouem
986 2676 1263 2717 vocemur.
1308 2661 1478 2731 Cujus
1518 2662 1755 2715 nominis
1790 2662 2052 2731 gratiam,
2099 2675 2193 2729 per

586 2758 751 2811 [idem
791 2755 1144 2812 credentibus
1183 2755 1410 2811 Christo
1444 2756 1738 2820 donatam,
1792 2757 1849 2808 in
1897 2753 2194 2823 Evangelio

585 2850 829 2906 Joannes
857 2852 1098 2906 ostendit
1124 2892 1138 2915 ,
1173 2850 1410 2906 dicendo
1437 2868 1449 2902 :
1486 2850 1747 2919 Quotquot
1782 2848 2109 2901 crediderunt
2140 2849 2194 2901 in

591 2962 746 3011 eum,
779 2944 918 3000 dedit
950 2947 1023 2999 eis
1052 2954 1360 3012 potestatem
1381 2942 1520 3014 ﬁlios-
1549 2944 1641 2997 Dei
1663 2941 1777 3012 ﬁeri
1798 2983 1813 3007 ,
1846 2940 1928 2994 his
1957 2941 2045 3012 qui
2076 2956 2192 2993 cre-

592 3040 725 3095 dunt
754 3044 806 3093 in
842 3040 1050 3095 nomine
1075 3039 1191 3108 ejus
1210 3054 1229 3092 :
1251 3039 1346 3109 qui
1374 3054 1477 3091 non
1515 3052 1577 3091 ea:
1614 3035 1953 3106 sanguinibus
1976 3075 1992 3099 ,
2035 3049 2195 3102 neque

594 3150 658 3189 ea:
689 3134 950 3187 voluntate
986 3132 1157 3185 carnis
1182 3173 1196 3197 ,
1241 3148 1403 3199 neque
1441 3146 1503 3184 ea:
1543 3130 1810 3183 voluntate
1850 3127 1982 3189 viri,
2012 3126 2102 3181 sed
2132 3143 2197 3181 ex

2294 1898 2494 1954 Verum
2528 1912 2633 1952 non
2666 1905 2789 1967 eget
2820 1895 2999 1965 aliqua
3028 1893 3460 1949 sanctiﬁcatione
3492 1893 3621 1960 ille,
3654 1891 3741 1963 qui
3768 1890 3867 1944 fons

2293 2003 2375 2047 est
2405 1990 2709 2046 sanctitatis
2740 2000 2979 2044 aeternae.

2368 2085 2453 2140 Ill.
2492 2084 2697 2139 Deinde
2723 2085 2799 2137 ait
2827 2100 2840 2136 :
2876 2082 3128 2137 Adveniat
3152 2097 3365 2151 regnum
3388 2089 3535 2134 tuum
3564 2076 3771 2151 (Matth.
3793 2092 3866 2141 vl,

2298 2178 2413 2248 10).
2448 2176 2713 2234 Similiter
2742 2188 2796 2231 et
2829 2174 2915 2230 hic
2939 2190 3044 2230 non
3072 2176 3181 2230 Deo
3203 2185 3453 2244 optamus
3488 2182 3545 2227 ut
3567 2184 3769 2241 regnet,
3791 2170 3867 2240 qui

2294 2271 2409 2327 Rex
2435 2278 2519 2326 est
2547 2279 2876 2325 aeternorum
2916 2270 3242 2323 steculorum
3270 2284 3283 2333 ;
3336 2269 3494 2335 cujus
3538 2281 3753 2336 regnum
3787 2279 3867 2318 nec

2298 2367 2511 2421 initium
2546 2364 2708 2418 habet
2763 2379 2864 2422 nec
2912 2364 3106 2418 ﬁnem:
3158 2363 3253 2416 sed
3284 2370 3341 2415 ut
3372 2359 3501 2414 illud
3562 2375 3796 2428 regnum,
3826 2356 3866 2410 id

2296 2470 2379 2516 est
2401 2462 2628 2515 (iniuste
2656 2460 2799 2528 quod
2834 2459 2991 2512 nobis
3024 2454 3306 2527 promisit,
3339 2454 3607 2509 adveniat.
3645 2453 3743 2510 Sed
3774 2467 3868 2506 ma.

2295 2569 2417 2625 gnte
2450 2553 2663 2608 ﬁduciae
2686 2566 2740 2607 et
2764 2553 2994 2607 sincera:
3034 2549 3385 2605 conscientia:
3417 2560 3519 2611 est,
3559 2548 3657 2602 hoc
3683 2544 3866 2599 Domini

2300 2663 2525 2719 regnum
2556 2655 2613 2701 ut
2641 2646 2915 2708 adveniat.
2949 2643 3290 2700 confidenter
3320 2652 3531 2712 optare.
3576 2640 3641 2694 Et
3668 2639 3864 2702 idcirco,

2298 2742 2445 2811 quia,
2478 2754 2531 2793 ut
2567 2755 2791 2811 regnum
2827 2739 2919 2793 Dei
2968 2738 3170 2801 veniat,
3204 2752 3423 2805 semper
3454 2748 3709 2798 oramus;
3746 2732 3868 2785 tales

2299 2848 2400 2887 nos
2433 2832 2614 2888 inﬁde
2650 2832 2857 2886 Domini
2888 2842 2939 2886 et
2972 2831 3028 2886 in
3052 2830 3324 2884 mandatis
3357 2830 3478 2896 ejus
3508 2827 3761 2881 exhibere
3789 2824 3867 2878 de-

2299 2927 2514 2991 bemus,
2546 2935 2604 2980 ut
2634 2928 2816 2979 futuro
2844 2940 3012 2995 regno
3035 2925 3181 2993 digni
3215 2938 3339 2978 esse
3374 2922 3667 2992 possimus.

2368 3018 2457 3073 ιν.
2494 3018 2699 3072 Dehinc
2729 3019 2837 3071 ait:
2872 3014 2995 3070 Fiat
3029 3018 3263 3071 voluntas
3300 3022 3410 3079 tua,
3444 3014 3575 3067 sicut
3606 3013 3658 3065 in
3700 3011 3808 3065 coelo
3829 3017 3865 3063 et

2299 3113 2515 3193 interra
2542 3110 2754 3186 (Ibid).
2790 3111 2893 3165 l‘ar
2915 3125 3131 3181 quoque
3162 3122 3213 3164 et
3234 3109 3324 3162 hic
3356 3108 3722 3176 intelligentia-
3750 3104 3865 3158 ratio

593 3225 704 3282 Deo
734 3227 840 3279 nati
868 3238 984 3279 sunt
1020 3222 1223 3296 (Joan.
1253 3239 1302 3289 ι,
1336 3224 1435 3287 12,
1470 3224 1535 3276 15
1563 3225 1601 3292 ).
1638 3222 1790 3279 Unde
1817 3232 1872 3277 et
1901 3221 2189 3289 Apostolus

2300 3215 2398 3261 est.
2434 3205 2550 3259 Non
2579 3207 2723 3259 enim
2766 3206 3049 3274 quisquam
3083 3211 3189 3268 est,
3239 3202 3330 3271 qui
3364 3200 3635 3253 obsistere
3678 3206 3727 3251 et
3756 3210 3864 3249 con-

591 3321 701 3375 ait:
742 3320 1001 3387 Quoniam
1028 3328 1204 3371 autent
1234 3322 1358 3371 estis
1386 3318 1483 3388 ﬁlii
1514 3316 1646 3384 Dei,
1680 3318 1819 3371 misit
1847 3314 1989 3369 Deus
2022 3316 2198 3385 Spiri-

593 3426 701 3470 tum
732 3413 863 3468 Ftlii
889 3414 972 3467 sui
1000 3414 1053 3467 iu
1082 3414 1240 3467 corda
1267 3424 1434 3468 vestra
1460 3415 1802 3480 clamantem,
1832 3413 1975 3466 Abba
1994 3454 2008 3475 ,
2035 3410 2197 3467 Pater

596 3508 744 3579 (Gal.
770 3523 850 3573 tv,
883 3507 962 3574 6).
996 3508 1134 3573 Quia
1168 3506 1332 3578 igitur
1366 3510 1502 3561 tanti
1536 3508 1778 3562 muneris
1808 3510 2036 3578 gratiam
2067 3522 2198 3560 con-

597 3605 771 3659 secuti
808 3617 1034 3665 sumns,
1076 3611 1134 3655 ut
1164 3616 1267 3655 ltOtt
1299 3602 1479 3658 solum
1510 3603 1686 3667 servi,
1718 3602 1815 3657 sed
1856 3612 1908 3655 et
1952 3603 2044 3654 lilii
2072 3598 2193 3655 elli-

594 3711 886 3759 ceremur;
919 3695 1073 3764 quasi
1105 3694 1200 3748 lilii
1234 3694 1328 3749 Dei
1370 3711 1535 3767 agere
1578 3705 1633 3751 et
1672 3694 1988 3750 conversari
2029 3693 2196 3748 debe-

596 3807 755 3847 mus:
793 3796 853 3844 ut
882 3788 933 3843 id
969 3803 1071 3844 nos
1110 3805 1233 3844 esse
1270 3791 1415 3859 quod
1459 3791 1715 3855 dicimur,
1758 3788 2026 3857 spirituali
2070 3798 2194 3843 actu

594 3885 889 3956 probemus
911 3923 926 3947 ,
959 3882 1258 3937 secundum
1292 3882 1434 3953 quod
1468 3882 1707 3936 Joannes
1739 3881 1790 3934 in
1829 3879 2068 3949 Epistula
2097 3894 2193 3935 sua

590 3978 705 4033 ait:
740 3976 843 4042 Qui
875 3985 1025 4029 natus
1055 3986 1127 4030 est
1154 3992 1220 4031 ea:
1248 3975 1391 4039 Deo,
1438 3987 1707 4047 peccatum
1752 3991 1855 4028 non
1894 3973 2055 4043 facit,
2086 3974 2195 4046 76

592 4077 713 4143 quia
745 4072 984 4125 nativitas
1016 4068 1117 4125 Dei
1148 4072 1373 4125 custodit
1399 4071 1550 4124 illum
1575 4111 1589 4136 ,
1614 4080 1660 4124 et
1682 4069 1919 4123 diabolus
1947 4086 2049 4123 non
2079 4082 2187 4124 tan-

592 4164 666 4235 git
693 4162 845 4215 illum
878 4162 922 4232 (Ι
950 4159 1111 4216 Joan.
1148 4178 1203 4229 v,
1234 4162 1344 4233 l8).
1380 4160 1481 4227 Qui
1517 4172 1688 4215 autent
1724 4172 1987 4232 peccatum
2022 4161 2147 4232 facit
2171 4201 2188 4227 ,

591 4272 701 4311 non
734 4267 818 4310 est
847 4271 912 4311 ex
946 4254 1092 4320 Deo,
1134 4256 1231 4311 sed
1260 4272 1291 4309 a
1330 4255 1540 4309 diabolo
1569 4265 1679 4319 est,
1710 4254 1831 4326 quia
1864 4254 2100 4308 diabolus
2127 4255 2190 4308 ab

588 4350 739 4405 initio
771 4363 946 4422 peccat
976 4351 1021 4422 (l
1045 4351 1203 4405 Joan.
1234 4364 1325 4415 tu,
1351 4349 1430 4418 8).
1462 4346 1531 4402 Et
1559 4346 1763 4403 idcirco
1789 4359 2189 4403 sacramentum

589 4445 829 4500 etelcstis
872 4443 1167 4499 nativitatis
1213 4453 1417 4497 nostra:
1463 4440 1873 4505 custodientes,
1926 4439 1995 4493 ab
2042 4438 2191 4493 omni

591 4546 818 4606 peccato
856 4536 1025 4592 alieni
1066 4551 1190 4591 esse
1232 4534 1527 4600 debemus,
1561 4544 1620 4588 ut
1656 4549 1787 4587 vere
1820 4532 1909 4585 ﬁlii
1956 4531 2047 4586 Dei
2080 4531 2188 4586 dici

2301 3299 2569 3353 tradicere
2598 3298 2714 3353 Deo
2767 3299 2959 3368 possit,
3009 3312 3102 3362 ne,
3144 3294 3290 3364 quod
3326 3293 3475 3360 velit,
3532 3293 3722 3356 faciat;
3759 3302 3861 3344 eum

2298 3394 2577 3449 voluntate
2607 3394 2748 3463 ejus,
2782 3403 2836 3448 et
2861 3396 2912 3447 in
2942 3395 3082 3447 caelo
3110 3404 3166 3446 et
3194 3392 3244 3443 in
3270 3400 3436 3453 terra,
3472 3399 3665 3443 cuncta
3690 3384 3864 3440 emisis-

2297 3494 2451 3541 tant:
2486 3488 2603 3553 sed,
2663 3498 2720 3541 ιιι
2751 3489 2804 3541 in
2838 3487 2993 3542 nobis
3039 3485 3291 3539 voluntas
3337 3482 3456 3552 ejus
3503 3486 3613 3547 ttat,
3646 3491 3856 3536 oramus.

2301 3581 2559 3637 Voluntas
2590 3591 2772 3637 autem
2804 3584 2893 3637 Dei
2925 3591 3046 3647 est,
3078 3590 3134 3633 ut
3165 3590 3277 3633 toto
3306 3579 3473 3633 corde
3500 3578 3550 3633 ei
3578 3576 3856 3637 credentes,

2298 3676 2434 3741 haec,
2465 3692 2586 3747 qua:
2618 3676 2733 3731 ﬁeri
2782 3674 3046 3745 praecipit,
3082 3674 3425 3742 impleamus.
3460 3671 3537 3726 De
3565 3687 3663 3741 qua
3702 3670 3861 3723 volun-

2298 3779 2406 3827 tate
2454 3773 2547 3826 Dci
2591 3772 2884 3841 Apostolus
2935 3777 3197 3833 testatur,
3234 3767 3458 3821 dicens:
3500 3763 3743 3819 Voluntas
3780 3758 3861 3813 Dei

2295 3880 2370 3925 est
2396 3867 2738 3937 sanctiﬁcatio
2771 3877 2955 3929 vestra,
2988 3873 3039 3918 ut
3079 3862 3382 3918 abstineatis
3407 3877 3495 3915 vos
3527 3878 3558 3913 a
3596 3855 3859 3913 carnalibus

2296 3962 2720 4032 Concupiscentits
2746 3959 2765 4032 (
2792 3959 2808 4011 Ι
2838 3957 3020 4011 Thess.
3046 3972 3119 4021 tv,
3148 3956 3182 4009 5
3205 3961 3247 4025 ).
3283 3954 3359 4009 De
3390 3968 3499 4024 quo
3549 3963 3603 4007 et
3634 3949 3858 4005 Dominus

2296 4058 2405 4129 78
2435 4060 2484 4110 in
2530 4056 2824 4126 Evangelii»
2857 4056 3069 4109 loculus
3113 4059 3229 4115 est,
3263 4048 3489 4104 dicens:
3535 4045 3659 4100 [hec
3701 4052 3765 4099 est
3790 4057 3857 4093 vo-

2296 4151 2466 4203 luntas
2500 4146 2677 4225 fama
2707 4148 2804 4199 mei
2831 4146 2917 4215 qui
2950 4144 3086 4197 misit
3113 4158 3215 4209 me,
3249 4152 3303 4193 ut
3326 4145 3491 4194 omnis
3522 4140 3608 4210 qui
3631 4140 3753 4191 videt
3781 4129 3858 4184 Fio

2294 4247 2420 4300 lium
2474 4254 2520 4297 et
2569 4244 2729 4298 credit
2774 4243 2827 4294 in
2855 4258 2934 4305 eo,
2983 4238 3165 4292 habeat
3212 4238 3364 4289 vitam
3414 4247 3651 4289 retentam
3690 4228 3853 4303 (Joan.

2293 4357 2367 4405 vr,
2399 4340 2514 4407 40).
2550 4339 2682 4394 Cum
2727 4353 2859 4408 ergo
2890 4336 3123 4391 dicimus
3150 4350 3163 4385 :
3194 4330 3317 4385 Fiat
3358 4330 3592 4385 voluntas
3618 4338 3723 4388 tua.
3749 4323 3855 4377 sicut

2292 4436 2345 4489 in
2374 4432 2498 4488 caelo
2522 4444 2569 4486 et
2596 4433 2651 4486 in
2680 4441 2853 4495 terra;
2885 4430 2987 4485 hoc
3015 4443 3255 4492 oramus,
3285 4424 3336 4480 id
3367 4434 3473 4491 est,
3502 4435 3559 4479 ut
3614 4419 3761 4477 sicuti
3779 4412 3854 4469 Dei

2296 4530 2553 4583 voluntas
2581 4527 2649 4581 ab
2678 4525 2887 4596 angelis
2920 4522 3153 4578 ﬁdeliter
3179 4520 3487 4575 custoditur
3515 4523 3565 4572 in
3595 4514 3767 4576 cteiis;
3798 4510 3852 4560 ita

592 4631 680 4685 vel
710 4645 835 4686 esse
869 4646 1199 4685 mereamur.
1224 4628 1417 4684 Sciunt
1436 4636 1491 4682 et
1518 4628 1689 4683 sancti
1718 4626 2010 4697 Prophetas
2035 4624 2194 4696 hujus
2221 4626 2275 4686 D
2300 4640 2512 4695 quoque
2539 4640 2567 4678 a
2599 4622 2761 4677 nobis
2790 4621 3045 4690 religiosa
3076 4633 3139 4671 ac
3185 4616 3327 4672 lideli
3359 4611 3647 4670 devotione
3674 4616 3854 4671 semper

592 4722 793 4779 divinae
837 4723 1230 4779 misericordia:
1278 4723 1542 4793 gratiam,
1588 4721 1642 4774 in
1679 4736 1783 4791 qua
1827 4719 1983 4775 nobis
2024 4720 2193 4776 Deum

590 4816 808 4874 Patrem
840 4833 1157 4887 nuncupare
1182 4816 1505 4885 permissum
1532 4824 1619 4885 est
1637 4857 1650 4875 .
1680 4815 1893 4870 dicente
1920 4813 2083 4869 Isaia:
2116 4813 2194 4870 Tu

591 4928 645 4967 es
674 4913 811 4966 enim
841 4909 1003 4965 Pater
1032 4919 1207 4964 noster
1230 4926 1248 4964 :
1270 4911 1393 4981 quia
1414 4908 1676 4963 Abraham
1698 4926 1799 4961 non
1822 4909 2055 4980 cognovit
2077 4926 2190 4977 nos,

589 5015 640 5062 et
670 5006 840 5062 Israel
869 5022 973 5060 non
1003 5005 1238 5077 cognovit
1260 5020 1375 5067 nos,
1406 5005 1496 5057 sed
1518 5012 1596 5068 tu,
1626 5001 1866 5066 Domine,
1894 5002 2049 5057 Pater
2076 5019 2195 5057 nos-

593 5110 702 5166 ter;
745 5100 809 5152 ab
846 5099 996 5152 initio
1028 5114 1213 5152 nomen
1238 5106 1383 5151 tuum
1414 5113 1568 5169 super
1597 5113 1687 5151 nos
1719 5105 1793 5150 est
1824 5095 1996 5169 (lsai.
2024 5111 2186 5163 Lxm,

593 5191 714 5255 16).
749 5190 1013 5247 Similiter
1042 5200 1098 5247 et
1128 5190 1423 5246 Malachias
1450 5191 1504 5245 in
1532 5191 1672 5245 libro
1693 5205 1795 5246 suo
1825 5200 2073 5257 testatur,
2105 5190 2189 5245 di-

595 5298 727 5340 cens
752 5303 764 5336 ;
798 5282 945 5339 Unus
971 5294 1045 5339 est
1073 5284 1207 5338 enim
1230 5282 1392 5339 Pater
1416 5286 1648 5339 omnium
1674 5294 1905 5339 nostrum
1932 5284 2009 5356 (Μ
2018 5283 2188 5338 alach.

594 5392 667 5444 It,
698 5377 809 5450 10).
847 5378 1063 5447 Quanta
1098 5379 1312 5433 Domini
1356 5379 1768 5435 miseriCordia!
1809 5378 1910 5447 Qui
1948 5378 2054 5447 jam
2092 5378 2194 5432 du-

591 5471 723 5527 dmo
758 5474 916 5528 nobis
949 5484 1159 5544 patrem
1190 5472 1473 5530 diabolum
1506 5475 1787 5528 voluntate
1818 5472 2036 5543 propria
2068 5470 2193 5527 ads-

591 5563 938 5631 civeramus,
1000 5581 1143 5621 nunc
1198 5566 1373 5622 renati
1432 5581 1525 5635 per
1576 5579 1772 5633 aquam
1823 5572 1878 5618 et
1927 5562 2191 5632 Spiritum

671 5714 697 5744 η
730 5705 885 5771 Apud
936 5707 1234 5764 Galland.:
1288 5705 1615 5759 Truc-rarus
1658 5701 1778 5759 Xlll
1809 5702 1957 5769 inS.
1993 5701 2184 5759 Matth.

598 5776 964 5851 Evangelium.

668 5849 697 5890 δ
734 5845 891 5907 Hunc
932 5854 1114 5908 locum
1160 5848 1321 5906 valde
1369 5845 1717 5915 mendosum,
1768 5846 1935 5905 immo
1984 5846 2191 5920 absque

2298 4732 2545 4775 servetur
2573 4718 2627 4772 in
2658 4727 2829 4772 terra.
2857 4716 2989 4781 Qua:
3013 4713 3265 4767 voluntas
3294 4718 3355 4765 ut
3383 4709 3435 4764 in
3468 4708 3624 4763 nobis
3646 4707 3738 4759 rite
3756 4711 3854 4770 pos.

2296 4815 2367 4868 sit
2422 4812 2660 4883 impleri,
2708 4812 2828 4865 sine
2870 4806 3272 4862 intermissione
3320 4803 3520 4858 divina:
3566 4790 3853 4870 dignationis

2295 4906 2551 4961 auxilium
2588 4903 2970 4974 postulandum
3014 4908 3120 4956 est.
3153 4898 3180 4936 δ
3210 4898 3305 4954 Vel
3334 4907 3525 4954 certe:
3557 4892 3675 4949 Fiat
3704 4889 3853 4945 υοιωμ

2297 5012 2374 5055 tas
2400 5010 2507 5066 tua,
2541 5000 2675 5053 sicut
2705 5000 2760 5053 in
2790 4999 2915 5053 caelo
2943 5006 2990 5050 et
3021 4995 3074 5049 in
3102 5004 3273 5049 terra:
3306 5002 3366 5049 ut
3392 4998 3533 5047 sicut
3562 4992 3612 5044 itt
3640 4988 3784 5046 cutio.
3810 4977 3849 5033 id

2297 5104 2399 5159 est,
2427 5095 2478 5149 in
2503 5096 2711 5149 sanctis
2735 5108 2796 5148 ac
2818 5091 3136 5148 cmlestibus
3158 5089 3493 5150 hominibus.
3527 5085 3617 5142 Dei
3642 5083 3850 5139 voluntas

2301 5189 2593 5258 impletur;
2622 5190 2694 5242 ita
2715 5203 2929 5259 quoque
2959 5188 3012 5242 in
3038 5196 3209 5250 terra,
3230 5186 3281 5239 id
3313 5196 3419 5249 est,
3455 5183 3507 5238 in
3539 5182 3620 5236 his
3643 5178 3726 5251 qui
3748 5185 3850 5230 nec—

2292 5284 2418 5339 dum
2451 5284 2824 5349 crediderunt,
2859 5298 2953 5353 per
2992 5281 3374 5337 credulitatem
3403 5280 3525 5334 lidei
3556 5287 3611 5333 et
3636 5266 3848 5330 veritatis

2295 5380 2683 5448 cognitionem,
2719 5388 2776 5432 ιιι
2802 5376 2896 5433 Dei
2933 5378 3022 5430 ﬁat
3047 5377 3327 5442 voluntas,
3361 5389 3599 5429 oramus.

2368 5470 2431 5526 V.
2488 5472 2696 5527 Dehinc
2724 5472 2839 5526 ait:
2894 5469 3093 5525 Panem
3148 5479 3376 5525 nostrum
3420 5467 3753 5541 quotidianum
3792 5456 3849 5510 da

2295 5566 2443 5618 nobis
2475 5564 2628 5618 hodie
2652 5564 2671 5637 (
2694 5563 2887 5619 Matth.
2921 5580 2975 5619 vt
3002 5604 3017 5630 ,
3048 5561 3177 5635 11).
3207 5562 3419 5634 Duplici
3453 5562 3608 5617 modo
3635 5558 3726 5612 hoc
3763 5551 3847 5605 Ι)οο

2291 5719 2457 5761 sensu
2483 5746 2497 5770 ,
2528 5706 2583 5761 in
2616 5707 2858 5763 editione
2887 5707 3183 5772 Gallandii,
3234 5722 3335 5762 nec
3379 5721 3485 5761 non
3522 5705 3573 5760 in
3621 5690 3842 5756 Biblioth.

2291 5776 2395 5852 PP.
2415 5779 2695 5852 Lugduni"
2723 5792 2778 5836 et
2806 5784 2946 5851 apud
2972 5771 3288 5852 Gt'yna’um,
3312 5795 3378 5834 ex
3397 5774 3678 5834 Basileensi
3700 5771 3841 5840 μιίιηει

2295 5850 2535 5907 editione
2561 5868 2676 5909 suae
2706 5850 3009 5927 integritati
3037 5850 3397 5909 restituimus.
