4056 6340
202 246 290 306 561

990 245 1412 306 TRACTATUS
1450 246 1595 318 XIV,
1637 246 1707 305 ΙΝ
1744 244 2204 310 EVANGELIUM
2233 248 2296 308 S.
2336 248 2699 310 MATTHEI.

3399 262 3516 323 562

202 360 320 418 mini
364 358 581 415 dictum
638 361 1010 433 intelligimus.
1064 365 1330 430 Primum,
1389 376 1447 420 ut
1496 381 1603 421 non
1650 365 1798 421 aliud
1823 370 1879 431 Α
1904 367 2075 424 bitum
2104 382 2376 424 conservo
2405 384 2506 424 suo
2535 369 2762 425 dcbenti
2791 369 2899 426 sibi
2930 372 3103 429 nollet
3127 372 3249 445 ipse
3275 375 3523 435 dimitte-

203 470 344 523 quam
371 454 759 523 quotidianum
806 456 1008 513 victum
1056 458 1439 530 postulemus:
1489 475 1598 515 non
1642 460 1789 515 enim

200 548 436 620 jubemur
467 548 706 606 divitias
752 560 937 623 petere
961 562 1053 607 aut
1081 552 1421 608 afﬂuentiam
1446 552 1791 608 saecularium

205 659 385 711 rerum,
418 642 523 699 sed
575 660 776 716 panem
821 646 1224 716 quotidianum,
1278 646 1427 718 quod
1474 645 1797 702 Christianis

205 740 295 795 ﬁde
320 739 640 797 viventibus
668 742 736 796 ad
768 751 1090 814 praesentem
1120 743 1286 798 vitam
1318 741 1664 797 solummodo
1701 756 1798 796 nc-

204 832 487 890 cessarium
520 842 649 902 est,
700 836 911 892 dicente
940 836 1244 907 Apostolo:
1307 834 1570 890 Habentes
1608 835 1799 890 victum

201 936 245 983 et
270 936 643 999 tegumentum,
675 927 755 982 his
786 930 1009 983 contenti
1036 945 1215 983 sumus
1248 927 1311 1000 (Ι
1339 927 1474 984 Tim.
1507 943 1583 994 vt,
1617 927 1650 983 8
1671 926 1716 997 ).
1740 924 1799 981 Id

202 1021 358 1091 ipsum
384 1036 619 1091 quoque
643 1030 699 1077 et
729 1021 985 1079 Salomon
1010 1023 1295 1080 evidenter
1325 1023 1604 1079 ostendit:
1635 1020 1797 1088 Usus,

203 1111 373 1183 inquit,
399 1114 659 1181 hominis,
675 1116 846 1187 panis,
861 1133 1013 1188 aqua,
1038 1118 1147 1189 79
1168 1126 1213 1173 et
1236 1117 1585 1172 vestimentum
1603 1115 1798 1188 (Eccli.

203 1223 313 1261 xxix
340 1246 355 1273 ,
381 1206 511 1277 28).
546 1208 659 1263 Sed
692 1224 816 1264 cum
871 1210 1106 1266 dicimus
1155 1210 1345 1277 hodie,
1402 1210 1691 1275 docemur,
1734 1209 1801 1264 de

204 1303 443 1372 presenti
479 1311 698 1359 tantum
722 1304 832 1371 die,
868 1322 975 1362 non
1010 1306 1078 1362 de
1104 1308 1249 1363 omni
1275 1308 1401 1363 vitae
1428 1317 1677 1379 tempore
1703 1323 1801 1364 co-

203 1395 355 1466 gitare
380 1438 394 1463 ,
436 1412 507 1452 ne
541 1413 706 1453 mens
738 1408 922 1455 nostra
956 1401 1207 1457 saeculari
1237 1402 1610 1458 sollicitudine
1642 1418 1805 1458 occu-

204 1499 377 1559 petur:
413 1491 726 1547 secundum
744 1493 886 1562 quod
920 1494 1033 1565 ipse
1057 1495 1317 1551 Dominus
1335 1495 1441 1551 alio
1465 1497 1589 1553 loco
1614 1509 1803 1568 aperte

202 1582 561 1652 demonstrat,
613 1586 892 1645 dicendo:
949 1589 1127 1645 Nolite
1175 1591 1403 1662 cogitare
1451 1593 1516 1647 de
1553 1593 1802 1660 crastino,

204 1677 449 1732 crastinus
497 1679 645 1733 enim
673 1680 785 1735 dies
812 1679 1069 1736 sollicitus
1100 1683 1192 1737 erit
1222 1683 1320 1737 sibi
1348 1683 1447 1754 ipsi
1474 1683 1694 1756 (Matth.
1722 1701 1800 1751 v1,

1900 475 1983 527 re,
2012 460 2066 515 in
2108 476 2389 518 carcerem
2434 463 2691 531 traditus,
2724 472 2779 520 et
2810 464 3103 524 damnatus
3140 468 3197 524 in
3233 484 3391 540 poena
3430 484 3519 529 est

1903 553 2122 623 (Matth.
2150 572 2301 623 xvm,
2332 556 2405 613 25
2436 568 2483 612 et
2515 556 2703 630 seqq).
3072 554 3079 557 ’

1975 650 2087 707 Vll.
2123 651 2327 708 Dehinc
2357 653 2433 707 ait
2463 670 2478 709 :
2513 653 2580 708 Et
2610 670 2673 709 ne
2697 671 2790 709 nos
2816 655 3036 713 inducas
3068 658 3124 713 in
3152 662 3514 728 tentationem,

1902 744 1994 799 sed
2039 745 2201 800 libera
2251 762 2347 802 nos
2375 746 2409 801 ὰ
2448 750 2587 803 malo
2629 748 2847 821 (Matth.
2890 767 2967 818 vt,
3009 752 3123 824 15).
3174 754 3519 812 Tentationis

1905 836 2068 905 hujus
2098 837 2301 909 duplex
2332 841 2495 906 ratio,
2528 851 2585 898 et
2622 857 2793 898 causa
2824 843 3049 901 diversa
3076 856 3204 904 est:
3237 852 3366 920 quia
3396 851 3523 908 aliis

1904 942 2002 998 per
2055 940 2337 1000 peccatum
2380 933 2609 989 tentatio
2660 936 2897 992 infertur
2936 938 3005 993 ad
3049 941 3521 1012 emendationem,

1905 1022 2025 1076 aliis
2055 1023 2123 1077 ad
2153 1023 2280 1079 ﬁdei
2308 1025 2715 1096 probationem,
2749 1030 2872 1086 aliis
2906 1030 3141 1088 infertur
3167 1034 3237 1089 ad
3264 1036 3520 1105 gloriam,

1905 1112 2209 1168 secundum
2234 1117 2379 1185 quod
2406 1117 2599 1174 beatus
2622 1120 2857 1177 Jacobus
2881 1123 2935 1177 in
2960 1124 3209 1194 Epistola
3234 1143 3332 1183 sua
3362 1141 3530 1186 testa-
3584 1180 3593 1193 .

1906 1215 1993 1261 tus
2035 1216 2141 1273 cst,
2185 1207 2417 1264 dicens:
2453 1211 2649 1267 Beatus
2690 1217 2779 1285 qui
2822 1202 3127 1274 sustinuerit
3161 1225 3527 1291 tentationem,

1905 1301 2155 1371 quoniam
2176 1300 2354 1356 beatus
2382 1304 2490 1375 81
2515 1308 2691 1375 factus
2712 1308 2929 1379 accipiet
2950 1327 3198 1365 coronam
3217 1316 3528 1387 vitaz,quam

1905 1394 2149 1463 promisit
2181 1393 2317 1449 Deus
2357 1396 2421 1450 iis
2463 1397 2553 1467 qui
2593 1415 2715 1453 eum
2752 1400 2980 1472 diligunt
3010 1404 3149 1475 (Jac.
3184 1422 3219 1473 ι,
3258 1407 3372 1479 12).
3405 1409 3525 1464 Non

1907 1488 2055 1542 enim
2087 1488 2167 1543 sic
2195 1504 2438 1556 oramus,
2474 1500 2531 1545 ut
2562 1495 2948 1562 tentationem,
2977 1514 3140 1567 quam
3168 1501 3374 1558 scimus
3404 1520 3528 1562 esse

1908 1584 2126 1650 utilem,
2177 1586 2395 1655 penitus
2431 1602 2777 1655 recusemus,
2809 1590 3032 1648 dicente
3071 1607 3265 1651 sancto
3309 1597 3480 1654 David
3512 1618 3527 1655 :

1908 1673 2090 1729 Proba
2121 1693 2222 1743 me,
2253 1675 2501 1746 Domine,
2532 1689 2579 1734 et
2597 1690 2739 1735 tenta
2765 1698 2866 1751 me,
2898 1701 2989 1738 ure
3018 1702 3167 1741 renes
3195 1705 3333 1743 meos
3362 1700 3410 1745 et
3440 1710 3530 1747 cor

202 1770 305 1843 54),
353 1772 474 1828 Hoc
504 1782 698 1830 autem
731 1774 1051 1845 spiritaliter
1095 1777 1253 1831 nobis
1301 1789 1637 1848 prmceptum
1680 1793 1806 1835 esse
1836 1793 1884 1853 B
1910 1788 2083 1826 meum
2120 1772 2295 1845 (Psal.
2327 1790 2455 1843 xxv,
2488 1776 2569 1847 2).
2600 1776 2737 1832 Cum
2770 1778 2935 1833 etiam
2968 1792 3220 1837 sanctum
3255 1785 3529 1842 Abraham

203 1862 457 1920 debemus
474 1864 800 1934 advertere,
820 1876 879 1921 ut
900 1882 1096 1937 panem
1119 1869 1492 1938 quotidianum
1512 1880 1769 1940 petamus
1793 1889 1804 1924 :

203 1956 248 2012 id
277 1969 373 2026 est,
406 1975 617 2029 panem
670 1961 825 2016 illum
857 1962 1140 2018 caelestem
1175 1973 1230 2019 et
1282 1963 1607 2032 spiritalem,
1646 1980 1807 2035 quem

204 2052 437 2123 quotidie
464 2054 533 2109 ad
569 2055 850 2111 medelam
883 2057 1080 2112 anima:
1108 2068 1162 2113 et
1189 2073 1341 2128 spem
1379 2066 1598 2115 aeternae
1619 2060 1810 2116 salutis

204 2145 514 2216 accipimus,
552 2146 626 2202 de
657 2163 768 2218 quo
796 2149 871 2203 ait
900 2149 1164 2204 Dominus
1192 2150 1244 2204 in
1278 2149 1612 2221 Evangelia:
1648 2149 1813 2206 Panis

207 2238 440 2294 caelestis
466 2281 482 2307 ,
516 2238 646 2294 carb
696 2258 809 2296 mea
855 2250 949 2312 est,
1006 2260 1162 2313 quam
1202 2260 1297 2316 ego
1327 2246 1458 2299 dabo
1511 2263 1605 2317 pro
1636 2246 1813 2300 mundi

208 2333 349 2405 hujus
382 2334 488 2388 vita
521 2335 714 2404 (Joan.
748 2352 824 2402 vt,
856 2335 971 2409 52).
1012 2337 1081 2393 Ει
1110 2337 1258 2394 hunc
1286 2354 1418 2410 ergo
1448 2355 1646 2410 panem
1678 2356 1815 2410 quo-

207 2424 323 2482 tidie
362 2428 659 2499 postulare
700 2428 992 2499 iubemur:
1027 2430 1081 2485 id
1107 2442 1209 2499 est,
1244 2440 1325 2499 ut,
1377 2440 1676 2503 praestante
1707 2432 1815 2487 Do-

209 2521 326 2574 mini
352 2521 764 2591 misericordia,
792 2523 1037 2595 quotidie
1069 2542 1263 2595 panem
1285 2527 1541 2596 accipere
1566 2526 1816 2597 corporis

212 2611 413 2669 Domini
463 2631 804 2673 mereamur.
855 2618 946 2672 Ait
1000 2618 1147 2674 enim
1203 2629 1425 2676 sanctus
1477 2620 1812 2691 Apostolus:

214 2704 395 2761 Probet
436 2718 617 2763 autem
649 2727 705 2764 se
728 2710 894 2782 ipsum
924 2711 1075 2766 homo
1100 2754 1114 2779 ,
1148 2721 1194 2767 et
1221 2713 1297 2766 sic
1327 2714 1391 2767 de
1438 2728 1572 2786 pane
1606 2712 1817 2767 Domini

210 2800 497 2868 manducet,
514 2810 563 2857 et
587 2802 653 2858 de
678 2803 845 2857 calice
875 2803 1011 2859 bibat
1030 2805 1075 2877 (Ι
1098 2806 1216 2861 Cor.
1246 2822 1323 2875 x1,
1346 2806 1464 2877 28).
1490 2806 1559 2861 Ει
1584 2806 1812 2862 iterum:

214 2895 308 2962 Qui
329 2898 619 2954 manducat
646 2916 832 2968 panem
864 2899 1077 2955 Domini
1095 2901 1326 2974 indigne,
1358 2910 1404 2957 et
1426 2901 1641 2956 calicem
1669 2902 1816 2970 bibit,

212 3008 318 3046 reus
346 2996 444 3049 erit
495 2996 737 3066 corporis
782 3006 829 3050 et
878 2997 1144 3070 sanguinis
1194 2996 1408 3052 Domini
1438 2996 1603 3071 (Ibid.
1632 3039 1647 3065 ,
1697 2998 1813 3070 29).

210 3086 359 3145 Unde
389 3106 499 3145 non
533 3091 816 3147 immerito
836 3107 1057 3164 semper
1079 3108 1242 3149 orare
1265 3093 1555 3161 debemus,
1581 3101 1643 3148 ut
1671 3094 1817 3149 hunc

1916 1868 2155 1923 sciamus
2178 1884 2278 1940 per
2302 1870 2665 1926 tentationem
2698 1871 2960 1943 perfectm
2987 1875 3109 1931 ﬁdei
3143 1878 3376 1948 gloriam
3402 1895 3536 1936 con-

1914 1970 2205 2017 secutum:
2241 1962 2461 2018 beatum
2500 1979 2720 2035 quoque
2749 1967 3076 2035 Apostolqu
3110 1972 3179 2025 ad
3226 1972 3529 2042 profectum

1914 2056 2043 2112 ﬁdei
2072 2073 2186 2112 suae
2214 2057 2475 2113 traditum
2498 2061 2899 2117 tentationibus
2930 2061 3249 2133 legerimus.
3284 2066 3384 2134 Qui
3412 2084 3534 2123 cum

1917 2149 2110 2219 repelli
2142 2165 2171 2204 a
2202 2165 2264 2206 se
2290 2152 2617 2208 tentationis
2654 2164 2936 2208 auctorem
2968 2171 2997 2210 a
3034 2157 3269 2213 Domino
3293 2161 3535 2229 postula-

1916 2251 2024 2310 rct,
2074 2257 2402 2314 responsum
2448 2253 2534 2300 est
2581 2245 2657 2299 illi
2695 2263 2709 2300 :
2744 2245 2960 2317 Sufﬁcit
3006 2249 3181 2320 gratia
3229 2267 3364 2319 utea,
3410 2270 3533 2307 nam

1917 2334 2078 2388 virtus
2110 2336 2169 2388 in
2206 2336 2511 2406 inﬁrmitate
2551 2337 2825 2409 perﬁcitur
2868 2338 2947 2410 (ll
2975 2338 3099 2394 Cor.
3135 2357 3233 2408 xu,
3279 2343 3361 2414 9).
3409 2344 3530 2399 Non

1917 2441 2069 2498 ergo,
2112 2442 2179 2483 ne
2208 2428 2262 2482 in
2313 2438 2427 2484 toto
2460 2437 2756 2498 tentemur,
2791 2445 3047 2498 oramus;
3083 2434 3178 2489 sed
3226 2451 3315 2501 ne,
3366 2453 3531 2507 supra

1916 2537 2080 2591 quam
2106 2521 2280 2578 virtus
2310 2522 2432 2579 ﬁdei
2464 2523 2691 2593 patitur,
2720 2525 3015 2579 tentationi
3041 2526 3358 2584 tradantur:
3385 2531 3533 2601 quod

1919 2615 2096 2685 ipsum
2138 2615 2192 2672 in
2238 2617 2345 2672 alio
2394 2618 2533 2674 libro
2582 2618 2866 2690 Evangelii
2920 2620 3203 2677 evidenter
3248 2633 3531 2680 ostensum

1919 2719 2003 2764 est
2036 2729 2048 2763 :
2081 2711 2160 2765 sic
2186 2710 2328 2767 enim
2358 2712 2620 2781 scriptum
2647 2721 2730 2767 est
2758 2730 2770 2765 :
2808 2712 2875 2766 Et
2902 2729 2964 2767 ne
2987 2730 3079 2767 nos
3108 2714 3304 2785 inferas
3330 2718 3383 2771 in
3424 2728 3535 2773 teu-

1919 2803 2167 2857 tationent
2196 2803 2352 2876 (Luc.
2380 2820 2457 2871 χι,
2488 2805 2569 2874 4),
2614 2822 2776 2876 quam
2811 2806 3045 2862 sufferre
3079 2823 3186 2863 non
3218 2824 3530 2879 pOSsumus.

1920 2898 2218 2969 Apostolus
2248 2913 2488 2970 quoque,
2514 2909 2573 2953 ut
2612 2899 2665 2954 id
2701 2901 2878 2971 ipsum
2904 2902 3245 2972 ostenderet,
3270 2904 3342 2959 ita
3368 2914 3537 2962 testa-

1922 3001 2008 3049 tus
2042 3001 2144 3059 est,
2180 2993 2454 3049 dicendo:
2488 2991 2693 3048 Fidelis
2720 3004 2890 3049 autem
2930 2995 3098 3063 Deus,
3128 2999 3219 3067 qui
3263 3016 3366 3054 non
3400 3004 3534 3069 pati-

1923 3091 2009 3138 tur
2036 3085 2225 3138 tentari
2256 3102 2410 3155 super
2440 3084 2494 3137 id
2516 3086 2651 3154 quod
2690 3087 2924 3157 potestis,
2952 3086 3043 3141 sed
3071 3089 3199 3159 facit
3222 3106 3337 3144 cum
3366 3102 3533 3147 tenta-

212 3196 396 3250 pauem
423 3185 719 3240 ςωίρειθιη
766 3186 1009 3255 quolidie
1035 3201 1341 3243 mereamur
1384 3188 1635 3261 accipere
1658 3205 1673 3241 ε
1724 3202 1813 3257 ηε,
1844 3208 1888 3271 C
1923 3180 2062 3233 tione
2084 3180 2239 3234 etiam
2262 3191 2665 3253 transgressum,
2690 3190 2749 3233 ut
2771 3181 2980 3250 possitis
3008 3182 3301 3252 tolerare'(l
3328 3185 3448 3241 Cor.
3475 3203 3532 3249 Χ,

211 3274 382 3345 aliquo
412 3277 828 3336 interveniente
856 3287 1084 3350 peccato
1103 3321 1120 3348 ,
1146 3297 1175 3337 a
1208 3296 1441 3353 corpore
1464 3280 1683 3338 Domini
1725 3297 1815 3339 se-

215 3383 487 3437 paremur.

278 3463 365 3518 Vl.
411 3463 479 3518 Et
517 3465 726 3520 dimitte
752 3466 897 3521 nobis
928 3466 1098 3523 debita
1124 3478 1322 3537 nostra,
1362 3469 1496 3523 sicut
1528 3477 1577 3523 et
1607 3484 1702 3523 nos
1730 3468 1816 3522 di-

211 3556 458 3612 mittimus
505 3557 827 3613 debitoribus
877 3561 1071 3615 nostris
1126 3560 1344 3632 (Matth.
1387 3577 1465 3625 vr,
1509 3560 1621 3632 12).
1663 3561 1816 3618 Justa

213 3650 366 3718 plane
392 3666 457 3706 ac
484 3651 803 3708 necessaria
838 3651 1092 3708 omnibus
1122 3653 1238 3708 haec
1270 3669 1372 3709 vox
1403 3661 1511 3709 est.
1551 3653 1815 3721 Primum,

211 3753 267 3798 ut
292 3756 618 3814 peccatores
645 3762 747 3801 nos
777 3760 901 3802 esse
944 3746 1347 3803 conﬁteamur:
1380 3747 1601 3813 dehinc,
1634 3757 1693 3802 ut
1740 3748 1819 3803 sic

211 3853 238 3892 a
281 3840 394 3897 Deo
444 3842 604 3897 nobis
657 3857 880 3898 oremus
928 3841 1126 3897 dimitti
1180 3853 1425 3915 peccata,
1460 3843 1817 3915 quemadmo-

210 3931 333 3988 dum
361 3935 475 4008 80
502 3935 862 4006 peccantibus
886 3936 940 3990 in
966 3951 1065 3991 nos
1091 3936 1196 4007 ipsi
1223 3936 1566 3993 dimittimus.
1588 3936 1745 4004 Quod
1772 3939 1817 3992 si

214 4028 434 4084 minime
463 4028 758 4096 faciamus,
786 4028 890 4099 ipsi
937 4044 1040 4084 nos
1069 4030 1213 4100 apud
1257 4030 1425 4086 Deum
1472 4045 1596 4085 reos
1635 4031 1819 4086 verbis

212 4124 413 4177 nostris
436 4122 735 4190 efﬁcimus,
773 4122 992 4179 dicente
1034 4123 1317 4195 Scriptura
1351 4143 1363 4179 :
1397 4124 1639 4196 Laqueus
1667 4126 1819 4197 {ortis

210 4222 285 4266 est
314 4216 447 4282 viro,
483 4215 706 4286 propria
737 4214 875 4269 labia
903 4214 1090 4288 (Prov.
1124 4233 1199 4284 v1,
1228 4217 1405 4283 2,sec.
1434 4216 1626 4289 LXX).
1659 4217 1820 4274 Unde

213 4323 320 4362 non
355 4308 634 4364 immerito
656 4317 713 4365 et
738 4308 1020 4376 Salomon,
1044 4308 1333 4365 dominicae
1365 4309 1525 4379 hujus
1552 4310 1821 4365 orationis

211 4401 437 4457 formam
473 4419 571 4472 per
608 4401 874 4473 Spiritum
922 4412 1173 4459 sanctum
1225 4419 1333 4461 non
1383 4405 1662 4472 ignorans,
1692 4413 1822 4460 ante

214 4498 565 4564 praemonuit,
596 4497 871 4553 dicendo:
900 4497 1025 4552 Non
1071 4500 1338 4555 mentieris
1379 4500 1589 4554 verbum
1633 4502 1685 4554 in
1730 4510 1822 4553 tua

1922 3273 2033 3345 l3).
2069 3274 2137 3328 Et
2165 3274 2290 3329 ideo
2334 3290 2439 3328 non
2487 3273 2632 3328 illam
2669 3274 3030 3330 tentationem
3057 3290 3089 3330 a
3116 3275 3276 3331 nobis
3302 3279 3528 3343 auferri,

1921 3383 2042 3439 quae
2068 3382 2193 3423 esse
2223 3376 2406 3437 potest
2433 3366 2609 3433 utilis,
2642 3367 3035 3436 deprecamur;
3076 3368 3172 3425 sed
3201 3369 3374 3437 illam,
3408 3388 3533 3441 quae

1920 3458 1988 3514 ad
2014 3458 2140 3515 ﬁdei
2163 3468 2363 3514 nostra:
2391 3459 2737 3514 eversionem
2761 3458 2982 3513 modum
3013 3459 3347 3515 inﬁrmitatis
3372 3477 3535 3518 exce-

1921 3552 2020 3607 dit.
2060 3554 2125 3607 Et
2151 3551 2355 3608 idcirco
2383 3566 2625 3623 congrue
2654 3567 2719 3607 ac
2747 3552 3060 3608 necessario
3093 3554 3145 3608 in
3182 3554 3291 3609 ﬁne
3319 3556 3500 3610 oratio
3520 3585 3533 3596 -

1920 3648 2004 3703 nis
2034 3647 2197 3703 ctiam
2230 3647 2437 3702 liberari
2465 3663 2565 3703 nos
2609 3649 2950 3718 postulamus
2977 3666 3010 3703 a
3040 3648 3179 3703 malo
3202 3649 3423 3720 (Matth.
3451 3667 3523 3717 vi,

1921 3740 2035 3813 15),
2061 3742 2151 3810 qui
2183 3741 2346 3797 ﬁdem
2377 3749 2626 3798 nostram
2658 3740 2894 3798 diversis
2928 3743 3325 3800 tentationibus
3349 3750 3375 3778 ³*
3400 3761 3534 3815 ψω-

1920 3838 2054 3893 tidie
2076 3852 2391 3908 expugnare
2416 3852 2522 3891 non
2548 3837 2772 3904 desinit,
2798 3851 2828 3892 a
2852 3853 2961 3907 qua
2987 3852 3088 3892 nos
3112 3853 3219 3893 non
3248 3839 3532 3895 immerito

1920 3935 2235 4006 quoﬁdiana
2268 3934 2521 3991 oratione
2557 3936 2939 4006 deprecamur,
2986 3948 3056 3992 ne
3103 3937 3536 3993 immissionibus

1922 4028 2094 4097 ipsius
2136 4027 2410 4098 impediti,
2450 4039 2726 4100 praecepta
2769 4028 2952 4083 divina
2996 4028 3223 4086 minime
3261 4032 3538 4100 possimus

1919 4122 2028 4193 82
2078 4122 2329 4191 implere.
2379 4121 2644 4178 Universa
2688 4124 2875 4193 igitur,
2916 4138 3039 4193 quae
3084 4123 3210 4177 ﬁdei
3263 4140 3326 4179 ac
3370 4126 3533 4182 saluti

1921 4223 2122 4269 nostra:
2160 4223 2287 4270 sunt
2330 4219 2666 4282 necessaria,
2709 4215 2764 4269 in
2815 4215 2920 4271 hac
2962 4216 3235 4272 brevitate
3267 4220 3535 4274 orationis

1920 4309 2208 4364 dominicae
2253 4309 2631 4376 continentur,
2676 4308 2806 4364 dum
2853 4308 3248 4378 professionem
3298 4311 3538 4366 nominis

1922 4402 2137 4473 paterni
2183 4403 2534 4469 conﬁtemur,
2566 4402 2695 4456 dum
2743 4399 3200 4472 signiﬁcationem
3253 4402 3433 4458 inesse
3482 4405 3535 4458 in

1924 4496 2084 4552 nobis
2138 4496 2308 4567 ipsius
2363 4496 2600 4552 nominis
2653 4495 3032 4563 postulamus,
3088 4493 3217 4548 dum
3272 4494 3536 4552 advenire

214 4594 448 4646 oratione
478 4591 670 4664 (Eccli.
703 4608 801 4661 vn,
834 4589 946 4662 l5).
976 4592 1107 4660 Quis
1139 4593 1285 4649 enim
1313 4593 1533 4662 audeat,
1557 4602 1653 4648 aut
1682 4608 1820 4664 quo-
1846 4608 1901 4675 Ῑ)
1926 4606 2157 4661 regnum
2175 4588 2683 4663 Deipetimus,dum
2702 4588 3033 4643 voluntatem
3052 4586 3236 4658 ejusin
3269 4588 3428 4643 nobis
3444 4589 3535 4645 ﬁe-

214 4685 378 4741 modo
423 4693 602 4756 potest
636 4686 747 4741 Deo
780 4684 832 4740 in
870 4686 1119 4742 oratione
1146 4686 1403 4742 mentiri?
1430 4686 1542 4742 Nisi
1590 4685 1729 4744 forte
1772 4688 1819 4742 is

214 4780 304 4849 qui
330 4780 629 4834 secundum
656 4777 990 4835 dominicam
1024 4782 1329 4837 orationem
1362 4796 1391 4835 a
1423 4781 1536 4837 Deo
1563 4790 1823 4852 peccato-

212 4890 337 4928 rum
381 4875 596 4929 veniam
644 4874 949 4944 postulans,
984 4875 1099 4944 ipse
1132 4876 1184 4930 in
1228 4889 1287 4930 se
1326 4876 1682 4945 peccantibus
1708 4890 1820 4930 non

214 4966 461 5035 dimittit,
497 4984 605 5024 non
656 4971 900 5025 retinens
939 4970 1143 5025 dictum
1175 4971 1418 5026 divinum
1458 4971 1677 5027 :Homo
1724 4972 1825 5024 ho-

214 5061 344 5113 mini
377 5078 602 5117 reservas
633 5062 790 5130 iram,
825 5071 872 5116 et
900 5079 932 5116 a
974 5061 1084 5116 Deo
1122 5064 1312 5133 quatris
1356 5063 1824 5133 prapitiationem?

214 5164 262 5209 et
290 5155 402 5226 ipse
443 5158 496 5211 in
526 5156 790 5210 hominem
814 5156 1040 5211 similem
1066 5157 1157 5212 tibi
1202 5174 1303 5212 non
1332 5157 1492 5213 habes
1523 5158 1821 5213 misericor—

214 5248 384 5314 diam,
405 5258 449 5302 et
472 5248 639 5305 Deum
663 5265 757 5319 pro
780 5251 1001 5320 peccatis
1022 5266 1207 5305 exoras
1230 5248 1424 5321 (Eccli.
1450 5266 1644 5316 xxvm,
1663 5251 1719 5319 5,
1734 5249 1823 5321 4)ἳ

214 5335 333 5394 lloc
380 5350 557 5397 autem
597 5340 707 5396 alio
746 5343 797 5395 in
840 5341 959 5397 loco
1012 5341 1128 5411 ipse
1168 5342 1434 5397 Dominus
1472 5345 1824 5413 apertissime

214 5432 568 5499 manifestat,
604 5433 888 5504 proferens
936 5434 1082 5489 servi
1132 5433 1278 5489 illius
1321 5434 1589 5491 debitoris
1634 5448 1828 5491 exem-

213 5526 395 5596 plum,
423 5530 505 5584 cui
546 5528 843 5600 plurimum
876 5529 1098 5585 debenti
1127 5538 1347 5601 rogatus
1376 5530 1637 5586 dominus
1663 5529 1824 5587 debi-

214 5627 335 5674 tum
369 5634 527 5678 omne
555 5633 941 5690 concesserat;
972 5624 1064 5694 qui
1101 5638 1223 5679 cum
1255 5633 1375 5694 post
1408 5624 1679 5680 indultum
1720 5622 1825 5679 de-

1925 4687 1971 4744 ri
1986 4686 2371 4757 deprecamur;
2387 4684 2517 4740 dum
2539 4698 2731 4755 panem
2752 4681 2835 4738 vel
2856 4692 3135 4737 terrenum
3151 4681 3536 4739 velcoelestem

1923 4781 1992 4836 ad
2023 4795 2176 4850 Spem
2198 4778 2391 4834 salutis
2417 4787 2622 4834 nostra:
2646 4774 2891 4847 quotidie
2915 4789 3229 4841 exoramus,
3258 4774 3384 4830 dum
3411 4792 3536 4845 pec-

1925 4882 2171 4930 catorum
2201 4874 2415 4929 veniam
2448 4870 2830 4941 imploramus,
2862 4867 2989 4923 dum
3021 4883 3244 4939 gravem
3277 4870 3538 4925 tentatio-

1928 4982 2055 5022 nem
2110 4964 2315 5020 auferri
2362 4980 2393 5017 a
2438 4963 2601 5019 nobis
2644 4976 2899 5026 oramus;
2944 4969 3222 5030 postremo
3260 4962 3389 5017 dum
3438 4979 3539 5019 nos

1928 5058 2150 5112 liberari
2178 5072 2204 5108 a
2234 5056 2403 5122 malo,
2425 5055 2520 5126 qui
2548 5062 2635 5109 est
2655 5061 2845 5108 auctor
2870 5054 3048 5107 omnis
3076 5054 3309 5123 peccati,
3334 5055 3540 5110 indesi-

1928 5163 2123 5207 nenter
2145 5165 2175 5203 a
2209 5148 2440 5204 Domino
2481 5147 2846 5218 postulamus.
2879 5145 3034 5212 Quod
3067 5146 3243 5216 ipsum
3293 5146 3535 5202 futurum

1927 5246 2065 5302 olim
2115 5259 2212 5315 per
2260 5243 2453 5298 Isaiam
2504 5239 2746 5312 Spiritus
2774 5248 2997 5295 sanctus
3047 5240 3536 5311 praenuntiaverat,

1928 5338 2166 5397 dicendo
2194 5355 2206 5392 :
2244 5336 2506 5404 Quoniam
2535 5336 2742 5389 verbum
2767 5335 3051 5389 breviatum
3080 5336 3235 5406 faciet
3281 5332 3537 5387 Dominus

1931 5450 2022 5507 per
2064 5432 2366 5488 universum
2410 5428 2581 5484 orbem
2623 5439 2773 5484 terra:
2803 5427 2962 5500 (Isai.
2990 5444 3051 5492 x,
3084 5426 3199 5499 25).
3248 5426 3399 5481 Unde
3429 5440 3539 5479 non

1931 5526 2211 5585 immerito
2240 5524 2488 5591 sequitur
2520 5539 2532 5575 :
2574 5521 2636 5578 Si
2667 5521 2969 5577 dimiseritis
3000 5520 3296 5575 hominibus
3332 5526 3543 5587 peccata

1930 5636 2136 5686 eorum,
2176 5618 2406 5671 remittet
2432 5615 2575 5671 vobis
2619 5614 2780 5670 Pater
2800 5624 2963 5670 vester
2989 5613 3075 5683 qui
3098 5620 3173 5666 est
3198 5612 3252 5665 in
3286 5611 3425 5665 oculis
3451 5610 3538 5665 de-

290 5837 320 5866 ει
358 5827 435 5886 Ex
462 5830 706 5903 margine
728 5829 987 5887 editionis
1008 5829 1249 5903 Grynaei,
1274 5831 1373 5899 ita,
1394 5828 1441 5888 si
1469 5829 1667 5903 placet,
1699 5827 1953 5903 corrigas
1979 5846 1993 5885 :
2020 5826 2256 5900 quotidie
2282 5842 2583 5901 oppugnare
2611 5841 2717 5881 non
2740 5823 2946 5889 desinit,
2973 5838 3007 5875 a
3030 5836 3132 5890 quo
3161 5835 3279 5886 nos,
3302 5827 3412 5879 etc.

792 5927 1066 5988 PATBOL.
1116 5926 1268 5989 XX.

3016 5914 3095 5977 ‘12
