4056 6340
591 321 697 385 ass
1624 327 1683 383 s.
1725 315 2106 381 caueam"
2149 315 2366 381 EPISC.
2411 311 2892 392 AQUILEIENSlS
3769 297 3858 382 sci

597 450 716 501 ‘icta
747 453 957 501 vestra:
991 448 1033 500 si
1063 451 1240 501 autem
1268 461 1371 499 non
1403 443 1704 500 remiseritis
1748 444 2061 508 hominibus,
2109 455 2200 499 nec
2232 447 2277 505 Α
2309 443 2377 497 ti-t
2412 443 2729 499 meritorum
2755 453 2836 497 est
2858 439 2905 494 ι).
2934 437 3093 496 Aliud
3119 443 3196 497 est
3233 439 3374 494 enim
3401 437 3481 512 (ut
3505 438 3738 513 sui-crius
3765 441 3858 496 dir-

611 541 766 596 Pater
796 550 959 595 vester
995 541 1215 594 remittet
1249 536 1392 593 vobis
1433 548 1641 608 peccata
1674 547 1839 591 vestra
1871 533 2088 606 (Matth.
2125 551 2199 600 Vl,
2309 549 2418 591 tum
2451 537 2557 606 est)
2601 537 2701 589 sub
2732 536 3150 606 exspectatione
3190 533 3444 589 humana:
3481 529 3652 588 laudis
3681 551 3858 591 orare:

614 636 695 701 l4,
729 635 839 708 l5).
890 635 948 689 In
992 635 1095 690 hoc
1137 634 1281 706 quod
1313 647 1571 688 oramus:
1609 631 1819 685 Dimitte
1844 627 1988 685 nobis
2033 629 2204 685 debita
2307 628 2454 684 aliud
2488 629 2554 683 ad
2584 625 2685 684 hoc
2716 637 2920 682 lattltltn
2951 643 3132 694 orare,
3161 636 3219 683 ut
3259 625 3526 682 orationis
3556 645 3662 681 sua)
3701 645 3726 681 a
3771 629 3861 684 Deo

603 737 798 794 nostra,
845 729 978 784 sicut
1014 739 1059 782 et
1108 741 1202 782 nos
1253 727 1561 780 dimittimus
1614 724 1926 780 debitoribus
1966 727 2155 779 nostris
2186 742 2203 779 :
2309 723 2633 780 retributore
2657 730 2934 794 exspectet
2965 721 3294 778 mercedem.
3325 717 3531 777 Similis
3553 737 3705 777 causa
3728 734 3861 780 estet

601 823 846 894 sequitur
872 822 1086 878 Domini
1113 823 1260 892 iusta
1291 820 1589 888 sententia,
1618 829 1722 890 qua
1753 819 1830 874 ait
1864 839 1877 876 :
1914 821 1974 875 Si
2001 835 2100 875 non
2126 835 2200 876 νε-
2309 816 2452 873 circa
2486 831 2703 873 onmem
2732 817 3138 872 observantiam
3167 813 3363 872 divina:
3390 815 3682 888 religionis.

607 916 848 971 miseritis
879 915 1170 971 hominibus
1197 925 1407 987 peccatu
1427 923 1626 980 eorum,
1653 927 1744 970 nec
1769 915 1927 970 Pater
1947 925 2108 972 vester
2129 932 2207 971 re.
2382 909 2446 967 ll.
2497 907 2652 968 Unde
2696 927 2802 968 non
2851 911 3128 968 immerito
3178 911 3438 967 Dominus
3472 928 3628 968 omne
3661 913 3862 970 studium

609 1012 776 1066 mittet
811 1011 973 1079 vobis,
1007 1013 1096 1084 qui
1126 1021 1202 1066 est
1225 1010 1276 1065 in
1309 1011 1471 1066 catis.
1505 1007 1572 1065 Et
1601 1009 1808 1066 idcirco
1836 1017 1894 1065 ut
1923 1009 1988 1066 de
2019 1007 2205 1066 remit-
2311 1004 2932 1078 laudlsatquehumanie
2953 1003 3232 1076 iactantia:
3256 1001 3659 1062 volensanobis
3683 1004 3862 1074 abesse,

609 1105 784 1161 tendis
829 1105 990 1161 nobis
1037 1106 1281 1175 peccatis
1331 1101 1623 1161 Dominum
1665 1099 2007 1162 conﬁdenter
2051 1122 2208 1161 orare
2313 1093 2471 1154 docet
2494 1110 2595 1153 nos
2627 1097 3087 1168 quemadmodum
3112 1095 3215 1168 ipsi
3243 1093 3500 1169 religioso
3522 1099 3694 1154 animo
3713 1115 3768 1156 ac
3791 1100 3866 1158 de-

609 1198 904 1268 poscimus,
948 1198 1080 1269 ipsis
1121 1195 1270 1268 prius
1320 1199 1371 1252 in
1421 1213 1524 1253 nos
1563 1195 1916 1269 peccantibus
1969 1201 2210 1255 remum-
2314 1201 2642 1246 votatuenle
2661 1185 2992 1262 plaCcantus,
3022 1188 3427 1266 dicendo
3454 1187 3558 1248 Vos
3581 1203 3865 1259 atttem,cnm

609 1303 747 1344 mus.
779 1289 935 1346 Unde
959 1299 1013 1345 et
1041 1287 1299 1345 Salomon
1330 1288 1442 1344 ait:
1477 1289 1702 1345 Remitte
1730 1289 1963 1362 proximo
1987 1302 2074 1346 tuo
2095 1309 2206 1364 ρρε-
2306 1285 2582 1357 jejunatis,
2618 1285 2794 1355 ungite
2819 1295 2973 1356 caput
3013 1295 3254 1352 vestrum,
3289 1297 3335 1339 et
3365 1284 3548 1354 faciem
3575 1296 3770 1340 vestram
3802 1285 3865 1339 la-

607 1390 741 1447 cata,
775 1392 821 1435 et
852 1380 944 1435 tibi
981 1388 1189 1453 peccata
1234 1379 1502 1436 solventur
1533 1379 1724 1446 (Ereti.
1774 1395 1962 1452 xxvtu,
2003 1381 2057 1451 5,
2105 1401 2203 1439 sec.
2314 1386 2448 1441 vate,
2483 1392 2546 1432 ne
2575 1379 2872 1450 apparentia
2913 1377 3206 1432 hominibus
3236 1377 3566 1452 jt'jttnatttes,
3618 1379 3703 1433 sed
3747 1377 3865 1432 Patri

609 1473 795 1548 LXX).
827 1477 984 1546 Quod
1025 1480 1069 1532 si
1119 1475 1326 1534 inlldeli
1357 1478 1543 1532 animo
1584 1487 1647 1533 ac
1693 1477 1980 1547 perdurata
2031 1487 2212 1534 mente
2317 1481 2482 1524 vestro
2521 1471 2609 1541 qui
2655 1481 2728 1524 est
2778 1470 2828 1526 in
2872 1474 3162 1526 abst'onso:
3195 1479 3272 1535 ttt,
3305 1471 3351 1526 si
3386 1469 3500 1527 ﬁeri
3531 1481 3716 1542 potest,
3760 1488 3866 1542 Opus

601 1569 712 1641 83
755 1569 1198 1641 delinquentium
1247 1571 1301 1625 in
1349 1585 1449 1625 nos
1499 1579 1723 1639 peccata
1765 1579 2079 1636 teneamus;
2114 1585 2212 1627 nos
2314 1564 2528 1634 ieiunii,
2557 1573 2611 1619 et
2652 1566 2821 1635 ipsius
2848 1566 3100 1636 corporis
3130 1574 3292 1636 atque
3327 1563 3524 1620 animae
3559 1563 3866 1620 amictiouein

603 1677 819 1735 quoque
865 1674 1218 1736 peccatorum
1264 1667 1478 1721 veniam
1535 1665 1782 1736 accipere
1832 1679 1937 1720 non
1988 1665 2209 1732 mereri,
2319 1657 2499 1711 vultus
2527 1656 2806 1713 hilaritate
2832 1659 3096 1713 vetemus.
3128 1657 3293 1728 Cuius
3325 1657 3403 1714 rei
3448 1656 3710 1729 exempla,
3739 1659 3867 1713 etiam

597 1767 794 1828 aperte
823 1757 1089 1816 Dominus
1130 1757 1482 1816 manifestat:
1515 1760 1605 1815 cui
1636 1767 1720 1816 θςι
1768 1757 1971 1825 honor,
2006 1761 2128 1815 laus
2159 1771 2215 1816 ει
2320 1750 2619 1806 secundum
2672 1751 2983 1818 historiam,
3020 1754 3069 1808 in
3100 1753 3318 1810 Sanctis
3366 1753 3636 1823 praeterito
3667 1763 3870 1825 tempore

603 1852 806 1924 gloria,
835 1867 944 1912 una
970 1863 1096 1911 eum
1130 1850 1337 1926 Spiritu
1375 1867 1589 1918 sancto,
1617 1864 1745 1908 ante
1775 1856 1957 1908 omnia
1995 1851 2213 1921 ειιεωιθ,
2249 1855 2296 1914 Β
2326 1849 2558 1919 legimus
2591 1861 2947 1920 prmostensa.
2997 1850 3134 1906 Nam
3169 1851 3515 1907 sanctissima
3546 1847 3742 1916 Judith,
3774 1865 3870 1906 cum

603 1955 662 2002 et
712 1955 895 2013 nunc,
951 1955 1007 2003 et
1067 1959 1318 2018 semper,
1379 1957 1434 2004 et
1495 1947 1548 2001 in
1603 1941 1802 2000 smcnla
1864 1945 2210 2000 saeulorum.
2324 1959 2519 2014 magno
2574 1957 2812 2001 maerore
2858 1961 2956 2016 pro
3004 1943 3206 2017 populo
3231 1955 3377 2000 esset
3409 1942 3630 2011 afﬂicta,
3666 1954 3872 2015 postse-

609 2039 807 2097 Arnen.
2321 2039 2660 2095 lemuitatem
2708 2037 2942 2094 triduani
2987 2037 3201 2110 ieiunii,
3261 2039 3439 2109 capite
3496 2049 3654 2096 uncto
3699 2048 3748 2095 et
3786 2039 3871 2093 Iota

1097 2129 1512 2190 TRACTATUS
1538 2131 1632 2188 XV
1663 2143 1710 2190 α.
2321 2131 2486 2197 facie,
2537 2132 2608 2186 ita
2647 2132 2878 2188 internm
2911 2130 3227 2188 afﬂictionis
3272 2131 3548 2188 tristitiam
3585 2131 3728 2198 texit,
3750 2139 3798 2185 ut
3818 2130 3873 2184 si-

899 2225 965 2282 In
995 2237 1151 2299 caput
1173 2237 1228 2283 vt
1259 2226 1530 2300 Evangelii
1559 2225 1622 2284 S.
1662 2223 1914 2284 .llatthtei.
2322 2227 2527 2282 mulato
2544 2226 2742 2298 gaudio
2771 2227 2945 2282 lzetari
2977 2225 3228 2282 hostibus
3249 2223 3528 2282 videretur
3557 2245 3567 2279 :
3595 2241 3655 2280 ac
3677 2226 3747 2280 sic
3773 2223 3870 2279 dum

683 2322 723 2376 Ι.
766 2319 975 2377 Deinde
1011 2323 1126 2376 ait:
1155 2317 1287 2376 Cum
1332 2323 1601 2393 iejunatis,
1649 2323 1848 2393 inquit,
1889 2323 2048 2376 nolite
2075 2323 2211 2392 ﬁeri,
2321 2321 2688 2394 perlmtitiam
2737 2321 2918 2376 vultus
2959 2319 3226 2393 ieiunium
3254 2323 3410 2389 texit,
3443 2321 3512 2378 de
3539 2317 3688 2377 hoste
3722 2319 3872 2372 trium-

610 2418 742 2472 sicut
769 2413 1079 2488 hypocrita,
1110 2417 1280 2470 tristes
1309 2429 1328 2472 :
1353 2417 1695 2470 exterminant
1719 2413 1854 2470 enim
1882 2418 2042 2487 [acies
2069 2433 2212 2479 suas,
2323 2413 2485 2486 phum
2517 2413 2759 2470 victoria!
2793 2417 3094 2488 reportavit
3125 2428 3145 2455 ο
3182 2413 3397 2489 (Juditlt
3420 2432 3515 2481 xit,
3547 2411 3716 2484 6-l0).
3745 2412 3872 2469 Simi-

607 2521 662 2566 ιιι
694 2519 980 2582 appareant
1022 2507 1313 2564 hominibus
1351 2514 1673 2584 jejunantes.
1723 2511 1883 2565 Amen
1912 2511 2027 2564 dico
2053 2511 2212 2577 vobis,
2321 2507 2448 2563 liter
2485 2507 2682 2564 Esther
2731 2509 3097 2576 sanctissima,
3149 2507 3274 2565 dum
3328 2507 3438 2564 lota
3481 2509 3614 2564 facie
3650 2519 3700 2564 et
3729 2509 3871 2577 capite

605 2613 914 2675 receperunt
943 2606 1227 2658 mercedem
1271 2619 1438 2657 suam.
1475 2599 1577 2656 Vos
1605 2613 1771 2656 autem
1803 2603 2214 2677 cnmjejunatis,
2323 2609 2507 2666 uncto,
2539 2613 2659 2669 post
2687 2599 3000 2657 triduanum
3026 2601 3297 2674 ieiunium
3344 2602 3571 2673 intelligi
3595 2617 3622 2655 a
3652 2617 3768 2672 rege
3796 2616 3868 2669 po-

607 2701 786 2771 ungite
813 2707 968 2770 caput
993 2709 1234 2765 vestrum,
1269 2709 1315 2752 et
1345 2697 1531 2768 faciem
1560 2709 1779 2752 vestram
1810 2697 1997 2764 lavate,
2033 2717 2095 2754 ne
2124 2717 2218 2770 ap-
2323 2697 2448 2762 tuit,
2478 2693 2648 2751 Aman
2683 2695 2836 2752 illum
2882 2695 3064 2768 p0puli
3094 2699 3175 2752 sui
3217 2695 3500 2753 inimicum
3528 2696 3869 2767 nequissimum

610 2796 834 2866 parentis
877 2793 1170 2848 hominibus
1209 2796 1534 2867 jejnnantes,
1584 2794 1672 2848 sed
1722 2787 1872 2847 Patri
1913 2804 2079 2847 vestro
2129 2795 2216 2865 qui
2321 2789 2604 2845 interemit
2643 2789 2856 2861 (Esther
2877 2808 2953 2857 tv,
2987 2789 3098 2864 16).
3126 2791 3264 2859 Quid
3289 2789 3356 2847 de
3391 2789 3609 2848 Daniele
3639 2806 3699 2844 ac
3733 2789 3870 2843 tribus

606 2899 682 2944 est
731 2889 784 2942 in
825 2887 1111 2942 absconso:
1143 2897 1189 2941 et
1234 2884 1392 2942 Pater
1418 2897 1600 2953 vester,
1626 2888 1716 2959 qui
1747 2895 1817 2941 est
1855 2888 1905 2941 in
1941 2885 2213 2952 absconso,
2322 2886 2506 2953 pueris
2548 2881 2817 2951 dicemus,
2863 2885 2954 2955 qui
3001 2885 3053 2940 in
3100 2894 3248 2940 tanta
3285 2884 3632 2948 abstinentia,
3664 2885 3786 2938 inter
3811 2890 3870 2935 tut

608 2984 790 3039 reddet
819 2982 958 3038 vobis
988 2981 1301 3056 (Matlh.v1,
1336 2982 1422 3050 16,
1458 2980 1569 3052 i8).
1604 2980 1778 3038 Sicuti
1821 2982 1874 3036 in
1920 2979 2216 3052 Superiori~
2321 2973 2702 3034 adolescentes
2733 2980 2824 3049 qui
2869 2979 3010 3036 cibis
3059 2979 3333 3051 regalibus
3376 2979 3750 3050 pascebantur,
3792 2976 3869 3031 soli

608 3075 710 3132 bus
765 3076 1071 3148 prreceptis,
1135 3077 1208 3129 ita
1248 3089 1467 3146 quoque
1516 3076 1660 3131 circa
1718 3077 1906 3147 ieiunii
1952 3073 2214 3130 ohserva-
2321 3073 2473 3127 vultu
2526 3073 2742 3128 caeteris
2788 3075 3058 3144 gratiores
3107 3073 3314 3129 inventi
3370 3085 3497 3129 sunt
3547 3073 3712 3145 (Dan.
3751 3087 3782 3137 t,
3822 3069 3870 3123 l2

603 3173 832 3240 tionem,
888 3171 954 3228 ad
1015 3171 1270 3242 perfecue
1318 3185 1415 3226 nos
1475 3169 1600 3227 lidei
1654 3173 1910 3226 meritum
1952 3167 2214 3226 Dominus
2323 3177 2368 3220 et
2396 3163 2530 3237 15)?

605 3264 874 3324 doctrina:
925 3280 1040 3321 sua:
1092 3265 1364 3320 mandatis
1419 3264 1684 3330 instituit;
1735 3271 1792 3318 ut
1838 3280 1945 3319 non
1991 3273 2209 3334 propter
2237 3257 2281 3317 C
2387 3260 2473 3315 Ill.
2518 3257 2623 3314 Sed
2659 3263 2780 3331 quia
2809 3261 2862 3316 id
2895 3263 3192 3317 secundum
3223 3259 3461 3318 litteram
3492 3259 3868 3331 diximuqquid

607 3361 904 3416 humanam
963 3361 1191 3430 gleriam
1246 3357 1416 3428 (sicut
1467 3358 1770 3429 hypocritm
1815 3355 2064 3430 faciunt),
2116 3358 2212 3413 Sed
2319 3355 2480 3410 etiam
2516 3356 2816 3410 secundum
2850 3356 3187 3427 spiritualem
3231 3355 3640 3428 intelligentiam
3671 3355 3869 3411 senticn'

609 3464 834 3526 propter
857 3454 1101 3509 futuram
1150 3467 1324 3525 spem,
1383 3453 1486 3509 soli
1533 3449 1771 3508 Domino
1815 3453 2146 3523 ieiunamus,
2185 3470 2213 3509 ει
2319 3450 2446 3504 dum
2476 3451 2567 3515 sit,
2598 3451 2860 3505 debemus
2887 3451 3195 3507 advertere.
3227 3452 3283 3506 In
3317 3454 3573 3508 unctione
3601 3451 3773 3522 capitis
3795 3446 3871 3503 tui-

612 3557 722 3618 quo
754 3556 1137 3616 exspectamus
1183 3545 1512 3600 humilitatis
1556 3545 1718 3615 huius
1747 3543 1963 3598 devota:
2004 3560 2215 3600 merce-
2319 3541 2672 3598 sericordiam
2721 3543 3014 3612 signiﬁcari
3064 3547 3465 3616 cognoscimus.
3521 3541 3670 3601 Unde
3711 3556 3870 3614 ungere

616 3641 766 3697 dem.
804 3639 998 3694 Verum
1032 3641 1123 3709 qui
1173 3639 1244 3694 ita
1283 3640 1553 3710 ieiunant,
1595 3643 1655 3692 ut
1687 3635 1860 3707 magis
1902 3637 2218 3693 hominibus
2321 3646 2503 3705 caput,
2537 3647 2622 3690 est
2669 3638 2918 3708 proximo
2953 3639 3387 3694 misericordiam
3421 3638 3599 3695 facere
3627 3657 3638 3691 :
3666 3654 3772 3710 qua:
3795 3634 3870 3687 ui-

613 3743 776 3804 quam
807 3731 920 3786 Deo
947 3732 1234 3798 placeant;
1267 3732 1472 3787 habent
1490 3731 1712 3802 quidem
1739 3731 1979 3786 laborem
2005 3729 2072 3785 de
2097 3747 2216 3786 cor-
2322 3731 2619 3788 sericordia
2651 3733 2701 3787 in
2734 3749 3024 3804 pauperem
3057 3731 3220 3800 facta,
3247 3730 3361 3806 86
3386 3733 3617 3789 refertur
3641 3733 3702 3788 ad
3732 3728 3873 3786 Domi-

614 3825 766 3896 poris
799 3819 1116 3890 afﬂictione,
1147 3825 1241 3879 sed
1268 3839 1362 3893 per
1399 3825 1616 3878 inanem
1645 3823 1882 3893 gloriam
1912 3825 2216 3879 mercedem
2323 3839 2471 3888 num,
2503 3826 2592 3894 qui
2626 3834 2787 3894 caput
2818 3825 2916 3878 viri
2959 3824 3258 3881 secundmn
3305 3824 3628 3894 Apostolum
3665 3821 3870 3890 intelligi-

617 3915 828 3970 laboris
858 3913 1002 3985 apud
1033 3912 1206 3970 Deum
1247 3916 1452 3970 habere
1481 3931 1588 3969 non
1633 3923 1866 3986 possunt
1895 3934 1907 3969 :
1942 3916 2068 3987 quia
2095 3931 2215 3972 cmn
2326 3923 2432 3981 tur,
2467 3918 2584 3986 ipso
2615 3915 2848 3970 Domino
2879 3915 3100 3971 dicente
3129 3937 3142 3972 :
3178 3917 3440 3984 Quamdiu
3468 3918 3560 3972 uni
3599 3935 3660 3972 ea:
3694 3909 3870 3970 minimis

618 4006 970 4063 solummodo
989 4007 1045 4060 id
1065 4019 1233 4062 causa
1256 4007 1543 4077 religionis
1563 4021 1624 4062 ac
1639 4006 1941 4078 ﬁdeiagere
1961 4009 2218 4076 debeant,
2322 4008 2435 4061 istis
2451 4009 2662 4079 fecistis,
2682 4007 2809 4061 mihi
2831 4009 3026 4079 fecistis
3046 4007 3090 4082 (ἰ
3107 4007 3227 4062 Cor.
3252 4026 3330 4072 xi,
3345 4009 3415 4077 3;
3439 4005 3624 4065 Matth.
3643 4021 3762 4070 xxv,
3781 4003 3868 4073 l0).

618 4097 1422 4171 liumanteupotiuslaudis
1443 4099 1672 4170 gloriam
1699 4103 2214 4170 qnareremalunt;
2322 4099 2379 4154 In
2432 4102 2588 4170 cuius
2641 4101 3037 4156 misericordiae
3089 4100 3244 4168 vice,
3298 4100 3480 4157 divina
3533 4099 3868 4159 retributione,

614 4191 1212 4247 etideoaitDoniinus:
1235 4192 1523 4245 Amendico
1542 4193 2219 4266 robis,receperantmeooe-
2325 4194 2473 4249 velut
2516 4193 2747 4264 quodam
2795 4194 2918 4249 oleo
2947 4191 3164 4251 caelesti
3208 4193 3600 4265 perlumlimnr,
3629 4195 3690 4248 ah
3717 4211 3772 4248 eo
3801 4191 3869 4260 qui

612 4285 917 4340 demsuam.
947 4285 1015 4340 Et
1045 4299 1214 4340 tntum
1237 4287 1457 4356 quidem
1481 4287 1819 4357 propositum
1849 4289 2068 4345 videtur
2096 4307 2218 4347 esse
2323 4289 2446 4342 ait:
2482 4287 2631 4342 Beati
2682 4287 3060 4355 misericordes,
3120 4289 3367 4360 quoniam
3423 4291 3548 4364 ipsis
3602 4287 3868 4344 miserebitur

607 4379 837 4452 ieiunii;
872 4387 983 4434 tam
1007 4381 1131 4448 eius
1155 4380 1247 4450 qui
1281 4382 1388 4434 Deo
1411 4388 1619 4434 tantum
1639 4380 1832 4436 demta
1859 4391 2044 4438 mente
2072 4384 2218 4454 iciu-
2323 4379 2464 4437 Dens
2492 4381 2702 4453 (Matth.
2730 4395 2783 4444 v.
2811 4381 2891 4454 7).
2923 4379 3084 4437 Νονὶι
3107 4383 3246 4437 hanc
3276 4384 3522 4440 ccclesiis
3540 4381 3643 4439 olei
3667 4383 3712 4436 in
3734 4379 3869 4448 capilc

616 4483 749 4541 nat,
797 4488 960 4544 quam
1021 4475 1188 4528 etiam
1259 4473 1406 4528 illius
1452 4475 1547 4544 qui
1595 4475 1850 4544 ieiunans
1905 4475 2218 4531 hominibus
2322 4477 2636 4529 unctionem
2687 4474 2850 4530 etiam
2895 4486 3118 4530 sanctus
3164 4476 3357 4542 David,
3401 4491 3526 4532 eum
3565 4477 3726 4531 dicit:
3759 4470 3868 4526 Sict!

617 4569 841 4638 placere
889 4566 1168 4621 desiderat
1198 4585 1210 4619 :
1243 4567 1339 4622 sed
1389 4568 1556 4622 distat
1603 4566 1770 4638 gratia
1817 4569 2214 4638 ieiunantium;
2324 4577 2642 4642 unguentum
2666 4567 2717 4622 in
2748 4570 2937 4638 capite,
2973 4569 3110 4640 quod
3139 4571 3402 4623 descendit
3425 4572 3477 4624 in
3509 4570 3705 4625 barbam
3735 4563 3868 4638 (Paul.

616 4661 746 4731 quia
769 4660 1020 4729 quamvis
1041 4659 1328 4724 utriusque
1369 4659 1555 4713 simile
1590 4663 1932 4729 propositum
1969 4660 2219 4718 videatur
2251 4652 2299 4712 D
2324 4673 2535 4724 cxxxtt,
2563 4661 2645 4733 εὶ).
2675 4663 2732 4716 1η
2764 4663 2906 4718 facie
2934 4679 3063 4718 vero
3095 4663 3348 4730 lavanda,
3383 4663 3694 4719 emnndatio
3719 4671 3873 4727 oorpo-

619 4761 784 4824 arque
831 4753 974 4807 idem
1019 4751 1210 4820 ieiunii
1261 4751 1431 4814 labor,
1466 4763 1573 4805 nun
1607 4761 1786 4806 tamen
1817 4752 1961 4807 idem
2013 4753 2218 4812 [metus
2322 4755 2398 4811 ris
2430 4767 2492 4811 ac
2533 4758 2763 4812 sincera:
2805 4756 3160 4813 conscientia:
3210 4758 3447 4826 puritas,
3488 4757 3770 4827 signiﬁcata
3805 4763 3874 4804 cn‘

607 4852 702 4898 est
749 4855 852 4897 nec
885 4845 1079 4896 eadem
1112 4839 1404 4894 retributio
1449 4842 1792 4896 meritorum.
1841 4841 2029 4914 Longe
2067 4849 2215 4901 enim
2322 4851 2621 4920 gnoscimr.
2653 4849 2814 4907 Unde
2854 4851 3038 4905 lavare
3084 4850 3312 4915 faciem,
3359 4852 3462 4906 hoc
3509 4862 3618 4917 est,
3660 4849 3721 4904 ah
3759 4839 3870 4900 onuii

611 4933 811 4990 differt
858 4934 949 4988 ille
992 4932 1091 5002 qui
1145 4942 1366 5001 propter
1410 4932 1579 4988 Deum
1626 4935 1858 5004 ieiunat,
1905 4939 1973 4993 ab
2021 4953 2085 4993 eo
2127 4941 2216 5010 qui
2323 4946 2487 5000 Sorde
2519 4957 2866 5016 peccatorum
2895 4956 2949 5000 et
2979 4947 3237 5016 squalore
3266 4946 3473 5013 delicti,
3507 4945 3873 5002 etlaeiemcoi-

617 5037 850 5098 pmpter
894 5025 1145 5080 homines
1187 5025 1439 5094 ieiunare
1483 5029 1778 5097 proponit:
1807 5031 1933 5100 quia
1975 5031 2096 5088 huic
2116 5045 2218 5104 pro
2324 5040 2407 5093 dis
2440 5039 2608 5093 nostri
2640 5049 2695 5094 et
2733 5039 2904 5107 ipsam
2948 5039 3343 5094 conscientiam
3391 5039 3642 5094 mundam
3683 5035 3869 5092 referre.

620 5120 878 5176 mercede
903 5118 1113 5173 laboris
1135 5120 1513 5189 compensatio
1544 5120 1602 5176 lit
1631 5122 1803 5177 laudis
1831 5123 2114 5191 Immanrc;
2144 5127 2220 5181 illi
2323 5141 2385 5186 ut
2412 5146 2546 5186 vere
2577 5131 2817 5186 laetitiam
2846 5131 3085 5188 coelesds
3107 5132 3286 5204 gaudii
3313 5142 3369 5187 et
3393 5133 3710 5189 hilaritatem
3735 5120 3870 5183 sancti

623 5231 728 5289 pro
751 5217 1049 5271 devotione
1077 5215 1424 5279 humilitatis,
1453 5216 1712 5271 meritum
1743 5220 1929 5289 gloriae
1960 5221 2012 5274 in
2043 5220 2222 5276 futuro
2321 5221 2560 5294 Spiritus
2579 5223 2633 5278 in
2660 5223 2820 5278 nobis
2839 5222 3047 5280 habere
3072 5227 3363 5292 possimus.
3391 5226 3471 5282 Ac
3497 5227 3574 5282 sic
3601 5224 3673 5289 lit,
3703 5231 3750 5276 ut
3771 5219 3868 5273 dum

621 5306 1006 5365 servator.Sic
1029 5321 1244 5376 quoque
1267 5309 1619 5363 et‘ora'ntium
1653 5308 1890 5376 habitus,
1921 5311 2218 5367 secundum
2327 5319 2428 5371 sub
2461 5318 2560 5371 hac
2589 5317 2710 5372 ﬁdei
2742 5318 3035 5372 devotione
3061 5318 3179 5373 Deo
3211 5321 3388 5390 potius
3421 5335 3578 5388 quam
3608 5311 3870 5372 hominm"5

627 5401 964 5473 propositmn
986 5401 1209 5472 quidem
1241 5413 1356 5457 non
1379 5402 1604 5459 differre
1627 5404 1875 5470 videtur;
1903 5406 1995 5460 sed
2020 5420 2220 5462 secun-
2325 5407 2654 5478 iciununus.
2684 5424 2712 5462 a
2740 5407 2875 5473 Deo,
2906 5412 2993 5479 qui
3041 5414 3380 5466 occultorum
3425 5424 3506 5468 est
3536 5410 3776 5482 cognitor.
3805 5415 3871 5456 ac-

621 5496 752 5551 dnm
781 5495 946 5550 animi
971 5491 1135 5551 ﬁdem
1163 5508 1215 5552 et
1240 5499 1449 5553 mentis
1476 5497 1758 5562 affectum,
1779 5513 1977 5569 magna
2003 5499 2219 5555 dista-‘n-
2327 5499 2593 5570 cipiamus
2624 5500 3003 5558 retributionis
3033 5505 3362 5560 mercedem.
3400 5504 3512 5562 Hoc
3537 5506 3672 5561 enim
3702 5500 3768 5553 ait
3793 5495 3871 5550 Do-

697 5663 722 5690 ι
767 5653 930 5724 Apud
967 5653 1220 5709 Galiand.
1262 5673 1274 5708 :
1309 5656 1627 5710 Tascnrus
1657 5654 1798 5723 XIV,
1827 5659 1884 5710 in
1937 5658 1997 5713 S.
2025 5657 2214 5712 Matth.
2332 5658 2549 5714 lectioni
2572 5661 2936 5717 restito-imus.

622 5714 982 5810 Egomet-lium.
1554 5799 1564 5808 ν
1696 5799 1732 5810 “
1984 5800 1994 5810 _
2329 5799 2361 5810 Α
2401 5740 2421 5767 ε
2468 5732 2539 5810 [is
2575 5714 3013 5810 editioneprima
3049 5735 3374 5810 Basileensi,
3406 5754 3610 5794 necnon
3649 5752 3703 5790 et
3733 5731 3868 5810 altera

689 5795 716 5834 ι)
738 5795 842 5878 llic
863 5813 1078 5878 quoque
1104 5812 1178 5878 ex.
1201 5795 1440 5877 editione
1487 5799 1670 5878 prima.
1695 5798 2020 5860 Basileensi,
2052 5809 2214 5878 atque
2323 5799 2562 5878 G_ryn:ei,
2599 5812 2801 5858 textum
2843 5795 2986 5860 hunc
3017 5808 3083 5861 ad
3116 5795 3384 5865 veriorem
3434 5811 3624 5867 lection
3647 5823 3704 5858 'm
3741 5800 3867 5857 rede-

614 5880 681 5924 ex
703 5868 870 5932 altera
882 5865 1139 5938 Crist-sai,
1167 5867 1379 5937 imm
1407 5867 1611 5923 inserta
1633 5867 1802 5935 lineo,
1822 5878 2036 5926 textum

915 5865 1139 5938 ityn-ini,
1167 5867 1379 5937 imm
1407 5867 1611 5923 inserta
1633 5867 1802 5935 lineo,
1822 5878 2036 5926 textum
2314 5865 2517 5942 girius.
