4056 6340
191 267 307 370 δηδδ
983 256 1402 360 ruscrnvs
1434 297 1601 357 xvul
1642 296 1706 354 IN
1749 297 2201 355 svsucsuvu
2244 299 2304 356 s.
2346 300 2709 358 narrum.
3395 306 3503 367 ssc

190 427 353 482 minus
381 440 398 477 ι
429 421 520 478 Ne
544 421 847 496 appareatis
877 417 1170 474 hominibus
1184 411 1617 490 jejunantes,sed
1649 409 1796 464 Patri
1827 417 1870 476 Α
1903 409 2120 496 merita,
2149 409 2406 480 jubemur
2450 410 2503 466 in
2545 411 2688 468 caelo
2729 412 3050 471 recondere.
3083 413 3141 472 In
3171 419 3315 476 emlo
3359 423 3506 478 enim

189 528 342 576 vestro
372 518 466 590 qui
498 529 573 574 est
605 518 656 572 in
685 517 970 570 absconso:
1002 523 1047 569 et
1101 511 1260 566 Pater
1304 520 1464 564 vester
1504 507 1593 578 qui
1637 505 1793 561 estin
1898 505 2242 572 reconditur,
2286 504 2550 576 quidquid
2586 507 2911 578 (secundum
2966 509 3128 565 ﬁdem
3180 512 3507 585 Scripturte)

189 613 446 678 absconso,
499 609 685 666 reddet
738 609 896 664 vobis.
947 607 1005 665 Si
1057 622 1189 678 ergo
1238 605 1319 660 vis
1367 613 1531 674 caput
1576 614 1796 670 seraper
1897 596 1953 652 in
2003 612 2160 652 usum
2202 613 2497 668 pauperum
2535 598 2768 655 ﬁdeliter
2801 612 3080 672 erogatur,
3114 603 3333 661 dicente
3363 607 3515 663 Seti—

191 716 400 764 unctum
433 721 664 778 gerere,
694 714 750 760 et
796 703 1049 760 mundam
1094 701 1291 758 faciem
1342 699 1527 755 eordis
1569 696 1795 763 habere,

1955 707 2060 747 .ura
2089 709 2103 746 :
2141 691 2245 759 Qui
2266 693 2352 748 dat
2385 695 2622 764 pauperi,
2656 694 2765 750 Deo
2797 696 2993 766 fenerat
3025 697 3212 771 (Prov.
3247 717 3362 770 xui,
3393 703 3507 773 1‘7).

188 804 324 874 juxta
349 799 577 855 Domini
601 799 807 855 dictum
827 842 841 867 ,
869 799 1064 854 insiste
1092 797 1329 853 ﬁdeliter
1354 795 1609 867 operibus
1636 792 1800 848 mise-

1957 782 2060 839 ude
2108 791 2165 838 et
2213 783 2314 838 sub
2363 783 2642 857 Apostolis
2691 787 3004 854 credentes,
3041 806 3317 848 memores
3353 793 3516 865 hujus

193 873 463 961 ﬁcorum,
498 893 698 950 insiste
728 892 1008 949 ἀενοιῑοηί
1044 890 1279 962 jejunii;
1325 899 1382 945 ιιι
1425 888 1645 960 placere
1690 885 1799 940 υο-
1903 873 2168 930 dominici
2200 877 2476 948 praecepti,
2516 879 2918 938 thesaurizasse
2957 884 3060 939 sibi
3107 885 3418 943 invenimus
3464 890 3518 944 in

195 987 329 1043 mino
359 987 654 1053 merearis,
684 987 773 1042 cui
817 995 902 1041 est
929 984 1105 1056 gloria
1136 984 1188 1040 in
1220 982 1420 1040 saecula
1448 979 1798 1047 saeculorum,

1955 969 2072 1035 elo;
2106 969 2254 1042 quia,
2289 971 2527 1029 venditis
2557 975 2833 1031 universis
2882 978 3048 1033 rebus
3095 978 3231 1048 suis,
3265 987 3520 1036 terrenos

194 1079 378 1136 Amen.
1906 1063 2198 1119 thesauros
2253 1065 2319 1119 ad
2376 1081 2542 1137 regna
2598 1067 2847 1125 caelestia
2910 1071 3314 1129 transtulerunt
3366 1071 3514 1145 (Act.

1907 1171 1985 1224 tv,
2022 1158 2140 1228 3i).

1982 1252 2095 1324 89
2134 1251 2219 1306 IlI.
2264 1253 2329 1308 Et
2370 1254 2493 1311 ideo
2543 1255 2752 1314 addidit
2798 1259 3084 1328 Dominus,
3133 1262 3322 1318 dicens
3369 1281 3380 1317 :
3422 1263 3523 1319 Ubi

1915 1345 2073 1414 fuerit
2096 1345 2366 1403 thesaurus
2388 1358 2526 1414 tuus,
2547 1349 2618 1403 ibi
2638 1353 2732 1406 erit
2749 1362 2796 1407 et
2813 1369 2902 1407 cor
2918 1363 3060 1409 tuum
3079 1353 3295 1428 (Matth.
3312 1358 3520 1428 v1.21).

1916 1439 2018 1513 Qui
2067 1441 2119 1494 in
2152 1441 2293 1497 cmlo
2333 1457 2553 1514 semper
2582 1445 2738 1501 bonis
2765 1449 3026 1518 operibus
3054 1450 3514 1515 thesaurizamus,

1919 1532 2011 1585 ubi
2043 1531 2225 1588 omnis
2260 1549 2387 1604 spes
2419 1545 2470 1590 et
2507 1537 2655 1592 salus
2684 1551 2770 1594 εει
2801 1548 3010 1606 nostra,
3064 1543 3157 1598 ubi
3204 1545 3367 1601 nobis
3417 1545 3524 1601 vita

597 1171 707 1246 s7
749 1167 1163 1226 TRACTA'I‘US
1213 1167 1332 1225 xvr
1356 1177 1402 1220 η.

481 1261 548 1319 1η
583 1275 743 1339 caput
770 1281 823 1319 vt
856 1262 1127 1338 Evangelii
1159 1263 1219 1318 S.
1257 1260 1514 1316 Matt/nvi.

261 1357 300 1416 Ι.
348 1357 539 1415 Nolite
588 1360 943 1414 thesaurizare
982 1356 1121 1412 vobis
1154 1356 1418 1410 thesauros
1444 1355 1498 1408 in
1537 1363 1692 1417 terra,
1726 1351 1809 1404 ubi

202 1471 368 1528 aerugo
396 1464 445 1509 et
471 1453 616 1508 tinea
643 1453 1012 1518 exterminant,
1036 1450 1122 1504 ubi
1149 1455 1289 1524 fures
1314 1446 1565 1516 effodiunt
1590 1455 1636 1500 et
1663 1445 1806 1500 invoo

203 1549 321 1603 lant.
354 1545 742 1601 Thesaurizate
772 1557 942 1599 autent
988 1543 1129 1599 vobis
1163 1544 1430 1597 thesauros
1457 1542 1509 1594 in
1542 1539 1692 1606 coelo,
1726 1537 1812 1591 ubi

204 1657 356 1712 neque
382 1653 592 1712 aerugo,
623 1654 785 1709 neque
805 1639 941 1692 tinea
968 1636 1338 1701 exterminant,
1363 1643 1411 1687 et
1438 1630 1522 1687 ubi
1546 1635 1686 1702 fures
1711 1646 1814 1682 non
1921 1637 2125 1683 mterna
2164 1629 2402 1698 reposita
2437 1639 2542 1698 est,
2566 1632 2616 1685 in
2654 1642 2798 1688 terra
2830 1634 2960 1689 licet
2993 1637 3179 1705 positi,
3210 1654 3305 1694 cor
3346 1649 3529 1695 tamen

205 1733 453 1803 eﬂ'odiunt
485 1751 581 1788 nec
613 1735 857 1805 furantur
886 1747 902 1787 :
929 1731 1016 1786 ubi
1057 1733 1191 1786 enim
1230 1731 1325 1785 erit
1367 1729 1636 1784 thesaurus
1676 1741 1810 1791 tuus,
1923 1721 1976 1776 in
2001 1721 2146 1779 cmlo
2176 1737 2394 1793 semper
2424 1725 2708 1782 habemus.
2747 1727 2968 1795 Verum,
2993 1747 3097 1784 non
3129 1741 3310 1801 potest
3344 1749 3440 1788 eor
3472 1735 3527 1788 in

207 1828 308 1884 illic
356 1831 456 1884 erit
513 1838 563 1884 et
616 1845 706 1883 cor
756 1838 898 1882 tuum
939 1825 1159 1896 (Matth.
1190 1843 1266 1891 vr,
1299 1824 1514 1895 19—21).
1561 1823 1824 1878 Prohibet
1855 1821 1903 1881 B
1931 1815 2090 1870 caelis
2121 1815 2324 1872 habere
2352 1817 2468 1888 qui,
2505 1819 2803 1889 cupiditate
2830 1821 3020 1876 szeculi
3056 1833 3271 1894 captus,
3306 1827 3530 1882 ιιιθδαυ-

209 1940 300 1981 nos
334 1923 606 1980 Dominus
653 1918 706 1978 in
754 1935 898 1978 terra
948 1922 1348 1988 thesaurizare,
1383 1920 1471 1975 ubi
1516 1918 1695 1975 omnia
1745 1919 1825 1972 in-
1931 1907 2108 1963 riznre
2136 1908 2238 1964 sibi
2266 1912 2438 1982 uiagis
2463 1910 2516 1968 in
2545 1921 2687 1968 terra
2708 1915 2986 1970 maluerit.
3018 1916 3209 1972 Merito
3233 1927 3536 1975 ctsanctus

211 2018 358 2074 ﬁrma
389 2028 521 2072 sunt
551 2025 611 2072 et
643 2016 870 2071 caduca.
901 2013 1255 2070 Contrarium
1295 2023 1378 2068 est
1419 2012 1565 2068 enim
1606 2009 1731 2064 ﬁdei
1765 2027 1828 2063 ac
1932 2000 2228 2072 Apostolus
2258 2006 2422 2059 etiam
2454 2005 2654 2062 divites
2675 2009 2883 2074 swculi,
2911 2011 3370 2079 quemadmodum
3394 2014 3539 2068 hunc

212 2109 368 2165 saluti
407 2108 510 2163 hos
548 2117 802 2163 terrenos
832 2106 1121 2161 thesauros
1162 2116 1445 2176 expetere,
1479 2101 1698 2157 divitias
1727 2117 1831 2155 sce-

213 2202 313 2258 culi
341 2217 627 2273 quaerere,
659 2200 950 2256 facultates
974 2197 1160 2254 mundi
1191 2195 1415 2262 sectari,
1443 2210 1574 2265 quas
1605 2202 1831 2260 possunt

216 2302 266 2350 ct
296 2293 458 2350 tinea:
491 2307 882 2364 corrumpere,
915 2301 970 2350 et
1001 2307 1186 2363 :erugo
1225 2289 1541 2353 absumere,
1583 2296 1636 2342 et
1686 2285 1833 2340 fures

216 2405 426 2461 rapere.
465 2389 611 2457 Quia
644 2389 977 2460 quicumque
1008 2387 1181 2458 ntagis
1212 2388 1261 2439 in
1295 2395 1435 2439 terra
1465 2380 1836 2438 thesaurizarc

218 2482 520 2545 voluerint,
552 2497 719 2552 quam
751 2481 804 2535 in
839 2479 1003 2547 cmlo,
1041 2479 1328 2534 thesauros
1359 2476 1487 2532 illos
1530 2487 1749 2530 aeterna:
1783 2482 1838 2528 ct

217 2575 458 2633 caelestis
495 2574 626 2629 vita:
656 2573 863 2630 habere
905 2591 1008 2628 non
1046 2581 1293 2642 possunt,
1329 2569 1547 2624 dicente
1576 2566 1696 2638 ipso
1728 2567 1835 2620 Do-

222 2669 367 2726 mino
394 2689 407 2722 :
443 2667 712 2736 Quoniam
741 2669 878 2722 dives
910 2665 1128 2738 difficile
1157 2665 1365 2719 intrabit
1397 2664 1449 2717 in
1481 2661 1715 2735 Regnum
1739 2676 1838 2714 cat-

222 2763 388 2818 lorunt
411 2761 636 2833 (Matth.
671 2777 791 2826 χιχ,
819 2759 938 2831 25).
965 2756 1234 2815 Similiter
1256 2765 1310 2812 et
1333 2755 1629 2826 Apostolus
1657 2771 1668 2804 :
1701 2749 1838 2805 Nam

223 2859 308 2928 qui
373 2855 553 2911 volunt
616 2854 800 2909 divites
852 2853 1004 2925 fieri,
1052 2852 1284 2906 incidunt
1330 2852 1384 2904 in
1423 2849 1753 2903 tentationetn
1795 2855 1841 2898 et

225 2950 574 3021 ntuscipulam
599 2947 797 3003 diaboli
828 2945 873 3018 (Ι
905 2946 1038 3001 Tim.
1075 2959 1152 3012 Vt,
1184 2945 1262 3017 9).
1294 2941 1675 2999 Recordemur
1700 2939 1842 2995 illius

225 3044 438 3112 divitis,
470 3042 560 3115 qui
584 3058 807 3099 omnem
835 3040 1065 3114 gloriam
1099 3056 1254 3096 suam
1279 3039 1332 3094 in
1358 3035 1543 3094 saeculi
1574 3034 1843 3091 thesauris

225 3148 390 3213 atque
423 3139 480 3196 in
512 3139 789 3196 redituum
832 3154 1056 3194 suorum
1089 3138 1340 3193 ubertate
1380 3134 1674 3192 constituit
1707 3151 1718 3187 :
1755 3132 1846 3203 qui

224 3249 346 3290 cum
376 3245 604 3306 propter
632 3232 974 3289 afﬂuentiam
1007 3231 1225 3304 frugum
1254 3229 1323 3286 de
1351 3227 1682 3301 ampliandis
1715 3227 1839 3282 hor-
1869 3228 1913 3288 C

225 3326 336 3383 rcis
377 3327 675 3400 cogitaret,
705 3335 870 3398 atque
915 3326 1110 3381 animae
1151 3340 1267 3379 sua:
1298 3321 1533 3380 delicias
1571 3336 1758 3391 apum,
1791 3328 1848 3374 et

228 3423 580 3478 securitatem
608 3424 788 3493 longze
820 3422 940 3476 vita:
965 3421 1348 3492 promitteret;
1376 3435 1482 3475 non
1513 3417 1686 3474 dicam
1719 3416 1846 3472 sub-

226 3515 466 3588 ripiente
509 3514 635 3572 iure
667 3515 787 3571 haec
818 3532 941 3587 qu:e
983 3523 1422 3587 congregaverat
1449 3511 1717 3584 perdidit;
1751 3509 1847 3567 sed

229 3609 405 3682 ipsam
453 3610 692 3666 animam
742 3610 843 3666 sub
872 3612 986 3683 88
1015 3610 1208 3668 cadent
1251 3622 1451 3676 nocte,
1498 3609 1582 3663 cui
1631 3608 1849 3662 thesau—

229 3703 461 3772 rizabat,
486 3703 666 3762 alnisit
703 3700 858 3777 (Luc.
889 3721 985 3768 xu,
1015 3702 1237 3776 16-20).
1261 3703 1419 3758 Unde
1442 3717 1550 3756 non
1579 3701 1849 3756 immerito

233 3789 406 3853 David
437 3798 554 3869 ipse
584 3806 820 3854 testatus
846 3806 950 3865 est,
983 3796 1172 3852 dicens
1203 3813 1215 3850 :
1244 3793 1603 3857 Thesaurizat,
1635 3807 1680 3847 et
1705 3793 1853 3865 igno-

232 3903 315 3946 rat
363 3892 448 3947 cui
489 3891 822 3966 congregabit
852 3907 911 3946 ea
943 3887 1115 3960 (Psal.
1151 3906 1382 3957 xxxvtu,
1415 3889 1493 3956 7).
1528 3887 1851 3959 Cogitemus

236 3997 294 4044 et
321 3986 473 4044 illum
516 3985 968 4052 adolescentem;
1001 3986 1093 4056 qui
1124 4002 1248 4042 cum
1282 4000 1450 4057 prope
1482 3981 1664 4038 omnia
1708 3997 1849 4053 prae-

235 4091 393 4154 cepta
422 4081 557 4154 legis
585 4081 905 4152 implesset;
932 4073 1056 4151 quia
1086 4079 1374 4136 thesauros
1400 4075 1573 4150 magis
1605 4088 1852 4131 terrenos

239 4172 431 4230 habuit
460 4190 626 4243 quam
657 4173 941 4237 caelestes,
975 4173 1100 4228 vitae
1118 4182 1355 4245 ~tutetute
1388 4172 1674 4225 thesauros
1706 4165 1854 4222 obtio

237 4285 372 4326 nere
419 4285 528 4325 non
579 4269 757 4340 potuit
805 4265 1020 4341 (Matth.
1057 4283 1168 4336 χιιι,
1202 4265 1322 4337 2|).
1357 4263 1425 4319 Et
1464 4261 1667 4321 idcirco
1712 4261 1854 4316 bene

241 4361 411 4416 David
444 4364 520 4417 ait
545 4379 558 4416 :
586 4360 768 4417 Nolite
793 4377 1001 4432 sperare
1034 4361 1084 4413 in
1116 4358 1410 4426 iniquitate,
1443 4366 1490 4410 et
1517 4355 1728 4424 rapinas
1757 4369 1854 4407 uo-

239 4454 331 4510 lite
358 4457 759 4528 concupiscere:
791 4455 984 4510 divitia:
1011 4455 1055 4508 si
1091 4456 1325 4526 aﬂluant,
1366 4450 1524 4506 nolite
1553 4465 1644 4506 cor
1682 4463 1852 4522 appo-

241 4545 361 4604 iiere
393 4545 566 4622 (Psal.
603 4566 713 4616 Lst,
749 4548 860 4620 11).

1937 2098 2250 2152 thesaurum
2304 2100 2587 2156 coelesrem
2636 2105 2900 2173 censequi
2955 2106 3188 2176 possint,
3261 2109 3533 2173 hortatur,

1935 2188 2124 2245 dicens
2153 2207 2164 2242 :
2195 2189 2453 2250 Divitibus
2500 2194 2659 2266 hujus
2704 2198 2883 2250 steculi
2909 2200 3152 2269 praecipe,
3181 2217 3284 2254 non
3323 2204 3544 2271 superbe

1939 2299 2136 2355 sapere,
2190 2303 2352 2356 neque
2404 2304 2594 2359 ponere
2642 2290 2694 2342 in
2746 2291 3002 2345 incertunt
3038 2293 3344 2348 divitiarum
3395 2312 3541 2365 spent

1939 2394 2109 2444 suam,
2143 2379 2235 2433 sed
2265 2381 2320 2434 in
2365 2377 2531 2436 Deum
2564 2385 2754 2452 vivum,
2787 2388 2874 2456 qui.
2925 2397 3136 2455 praestat
3181 2389 3326 2442 nobis
3371 2391 3548 2444 omnia

1943 2469 2266 2526 abundanter
2294 2474 2363 2526 ad
2389 2476 2669 2546 fruendum
2694 2493 2712 2533 :
2741 2477 2866 2533 bene
2896 2481 3118 2549 faciant,
3151 2482 3336 2536 divites
3364 2484 3468 2539 sint
3491 2486 3546 2538 in

1944 2564 2180 2632 operibus
2211 2566 2376 2630 bonis,
2433 2567 2587 2637 facile
2613 2571 2862 2638 tribuant,
2896 2575 3289 2637 communicent,
3339 2575 3554 2631 thesau-

1945 2657 2105 2711 rizent
2152 2657 2249 2711 sibi
2277 2659 2329 2711 in.
2357 2663 2614 2730 futurum,
2650 2671 2702 2717 ut
2747 2664 3138 2736 apprehendant
3181 2682 3355 2722 veram
3388 2671 3552 2724 vitam

1948 2748 1998 2818 (I
2023 2747 2160 2805 Tim.
2191 2767 2266 2819 v1,
2301 2753 2528 2826 17-19),
2558 2755 2627 2810 ab
2656 2771 2724 2813 eo
2746 2759 2836 2827 qui
2867 2767 3059 2815 auctor
3089 2769 3176 2816 est
3207 2762 3335 2817 vita:
3369 2775 3424 2818 et
3453 2762 3556 2818 im-

1953 2845 2297 2900 mortalitatis
2343 2858 2561 2904 u-terme
2593 2869 2604 2904 :
2637 2851 2724 2906 cui
2758 2864 2842 2908 est
2897 2853 3013 2910 laus
3045 2863 3100 2910 ct
3128 2856 3328 2927 gloria,
3361 2857 3414 2912 in
3451 2873 3554 2913 sae-

1951 2936 2072 2993 cula
2101 2940 2449 2997 sazculorum.
2486 2941 2683 2999 Amen.

2419 3073 2838 3136 TRACTATUS
2878 3081 3041 3136 XVII.
3073 3083 3100 3121 ι’

2237 3188 2303 3244 In
2333 3203 2485 3264 caput
2515 3209 2562 3249 VI
2602 3194 2870 3267 Evangelii
2901 3198 2963 3254 S.
3000 3196 3258 3256 Matt/tan.

2024 3326 2066 3381 I.
2109 3327 2318 3384 Deinde
2372 3330 2770 3403 aitzLucerna,
2826 3337 3023 3408 inquit,
3075 3343 3311 3411 corporis
3355 3347 3429 3397 tui
3482 3357 3557 3400 est

1952 3423 2132 3477 oculus
2156 3433 2312 3479 tuus:
2354 3426 2398 3480 si
2427 3429 2609 3482 oculus
2632 3439 2753 3485 tuus
2781 3432 3004 3500 simplets
3041 3444 3140 3500 est,
3174 3445 3339 3490 totunt
3365 3454 3556 3509 corpus

1953 3522 2096 3569 tuum
2137 3517 2369 3572 lucidum
2399 3529 2504 3587 est;
2542 3522 2586 3575 si
2609 3534 2778 3578 autem
2819 3526 3002 3582 oculus
3044 3537 3164 3583 tuus
3207 3546 3425 3600 nequam
3455 3546 3548 3600 est,

1954 3616 2116 3661 totum
2161 3626 2348 3680 corpus
2394 3621 2539 3665 tuum
2586 3614 2910 3670 tenebrosum
2955 3629 3053 3673 est.
3099 3619 3159 3674 Si
3191 3637 3310 3692 ergo
3357 3623 3552 3689 lumen,

1953 3705 2094 3774 quod
2119 3706 2172 3758 in
2195 3716 2242 3760 te
2268 3716 2360 3771 est,
2395 3707 2616 3764 tenebrat
2640 3720 2791 3776 sunt;
2817 3711 3037 3767 tenebrae
3059 3714 3186 3784 ipsa:
3209 3727 3415 3784 quanta:
3436 3729 3557 3772 sunt

1955 3797 2182 3868 (Matth.
2206 3817 2280 3866 vr,
2308 3800 2399 3868 22,
2440 3801 2576 3873 24)?
2602 3803 2857 3860 Lucerna
2897 3809 3172 3877 corporis,
3219 3809 3332 3881 90
3360 3826 3555 3866 sensus

1957 3891 2179 3956 mentis,
2215 3902 2270 3946 et
2304 3891 2437 3947 lides
2475 3894 2657 3950 cordis
2690 3897 3019 3967 intelligitur
3046 3921 3058 3954 :
3083 3917 3204 3970 qua;
3232 3903 3278 3955 si
3312 3903 3364 3955 in
3398 3903 3556 3957 nobis

1957 3998 2089 4050 pura
2135 3991 2190 4038 ct
2221 3985 2395 4039 lucida
2430 3987 2614 4053 luerit,
2646 3991 2764 4044 sine
2794 3989 2963 4046 dubio
3005 4005 3167 4046 omne
3199 4007 3401 4062 corpus
3429 4011 3558 4051 n05-

1960 4087 2098 4130 trmn
2133 4077 2420 4132 illuminat.
2469 4079 2678 4136 Idcirco
2708 4093 2892 4137 autem
2923 4083 3147 4139 lucerna
3178 4087 3231 4140 in
3265 4102 3552 4157 compara-

1958 4167 2106 4222 tioue
2148 4167 2274 4222 ﬁdei
2320 4170 2560 4238 ponitur,
2589 4174 2714 4242 quia
2745 4173 2887 4228 sicut
2931 4175 3154 4230 lucerna
3190 4178 3554 4233 incedentium

1961 4258 2012 4311 in
2046 4271 2204 4313 nocte
2233 4275 2456 4330 gressus
2485 4262 2776 4329 illuminat,
2810 4281 2875 4318 ne
2907 4276 3002 4321 aut
3031 4267 3082 4320 in
3137 4267 3346 4333 foveas.
3379 4281 3473 4326 aut
3502 4274 3559 4326 in

1961 4352 2291 4408 oli'endicula
2337 4371 2572 4425 quzeque
2626 4357 2972 4415 ambulantes
3018 4359 3447 4421 incurrantzita
3503 4365 3559 4420 in

1964 4445 2066 4500 hac
2094 4445 2279 4502 smculi
2311 4458 2468 4503 nocte
2496 4447 2758 4518 splendor
2789 4450 2920 4506 ﬁdei
2950 4467 3148 4509 omnes
3190 4455 3318 4511 vitae
3349 4469 3562 4516 nostra:

1962 4557 2207 4613 gressus,
2261 4553 2541 4611 praeeunte
2588 4545 2795 4600 lumine
2843 4549 3115 4614 veritatis,
3153 4551 3461 4620 illuminat;
3497 4571 3568 4610 ne

318 4641 378 4696 Il.
422 4643 769 4714 Quapropter
802 4642 915 4696 vult
955 4656 1054 4697 nos
1104 4640 1369 4697 Dominus
1417 4640 1709 4696 thesauros
1760 4653 1855 4694 no—
1883 4623 1940 4684 Ι)
1965 4649 2055 4692 aut
2087 4639 2138 4692 in
2171 4635 2359 4693 ioveas
2388 4645 2757 4708 peccatorum,
2793 4655 2885 4696 aut
2919 4641 2968 4698 in
2999 4645 3328 4704 oliendicula
3358 4651 3572 4708 diaboli

240 4744 407 4804 stros,
443 4752 550 4790 nou
587 4735 641 4791 in
674 4744 822 4791 terra
851 4735 941 4790 ubi
973 4735 1150 4806 perire
1198 4743 1445 4805 possunt,
1482 4733 1576 4791 sed
1610 4735 1664 4789 in
1711 4733 1857 4790 calo

239 4830 568 4897 recondere,
601 4831 692 4886 ubi
732 4830 883 4887 nulla
915 4831 1144 4886 adversa
1176 4830 1551 4896 dominantur,
1583 4829 1674 4884 ubi
1704 4829 1857 4885 fures

245 4938 352 4977 nou
387 4921 676 4991 elIodiunt,
714 4921 768 4978 id
814 4933 919 4987 est,
969 4921 1221 4978 diabolus
1253 4930 1309 4978 et
1351 4923 1530 4994 angeli
1581 4922 1722 4992 ejus,
1756 4936 1858 4976 nec

244 5030 433 5088 aerugo
447 5016 804 5086 exterminat,
823 5015 876 5072 id
895 5026 999 5084 est,
1019 5027 1239 5087 peccata
1259 5017 1635 5072 dominantur.
1656 5017 1858 5086 Quem-

245 5111 544 5168 admodum
592 5122 774 5168 autem
835 5109 978 5167 hunc
1019 5111 1335 5167 thesaurum
1387 5111 1441 5165 in
1491 5112 1635 5168 caelo
1698 5126 1862 5180 repo-

243 5219 381 5260 nere
423 5205 724 5262 debeamus
771 5205 886 5274 ipse
937 5204 1193 5258 Dominus
1239 5203 1291 5258 in
1341 5202 1641 5274 Evangelio
1686 5202 1861 5259 mani—

247 5295 430 5364 festat,
461 5297 698 5352 dicendo
729 5296 797 5350 ad
827 5295 981 5350 illum
1017 5295 1416 5351 adolescentem
1445 5313 1458 5351 :
1497 5292 1666 5362 Vade,
1700 5294 1862 5350 vende

246 5391 422 5446 omnia
451 5406 566 5462 qua:
592 5389 769 5454 habes,
794 5388 862 5443 da
883 5388 1217 5461 pauperibus,
1247 5396 1293 5441 et
1321 5386 1526 5442 habebis
1554 5385 1859 5441 thesaurum

247 5483 309 5536 in
332 5483 452 5538 cado
479 5480 700 5556 (Matth.
735 5495 849 5547 six,
872 5481 988 5551 21).
1021 5477 1343 5550 Ilujusmodi
1374 5495 1502 5552 ergo
1537 5478 1857 5542 thesauros,

249 5577 345 5648 qui
371 5578 561 5634 aeterni
596 5585 728 5632 sunt
760 5587 814 5631 et
844 5576 1165 5646 incorrupti,
1201 5574 1289 5645 qui
1341 5575 1526 5645 perire
1567 5589 1677 5628 non
1733 5587 1859 5645 pos-

250 5683 402 5739 sunt,
426 5689 520 5744 per
543 5687 712 5742 Opera
732 5669 978 5740 justitiae,
1007 5686 1101 5740 per
1127 5670 1344 5741 pietatis
1375 5684 1437 5724 ac
1466 5665 1863 5723 misericordias

332 5822 356 5847 ἰ
399 5812 550 5881 Apud
595 5809 846 5867 Galland.
878 5827 890 5863 :
919 5811 1244 5864 'l'mtcn'rus
1294 5805 1407 5874 XV,
1436 5809 1489 5860 in
1542 5804 1603 5859 S.
1663 5802 1860 5859 Matth.

258 5879 628 5957 Evangelium.

1969 4731 2290 4787 incidamus.
2327 4730 2443 4787 Hoc
2463 4742 2547 4789 est
2575 4747 2708 4804 ergo
2731 4738 2870 4806 quod
2904 4738 2979 4792 ait
3013 4739 3274 4797 Doruinus
3298 4744 3576 4802 :Lucerua

1965 4825 2203 4897 corporis
2229 4826 2305 4879 tui
2334 4835 2408 4879 est
2441 4827 2625 4882 oculus
2667 4830 2896 4884 tuus:si
2943 4833 3129 4887 oculus
3173 4843 3292 4890 tuus
3343 4839 3572 4911 simplex

1967 4929 2064 4985 est,
2094 4929 2260 4973 totum
2291 4935 2482 4987 corpus
2512 4928 2656 4974 tuum
2689 4922 2922 4976 lucidum
2951 4935 3024 4979 est
3050 4943 3069 4992 ;
3093 4927 3135 4980 si
3163 4938 3332 4983 autent
3380 4933 3592 4993 oculus,

1967 5019 2084 5065 tuus
2107 5027 2326 5080 nequam
2359 5020 2457 5077 est,
2488 5022 2651 5066 totum
2677 5031 2866 5086 corpus
2897 5025 3042 5072 tuum
3085 5023 3411 5078 tenebrosum
3447 5036 3524 5078 est
3554 5043 3574 5080 .'

1963 5107 2284 5172 OalClldCIIB,
2315 5106 2441 5176 quia
2493 5108 2540 5162 si
2581 5108 2698 5162 hzee
2745 5108 2882 5164 ﬁdes
2915 5123 3124 5176 nostra,
3175 5133 3296 5186 qua:
3336 5118 3563 5175 lucerna

1963 5198 2214 5269 corporis
2248 5199 2328 5251 vel
2359 5197 2518 5252 oculo
2559 5200 2920 5270 signiﬁcatur,
2965 5203 3018 5258 in
3053 5207 3209 5262 nobis
3241 5219 3332 5262 aut
3363 5226 3558 5279 pecca-

1965 5302 2143 5347 torum
2195 5291 2456 5359 tenebris,
2493 5301 2586 5346 aut
2619 5295 2856 5362 perﬁdiae
2910 5296 3246 5354 obscuritate
3285 5313 3557 5370 caecetur;

1966 5386 2088 5442 sine
2141 5383 2329 5447 dubio,
2373 5400 2540 5439 omne
2569 5400 2770 5456 corpus
2805 5399 3049 5444 nostrum
3090 5391 3382 5446 obscurum
3410 5403 3565 5451 tene-

1970 5477 2304 5544 brosumque
2333 5474 2602 5530 redditur.
2637 5477 2796 5546 Quod
2824 5481 2999 5548 ipsum
3029 5482 3084 5535 S.
3111 5481 3346 5536 luat-mes
3383 5496 3566 5542 osten-

1970 5571 2071 5637 dit,
2099 5571 2289 5625 diccns
2322 5589 2334 5624 :
2362 5568 2502 5625 Deus
2553 5571 2646 5626 lux
2691 5583 2762 5626 est
2791 5589 2809 5626 :
2843 5573 2913 5628 Et
2942 5591 2956 5626 :
2988 5575 3090 5640 Qui
3143 5574 3356 5629 charum
3415 5578 3566 5634 hab:t

1975 5667 2189 5736 fratrem
2219 5681 2394 5732 suum,
2432 5665 2540 5736 ipse
2562 5674 2633 5720 est
2666 5666 2718 5720 in
2758 5667 2988 5732 lumine;
3011 5668 3098 5736 qui
3125 5678 3296 5722 autent
3321 5673 3432 5725 odit
3461 5675 3571 5743 fra-

2051 5802 2076 5841 b
2117 5801 2276 5872 Apud
2325 5801 2582 5858 Galland.
2611 5818 2622 5855 :
2654 5802 2970 5857 'l‘nscwrws
2997 5795 3132 5869 κνι,
3183 5806 3235 5858 in
3264 5805 3327 5861 8.
3375 5808 3566 5872 Matth.

1985 5866 2328 5943 Evangelium
2339 5913 2351 5928 .
