4056 6340
543 258 652 318 567

1554 260 1618 320 S.
1658 260 2060 321 CllROMATIl'
2085 260 2300 321 EPlSC.
2342 262 2822 331 AQUILEIENSIS
3730 264 3827 325 568

541 384 671 426 trem
696 386 867 439 suum,
898 369 952 425 in
975 369 1195 426 tenebris
1217 371 1466 438 ambulat,
1511 382 1557 427 et
1584 375 1739 427 nescit
1770 373 1853 426 ubi
1880 372 2133 441 ambulat,
2163 378 2212 434 Α
2241 373 2518 444 quissimte
2543 391 2657 429 sua:
2684 375 2943 446 subjugat
2981 374 3255 442 servituti,
3285 381 3339 431 et
3381 375 3581 449 quibus
3610 393 3707 450 per
3734 380 3826 435 ini-

542 466 663 534 quia
689 464 911 519 tenebrte
954 466 1336 520 obctecaverunt
1375 466 1551 521 oculos
1582 470 1692 538 ejus
1730 465 1960 537 (lJoan.
2001 482 2040 531 ι,
2071 467 2139 532 5;

542 578 603 629 ιι,
642 563 727 629 l0,
750 562 858 633 tl).
894 560 1017 616 Etsi
1040 561 1141 617 hoc
1165 562 1231 617 de
1260 577 1327 617 eo
1350 563 1438 633 qui
1456 563 1677 616 fratrem
1712 576 1867 615 suum
1893 560 2030 627 odit,
2058 576 2143 615 sc-

543 657 779 712 eundum
807 658 1006 711 dictum
1038 656 1291 724 Joannis,
1317 656 1663 726 intelligitur;
1694 656 1744 709 in
1768 656 1961 725 quibus
1995 664 2143 710 tene-

538 751 654 806 bris
678 751 968 807 tunreticus
992 751 1307 806 demoretur
1327 750 1441 821 qui,
1466 751 1670 804 amisso
1691 749 1895 805 lumine
1910 749 2144 805 catholi-

542 860 622 901 ere
656 844 921 907 veritatis,
938 843 1179 913 perﬁdus
1206 858 1268 897 ac
1290 844 1637 913 blasphemus
1654 843 1862 909 existit,
1879 842 2142 898 debemus

539 940 851 997 advertere.
892 941 958 996 Et
1002 939 1124 995 ideo
1165 940 1239 995 ait
1274 940 1571 994 Dominus:
1604 939 1664 994 Si
1696 939 1890 1004 lumen,
1943 937 2140 1009 inquit,

540 1032 681 1100 quod
722 1034 776 1086 in
825 1041 873 1087 te
920 1041 1017 1098 est,
1052 1032 1274 1086 tenebra:
1317 1040 1475 1096 sunt;
1517 1030 1735 1086 tenebrat
1774 1031 1899 1103 ipsa:
1937 1039 2144 1100 quanta:

540 1126 705 1179 sunt?
741 1126 797 1179 in
829 1126 936 1197 91
966 1139 1032 1179 eo
1059 1124 1297 1190 scilicet,
1328 1124 1420 1194 qui
1480 1124 1767 1179 veritatem
1816 1123 1871 1177 in
1916 1119 2144 1177 menda-

538 1219 705 1283 cium,
738 1218 899 1274 ﬁdem
930 1220 983 1273 in
1014 1217 1297 1288 perﬁdiam
1328 1218 1720 1273 demutaverit.

612 1312 673 1368 ll.
716 1313 839 1367 Alio
881 1321 1062 1367 autem
1111 1328 1272 1367 sensu
1325 1312 1543 1367 oculum
1591 1310 1866 1382 corporis,
1923 1308 2017 1381 qui
2060 1317 2143 1364 est

537 1405 799 1462 membris
818 1406 1071 1461 omnibus
1091 1405 1374 1475 pulchrior
1396 1422 1456 1459 ac
1487 1406 1801 1475 pretiosior,
1824 1404 2141 1475 episcopum

530 1501 871 1556 advertimus
904 1500 1293 1571 signiﬁcatum,
1330 1499 1420 1569 qui
1446 1500 1597 1553 clara
1625 1499 1755 1553 ﬁdei
1780 1513 1892 1553 suae
1918 1513 1982 1553 ac
2010 1496 2146 1551 doc-

532 1597 695 1651 trime
724 1594 1148 1666 prmdicatione,
1182 1595 1334 1649 velut
1370 1593 1561 1648 oculus
1592 1592 1837 1662 quidam,
1877 1590 2141 1646 Ecclesiae

532 1707 732 1762 corpus
764 1691 1054 1747 illuminat.
1105 1690 1243 1757 Qui,
1278 1688 1322 1742 si
1373 1703 1473 1759 per
1517 1686 1822 1757 simplicem
1871 1684 2033 1739 ﬁdem
2078 1698 2141 1738 ac

2247 467 2470 537 quitatis
2500 483 2613 523 sua:
2640 483 2804 539 opera
2833 468 3029 523 illicito
3051 468 3180 538 jure
3211 469 3543 526 dominatur.
3578 471 3687 527 liae
3716 490 3827 541 ergo

2245 560 2313 616 dc
2345 576 2504 616 causa
2547 570 2603 617 et
2634 564 2748 632 ipse
2784 577 2883 617 suo
2914 563 3036 618 loco
3072 562 3328 619 dominus
3358 564 3683 633 appellatur,
3719 570 3827 636 quia

2248 653 2555 725 hujusmodi
2586 654 2767 709 stultis
2797 655 3115 711 hominibus
3145 673 3240 726 per
3272 666 3558 727 peccatum
3599 658 3830 714 domina-

2250 755 2358 801 tur.
2391 747 2459 801 Et
2490 747 2694 803 idcirco
2739 750 2999 819 scriptum
3032 758 3160 805 est:
3216 749 3321 815 Qui
3358 751 3484 822 facit
3534 762 3825 823 peccatum,

2247 856 2421 895 servus
2468 852 2542 896 est
2568 844 2761 912 peccati
2792 842 2970 915 (Joan.
3006 860 3101 898 vnr
3122 885 3136 910 ,
3167 844 3285 917 5i).
3317 845 3423 901 Sed
3459 846 3583 915 quia
3602 847 3711 917 jam
3744 864 3826 918 per

2246 932 2346 989 Dei
2383 935 2810 991 miscricordiam
2837 937 3062 1004 visitati,
3096 937 3308 993 liberati
3342 938 3412 994 de
3436 938 3637 995 diaboli
3669 940 3825 996 domi-

2247 1028 2487 1095 natione,
2547 1045 2733 1085 verum
2791 1030 3082 1085 Dominum
3136 1033 3598 1102 rcc0gnovimus,
3657 1048 3685 1087 a
3736 1049 3827 1104 quo

2246 1125 2416 1180 creati
2462 1135 2516 1180 ct
2546 1126 2816 1196 redempti
2858 1130 3082 1191 sumus;
3130 1126 3299 1196 priori
3344 1126 3606 1195 domino,
3656 1126 3710 1182 id
3739 1137 3826 1196 est,

2247 1218 2490 1285 diabolo,
2516 1219 2609 1291 qui
2640 1219 2795 1274 nobis
2819 1235 2967 1275 more
2992 1220 3273 1292 tyrannica
3292 1220 3698 1287 dominabatur,
3731 1238 3829 1277 ser-

2247 1316 2363 1370 vire
2394 1314 2746 1385 prohibemur
2777 1332 2789 1368 :
2822 1314 2905 1369 vel
2953 1315 3133 1384 potius
3176 1314 3420 1369 avaritiae
3450 1322 3507 1369 et
3534 1314 3825 1385 cupiditati,

2247 1424 2410 1478 quam
2457 1422 2824 1464 mammonam
2873 1416 3167 1479 nuncupat,
3213 1424 3335 1478 qum
3378 1408 3652 1465 interdum
3683 1410 3826 1466 etiam

2246 1500 2535 1571 religiosas
2566 1510 2777 1557 mentes
2802 1500 3080 1571 captivare
3108 1501 3413 1556 consuevit.
3457 1500 3620 1557 Unde
3658 1501 3827 1573 fugere

2247 1611 2311 1650 ac
2342 1597 2517 1651 vitare
2557 1596 2823 1651 debemus
2868 1594 3217 1666 cupiditatem
3252 1596 3521 1665 pecuniae,
3566 1597 3825 1652 avaritiam

2248 1691 2471 1756 saeculi,
2503 1707 2570 1747 ne
2613 1707 2714 1746 nos
2762 1690 2998 1761 indignae
3031 1689 3283 1745 servituti
3326 1689 3468 1761 ejus,
3513 1690 3600 1746 vel
3632 1689 3827 1746 diabolo

530 1797 781 1842 sanctam
806 1784 1306 1852 conversationem,
1334 1783 1643 1838 catholicus
1668 1794 1722 1838 et
1745 1781 1924 1837 ﬁdelis
1949 1781 2143 1837 doctor
2173 1781 2221 1841 B
2247 1783 2341 1856 qui
2370 1792 2563 1839 auctor
2589 1793 2672 1839 est
2698 1782 2975 1851 avaritiaa,
3007 1782 3383 1853 subjngemus.

529 1879 839 1945 exstiterit,
880 1886 1065 1949 potest
1092 1877 1330 1947 papulas
1363 1877 1449 1931 cui
1504 1886 1737 1945 praeest,
1772 1875 2042 1929 doctrinae
2078 1889 2141 1929 ac

532 1973 725 2028 formae
755 1974 925 2043 ipsius
957 1973 1242 2042 exemplo,
1291 1972 1343 2025 in
1388 1970 1593 2025 lumine
1635 1985 1853 2039 semper
1884 1968 2141 2025 veritatis

532 2084 778 2124 manere.
814 2067 1016 2122 Verum
1058 2066 1106 2121 si
1155 2066 1231 2131 is,
1288 2066 1379 2135 qui
1422 2065 1601 2119 lumen
1648 2065 1863 2119 carteris
1894 2062 2143 2133 prmbere

532 2164 769 2231 videtur,
820 2178 919 2234 per
964 2176 1188 2233 pravam
1229 2160 1388 2215 ﬁdem
1424 2171 1514 2213 aut
1543 2175 1641 2229 per
1664 2168 1878 2228 turpem
1911 2172 2145 2213 conver-

531 2261 822 2324 sationem,
849 2272 1086 2327 nequam
1121 2266 1175 2310 et
1200 2254 1443 2326 perﬁdus
1466 2253 1658 2309 doctor
1686 2250 1992 2317 exstiterit;
2023 2252 2143 2305 sine

528 2354 720 2419 dubio,
746 2352 876 2409 vita:
899 2368 964 2408 ac
995 2350 1237 2422 perﬁdia:
1272 2366 1386 2404 sua:
1429 2349 1709 2417 exemplo,
1744 2356 1918 2401 totum
1943 2360 2142 2416 corpus

525 2458 707 2521 porest
736 2448 1093 2506 tenebrosum
1142 2446 1385 2501 efﬁcere.
1418 2442 1577 2499 Unde
1620 2458 1729 2497 non
1764 2441 2042 2495 immerito
2073 2438 2143 2495 de

530 2545 633 2599 tali
656 2543 818 2598 oculo
850 2541 1115 2595 Dominus
1143 2539 1277 2593 dicit
1308 2556 1319 2591 :
1356 2538 1417 2593 Si
1460 2538 1631 2590 lumen
1666 2535 1805 2605 quod
1852 2535 1905 2587 in
1949 2543 1995 2587 te
2042 2540 2137 2598 est,

532 2640 753 2695 tenebrte
782 2646 941 2700 sunt;
972 2634 1193 2689 tenebrte
1224 2633 1355 2702 ipsa:
1379 2639 1586 2701 quantm
1614 2628 1773 2699 sunt!
1813 2628 1925 2682 lloc
1953 2635 2057 2691 est,
2095 2624 2141 2679 si

531 2729 849 2800 hujusmodi
876 2727 1074 2783 doctor
1120 2727 1209 2796 qui
1264 2726 1449 2779 lumen
1500 2722 1624 2777 ﬁdei
1657 2738 1724 2778 ex
1780 2735 1840 2776 se
1894 2721 2141 2791 praebere

528 2825 749 2882 caeteris
777 2822 965 2887 debet,
998 2836 1095 2890 per
1144 2818 1403 2873 h:cresim
1435 2817 1767 2880 obcmcatus,
1814 2816 2142 2871 tenebrosus

536 2916 844 2979 exstiterit;
875 2921 1091 2983 quontre
1122 2913 1174 2966 in
1214 2911 1415 2982 populo
1447 2910 1539 2964 illo
1584 2909 1801 2980 possint
1828 2923 1953 2963 esse
1988 2917 2143 2964 tene—

534 3011 649 3065 bra:
682 3016 1055 3079 peccatorum,
1088 3004 1351 3061 debemus
1378 3002 1709 3058 advertere!

610 3104 700 3159 ΙΙΙ.
746 3104 815 3159 Et
841 3102 1050 3158 addidit
1082 3118 1095 3157 :
1139 3100 1308 3156 Nemo
1346 3107 1515 3168 potest
1544 3097 1743 3153 duobus
1785 3097 2007 3153 dominis
2034 3114 2141 3151 ser-

2319 1877 2407 1931 lV.
2456 1878 2522 1932 Et
2555 1876 2657 1931 hoc
2684 1885 2768 1932 est
2810 1876 2953 1947 quod
3004 1876 3081 1931 ait
3108 1875 3417 1930 Dominus:
3468 1874 3637 1931 Nemo
3686 1886 3827 1948 potest

2246 1975 2446 2027 duobus
2478 1973 2701 2027 dominis
2732 1973 2926 2027 servire
2955 1987 2973 2026 :
3015 1980 3104 2024 aut
3135 1970 3268 2024 enim
3311 1987 3472 2024 unum
3502 1970 3663 2037 odiet,
3694 1980 3738 2024 et
3762 1970 3827 2023 al-

2247 2078 2414 2123 terum
2463 2069 2677 2134 amabit,
2732 2076 2824 2121 aut
2875 2083 3033 2120 ununt
3060 2066 3324 2136 patietur,
3376 2075 3423 2119 et
3464 2065 3684 2119 alterum
3735 2064 3825 2136 93

2244 2171 2570 2217 contemnet:
2596 2160 2722 2230 quia
2747 2160 3079 2232 quicumque
3109 2175 3177 2214 ex
3212 2168 3328 2213 toto
3355 2158 3525 2214 corde
3559 2156 3824 2212 Dominum

2245 2272 2311 2313 ac
2342 2257 2511 2313 Deum
2561 2272 2719 2311 suum
2771 2255 2969 2327 diligit,
3024 2270 3247 2311 necesse
3277 2263 3362 2311 est
3417 2254 3693 2309 diabolum
3720 2269 3825 2308 cum

2246 2351 2359 2407 suis
2388 2350 2601 2406 actibus
2632 2350 2845 2416 oderit;
2875 2350 3003 2420 quia
3044 2350 3099 2404 in
3127 2349 3423 2405 dilectione
3454 2348 3547 2404 Dei
3594 2346 3825 2404 manifes-

2247 2452 2358 2499 tum
2395 2455 2478 2500 est
2520 2445 2794 2499 diabolum
2837 2459 3053 2515 semper
3085 2444 3137 2498 in
3178 2443 3588 2499 execrationem
3636 2441 3822 2497 haberi.

2247 2534 2448 2590 Verum
2473 2536 2586 2603 qui,
2621 2552 2716 2603 per
2745 2536 2927 2604 iniqua
2972 2550 3138 2606 opera
3166 2547 3539 2607 peccatorum,
3586 2550 3825 2591 mammo-

2247 2645 2370 2685 nam
2402 2630 2487 2685 vel
2520 2630 2794 2685 diabolum
2837 2630 3047 2701 diligit,
3082 2630 3338 2686 faciendo
3378 2630 3551 2701 ipsius
3595 2630 3823 2685 volunta-

2247 2732 2378 2789 tem,
2411 2723 2581 2777 Deum
2611 2739 2796 2778 amare
2825 2740 2931 2777 non
2964 2732 3167 2793 potest,
3214 2724 3373 2793 cujus
3420 2732 3686 2795 praecepta
3714 2738 3826 2779 eon-

2248 2817 2461 2873 temnit.
2492 2818 2559 2873 Et
2591 2817 2714 2873 ideo
2746 2819 2835 2887 qui
2865 2818 3035 2873 Deum
3061 2819 3254 2889 diligit,
3286 2834 3480 2875 servus
3510 2817 3711 2874 diaboli
3734 2832 3824 2872 non

2247 2921 2425 2981 potest
2466 2912 2803 2981 nuncupari;
2854 2912 2938 2967 cui
2978 2912 3087 2981 jam
3129 2914 3246 2982 ipse
3278 2928 3375 2982 per
3404 2912 3565 2971 ﬁdem
3606 2910 3827 2968 caelestis

2244 3006 2432 3077 gratia:
2460 3005 2789 3060 dominatur.
2820 3013 2849 3043 ἰ
2874 3005 3141 3060 Similiter
3182 3013 3237 3059 et
3262 3004 3354 3076 qui
3390 3004 3627 3075 peccatis
3652 3003 3824 3058 deser-

2246 3104 2423 3168 viens,
2458 3099 2816 3155 dominationi
2853 3114 2911 3155 se
2951 3097 3238 3155 diaboliem
3274 3098 3501 3166 subdit;
3537 3093 3826 3168 hujusmodi

536 3200 642 3253 vire
666 3214 683 3250 :
705 3206 794 3251 aut
842 3198 977 3250 enim
1006 3211 1165 3249 unum
1217 3195 1376 3261 odiet,
1406 3204 1452 3247 et
1504 3194 1723 3247 alterunt
1774 3192 2004 3263 diliget:
2048 3201 2137 3247 aut
2166 3181 2212 3245 C
2248 3196 2414 3252 Deum
2442 3196 2643 3250 [rabere
2672 3195 2956 3249 Dominum
3010 3210 3117 3248 non
3170 3202 3436 3249 meretur.
3496 3192 3563 3247 Et
3593 3191 3708 3246 ideo
3759 3189 3823 3243 ait

538 3306 699 3344 unum
720 3288 1327 3354 sustinebit,etalterum
1381 3296 1689 3341 contemnet.
1752 3284 1875 3338 Non
1926 3285 2141 3353 potestis

535 3384 647 3438 Deo
669 3384 856 3438 servire
882 3393 929 3437 et
968 3397 1271 3435 mammona:
1302 3380 1523 3450 (Matth.
1553 3397 1639 3448 v1,
1680 3377 1797 3450 ‘24).
1832 3378 1948 3432 Non
1979 3392 2141 3448 posse

534 3486 979 3543 unumquemque
1013 3480 1263 3526 nostrum
1290 3470 1508 3525 duobus
1546 3470 1784 3525 dominis
1825 3469 2055 3533 servire,
2088 3468 2140 3523 id

540 3577 647 3632 est,
686 3566 805 3623 Deo
842 3577 897 3622 et
925 3566 1171 3632 diabolo,
1201 3566 1467 3621 Dominus
1506 3566 1792 3621 manifeste
1818 3565 1928 3636 92
1957 3563 2140 3618 declao

539 3672 645 3717 rat.
683 3661 750 3716 Et
780 3662 921 3717 Deus
944 3660 1187 3731 quidem,
1216 3660 1461 3731 quamvis
1483 3658 1739 3715 dominus
1764 3661 2009 3713 omnium
2042 3658 2140 3723 sit,

538 3758 666 3824 quia
695 3756 876 3811 omnia
919 3754 989 3809 ab
1018 3755 1139 3825 ipso
1180 3765 1366 3811 creata
1402 3763 1612 3809 suntet
1640 3755 1694 3807 in
1740 3752 1996 3806 omnibus
2029 3751 2145 3821 ipse

536 3850 877 3913 dominatur,
904 3855 1197 3919 potestate,
1225 3849 1446 3913 virtute,
1480 3857 1704 3913 natura;
1739 3848 1931 3900 horum
1961 3856 2142 3901 tamen

535 3942 813 4012 prrecipue
841 3942 1105 3995 Dominus
1132 3956 1256 3997 esse
1287 3941 1563 4011 dignatur,
1603 3939 1697 4010 qui
1740 3939 2036 3994 Dominum
2080 3953 2144 3994 ac

541 4036 711 4090 Deum
745 4050 925 4102 suum,
950 4036 1298 4091 conditorem
1323 4034 1695 4089 universitatis
1722 4042 2137 4103 cognoscentes,

538 4140 807 4201 praecepta
848 4130 967 4201 ejus
998 4130 1147 4186 ﬁdeli
1194 4129 1462 4187 servitute
1491 4130 1827 4185 custodiunt.
1881 4130 2140 4186 Diabolus

535 4239 691 4291 vero,
724 4224 919 4280 borum
953 4233 1134 4280 tamen
1167 4224 1425 4279 dominus
1453 4224 1795 4296 intelligitur,
1834 4240 1971 4295 quos
2000 4240 2141 4280 ave-

539 4336 601 4374 ro
631 4320 862 4375 Domino
890 4336 954 4376 ac
983 4329 1211 4391 parente
1237 4319 1510 4375 seducens
1552 4336 1649 4390 per
1680 4330 1961 4391 peccatum
1980 4362 1995 4387 ,
2043 4336 2140 4378 ne-

2251 3290 2563 3345 Dominus:
2614 3286 2737 3342 Non
2784 3288 2993 3360 potestis
3039 3286 3148 3341 Deo
3198 3286 3387 3341 servire
3404 3296 3452 3339 et
3498 3298 3825 3339 mammona:

2250 3384 2546 3439 ostendens
2580 3396 2679 3436 nos
2712 3397 2816 3435 non
2857 3396 3015 3452 posse
3045 3388 3101 3435 et
3125 3380 3240 3435 Deo
3282 3378 3493 3435 servire
3521 3387 3577 3434 et
3604 3374 3825 3437 diabolo,

2250 3478 2303 3533 id
2336 3487 2442 3545 est,
2474 3477 2586 3532 Deo
2614 3474 3009 3531 misericordia:
3047 3474 3290 3540 auctori,
3336 3481 3389 3527 et
3418 3471 3637 3527 diabolo
3680 3482 3826 3523 mam-

2250 3590 2428 3629 monae
2452 3582 2507 3629 et
2545 3572 2790 3626 avaritiae
2816 3569 3169 3626 dominatori.
3220 3569 3331 3625 lloc
3358 3577 3414 3624 et
3440 3566 3724 3639 Apostolus
3749 3576 3826 3617 os-

2248 3666 2441 3730 tendit,
2487 3681 2611 3720 cnm
2644 3664 2822 3720 dicit:
2878 3663 3009 3730 Quae
3060 3664 3278 3719 societas
3324 3664 3455 3718 lucis
3508 3662 3575 3717 ad
3620 3659 3824 3715 tenebras

2250 3758 2458 3831 (llCor.
2491 3776 2579 3824 vr,
2637 3760 2771 3829 M)?
2818 3759 3147 3824 Mammona,
3202 3757 3253 3812 id
3300 3768 3406 3823 est,
3453 3755 3714 3819 diabolus,
3744 3750 3823 3822 qui

2247 3863 2439 3909 auctor
2464 3866 2549 3908 est
2598 3867 2948 3907 mammonm.
2999 3852 3091 3907 Ille
3153 3867 3253 3905 nos
3299 3850 3366 3905 ad
3418 3846 3821 3906 misericordiam

2249 3958 2531 4017 provocat,
2585 3948 2672 4003 hic
2724 3947 2791 4003 ad
2842 3947 3159 4013 avaritiam;
3208 3946 3301 4001 ille
3340 3945 3407 4001 ad
3449 3946 3629 4011 vitam,
3662 3942 3739 3996 hic
3764 3937 3822 3992 ad

2252 4051 2514 4107 mortem;
2548 4042 2641 4096 ille
2683 4041 2749 4095 ad
2798 4042 3052 4108 salutem,
3102 4039 3189 4096 hic
3236 4040 3303 4094 ad
3335 4026 3707 4109 perditionem.
3737 4029 3824 4087 Cui

2250 4138 2320 4194 de
2350 4138 2564 4193 duobus
2585 4137 2964 4207 obtemperare
2985 4135 3281 4192 debemus?
3316 4134 3381 4190 Ei
3415 4135 3599 4205 utique
3627 4128 3709 4202 qui
3738 4138 3827 4181 nos

2249 4229 2317 4285 ad
2350 4230 2512 4285 vitam
2543 4230 2755 4295 invitat,
2786 4245 2897 4284 non
2918 4229 2967 4284 ei
2996 4228 3087 4300 qui
3119 4243 3216 4284 nos
3239 4226 3407 4283 tradit
3428 4224 3494 4281 ad
3524 4229 3825 4280 mortem...

2249 4326 2471 4398 Reliqua
2502 4326 2885 4381 desiderantur.

608 4443 633 4470 δ
675 4432 976 4487 Clariorem
1006 4432 1291 4487 lectionem
1322 4432 1407 4486 hic
1437 4432 1773 4502 prae-tulimus
1806 4434 2138 4491 Basileensis
2178 4438 2394 4507 primm,
2427 4449 2590 4510 atque
2615 4438 2863 4512 Grynrei.

608 4528 3833 4562 .__—.———-———a——————_____________—_

1174 4616 1283 4687 95
1348 4611 1710 4694 DICTA
1787 4609 1859 4692 A
1935 4614 2394 4698 SANCTO
2472 4618 3223 4727 CHROMATIO,

1389 4750 1554 4810 Dum
1599 4750 1939 4830 Presbyter
1982 4760 2152 4814 esset
2192 4756 2627 4834 Aquileiensis
2672 4761 2999 4839 Ecclesiae,

625 4854 707 4917 In
732 4854 1020 4919 Concilio
1054 4854 1351 4934 Aquileia:
1379 4854 1615 4925 habito,
1650 4872 1815 4916 anno
1846 4855 1988 4931 381,
2019 4858 2132 4919 sub
2164 4868 2384 4924 saneto
2423 4864 2757 4928 Valeriano
2789 4867 3081 4949 episcopo
3115 4869 3518 4950 Aquileiensi,
3547 4878 3753 4934 contra

1350 4952 1712 5014 Palladium
1743 4963 1801 5015 et
1825 4955 2291 5023 Seeundianum
2325 4964 2678 5028 [hereticos
2712 4967 2989 5030 Arianae
3017 4993 3039 5033 :

605 5058 701 5119 (Ετς
743 5058 909 5107 Gestis
950 5055 1173 5117 ejusdem
1211 5055 1399 5107 concilii
1440 5054 1804 5121 Aquileiensis,
1848 5060 1976 5110 inter
2018 5061 2183 5126 Opera
2247 5069 2401 5117 sancti
2427 5067 2667 5119 Ambrosii
2692 5070 2922 5123 editionis
2939 5073 3235 5126 Parisiensis
3250 5076 3349 5128 BB.
3376 5078 3428 5127 S.
3456 5076 3600 5127 Mauri
3640 5074 3799 5132 1686,.

1533 5142 1671 5206 1690,
1698 5150 1827 5196 tomo
1850 5146 1914 5209 ΙΙ,
1941 5147 2035 5198 col.
2061 5150 2171 5214 798,
2200 5152 2226 5215 §
2248 5155 2329 5218 45,
2354 5163 2405 5206 et
2429 5156 2519 5206 col.
2544 5156 2654 5220 800,
2682 5156 2834 5221 §51.)

616 5338 897 5395 Palladius
926 5338 1091 5393 dixit:
1122 5338 1281 5394 Modo
1306 5343 1459 5397 vultis
1490 5352 1763 5401 tractatum
1793 5348 2003 5419 plenum
2042 5350 2139 5405 Ita-
2166 5356 2222 5416 D
2318 5353 2601 5413 Palladius
2629 5358 2798 5414 dixit:
2824 5360 3100 5417 Auditores
3122 5365 3351 5421 veniant.

550 5432 678 5501 beri,
710 5448 782 5486 an
806 5432 951 5485 non?

608 5529 954 5584 CBROﬂATlUS
998 5530 1265 5601 presbyter
1305 5532 1481 5587 dixit:
1526 5533 1843 5591 Creaturam
1894 5552 2001 5593 non
2045 5554 2147 5595 ne-

544 5622 705 5688 gusti,
731 5630 1010 5692 potentem
1038 5621 1267 5693 negasti.
1287 5622 1481 5679 Omnia
1510 5627 1743 5697 negasti,
1766 5645 1885 5700 quae
1906 5630 2037 5688 ﬁdes
2060 5647 2153 5689 ca-

553 5713 753 5770 tholica
786 5715 1093 5785 proﬁtetur.

2323 5447 2675 5507 CHROMATIUS
2702 5452 2971 5525 presbyter
2996 5455 3167 5513 dixit:
3197 5459 3358 5515 Salva
3394 5451 3823 5515 eondemnatione

2250 5543 2610 5612 sacerdotali;
2638 5548 2769 5617 quin
2798 5556 2854 5603 et
2882 5549 2975 5619 qui
3009 5550 3238 5607 Palladii
3264 5561 3426 5622 sunt,
3461 5562 3487 5590 α
3515 5550 3661 5609 etiam
3692 5558 3827 5601 nunc

2254 5633 2308 5689 in
2341 5634 2505 5706 pleno
2536 5636 2808 5709 legantur.

626 5836 651 5862 α
691 5827 851 5885 Rom.
882 5830 1038 5886 Edit:
1065 5831 1222 5887 etiam
1249 5849 1386 5889 nunc
1408 5836 1707 5893 audiantur.
1751 5839 1885 5896 Aliae
1911 5855 1976 5898 ac
1998 5841 2139 5899 Tell.
2173 5855 2232 5903 ut
2260 5847 2312 5903 in
2345 5855 2517 5906 textu.
