4056 6340
581 297 678 353 δτι

1583 294 1640 351 S.
1682 292 2065 356 CHROMATII
2109 292 2326 354 EPISC.
2369 293 2857 364 AQUILEIENSIS
3737 308 3820 365 57g

571 415 874 475 ,cultarent.
925 412 1036 467 Erit
1082 426 1213 484 ergo
1253 411 1555 483 purissimm
1603 409 1851 483 pietatis.
1887 408 1970 464 vel
2003 415 2063 463 ut
2091 423 2177 463 ro—
2203 415 2252 482 Α
2284 425 2554 482 peramus,
2588 427 2748 486 quam
2811 413 2990 476 impiis
3039 412 3310 466 limreticis
3359 413 3642 472 obviamus.
3683 422 3816 478 Amor

580 516 772 575 gantes
796 507 987 560 fratres
1012 507 1292 571 exaudias,
1327 507 1408 560 vel
1439 505 1720 573 episcopos
1751 504 2032 573 exigentes
2053 502 2178 557 cha-

581 602 760 654 rilatis
787 601 1064 665 debitum,
1095 602 1238 672 quod
1273 601 1526 656 idoneum
1555 599 1855 656 credideris
1875 640 1891 664 ,
1935 599 2183 670 recipere

578 693 767 750 facias.
800 693 934 750 Vale
957 695 1012 749 in
1045 695 1296 759 Domino,
1327 705 1382 750 et
1408 710 1500 749 ora
1529 709 1626 764 pro
1655 693 1836 748 nobis.

1155 831 1487 888 EPISTOLA
1533 830 1597 886 ll.

675 925 996 993 Hunnorum,
1026 924 1342 981 CBROMATIO
1368 941 1436 980 ετ
1470 925 1784 980 Ηιειιουοιιο
1816 940 2103 981 EPISCOPIS.

576 1045 819 1100 Dominis
843 1047 1047 1100 sanctis
1077 1054 1131 1099 ct
1160 1042 1528 1108 beatissimis,
1554 1039 1875 1097 Cunounto
1902 1050 1957 1095 et
1986 1041 2181 1097 lleuo-

646 1159 786 1199 nono
807 1141 1096 1213 episcopis,
1127 1139 1335 1194 "IERON
1347 1152 1484 1193 vuus
1507 1139 1735 1208 exiguus
1760 1137 1961 1192 Christi
1988 1152 2182 1193 servus

646 1241 696 1291 in
735 1237 964 1292 Domino
991 1235 1247 1289 salutem.

642 1355 743 1423 Qui
793 1363 990 1409 terram
1019 1353 1135 1408 auri
1163 1354 1439 1407 consciam
1470 1352 1634 1420 fodit,
1678 1366 1784 1407 non
1818 1352 1964 1407 illico
1989 1352 2179 1421 arripit

570 1446 835 1518 quidquid
891 1447 1036 1502 fossa
1080 1445 1388 1518 profuderit
1436 1446 1666 1499 lacerata
1692 1488 1707 1512 ,
1741 1445 1835 1500 sed
1867 1445 2178 1516 priusquam

572 1542 788 1610 fulgens
823 1541 1036 1609 pondus
1066 1541 1327 1594 vibrantis
1355 1540 1534 1610 jactus
1560 1540 1686 1594 ferri
1740 1539 2070 1610 suspendat,
2101 1541 2180 1593 in-

580 1635 741 1688 terim
776 1633 1052 1689 vertendis
1095 1633 1602 1704 snSpendcndisque
1647 1634 1944 1703 cespitibus
1987 1634 2181 1689 immo-

582 1738 757 1793 ratur,
789 1737 842 1781 et
871 1727 1182 1796 specialiter
1210 1728 1300 1799 qui
1333 1727 1570 1782 nondum
1604 1729 1768 1783 lucris
1799 1739 2048 1798 augetur.
2079 1728 2180 1784 Ar-

2289 504 2449 574 igitur
2476 515 2559 558 est
2609 505 2834 568 Christi,
2862 508 2948 561 cui
3003 506 3392 574 Satisfacimus,
3424 511 3687 568 credentes
3708 519 3821 586 quod

2285 611 2384 654 nos
2409 599 2520 654 suis
2549 599 2889 658 orationibus
2921 600 3202 670 adjuvent,
3235 601 3324 671 qui
3352 601 3418 656 ad
3439 603 3716 662 Salvatoris
3751 625 3824 662 no-

2283 690 2384 746 stri
2412 691 2690 746 infantiam
2721 702 2963 747 sanctam
3027 710 3126 764 per
3179 703 3417 750 nostram
3451 702 3823 767 potuerintobe-

2283 783 2541 842 dientiam
2569 785 2880 854 pervenire.

2865 877 3198 935 EPISTOLA
3253 879 3343 936 lli.

2499 986 2728 1026 Ειυδοειι
2768 987 3289 1029 PSEUDO-HIEBONYII
3333 991 3399 1029 AD
3427 989 3644 1030 EOSDEI.

2285 1065 2350 1120 In
2380 1067 2485 1120 alia
2537 1067 2774 1138 epistola,
2823 1067 3040 1122 versioni
3087 1068 3208 1122 libri
3251 1068 3318 1124 de
3349 1068 3636 1124 Nativitate
3683 1071 3828 1126 Maria:

2929 1162 3217 1230 praemissa.

2359 1251 2598 1307 l’etitisa
2640 1268 2747 1320 me,
2795 1262 2852 1308 ut
2885 1254 3039 1308 vobis
3093 1255 3418 1319 rescribam,
3477 1255 3599 1326 quid
3633 1257 3742 1310 milii
3777 1258 3828 1313 de

2283 1345 2516 1413 quodam
2554 1345 2735 1400 libello
2769 1347 3039 1412 videatur,
3086 1347 3175 1416 qui
3227 1349 3291 1401 de
3343 1345 3615 1403 nativitate
3669 1359 3830 1406 sancta:

2286 1437 2468 1492 Maria:
2498 1456 2524 1490 a
2565 1439 2840 1494 nonnullis
2892 1439 3140 1493 habetur.
3191 1441 3255 1494 Et
3281 1439 3404 1494 ideo
3434 1439 3570 1496 scire
3599 1456 3687 1496 vos
3712 1441 3825 1509 volo,

2287 1531 2452 1585 multa
2483 1532 2535 1586 in
2591 1547 2657 1586 eo
2689 1531 2822 1586 falsa
2859 1532 3111 1586 inveniri.
3145 1531 3375 1600 Quidam
3429 1547 3649 1603 namque
3677 1532 3829 1588 Selctr

2285 1627 2516 1696 cus,qui
2567 1627 2851 1696 passiones
2910 1625 3282 1695 apostolorum
3334 1624 3672 1693 conscripsit,
3720 1625 3832 1679 buuc

2287 1722 2526 1778 libellum
2560 1725 2886 1793 composuit.
2917 1723 3027 1780 Sed
3081 1726 3221 1780 sicut
3269 1725 3335 1778 de
3363 1725 3644 1780 virtutibus
3677 1738 3830 1778 eorum

578 1820 745 1873 dmnn
775 1835 911 1889 opus
942 1818 1260 1890 injungitur,
1291 1835 1414 1875 cum
1446 1821 1546 1875 boc
1578 1821 1738 1877 fuerit
1776 1821 1904 1875 mihi
1933 1837 1963 1875 a
1996 1831 2174 1877 vestra
2208 1823 2255 1882 B
2283 1823 2338 1870 et
2366 1816 2641 1871 miraculis
2671 1832 2766 1886 per
2815 1831 2911 1872 eos
2967 1816 3124 1872 factis
3170 1832 3297 1871 vera
3356 1817 3512 1882 dixit,
3537 1816 3601 1872 de
3626 1815 3831 1870 doctrina

571 1911 914 1968 beatitudine
946 1913 1273 1983 imperatum
1294 1956 1308 1980 ,
1356 1914 1499 1984 quod
1533 1929 1628 1969 nec
1661 1916 1776 1983 ipse
1802 1926 2020 1970 Sanctus
2050 1915 2184 1970 Mat-

576 2005 754 2059 tincus
809 2007 1107 2074 Apostolus
1157 2017 1210 2060 et
1262 2007 1604 2077 Evangelista
1649 2007 1820 2062 voluit
1873 2007 1925 2062 in
1988 2015 2181 2078 aperto

571 2099 867 2154 conscribi.
921 2099 976 2155 Si
1025 2103 1166 2154 enim
1213 2100 1317 2156 hoc
1349 2111 1620 2156 secretum
1654 2119 1758 2157 non
1787 2113 1969 2172 esset,
2006 2104 2182 2159 Evan-

571 2195 716 2263 gelia
760 2195 943 2264 utique
995 2196 1198 2263 ipsius,
1241 2196 1382 2264 quod
1430 2196 1635 2263 edidit,
1684 2197 2023 2254 addidisset:
2083 2198 2178 2253 sed

571 2287 702 2341 fecit
744 2289 887 2342 hunc
940 2288 1180 2342 libellum
1215 2288 1497 2344 Hebraicis
1551 2289 1748 2344 litteris
1798 2291 2175 2360 obsignatum;

577 2381 730 2454 101
775 2398 936 2452 quem
990 2398 1158 2452 usque
1189 2382 1324 2437 adeo
1355 2383 1570 2449 edidit,
1615 2393 1670 2437 ut
1714 2393 1769 2440 et
1805 2399 1968 2440 manu
2011 2386 2179 2455 ipsius

571 2477 712 2530 liber
758 2477 992 2546 scriptus
1045 2477 1322 2532 llebraicis
1381 2477 1575 2532 litteris
1604 2494 1629 2530 ιι
1661 2478 1788 2532 viris
1838 2479 2180 2550 religiosissi-

567 2573 674 2627 mis
717 2573 995 2637 habentur,
1060 2574 1146 2644 qui
1178 2575 1338 2626 etiam
1393 2589 1421 2626 a
1470 2572 1584 2627 suis
1633 2573 1903 2643 prioribus
1934 2589 2029 2644 per
2056 2589 2179 2629 suc-

573 2681 759 2721 cessus
809 2676 1110 2736 temporum
1153 2677 1528 2736 susceperunt.
1578 2666 1729 2722 llttnc
1767 2678 1945 2723 autem
2001 2669 2174 2739 ipsum

573 2762 771 2814 librum
806 2777 1096 2831 numquam
1131 2761 1289 2816 alicui
1321 2762 1751 2818 transferendum
1799 2764 2171 2820 tradiderunt:

584 2862 792 2908 textum
823 2854 939 2924 ejus
963 2855 1122 2908 aliter
1149 2865 1310 2920 atque
1334 2856 1494 2908 aliter
1525 2865 1909 2910 narraverunt.

656 2947 758 3001 Sed
792 2947 992 3001 factum
1022 2956 1128 3006 est,
1161 2957 1216 2999 nt
1247 2963 1273 2999 a
1307 2947 1585 3001 Maniclimi
1629 2947 1918 3018 discipulo,
1955 2949 2175 3003 nomine

571 3039 830 3104 Seleuco,
853 3041 942 3108 qni
969 3038 1043 3092 eti
1065 3056 1132 3091 un
1157 3040 1546 3107 Apostolorum
1578 3049 1726 3107 gesta
1760 3039 1895 3093 ialm
1917 3056 2176 3096 sermone

569 3133 914 3200 eon~cripsit.
952 3134 1036 3184 bit:
1072 3133 1208 3185 liber
1261 3132 1462 3196 editus,
1513 3149 1616 3185 non
1671 3132 2040 3199 :edilicatinni,
2074 3135 2168 3189 sed

2288 1925 2416 1964 vero
2442 1926 2628 1964 eorum
2648 1910 2798 1980 plura
2830 1911 3090 1965 mentitus
3113 1921 3232 1974 est;
3268 1911 3335 1964 ita
3370 1921 3424 1966 et
3453 1910 3536 1964 lilc
3570 1909 3719 1964 multa
3749 1924 3833 1964 non

2289 2018 2413 2056 vera
2445 2001 2512 2057 de
2533 2001 2700 2057 corde
2731 2016 2831 2058 suo
2869 2001 3154 2057 confluxit.
3188 2000 3420 2055 Proinde
3472 2010 3528 2054 ut
3556 2001 3604 2054 in
3645 1998 3835 2054 Hebrteo

2289 2108 2311 2136 ι
2339 2097 2586 2161 habetur,
2621 2097 2850 2152 verbum
2902 2113 2973 2151 ex
3009 2097 3178 2152 verbo
3225 2095 3518 2150 transferre
3570 2094 3766 2149 curabo.
3789 2091 3835 2147 Si

2287 2193 2508 2263 quidem
2553 2202 2800 2248 sanctum
2846 2192 3248 2263 Evangelismm
3288 2192 3592 2246 Matthzrum
3624 2188 3834 2243 eumdem

2287 2287 2530 2342 libellum
2561 2287 2727 2357 liquet
2747 2282 2777 2323 δ
2805 2286 3205 2358 composuisse,
3236 2297 3284 2340 et
3313 2286 3365 2340 in
3397 2286 3570 2354 capite
3595 2279 3834 2354 Evangelii

2285 2383 2367 2436 sui
2397 2382 2679 2437 Hebraicis
2713 2382 2912 2437 litteris
2947 2382 3290 2452 obsignatum
3332 2380 3645 2450 apposuisse
3678 2395 3688 2431 :
3719 2378 3833 2448 quod

2285 2492 2350 2531 an
2384 2491 2570 2532 verum
2595 2477 2686 2541 sit,
2711 2478 2919 2531 auctori
2951 2475 3307 2546 prmfationis,
3350 2485 3404 2528 et
3437 2473 3558 2529 fidei
3588 2472 3833 2543 scripturis

2283 2571 2592 2625 Committe.
2627 2570 2748 2636 Ipse
2779 2572 2951 2637 enim,
2985 2580 3040 2626 ut
3070 2571 3183 2624 haec
3207 2571 3369 2625 dubia
3395 2585 3517 2625 esse
3548 2570 3830 2639 pronuntio,

2289 2666 2443 2738 102
2477 2667 2544 2718 ita
2588 2664 2796 2727 liquido
2847 2663 2978 2718 falsa
3008 2680 3112 2720 non
3147 2664 3381 2718 affirmo.
3427 2661 3555 2717 illud
3596 2674 3755 2716 autem
3785 2658 3832 2713 li-

2285 2761 2412 2814 bere
2441 2758 2585 2825 dico,
2611 2759 2754 2828 qnnd
2794 2758 3031 2813 fidelium
3057 2757 3328 2814 neminem
3353 2767 3661 2830 negaturum
3703 2765 3824 2824 puto,

2282 2855 2397 2907 sive
2425 2853 2539 2908 [nec
2563 2869 2685 2904 vera
2718 2854 2846 2914 sint,
2881 2853 2993 2906 sive
3041 2853 3108 2907 ab
3152 2853 3337 2922 aliquo
3392 2852 3632 2910 conliela,
3679 2863 3829 2902 sacro-

2281 2956 2520 3001 sanctam
2550 2956 2750 3001 sanctae
2803 2947 2984 3001 Mariae
3015 2948 3346 3001 nativitatem
3383 2962 3569 3016 magna
3601 2941 3816 2998 miracula

2280 3042 2629 3110 praecessisse
2651 3085 2664 3108 ,
2718 3043 2949 3096 maxima
2979 3052 3266 3097 consecuta
3322 3041 3486 3095 fuisse
3534 3057 3545 3093 :
3577 3049 3626 3094 et
3659 3036 3828 3091 idcirco

2280 3139 2425 3196 salva
2448 3138 2551 3193 fide
2583 3139 2650 3193 ab
2683 3137 2764 3194 his
2791 3139 2879 3208 qui
2905 3137 3071 3192 Deum
3105 3137 3202 3190 ism
3231 3135 3404 3190 facere
3445 3150 3593 3205 posse
3633 3130 3828 3185 credunt

569 3229 924 3282 destruetinni
957 3228 1239 3280 materiam
1268 3225 1580 3281 exhibu:rit
1603 3243 1616 3290 ;
1639 3236 1694 3279 et
1719 3227 1862 3294 quod
1890 3228 2011 3281 talis
2037 3245 2159 3298 pro-
2192 3222 2237 3283 C
2271 3233 2390 3288 sine
2433 3231 2674 3304 periculo
2696 3234 2893 3288 anima)
2939 3247 3052 3287 sure
3105 3232 3254 3287 credi
3295 3241 3349 3285 et.
3380 3231 3480 3302 legi
3510 3243 3669 3297 posse.
3700 3223 3828 3278 Deni-

571 3323 791 3374 liaretnr
845 3322 895 3374 in
947 3320 1176 3392 synodo,
1205 3321 1291 3374 cui
1323 3320 1514 3372 merito
1558 3335 1718 3373 aures
1773 3320 2036 3374 Ecclesiae
2066 3338 2173 3376 non

570 3428 836 3481 pazerent.
876 3414 1110 3468 Cessent
1144 3428 1286 3466 nunc
1328 3412 1416 3466 obl
1441 3414 1717 3466 lll'illllllllll
1771 3429 1988 3467 moi-sus
2020 3432 2032 3467 :
2066 3431 2172 3468 non

571 3510 733 3560 istum
769 3507 1008 3558 illit'illlm
1066 3505 1343 3560 canonicis
1385 3518 1482 3558 nus
1513 3504 1991 3573 superaddidinms
2019 3505 2169 3562 Scri-

571 3601 768 3666 pziiri<,
797 3599 889 3652 St'tl
915 3600 978 3651 ad
1014 3599 1373 3667 detegendum
1396 3599 1669 3653 hereseos
1701 3598 1995 3662 fallaciam,
2028 3615 2160 3668 apo-

569 3693 720 3757 stoli,
755 3700 916 3760 atque
976 3692 1334 3760 Evangelistie
1394 3693 1596 3762 scripta
1652 3692 2031 3747 transferinius
2065 3711 2077 3748 :
2109 3695 2164 3750 in

571 3803 680 3855 quo
710 3801 876 3854 opere
909 3802 1012 3839 non
1042 3795 1144 3838 tam
1179 3787 1278 3854 piis
1305 3786 1627 3855 jubentibus
1657 3787 1926 3856 episcojiis
1950 3787 2164 3844 obtem-

645 3921 928 3978 8Seleucbi
967 3922 1159 3980 librum
1189 3921 1401 3976 videtur
1428 3921 1702 3975 affirmare
1727 3934 1784 3974 se
1806 3935 1873 3974 ex
1903 3920 2168 3978 l-lebraico

571 3999 957 4049 translaturum
981 3995 1105 4060 ;sed
1137 3993 1338 4050 rectius
1370 3994 1479 4046 duo
1511 3993 1627 4046 banc
1656 3991 1963 4061 distinguit,
1989 4003 2044 4048 et
2072 3996 2168 4049 Se-

573 4066 750 4122 leucbi
807 4066 1002 4126 librum
1050 4066 1198 4135 rejici
1255 4075 1529 4134 tamquam
1574 4061 1759 4132 impiis
1785 4063 2169 4120 additamentis

569 4137 857 4204 refertinn,
888 4140 1189 4196 etalterum
1223 4136 1546 4192 Hebraicum
1582 4145 1858 4207 tamquam
1883 4137 2020 4191 nihil
2050 4138 2166 4192 exi-

566 4211 690 4266 tiosi
726 4211 1015 4266 habentem
1052 4208 1306 4279 probari,
1338 4208 1465 4264 licet
1495 4223 1600 4262 non
1633 4220 1689 4264 ut
1735 4212 2083 4274 canonicum,
2109 4219 2164 4266 et

2285 3342 2389 3398 que
2425 3328 2474 3380 in
2532 3336 2790 3396 quantum
2847 3325 3121 3381 recordari
3174 3340 3433 3394 possum,
3483 3336 3684 3378 sensum
3739 3332 3822 3370 non

2286 3421 2447 3476 verba
2473 3419 2754 3490 scriptoris
2783 3437 3034 3490 sequens,
3064 3429 3116 3474 et
3150 3435 3292 3474 nunc
3326 3421 3513 3473 eadem
3537 3417 3710 3471 semita
3740 3429 3825 3469 nou

2283 3513 2491 3570 eisdem
2522 3512 2769 3583 vestigii<
2801 3513 3084 3577 incedens,
3122 3528 3266 3572 nunc
3307 3511 3615 3584 quibusdam
3641 3505 3827 3560 diverti-

2274 3605 2410 3659 culis
2440 3605 2502 3658 ad
2535 3605 2780 3660 eamdem
2809 3605 2947 3658 viam
2978 3620 3286 3666 recurrens,
3319 3599 3828 3666 sic'narrationissty-

2274 3697 2381 3751 lum
2439 3700 2659 3752 lentabo
2691 3709 2712 3736 ε
2748 3713 2760 3763 ;
2793 3706 2848 3751 et
2891 3713 2994 3749 non
3035 3697 3135 3749 alia
3169 3697 3364 3758 dicam,
3396 3711 3550 3763 quam
3603 3705 3710 3761 qua!
3753 3695 3826 3740 aut

2270 3791 2471 3862 scripta
2511 3802 2638 3847 sunt
2679 3792 2771 3858 ibi,
2803 3798 3318 3860 autconsequentcr
3349 3789 3506 3845 scribi
3555 3788 3821 3857 potuerunt.

2272 3923 2510 4007 uinum
2557 3923 2876 3992 genuinum.
2937 3922 3020 3978 Ea:
3084 3923 3210 3977 edit.
3275 3920 3668 3992 Hieronymiana
3727 3911 3826 3966 Val-

2273 3997 2448 4122 [αἵ.έῖ
2484 4065 2789 4136 ρι’ωΐειιίοιιί
2818 4081 3032 4136 nempe,
3069 4077 3126 4120 ut
3155 4081 3280 4122 mox
3310 4066 3540 4128 additur,
3571 4064 3716 4120 fidem
3744 4062 3822 4114 ha-

2273 4139 2404 4194 bere
2435 4140 2588 4196 velis.
2625 4137 2763 4193 Ibid.

2345 4221 2365 4248 σε
2402 4209 2552 4266 Fort.
2565 4252 2578 4274 ,
2600 4211 2910 4277 temperabo.
2943 4209 3079 4265 Ibid.

2691 4343 3817 4368 W

1109 4439 1621 4510 MONITUM
1695 4440 1836 4509 DE
1910 4438 2660 4528 SEQUENTIBUS
2742 4445 3340 4543 EPISTOLIS,

980 4599 1076 4657 Ex
1108 4595 1507 4656 Tractatione
1535 4593 1880 4658 cardinalis
1910 4597 2168 4658 Barouii
2206 4601 2292 4660 De
2318 4601 2788 4683 Martyrologio
2823 4605 3123 4678 Romano,
3161 4622 3306 4687 cap.
3331 4605 3468 4666 Vll.

640 4837 795 4917 Quod
829 4835 1066 4917 pertinet
1085 4831 1151 4888 ad
1179 4829 1486 4917 epistolam,
1519 4833 1814 4917 Clirornatii
1843 4844 1899 4891 et
1924 4835 2200 4917 lleﬁliodori
2252 4839 2629 4917 episcoporum
2681 4843 2923 4908 nomine,
2953 4844 3018 4899 ad
3057 4845 3441 4917 Hieronymum
3473 4841 3738 4917 scriptam,
3770 4831 3814 4917 in

573 4906 764 4984 primis
793 4906 855 4962 ei:
889 4906 1133 4987 ejusdem
1189 4906 1543 4987 inscriptione
1589 4907 1945 4987 imposturam
1989 4908 2146 4987 facile
2169 4906 2410 4987 deteges.
2440 4906 2487 4987 si
2513 4913 2725 4971 illorum
2761 4906 3064 4985 temporum
3090 4906 3342 4987 loquendi
3369 4912 3573 4986 generis
3595 4906 3823 4987 baliurris

571 4975 892 5057 rationein:
917 4975 1044 5032 dum
1059 4975 1123 5057 \in
1151 4989 1211 5027 ea
1248 4975 1487 5057 prfedicti
1519 4978 1783 5048 episcopi,
1838 4981 2004 5057 immo
2032 4981 2145 5048 ipsa
2185 4975 2423 5057 synodus
2446 4986 2684 5057 _(synodi
2716 4975 2887 5049 enim:
2911 5003 3072 5057 qnam
3103 4975 3425 5057 pr'ietexitiii,
3477 4983 3678 5039 nomine
3704 4975 3824 5030 seri-

571 5057 702 5110 bere
733 5046 1076 5127 proﬁtentur)
1103 5047 1281 5116 ipsum
1309 5045 2112 5127 Hieronymtnnpresbyterii—in
2141 5045 2418 5124 appellant
2445 5045 2661 5112 Pairem
2690 5075 2702 5123 ;
2738 5045 2894 5127 cujus
2930 5045 3364 5114 'nome'nclatnrzc
3393 5045 3587 5114 nullum
3619 5058 3821 5121 prorsus

570 5121 743 5203 penus
771 5125 984 5203 illorum
1015 5132 1313 5200 temporum
1342 5121 1640 5203 scriptores
1667 5121 1981 5203 exemplum
2013 5121 2278 5203 invenies,
2305 5128 2435 5203 utin
2489 5121 2784 5203 scriptione
2804 5121 3120 5203 litterarum
3151 5133 3413 5203 episcopi,
3444 5129 3524 5184 vel
3548 5129 3646 5197 ipsa
3675 5130 3821 5203 arnor

568 5191 670 5272 dus
703 5191 1357 5272 presbyterumcujusvi:
1385 5192 1559 5246 meriti
1590 5194 1772 5248 dicant
1794 5191 2029 5272 Patrem,
2055 5213 2179 5272 cum
2207 5197 2406 5272 aliaqui
2433 5208 2488 5252 et
2513 5191 2970 5270 amplissimarum
3004 5191 3214 5258 sedium
3239 5191 3518 5272 episcopos
3543 5191 3591 5252 οὶ
3610 5191 3820 5272 βέρενίητο

568 5260 722 5346 clias',
761 5260 973 5346 nonnisi
1004 5260 1790 5346 [ςειιιεξιρεσεριιδιιιίὲνριυιιιιι
1817 5270 2115 5346 appellare.
2139 5260 2378 5324 Habetur
2401 5260 2619 5326 mentio"
2637 5274 2690 5327 in
2719 5273 2907 5328 eadem
2935 5276 3161 5343 epistola
3179 5277 3245 5330 de
3273 5260 3500 5346 quodam
3527 5260 3736 5326 concilio
3759 5272 3817 5346 ex

568 5343 733 5415 totius
762 5339 926 5393 Italiae
951 5334 1232 5415 episcoiiis
1246 5334 1557 5415 Mediolani,
1578 5334 2234 5415 Tlteodosio'iniperatnre
2258 5348 2545 5415 praesente,
2578 5356 2788 5398 coacto.
2821 5334 3014 5415 Verum
3041 5347 3180 5401 istud
3200 5334 3689 5415 commentumesg‘ie
3719 5345 3816 5411 lli!“

567 5412 783 5486 dubites
827 5428 856 5486 :_
891 5403 1157 5486 quieuit“
1193 5403 1318 5486 fieri
1367 5408 1561 5476 potuit,
1589 5419 1676 5486 __ut
1723 5419 1827 5486 tam
1857 5403 2088 5466 celebris
2153 5403 2392 5482 synodus
2442 5403 2541 5486 sic’
2570 5412 2952 5486 escriptorun'i
3006 5421 3374 5473 monumentis
3429 5409 3692 5486 exciderit.
3749 5403 3819 5455 δῖε

561 5484 783 5540 silentio
838 5477 998 5536 fuerit
1049 5477 1340 5558 obvoluta,
1399 5490 1461 5558 ut
1512 5479 1690 5558 nullus
1740 5477 2678 5558 illoru_in_temporum_scriptorum
2734 5477 2961 5558 quorum
3011 5506 3141 5548 sane
3171 5491 3308 5546 baud
3341 5479 3680 5558 exiguusiliil
3723 5490 3812 5554 ll";

570 5571 769 5622 nicrns,
809 5569 908 5607 nec
939 5551 1155 5606 nomine
1183 5548 1478 5626 tenusejus
1508 5551 1851 5626 meminerit?
1873 5551 1976 5607 Sed
2009 5548 2126 5607 haec
2175 5548 2547 5609 manifestiora
2580 5548 2910 5626 reddentur,
2955 5561 2997 5615 si
3055 5548 3487 5616 lucubrationum
3529 5548 3814 5618 Hieronymi

566 5619 832 5700 temporis
849 5634 1045 5700 exacta
1095 5622 1232 5700 ratio
1264 5619 1548 5700 habeatur.
1594 5621 1847 5700 Quando,
1884 5639 2036 5693 rogo,
2071 5627 2261 5679 Volunt
2288 5627 2430 5678 illam
2460 5630 2723 5698 synodum
2749 5619 2930 5685 coram
2962 5633 3273 5689 Theodosio
3305 5628 3576 5688 Mediolani
3601 5631 3816 5700 congre-

564 5691 743 5774 gatum
772 5699 794 5752 ?
815 5697 954 5774 dum
985 5708 1107 5750 cum
1143 5691 1397 5774 pratulum,
1421 5691 1686 5774 adversus
1709 5691 2305 5766 Maximumtyrannum
2339 5691 2694 5774 pugnaturus,
2721 5701 3198 5774 Constantinopoli
3225 5720 3369 5765 anno
3399 5702 3598 5758 decimo
3617 5692 3692 5752 sui
3716 5691 3811 5774 ῐιιξ·

566 5759 699 5844 perii
734 5771 793 5844 in
815 5768 1018 5844 [uitium
1049 5759 1417 5844 veniti‘Certe
1526 5764 1771 5844 dtc_l_||QII
1807 5781 2002 5844 posse.
2035 5759 2154 5844 «iuge
2208 5759 2438 5844 sanctus
2465 5759 2826 5844 llieronjmus
2875 5759 3098 5841 scribit;
3121 5759 3473 5837 vehementer
3498 5765 3810 5844 repugflalllé

563 5831 688 5895 dum
711 5841 852 5894 enim
877 5837 931 5893 in
958 5837 1095 5891 libro
1122 5832 1189 5887 de
1215 5831 1586 5904 Scriptoribus
1614 5831 2029 5904 Ecclesiasticis,
2053 5831 2124 5895 'ad
2154 5842 2385 5910 calcent,
2402 5855 2625 5900 cunctas
2646 5831 2780 5921 quas
2811 5831 3259 5926 bactenus'usque
3274 5848 3338 5903 ad
3357 5835 3543 5904 annum
3559 5831 3808 5898 Ηϐἒῖῐηυηῖ
