4056 6340
491 286 599 344 375

1348 280 1435 336 DE
1486 280 1546 334 S.
1585 270 2015 343 CHHOMATIO,
2049 268 2263 328 EPISC.
2307 267 2752 337 AQUILEIENSI

3667 260 3778 319 376

491 416 797 465 memorato
826 404 1079 473 antistiti,
1109 412 1169 459 ut
1214 409 1424 473 peteret
1456 398 1637 468 aliqua
1676 392 1943 450 beneﬁcia
1971 388 2088 447 ϐαι-
2116 394 2168 454 Α
2193 403 2353 444 causa
2384 386 2720 457 singulorum
2756 385 3047 451 mensium,
3092 380 3539 452 singulorumque
3565 379 3777 436 dierum

492 502 726 558 sariensi
775 501 1037 557 Ecclesia:
1086 497 1392 570 profutura,
1442 493 1664 563 legitur,
1724 487 2081 559 respondisse

505 598 844 654 Eusebium:
876 597 1086 667 Opibus
1131 593 1245 649 suis
1291 590 1592 647 Ecclesium
1641 586 1891 650 dilatam,
1941 582 2090 638 nulla

498 691 724 761 petendi
775 689 1037 746 beneﬁcia
1088 685 1412 742 necessitate
1436 680 1691 751 compelli
1734 678 1879 735 :sibi
1910 685 2091 732 tamen

453 854 455 856 η
496 784 831 841 desiderium
888 781 1175 838 immobile
1201 778 1500 842 exstitisse,
1535 783 1595 830 ut
1619 769 1885 844 quidquid
1917 769 1975 824 in
2004 784 2095 824 re-

498 876 714 947 publica
748 877 992 932 Romana
1015 883 1227 945 gestum
1256 871 1325 926 sit
1350 884 1481 939 erga
1512 874 1734 922 sanctos
1764 865 1855 921 Dei
1877 863 2094 932 judices

502 964 772 1036 iudicibus
815 965 1171 1021 succedentes
1214 962 1269 1017 in
1312 960 1576 1015 universo
1624 956 1762 1012 orbe
1817 955 2088 1023 Romano,

501 1056 738 1112 sollicita
771 1056 1231 1127 perscrutatione,
1266 1060 1623 1106 monumenta
1673 1048 1889 1120 publica
1922 1047 2097 1102 discu-

501 1148 711 1214 tiendo,
731 1148 1143 1219 perquirerent;
1170 1154 1226 1201 et
1244 1146 1335 1217 qui
1360 1155 1684 1217 martyrum,
1711 1158 1738 1196 a
1765 1157 1872 1213 quo
1889 1140 2093 1212 judice,

506 1243 559 1295 in
591 1256 693 1311 qua
726 1240 1002 1311 provincia
1031 1238 1118 1295 vel
1147 1239 1395 1307 civitate,
1420 1253 1525 1308 qua
1558 1236 1667 1300 die,
1703 1250 1877 1305 quave
1907 1248 2097 1305 perse-

503 1332 741 1386 verantia
772 1331 1039 1401 passionis
1064 1346 1177 1386 suae
1207 1330 1560 1385 obtinuerunt
1589 1328 1848 1399 palmam,
1877 1327 1945 1383 de
1965 1326 2099 1398 ipsis

503 1423 743 1478 arcltivis
774 1424 1011 1490 sublata,
1045 1424 1147 1495 ipsi
1175 1423 1436 1489 Eusebio,
1480 1421 1632 1492 regio
1660 1421 1837 1490 jussu,
1887 1420 2095 1490 dirige-

512 1524 654 1570 rent.
686 1515 837 1571 Unde
868 1516 1068 1571 factum
1091 1526 1198 1583 est,
1228 1526 1285 1571 ut
1322 1515 1548 1571 idoneus
1586 1515 1790 1570 relator
1830 1513 2097 1578 existens,

517 1618 569 1664 ct
619 1610 1037 1665 ecclesiasticam
1081 1610 1365 1664 historiam
1417 1618 1710 1674 retexerct,
1764 1618 1819 1663 et
1856 1607 2097 1661 omnium

506 1718 649 1775 pene
671 1711 994 1775 martyrum,
1024 1703 1428 1773 provinciarum
1458 1702 1697 1757 omnium
1730 1700 2097 1755 Romanarum

2194 482 2330 537 festa
2356 479 2804 549 conscripsimus,
2838 486 2896 533 ut
2932 477 3126 549 jubere
3158 473 3545 545 dignabamini,
3575 489 3779 543 peren-

2196 591 2319 632 nem
2371 583 2571 628 nostrze
2616 571 2901 644 parvitatis
2951 567 3275 625 memoriam
3324 564 3440 621 fore
3494 565 3777 621 credentes

2196 687 2319 727 cum
2348 670 2539 726 diebus
2571 668 2825 724 omnibus
2854 682 2949 738 per
2981 675 3059 721 tot
3086 678 3354 720 annorum
3398 662 3566 732 spatia
3593 670 3778 717 sancta

2196 765 2521 821 Sanctorum
2574 762 2793 818 nomina
2854 760 3056 815 fuerint
3104 758 3299 814 festive
3367 755 3653 811 celebrata.
3713 754 3780 810 Et

2200 859 2454 930 quoniam
2501 872 2598 928 per
2642 855 2881 926 singulos
2929 836 3071 920 dies,
3104 851 3446 909 diversarum
3490 850 3782 920 provincia-

2200 971 2343 1022 rum,
2371 954 2826 1023 diversarumque
2858 950 3074 1006 urbium
3119 948 3406 1018 plusquam
3449 944 3778 1016 octingento-

2201 1062 2346 1112 rum,
2380 1052 2436 1101 et
2463 1051 2864 1114 nongentorum
2890 1049 3193 1112 martyrum
3222 1047 3349 1095 sunt
3374 1037 3586 1093 nomina
3612 1036 3782 1093 uomi-

2202 1151 2323 1199 nata
2349 1159 2361 1195 :
2383 1152 2439 1195 ut
2466 1139 2649 1195 nullus
2669 1138 2787 1193 dies
2814 1137 2905 1202 sit,
2933 1136 3024 1205 qui
3058 1151 3163 1190 non
3198 1134 3339 1189 intra
3367 1132 3778 1204 quingentorum

2202 1252 2492 1294 numerum
2541 1232 2776 1304 reperiri
2824 1230 3001 1301 possit
3050 1229 3346 1298 ascriptus,
3394 1232 3647 1295 exempto
3694 1224 3779 1279 die

2201 1330 2562 1389 kalendarum
2592 1327 3010 1390 Januariarum;
3054 1321 3418 1379 considerans
3450 1320 3587 1375 inter
3632 1318 3784 1372 innu-

2206 1424 2501 1481 merabiles
2530 1421 2719 1477 turbas
2746 1419 2973 1476 lectoris
2995 1417 3241 1472 animum
3273 1415 3417 1468 intra
3450 1426 3611 1467 unum
3634 1425 3780 1466 men-

2204 1534 2318 1575 sem
2362 1530 2524 1588 posse
2566 1515 2870 1569 lassesccre
2905 1526 3017 1567 :ne
3062 1508 3115 1563 id
3165 1507 3403 1572 eveniat,
3450 1504 3685 1559 breviter
3730 1512 3780 1557 et

2205 1612 2485 1669 succincte
2511 1624 2727 1675 eorum,
2760 1608 2851 1678 qui
2886 1615 3014 1662 sunt
3046 1605 3098 1659 in
3128 1601 3469 1672 amplissima
3501 1599 3782 1655 festivitate

2205 1706 2260 1760 in
2290 1705 2402 1759 suis
2428 1703 2563 1757 locis
2606 1711 2814 1756 tantum
2858 1714 2969 1769 prce
3002 1696 3258 1753 omnibus
3290 1702 3625 1749 memoratus
3648 1708 3783 1758 sum,

510 1800 716 1865 tropaea
762 1797 995 1867 diligens
1045 1794 1513 1865 historiographus
1565 1794 1870 1850 declararet
1912 1811 1925 1847 :
1969 1808 2103 1863 qua—
2132 1792 2180 1853 Β
2210 1807 2287 1864 ut,
2323 1802 2605 1867 amputato
2646 1792 2892 1856 fastidio,
2933 1804 3075 1845 unus
3096 1789 3164 1844 de
3193 1787 3449 1843 omnibus
3475 1784 3693 1841 sufﬁciat
3726 1784 3787 1838 li-

516 1898 675 1945 teuus
720 1889 866 1944 omni
894 1889 982 1946 die
1009 1889 1339 1945 sacriﬁcium
1387 1889 1498 1945 Deo
1543 1887 1857 1952 offerentes,
1906 1902 2096 1944 eorum

515 1984 733 2041 nomina
764 1985 1140 2040 meminissent
1168 2002 1181 2039 :
1207 1983 1514 2053 studentes,
1547 1983 1642 2054 qui
1683 1983 1771 2039 die
1800 1982 1944 2053 ipso,
1991 1998 2099 2052 quo

506 2078 841 2134 sacriﬁcium
882 2078 1165 2146 oﬁ‘eretur,
1212 2078 1455 2134 victores
1497 2077 1698 2133 diaboli
1742 2076 2106 2143 exstitissent,

501 2182 557 2228 et
588 2173 828 2243 martyrii
858 2171 941 2227 sui
982 2170 1258 2240 triumpho
1310 2170 1606 2242 pollentes,
1655 2177 1821 2239 atque
1866 2179 2097 2225 ovantes

503 2266 570 2321 ad
622 2264 825 2337 Regem
874 2282 1034 2323 suum
1086 2266 1465 2337 pervenissent
1514 2264 1820 2322 Christum.
1874 2265 1987 2321 Hac
2035 2265 2104 2321 de

511 2418 872 2443 *ι

2205 1892 2381 1948 bellus
2435 1889 2729 1958 ascriptus.
2778 1886 2921 1942 Sane
2954 1885 3005 1939 in
3040 1884 3214 1954 prima
3262 1891 3417 1952 parte
3449 1880 3635 1945 libelli,
3670 1894 3782 1933 om-

2214 1984 2364 2039 nium
2406 1983 2691 2038 beatorum
2723 1978 3115 2049 Apostolorum
3166 1975 3305 2031 festa
3349 1972 3777 2043 conscripsimus,

2211 2086 2271 2134 ut
2304 2076 2425 2133 dies
2467 2074 2609 2131 varii
2640 2088 2747 2128 non
2781 2072 3069 2127 videantur
3098 2068 3373 2129 dividere,
3405 2081 3543 2137 quos
3570 2081 3665 2120 una
3706 2065 3786 2120 di-

2208 2170 2386 2242 gnitas
2436 2168 2777 2240 apostolatus
2824 2165 2878 2221 in
2930 2162 3147 2220 etelesti
3179 2161 3354 2233 gloria
3402 2160 3530 2217 fecit
3558 2173 3675 2216 esse
3702 2173 3781 2213 su-

2207 2264 2427 2319 blimes.

882 2410 3762 2440 mw

815 2572 911 2659 Θ
1022 2570 1166 2642 EX
1238 2566 1771 2643 HISTORIA
1844 2562 2531 2639 LITTEBARIA
2605 2558 3291 2650 AQUILEIENSI

1540 2710 2787 2847 JUSTI'TliON‘TANINI

1622 2851 2217 2907 ARCHIEPISCOPI
2258 2849 2676 2911 ANCYRANI,

1753 2966 1972 3026 Roma)
2004 2962 2199 3038 edita,
2237 2978 2348 3025 an.
2387 2958 2567 3022 17h“).

2028 3105 2351 3124 ﬂ

878 3236 1037 3308 109
1074 3234 1257 3292 LIBRI
1289 3236 1355 3292 ιιι
1392 3236 1626 3294 CAPUT
1666 3235 1753 3291 ιιι.

515 3348 561 3396 1.
579 3348 904 3412 Chromatius
927 3350 1087 3411 patria
1107 3351 1462 3412 Aquileiensis.
1488 3351 1550 3401 ΙΙ.
1575 3350 1841 3403 Valeriano
1864 3349 2117 3399 suffectus.

578 3410 667 3460 IlI.
694 3412 736 3459 A
762 3412 1097 3476 magnisviris
1135 3410 1374 3476 laudatus.
1403 3413 1486 3476 ιν,
1514 3414 1632 3476 Ejus
1672 3421 1847 3476 rogatu
1872 3413 2121 3473 Hierony-

578 3486 687 3521 mus
712 3475 869 3523 varios
898 3472 1166 3523 Bibliorum
1192 3474 1343 3524 libros
1383 3477 1430 3524 in
1458 3472 1680 3527 Latinum
1704 3472 1984 3525 sermonem
2010 3472 2124 3522 con-

580 3537 747 3585 vertit.
773 3535 837 3600 V,
862 3534 1085 3600 Rufinum
1112 3542 1164 3585 et
1197 3537 1546 3600 Hieronymum
1572 3540 1621 3586 in
1645 3538 1948 3588 concordiam
1990 3537 2123 3600 redis

579 3611 705 3711 ﬁere
729 3598 913 3670 studet.
941 3597 1023 3649 VI.
1052 3598 1252 3647 Joannis
1272 3597 1601 3674 Chrysostotni
1621 3612 1813 3649 causam
1835 3601 1986 3661 juvat.
2016 3598 2120 3673 VII.

620 3661 911 3711 hrvsostomt
948 3661 1007 3709 ad
1061 3660 1389 3711 Chromatium
1432 3664 1655 3711 epistola.
1696 3661 1829 3710 VIII.
1876 3660 2120 3710 Blondellt

620 3661 1007 3724 hrysostomiad
1061 3660 1389 3724 Chromatium
1432 3664 1655 3724 epistola.
1696 3660 1845 3710 VIII.’
1876 3660 2123 3710 Blondelli

582 3720 875 3834 ggcmngtatnta.
924 3720 1003 3771 IX.
1048 3723 1350 3773 Chromatius
1389 3720 1510 3787 obit,
1562 3732 1615 3775 et
1659 3725 1946 3775 Sanctorum
1989 3724 2126 3774 fastis

668 3799 705 3832 τι
744 3799 757 3833 ι
784 3799 860 3833 ur.

668 3799 860 3833 l'iDlllll'.

589 3878 629 3933 ι.
675 3879 756 3935 Ad
792 3895 887 3935 eos
920 3882 1285 3951 pervenimus,
1334 3883 1423 3954 qui
1460 3891 1624 3952 parta:
1646 3881 1838 3937 salutis
1869 3882 2124 3937 saeculum

521 3990 555 4029 γ
594 3975 908 4045 attigerunt.
932 3976 1135 4031 Horum
1166 3992 1359 4048 agmen
1388 3976 1539 4032 ducit
1563 3976 1929 4042 Cnnounws,
1961 3976 2128 4047 Aqui-

522 4065 744 4121 leiensis
772 4069 999 4122 antistes
1021 4110 1034 4135 ,
1059 4084 1219 4139 quem
1256 4069 1532 4124 Dandulus
1558 4070 1613 4124 in
1643 4070 1916 4125 Chronico
1940 4070 2033 4125 lib.
2068 4086 2084 4124 ι
2112 4112 2126 4136 ,

523 4172 647 4229 cap.
686 4159 772 4227 M,
807 4169 959 4231 parte
987 4176 1025 4228 ι,
1048 4162 1267 4217 natione
1299 4160 1622 4233 Hispanum,
1648 4161 1923 4218 Marianus
1949 4162 2130 4218 Victo-

523 4256 638 4310 rius
671 4255 723 4310 in
762 4268 1086 4327 argumento
1115 4258 1361 4327 epistolae
1403 4259 1475 4315 45
1519 4258 1961 4329 Hieronymiauze
1990 4256 2129 4325 Dal-

524 4360 738 4415 matam,
769 4350 962 4406 Sixtus
985 4351 1246 4407 Senensis
1274 4353 1327 4406 in
1356 4352 1691 4409 Bibliotheca
1724 4353 1818 4407 lib.
1854 4368 1906 4407 tv
1934 4351 2131 4406 Roma-

523 4462 648 4499 num
672 4445 938 4501 fecerunt.
973 4446 1081 4501 Sed
1123 4461 1316 4501 omnes
1347 4450 1399 4500 in
1428 4463 1615 4503 errore
1642 4447 1887 4511 versari;
1929 4447 2133 4502 civem-

526 4552 634 4607 que
662 4537 1041 4605 Aquifeiensem
1072 4536 1243 4593 fuisse
1263 4578 1278 4604 ,
1311 4538 1490 4608 posito
1536 4539 1699 4593 etiam
1746 4539 1970 4607 pignore
1996 4552 2128 4591 con-

2146 3234 2191 3296 C
2223 3231 2392 3286 minus
2419 3240 2519 3285 tres
2541 3231 2765 3285 rharitas
2782 3229 3007 3302 jungat,
3032 3244 3185 3296 quant
3217 3227 3347 3281 duos
3368 3233 3558 3280 natura
3584 3222 3796 3279 sociavit.

2223 3324 2289 3380 lli
2342 3325 2451 3380 duo
2505 3333 2633 3379 stmt
2659 3322 2989 3378 Chromatius
3036 3332 3091 3376 et
3121 3320 3416 3383 Eusebius;
3469 3333 3603 3388 quos
3632 3324 3800 3370 natura

2224 3434 2491 3489 germanos
2538 3418 2734 3472 iterum
2765 3423 2926 3470 vocat
2970 3415 3021 3469 in
3054 3413 3283 3484 epistola
3319 3413 3387 3479 8,
3420 3411 3559 3465 alias
3604 3408 3699 3472 42,
3742 3405 3800 3460 ad

2225 3510 2467 3565 Nicctam
2498 3510 2897 3581 Aquileiensent
2939 3507 3334 3562 subdiaconum
3380 3506 3585 3573 scripta
3618 3520 3631 3556 :
3666 3500 3800 3564 Ecce,

2227 3603 2443 3675 inquit,
2469 3604 2642 3658 beatus
2669 3601 3002 3657 Chromatius
3034 3618 3150 3656 cum
3193 3608 3369 3653 sancto
3421 3598 3642 3652 Eusebio
3668 3638 3683 3663 ,
3715 3610 3801 3647 non

2226 3698 2342 3770 plus
2364 3707 2549 3752 natura
2566 3739 2581 3765 ,
2609 3714 2763 3767 quant
2788 3712 2989 3750 morum
3016 3695 3311 3765 wqualitate
3331 3735 3346 3760 ,
3373 3708 3616 3765 germano
3644 3732 3659 3757 ,
3686 3691 3806 3742 fitte-

2227 3793 2368 3846 rario
2400 3809 2478 3847 me
2503 3792 2793 3862 provocavit
2842 3790 3037 3860 ofﬁcio.
3085 3787 3201 3843 Non
3257 3801 3391 3856 ergo
3415 3785 3593 3839 Jovini
3614 3827 3628 3851 ,
3660 3791 3714 3836 ut
3747 3779 3805 3835 ad

2230 3886 2371 3943 diem
2399 3886 2471 3939 22
2499 3886 2645 3942 Junii
2671 3885 2889 3954 scripsit
2915 3884 3215 3947 Baronius,
3247 3880 3348 3937 sed
3374 3880 3584 3935 Eusebii
3608 3890 3805 3950 germa-

2231 3995 2333 4035 nus
2363 3988 2483 4035 erat
2536 3978 2901 4034 Chromatius:
2938 3978 3037 4047 cui
3091 3986 3271 4031 tamen
3327 3984 3518 4030 noster
3561 3972 3807 4027 Henricus

2234 4074 2527 4139 Palladius,
2559 4074 2654 4129 lib.
2687 4090 2740 4128 Ix
2763 4115 2778 4140 ,
2809 4088 2930 4144 pag.
2969 4070 3076 4127 158
3097 4113 3110 4138 ,
3142 4086 3307 4125 unum
3329 4068 3575 4125 Iovinum
3601 4067 3809 4135 conjun-

2234 4171 2329 4225 xit.
2363 4170 2539 4224 Alium
2574 4169 2827 4233 fratrem,
2860 4166 3037 4222 adhuc
3059 4181 3425 4237 anonymutn,
3458 4165 3643 4218 habuit
3664 4160 3810 4215 Chro-

2234 4264 2422 4318 matius
2446 4306 2458 4329 ,
2492 4263 2648 4333 cujus
2672 4262 3044 4317 fortitudinem
3079 4261 3131 4316 in
3174 4260 3321 4315 illius
3350 4259 3699 4323 dormitione,
3728 4258 3810 4309 int-

2235 4371 2405 4426 pense
2460 4356 2643 4410 laudat
2697 4355 3063 4427 Hieronymus
3120 4355 3279 4425 epist.
3333 4353 3434 4421 55,
3487 4350 3722 4413 alius5,
3756 4346 3808 4400 ad

2237 4449 2584 4503 Heliodorum
2614 4448 2714 4519 (α).
2749 4451 2873 4504 "me
2902 4464 3024 4505 cum
3054 4448 3250 4518 scripta
3279 4447 3439 4502 fuerit
3497 4448 3561 4500 A.
3593 4445 3656 4499 D.
3681 4441 3808 4505 ⁸596,

2237 4553 2297 4599 ut
2329 4554 2514 4613 postea
2544 4544 2852 4611 constabit,
2912 4543 3036 4597 hinc
3080 4541 3490 4597 Tillemontium
3549 4551 3692 4594 torno
3729 4551 3808 4598 ιι,

530 4628 823 4683 tenderim.
861 4629 993 4683 Nam
1026 4628 1291 4699 Aquileia:
1338 4645 1559 4699 semper
1589 4630 1764 4696 vixit,
1824 4630 1913 4686 ubi
1940 4632 1989 4685 ei
2022 4648 2130 4683 nta-
2157 4627 2208 4687 D
2238 4653 2361 4708 pag.
2393 4637 2497 4691 556
2518 4678 2531 4701 ,
2562 4636 2930 4691 Martianaaum
2963 4636 3015 4689 in
3044 4634 3218 4702 Notis,
3244 4641 3301 4688 et
3328 4633 3660 4687 Hadrianum
3690 4627 3813 4683 Ball-

531 4732 692 4787 trem,
726 4736 964 4787 sorores,
1003 4730 1058 4775 ct
1109 4723 1295 4791 fratres
1339 4721 1505 4776 fuisse
1547 4721 1727 4792 prodit
1760 4722 1907 4777 illius
1938 4738 2131 4778 neces-

528 4812 706 4867 sarius
736 4821 794 4867 et
819 4828 1005 4867 rerum
1033 4812 1466 4881 Aquileiensium
1512 4814 1871 4884 peritissimus
1919 4828 2136 4871 sanctus

532 4905 902 4975 Hieronymus
929 4904 1092 4974 epist.
1123 4906 1178 4968 7,
1206 4904 1339 4959 alias
1359 4905 1450 4971 45,
1477 4906 1545 4961 ad
1576 4907 1750 4978 ipsum
1780 4906 2133 4962 Chromatium

531 4998 710 5053 adhuc
738 4999 1156 5069 presbyterum,
1194 4999 1499 5071 pariterque
1530 5002 1595 5055 ad
1623 5001 1873 5056 Iovinum
1897 5042 1911 5070 ,
1942 5012 1996 5058 et
2029 5003 2135 5057 Eu-

533 5090 744 5147 sebium
766 5132 782 5157 ,
808 5086 1094 5144 Chromatii
1124 5106 1441 5161 germanum
1463 5095 1802 5165 conscripta,
1856 5097 1907 5150 in
1940 5112 2043 5166 qua
2076 5111 2136 5153 se

530 5183 603 5238 ad
631 5194 739 5238 tres
768 5183 930 5238 simul
960 5198 1121 5237 unam
1156 5194 1365 5239 tantum
1393 5189 1675 5256 epistolam
1733 5190 1949 5245 mittere
1979 5192 2132 5244 affir-

533 5286 675 5341 mat,
710 5284 1002 5348 propterea
1028 5278 1171 5347 quod
1208 5279 1436 5335 invicem
1472 5283 1540 5335 ita
1574 5298 1633 5338 se
1672 5296 1888 5352 ament,
1942 5296 1999 5339 ut
2030 5302 2133 5339 non

602 5439 678 5514 (α)
711 5440 864 5514 Hunc
886 5439 1047 5514 alium
1076 5437 1359 5514 Chromatii
1382 5446 1595 5511 fratrem
1615 5444 1786 5497 adhuc
1809 5460 2125 5514 anonymum

531 5513 683 5565 solus
734 5512 1074 5565 clarissimus
1106 5510 1440 5567 Fontaniuus
1490 5514 1747 5579 iutrusit;
1781 5518 1865 5569 cui
1901 5510 2007 5569 non
2039 5530 2127 5568 as-

532 5584 766 5636 sentiiur
797 5582 1109 5653 Bernartius
1140 5582 1301 5635 Maria
1355 5583 1422 5638 de
1471 5586 1709 5647 Rubeis,
1762 5588 1849 5653 qui
1908 5593 2125 5641 unicum

535 5653 818 5726 Eusebium
842 5652 1130 5726 Chromaiii
1166 5654 1384 5709 fratrem
1418 5659 1656 5726 agnovit.
1695 5658 1960 5712 Videntur
2010 5660 2127 5725 ejus

536 5724 843 5795 [Dissertatio
876 5723 953 5778 De
986 5724 1205 5795 Ruﬁno.
1232 5741 1355 5790 cap.
1386 5723 1603 5795 9.,'pag.
1636 5730 1700 5782 13
1729 5740 1782 5781 et
1819 5729 1905 5784 M.
1938 5760 1963 5781 η

608 5796 685 5861 (1))
718 5794 784 5849 1η
813 5798 911 5850 ltztt‘.
939 5787 1097 5863 priori
1128 5787 1381 5867 Apologia
1402 5841 1415 5863 ,
1450 5787 1607 5869 quain
1642 5799 1727 5856 hic
1766 5802 1893 5857 citat
1926 5801 2124 5857 Fonta-

2238 4732 2405 4786 lctnm
2439 4730 2492 4783 in
2523 4728 2659 4785 Vitis
2697 4730 3019 4784 Sanctorum
3052 4728 3139 4782 die
3168 4727 3205 4779 2
3252 4724 3574 4781 Decembris
3616 4734 3813 4778 errasse

2238 4830 2486 4893 oportet,
2543 4820 2669 4875 dum
2722 4819 3004 4875 Chromatii
3037 4818 3296 4882 fratrem,
3357 4816 3426 4872 de
3478 4829 3588 4886 quo
3619 4822 3814 4868 mortuo

2237 4914 2603 4987 Hieronymus
2632 4914 2889 4982 loquitur,
2939 4911 3220 4966 Eusebium
3265 4910 3487 4976 dicunt,
3535 4909 3627 4981 qui
3652 4918 3813 4963 tamen

2243 5006 2497 5063 Eusebius
2532 5009 2690 5079 110
2716 5006 3080 5076 quadriennio
3109 5005 3282 5061 serius
3304 5005 3486 5060 adhuc
3529 5014 3648 5059 erat
3676 5005 3724 5057 in
3752 5001 3816 5055 vi-

2241 5099 2324 5153 vis
2347 5139 2363 5165 ,
2391 5098 2686 5167 episc0pali
2717 5096 2977 5167 dignitate
3021 5095 3251 5167 insignis
3276 5139 3289 5163 ,
3325 5095 3551 5167 perinde
3597 5109 3659 5149 ac
3688 5091 3817 5147 Jovi-

2240 5208 2336 5246 nus
2365 5201 2419 5247 et
2446 5190 2811 5254 Chromatius,
2862 5199 2997 5243 teste
3030 5190 3224 5245 Ruﬁno
3263 5191 3316 5246 in
3371 5190 3539 5260 priori
3576 5186 3814 5260 Apologia

2243 5290 2305 5341 A.
2343 5285 2524 5341 0.400
2550 5294 2766 5341 exarata
2795 5284 2892 5355 (ὁ).
2920 5283 3144 5339 Matrem
3165 5284 3379 5339 viduam
3404 5293 3461 5339 et
3485 5298 3703 5338 sorores
3726 5282 3816 5336 vir-

2234 5446 2428 5507 ninus,
2457 5454 2512 5498 et
2546 5443 2613 5498 ad
2643 5457 2847 5497 annum
2890 5443 3126 5511 pertinet
3153 5442 3257 5496 .500
3286 5451 3379 5495 aut
3405 5441 3504 5495 401
3534 5482 3548 5502 ,
3580 5439 3813 5494 utietiaut

2237 5518 2311 5570 lie
2345 5516 2547 5569 Ilubcis
2569 5516 2879 5577 consentit,
2914 5514 3427 5568 tttetnoratltuﬁnus
3457 5513 3812 5568 Chromatium,

2233 5585 2474 5641 Iovinum
2516 5600 2567 5639 et
2604 5585 2917 5645 Eusebium,
2955 5588 3044 5653 qui
3087 5602 3209 5639 cum
3238 5596 3357 5639 ante
3392 5603 3556 5638 annos
3589 5627 3604 5649 ,
3641 5592 3696 5635 ut
3720 5582 3815 5653 ipse

2237 5659 2328 5724 ait,
2357 5663 2462 5727 fere
2479 5660 2707 5725 triginta,
2733 5666 2920 5709 essent
2947 5652 3046 5709 sub
3077 5656 3368 5711 Valeriano
3390 5658 3645 5725 episcopo
3670 5652 3815 5727 Aqui-

2237 5724 2422 5783 lcicusi
2457 5724 2587 5783 alter
2615 5729 2900 5798 presbyter,
2931 5728 3064 5780 alter
3086 5728 3524 5793 archidiaconus,
3554 5724 3689 5780 alius
3718 5724 3813 5798 diu:

2238 5817 2395 5855 conus
2418 5842 2432 5864 ,
2457 5792 2809 5870 episcopatus
2831 5799 3030 5854 deinde
3064 5799 3272 5854 honore
3312 5799 3415 5868 ipsi
3444 5792 3660 5869 quoque
3688 5792 3809 5849 aucti
