4056 6340
197 323 298 382 577

1319 333 1509 393 JUSTI
1543 337 1918 398 FONTANINI
1957 341 2422 410 DILUCIDATIO.

3405 369 3516 427 578

194 444 339 515 Βίηθδ
364 441 687 560 ρἰνοηωιίο
730 444 931 560 ίδίίξθτη
983 446 1187 517 misse.
1247 466 1349 509 nos
1397 453 1558 512 docet
1611 457 1802 514 eadem
1831 460 1884 522 A
1909 475 1940 517 a
1958 460 2238 523 Valeriano
2253 472 2846 540 vacuam,Chromatius
2867 486 3054 536 noster
3076 480 3305 553 implere
3324 499 3514 560 coepe-

195 534 358 560 Α-ἷηιιι
385 550 410 560 ιι
447 536 508 560 IT
597 537 652 560 2.-
697 553 794 560 ---Α
845 539 1187 560 πε------μ----
1243 544 1318 560 μκι
1607 549 1621 560 ι
1664 549 1680 560 ι
1743 558 1750 560 Α
1944 556 1956 560 -
2032 558 2041 560 _

193 534 413 606 epistola
439 536 512 591 45
541 577 558 601 ,
596 537 656 592 in
691 553 798 610 qua
822 538 1190 611 Hieronymus
1238 544 1455 602 salvere
1483 561 1578 604 eas
1600 549 1759 619 jubet
1788 592 1804 616 ,

193 627 272 683 bis
301 627 512 695 verbis,
537 632 764 688 sororis
777 647 891 688 sure
915 650 1123 700 curam,
1157 637 1347 693 iisdem
1375 640 1802 697 commendans:

193 719 402 775 Matrem
434 737 776 780 communem
798 768 813 792 ,
845 743 963 798 qute
988 744 1105 783 cum
1145 730 1285 786 vobis
1323 735 1592 789 sanctitate
1635 736 1801 791 socie-

192 822 287 881 tur,
320 813 370 867 in
389 829 450 869 eo
473 829 570 869 vos
605 819 887 886 prtevenit,
944 821 1067 890 quia
1096 822 1222 877 tales
1252 825 1460 894 genuit,
1515 827 1662 896 cujus
1692 843 1804 882 rere

191 915 349 960 venter
388 923 588 963 aureus
619 919 792 980 potest
817 912 954 979 dici,
1000 929 1060 968 eo
1104 914 1390 972 salutamus
1422 917 1618 973 honore
1646 961 1662 985 ,
1702 936 1802 990 quo

190 999 376 1054 nostis:
423 1017 532 1054 una
564 1020 772 1075 quoque
799 1007 1154 1077 suscipiendas
1182 1012 1380 1066 cunctis
1421 1029 1624 1068 sorores
1646 1055 1660 1080 ,
1688 1031 1802 1084 qua:

190 1108 355 1147 sexum
375 1094 547 1150 vicere
579 1113 707 1152 cum
734 1102 925 1156 saeculo
949 1117 969 1158 :
993 1119 1109 1174 quas
1128 1104 1238 1159 oleo
1269 1106 1338 1160 ad
1386 1107 1650 1178 lampades
1694 1107 1802 1164 lar-

189 1187 311 1256 giter
330 1201 664 1258 praeparato,
687 1195 868 1264 sponsi
892 1198 1235 1268 opperiuntur
1251 1199 1546 1258 adventum.
1584 1202 1628 1256 0
1655 1203 1801 1258 beata

193 1277 395 1346 domus,
428 1282 483 1335 in
509 1300 623 1353 qua
651 1297 885 1340 moratur
905 1288 1059 1343 Anna
1087 1291 1271 1360 vidua,
1321 1293 1548 1366 virgines
1575 1296 1798 1368 prophe-

189 1369 348 1437 tissae,
380 1373 636 1442 geminus
656 1375 876 1433 Samuel
905 1382 1128 1436 nutritus
1156 1383 1207 1436 in
1235 1382 1424 1454 templo
1446 1385 1469 1439 .'
1497 1385 1592 1441 Hic
1638 1387 1798 1457 gemi-

187 1477 272 1515 nus
301 1462 518 1520 Samuel
547 1479 684 1523 sunt
713 1467 1041 1526 Chromatius
1061 1483 1116 1528 et
1149 1472 1423 1530 Eusebius.
1449 1477 1526 1533 Ne
1555 1479 1696 1534 ullus
1727 1479 1795 1537 de

188 1559 344 1626 patria
374 1559 679 1618 dubitandi
713 1564 865 1620 locus
905 1568 1174 1639 supersit,
1222 1569 1586 1644 Hieronymus
1628 1574 1794 1645 Aqui-

185 1649 358 1720 leiam,
390 1654 625 1712 illorum
659 1658 852 1715 urbem
900 1661 1131 1731 patriam
1156 1665 1434 1734 appellat:
1487 1684 1578 1739 per
1616 1684 1704 1722 eos
1727 1669 1790 1722 ab

185 1745 298 1801 urbe
346 1759 520 1805 vestra
573 1753 765 1807 Ariani
794 1755 1052 1824 quondam
1078 1757 1334 1828 dogmatis
1364 1761 1505 1814 virus
1531 1763 1793 1816 exclusum

1912 556 2002 621 rit,
2024 558 2132 628 jam
2166 564 2325 620 nobis
2353 568 2707 637 qurerendum
2732 579 2845 638 est;
2876 571 3004 628 inde
3033 575 3180 630 enim
3214 556 3513 636 recentium

1911 647 2298 710 historicorum
2330 657 2512 729 lapsus
2539 661 2980 733 castigabantur,
3013 665 3240 724 Joannis
3280 669 3511 729 Candidi

1910 741 2003 798 lib.
2039 760 2099 811 ιι,
2132 747 2220 802 fol.
2257 747 2312 816 9,
2339 750 2587 808 Panvinii
2621 755 2674 809 in
2705 754 2980 814 Chronico
3031 775 3154 832 pag.
3195 762 3287 830 55,
3321 763 3516 820 Wall!-

1905 838 2064 907 gangi
2096 836 2243 894 Lazii
2268 839 2798 902 Commentariorum
2825 848 2944 905 Lib.
2974 865 3070 918 xu,
3099 862 3237 908 sect.
3297 856 3353 922 5,
3383 871 3507 928 cap.

1904 927 1958 993 8,
1996 944 2117 1001 pag.
2161 932 2322 1001 1014,
2355 935 2588 993 Leandri
2614 939 2823 997 Alberti
2855 941 2908 997 in
2927 942 3310 1016 Descriptione
3334 948 3507 1004 Italia:

1904 1019 2000 1076 fol.
2040 1024 2226 1092 459,2
2256 1027 2390 1084 edit.
2423 1029 2467 1093 1,
2519 1032 2643 1087 anni
2682 1034 2839 1102 1550,
2877 1035 3098 1093 Henrici
3123 1039 3353 1096 Palladii
3402 1041 3502 1099 lib.

1902 1130 2017 1184 νηί,
2046 1131 2166 1188 pag.
2200 1118 2325 1188 129,
2358 1119 2593 1194 Philippi
2616 1124 2854 1182 Ferrarii
2889 1128 2945 1182 in
2980 1129 3241 1202 Catalogo
3280 1132 3508 1189 Sancto-

1901 1225 2020 1264 rum
2056 1227 2179 1283 pag.
2215 1214 2341 1279 755,
2373 1224 2428 1271 et
2456 1215 2737 1275 Godefridi
2763 1220 3054 1279 Ilermanni
3091 1225 3140 1279 in
3199 1226 3313 1281 Vita
3371 1231 3501 1282 Am-

1902 1302 2066 1358 brosii
2097 1304 2194 1360 lib.
2225 1322 2280 1372 v,
2309 1322 2428 1378 cap.
2458 1309 2545 1364 12.
2579 1311 2639 1366 Ili
2672 1315 3025 1372 enimomnes
3051 1317 3180 1373 dum
3210 1317 3501 1375 Chromatii

1897 1409 2277 1456 successorem
2307 1401 2550 1458 Stabilire
2582 1417 2870 1474 conantur,
2897 1409 2950 1463 in
2985 1409 3252 1466 immanes
3282 1427 3504 1468 errores

1897 1489 2121 1558 abeunt,
2157 1492 2300 1548 alius
2324 1493 2461 1550 duos
2491 1494 2935 1569 Fortunatiauos,
2968 1503 3308 1575 totidemque
3346 1503 3504 1561 Vale-

1894 1585 2071 1640 rianos
2098 1589 2440 1660 confingens,
2460 1591 2600 1647 alius
2634 1593 2774 1649 inter
2793 1593 3131 1651 Valerianum
3151 1608 3204 1654 et
3251 1597 3503 1653 Chroma-

1896 1683 2046 1749 tium,
2097 1682 2416 1751 Benedicto,
2472 1685 2610 1740 alius
2637 1685 2921 1755 Januario,
2959 1690 3135 1745 locum
3187 1692 3496 1761 assignans.

1893 1773 2065 1830 Porro
2101 1775 2438 1833 Valerianum
2469 1779 2522 1834 in
2555 1780 2684 1835 sede
2704 1780 3040 1851 Aquileiensi
3074 1783 3140 1839 Α.
3161 1784 3224 1840 1).
3256 1786 3382 1856 566,
3418 1789 3493 1842 uti

180 1847 262 1894 εδει
295 1840 418 1897 "me
449 1845 697 1913 άοοθηῑ,
744 1862 840 1902 ειη·
883 1848 1249 1922 Hieronymus
1281 1852 1332 1907 ίη
1365 1852 1637 1910 Chronico
1679 1856 1788 1911 Ευ-
1819 1859 1862 1920 Β
1886 1868 1996 1938 jam
2020 1869 2155 1937 dixi,
2184 1870 2570 1926 Fortunatiano
2586 1873 2893 1938 sull‘ectum,
2920 1876 3238 1948 Anonymus
3263 1878 3503 1933 'I‘rivisa-

180 1933 395 1991 sebiano
421 1938 494 1992 ab
521 1954 588 1994 se
620 1950 816 2008 aucto,
859 1942 1182 2015 Olympiade
1230 1946 1376 2016 280,
1427 1950 1494 2004 Α.
1543 1950 1608 2004 1).
1643 1952 1782 2019 576,

181 2027 261 2097 qui
286 2031 595 2102 respondet
621 2049 774 2090 anno
800 2037 1005 2107 vulgari
1033 2039 1138 2095 574
1158 2081 1174 2106 ,
1207 2039 1309 2095 hoc
1354 2042 1554 2114 insigni
1584 2053 1637 2099 et
1670 2060 1784 2100 me-

180 2123 434 2178 morando
467 2128 755 2196 praeconio
802 2137 1001 2186 nostra:
1031 2131 1294 2188 Ecclesiae
1348 2134 1598 2191 alumnos
1624 2153 1785 2194 orna-

178 2215 303 2270 verit
333 2233 348 2271 :
374 2213 741 2287 Aquileienses
778 2224 955 2278 clerici
1003 2227 1150 2296 quasi
1179 2228 1366 2283 chorus
1391 2230 1655 2286 beatorum
1684 2231 1782 2288 ha-

175 2305 362 2364 bentur.
402 2309 778 2381 Chromatius,
825 2317 948 2386 qui,
1002 2327 1060 2373 ut
1088 2335 1248 2390 supra
1295 2323 1345 2376 in
1385 2323 1781 2382 Fortunatiano

177 2401 371 2460 dictum
398 2417 484 2462 est
510 2452 526 2475 ,
560 2417 619 2464 et
651 2409 851 2466 iterum
879 2411 1051 2468 dicam
1072 2456 1088 2482 ,
1111 2415 1177 2470 A.
1214 2416 1274 2472 D.
1311 2418 1409 2473 571
1449 2419 1628 2476 adhuc
1658 2420 1782 2476 Dia-

177 2508 333 2552 conus
364 2498 472 2572 (a),
501 2500 762 2572 Ruﬁnum
779 2513 905 2561 tunc
925 2521 1124 2563 recens
1146 2525 1246 2580 per
1265 2512 1495 2582 gratiam
1522 2513 1780 2586 baptismi

178 2609 558 2666 regeneratum
584 2643 601 2668 ,
638 2601 891 2660 doctrina
915 2608 1182 2665 catholica
1215 2608 1590 2680 instruxerat,
1632 2622 1782 2686 post-

179 2689 387 2747 modum
427 2691 702 2748 Valeriani
731 2697 971 2770 episcopi
1024 2703 1312 2776 presbyter
1342 2706 1406 2760 A.
1443 2706 1505 2761 D.
1555 2709 1656 2764 581
1718 2708 1770 2763 in

179 2784 409 2840 concilio
461 2785 673 2843 ibidem
699 2803 917 2846 causam
950 2791 1071 2848 Filii
1099 2795 1194 2850 Dei
1230 2805 1419 2851 contra
1472 2798 1776 2856 Palladium

177 2876 432 2935 Arianum
466 2889 702 2939 strenue
731 2886 1034 2954 peroravit;
1059 2903 1292 2961 eumque
1320 2892 1499 2946 omnia
1544 2908 1777 2963 negasse

177 2973 458 3042 ostendit,
491 2992 612 3046 quia
661 2975 820 3035 Fides
858 2979 1126 3037 Catholica
1183 2985 1474 3054 proﬁtetur.
1529 2986 1778 3057 Cumque

177 3066 443 3127 Palladius
484 3073 756 3128 auditores
807 3074 968 3130 laicos
1025 3079 1386 3148 appellasset,
1449 3080 1778 3135 Chromatius

179 3161 408 3221 hominis
437 3166 829 3223 confidentiam
861 3171 1045 3240 paucis
1071 3171 1275 3227 retudit
1304 3191 1318 3228 :
1345 3173 1488 3228 salva
1508 3214 1524 3240 ,
1575 3173 1774 3245 inquit,

1889 1977 1990 2016 nus
2022 1972 2076 2018 et
2122 1964 2398 2019 Dandulus
2427 1964 2553 2020 libri
2596 1965 2754 2035 primi
2807 1967 2988 2038 capite
3018 1969 3086 2025 15
3116 1984 3184 2025 ex
3219 1971 3499 2028 veteribus

1887 2056 2114 2125 tabulis,
2136 2071 2307 2113 annos
2339 2075 2428 2113 XIX
2470 2059 2677 2115 sedisse
2710 2068 3004 2117 testantur.
3058 2061 3204 2118 Obiit
3227 2080 3358 2136 ergo
3388 2066 3493 2120 sub

1886 2152 2052 2208 linem
2086 2152 2152 2208 A.
2189 2152 2249 2207 D.
2273 2151 2401 2218 586,
2432 2153 2592 2224 eique
2624 2155 2845 2208 ineunte
2879 2153 2942 2208 A.
2977 2155 3039 2209 D.
3069 2156 3176 2210 587
3227 2159 3498 2214 successit

1885 2243 2238 2300 Chromatius.
2266 2245 2491 2317 Antiqui
2540 2246 3047 2319 Martyrologiorum
3097 2251 3350 2319 codices,
3398 2254 3493 2323 qui

1892 2338 2164 2395 Valeriani
2187 2341 2544 2398 emortualem
2595 2342 2742 2398 diem
2793 2343 3082 2413 proferunt
3131 2361 3187 2399 vi
3239 2345 3490 2402 kalendas

1884 2433 2202 2503 Decembris,
2235 2434 2288 2490 hi
2311 2444 2458 2492 sunt.

1958 2532 2008 2585 I.
2026 2531 2369 2586 Alrebatensis
2399 2540 2548 2587 tomo
2563 2531 2606 2586 II
2622 2532 2797 2587 Martii
2813 2532 3153 2588 Bollandiani
3169 2548 3291 2605 pag.
3309 2534 3399 2591 59.

1952 2623 2006 2678 2.
2049 2624 2103 2679 5.
2145 2623 2598 2697 Aquisgranensis,
2633 2634 2688 2680 et
2716 2625 3011 2696 Augiensis.

1953 2717 2008 2773 4.
2049 2717 2368 2774 Baluziuuus
2396 2721 2448 2775 in
2480 2718 2772 2791 Spicilegio
2803 2719 3143 2777 Dacheriauo
3172 2731 3320 2777 tomo
3341 2721 3484 2791 XIII,

1883 2827 2005 2884 pag.
2041 2813 2129 2879 15,
2160 2815 2188 2887 §
2215 2812 2272 2868 6.

1952 2908 2006 2964 5.
2033 2907 2349 2963 Barberinus
2379 2917 2526 2964 tomo
2551 2906 2594 2962 Il
2622 2905 2798 2962 Martii
2840 2905 3206 2975 Bollandiani,
3232 2923 3358 2981 pag.
3387 2909 3480 2966 59.

1953 3000 2008 3057 6.
2047 3000 2354 3055 Blumanius
2376 3000 2602 3055 ibidem.

1954 3093 2008 3147 7.
2050 3092 2230 3149 Sancti
2254 3093 2465 3165 Cyriaci
2510 3101 2656 3149 tome
2685 3091 2754 3148 III
2785 3093 3064 3149 Februarii
3116 3093 3481 3159 Bollandiani,

1883 3201 2004 3258 pag.
2034 3186 2163 3253 282,
2183 3187 2290 3242 col.
2317 3186 2372 3240 2.

178 3257 604 3313 condemnatione
641 3261 972 3316 sacerdotali.
1011 3263 1150 3320 Vide
1193 3274 1313 3319 acta
1364 3266 1583 3322 concilii
1634 3267 1776 3336 apud
1807 3262 1851 3324 C
1885 3257 1893 3258 ί
1954 3257 2009 3334 8,
2058 3277 2375 3334 Gellouensis
2411 3279 2468 3332 in
2496 3277 2788 3349 Spicilegio
2821 3287 2970 3333 temo
2993 3278 3137 3345 XIII,
3192 3294 3317 3350 pag.
3346 3278 3477 3336 418.

178 3352 520 3408 Ambrosium
566 3364 717 3410 tomo
748 3354 824 3421 11,
855 3372 974 3429 pag.
1005 3357 1140 3421 798.
1181 3358 1306 3432 §45
1333 3369 1386 3416 et
1442 3376 1562 3432 pag.
1621 3360 1728 3417 800
1762 3403 1774 3429 ,

178 3440 202 3512 §
234 3445 326 3501 51.
357 3445 449 3500 Ilis
482 3444 795 3503 refutantur
834 3452 1201 3508 sarcinatores
1239 3453 1732 3524 Magdeburgenses
1758 3497 1772 3521 ,

179 3537 265 3606 qui
290 3536 652 3593 Chromatium
681 3539 748 3596 A.
781 3542 844 3595 D.
879 3541 985 3598 555
1013 3542 1268 3600 floruisse
1316 3547 1691 3617 scripserunt,
1722 3557 1778 3603 et

185 3625 516 3685 Valerianum
548 3633 959 3702 Aquileiensem
989 3651 1110 3691 cum
1146 3637 1389 3707 ejusdem
1417 3641 1652 3695 nominis
1673 3639 1776 3696 Ca-

179 3720 512 3794 lagurritano
543 3727 794 3781 antistite
814 3770 830 3796 ,
863 3745 1024 3798 quem
1055 3730 1241 3785 laudat
1290 3732 1617 3791 Prudentius
1648 3749 1777 3789 con-

179 3812 372 3871 ﬂarunt
401 3818 668 3874 Centuria
712 3835 784 3886 ιν,
839 3836 961 3892 cap.
1013 3822 1100 3879 10.
1139 3823 1220 3879 Ad
1263 3824 1546 3881 Chromatii
1576 3844 1772 3885 nomen

177 3909 315 3978 quod
346 3913 544 3967 attinet
565 3955 580 3980 ,
610 3914 751 3983 apud
778 3915 1004 3970 Latinos
1049 3925 1104 3972 et
1144 3918 1367 3975 Graecos
1395 3924 1652 3977 occurrit.
1686 3922 1778 3978 Li-

179 4003 368 4063 bauius
412 4008 479 4062 ad
526 4008 883 4065 Chromatium
912 4013 1201 4083 quemdam
1231 4017 1423 4071 scribit
1451 4017 1736 4089 epistolam
1755 4060 1771 4086 ,

183 4099 410 4155 nondmn
433 4103 642 4157 editam
667 4144 682 4169 ,
702 4118 730 4156 a
752 4120 839 4160 me
865 4105 995 4161 olim
1020 4106 1213 4163 Latine
1244 4112 1395 4181 ιιι
1429 4125 1772 4166 conversam.

180 4190 538 4261 Chromatius,
576 4197 869 4266 praefectus
908 4197 1078 4266 Urbi,
1128 4213 1465 4258 memoratur
1517 4204 1570 4258 in
1625 4205 1774 4258 Aetis

177 4284 360 4343 Sancti
404 4289 719 4346 Sebastiani
761 4293 848 4347 die
883 4309 950 4347 xx
982 4293 1230 4349 Januarii
1274 4297 1416 4366 apud
1450 4296 1768 4352 Bollandum

183 4389 328 4437 torno
355 4383 424 4451 11,
473 4401 600 4456 pag.
632 4385 760 4441 271.
801 4387 944 4440 Inter
983 4404 1075 4442 xw
1128 4389 1416 4460 episcopos
1476 4391 1772 4460 provinciae

177 4473 493 4545 Palestince,
525 4479 620 4549 qui
666 4479 730 4534 A.
770 4479 832 4534 D.
863 4479 972 4536 415
1023 4482 1076 4536 in
1114 4483 1347 4538 concilio
1393 4483 1772 4554 Diospolitano

181 4565 445 4640 Pelagium
494 4570 841 4628 Catholicum
893 4575 1411 4644 pronuntiaverunt,
1471 4594 1610 4633 unus
1674 4579 1774 4635 fuit

1951 3371 2004 3428 9.
2049 3370 2488 3442 Hieronymianus
2539 3368 2740 3425 ibidem
2770 3381 2918 3425 tumo
2944 3369 3034 3437 IV,
3084 3386 3208 3441 pag.
3245 3369 3374 3437 684,
3427 3383 3483 3427 et

1881 3475 2029 3522 tomo
2055 3463 2123 3520 III
2148 3464 2432 3521 Februarii
2463 3463 2836 3530 Bollandiani,
2864 3480 2986 3535 pag.
3012 3464 3138 3532 282,
3169 3465 3280 3520 col.
3303 3465 3359 3533 2,
3390 3465 3478 3521 ubi

1887 3558 2192 3614 Valentinus
2225 3574 2318 3627 pro
2349 3557 2656 3612 Valerianus
2679 3556 2899 3626 legitur.

1953 3652 2041 3709 10.
2086 3651 2349 3708 Lwtiensis
2405 3661 2552 3708 tomo
2611 3651 2655 3706 II
2704 3651 2881 3706 Martii
2941 3651 3303 3717 Bollandiaui,
3356 3667 3474 3724 pag.

1879 3745 1969 3804 59.

1952 3844 2039 3899 11.
2083 3843 2329 3899 Lucensis
2356 3841 2497 3913 apud
2530 3839 2959 3904 Florentinium,
2987 3855 3107 3910 pag.
3133 3839 3261 3895 999.

1952 3937 2041 3992 12.
2086 3937 2269 3993 Sancti
2295 3936 2573 3991 Maximini
2602 3943 2750 3990 torno
2798 3934 2863 3989 Ill
2912 3934 3200 3990 Februarii
3249 3933 3474 3990 Bollan-

1878 4031 2052 4092 tliani,
2085 4045 2205 4100 pag.
2240 4029 2368 4094 9.82,
2397 4029 2506 4084 cnl.
2529 4029 2581 4082 ‘2.

1951 4123 2035 4177 15.
2084 4123 2286 4176 Rabani
2310 4121 2485 4175 Mauri
2525 4121 2670 4189 apud
2716 4119 2993 4176 Canisium
3029 4132 3176 4175 tomo
3209 4121 3297 4185 Vl,
3349 4135 3470 4191 pag.

1877 4214 1998 4279 501,
2036 4213 2128 4268 ubi
2154 4224 2352 4276 tamen,
2392 4226 2451 4268 ut
2475 4213 2626 4279 alibi,
2652 4229 2841 4269 errore
2872 4214 3106 4270 Libraiii
3160 4214 3474 4268 Valentinus

1879 4323 1977 4377 pro
2015 4307 2292 4361 Valeriano
2321 4307 2540 4376 legitur.

1949 4401 2036 4455 M.
2081 4399 2547 4472 Sangermanensis
2581 4402 2631 4454 in
2655 4399 2950 4470 Spicilegio
2978 4411 3124 4456 temo
3149 4401 3288 4469 XIII,
3347 4415 3469 4472 pag.

1877 4494 1968 4561 is,
1998 4494 2026 4564 ς
2057 4494 2110 4550 6.

1951 4589 2041 4643 15.
2084 4587 2509 4657 Sanremigianus
2543 4588 2768 4645 ibidem.

180 4661 391 4720 incerta:
418 4665 569 4723 sedis
598 4664 928 4722 Chromatius
957 4670 1097 4740 ame
1121 4671 1422 4741 Baluzium,
1449 4689 1568 4745 pag.
1599 4674 1726 4730 561.
1800 4659 1848 4720 ί)
1947 4681 2035 4735 16.
2075 4679 2418 4738 Tornacensis
2460 4691 2607 4737 tumo
2631 4682 2670 4737 II
2723 4681 2904 4738 Martii
2946 4680 3309 4748 Bollandiani,
3350 4695 3471 4753 pag.

245 4755 302 4812 11.
336 4759 514 4828 Quoto
536 4757 740 4816 Christi
771 4775 913 4816 anno
965 4763 1288 4820 cathedram
1335 4768 1760 4840 Aquileienscm,

180 4894 352 4980 fuere;
388 4915 601 4968 eosque
625 4908 916 4980 propterea
945 4900 1034 4980 hic
1061 4901 1372 4980 lignorifice
1390 4907 1633 4980 appellat
1661 4908 1770 4980 Opi-

180 4971 460 5046 natissiiiios
479 4981 528 5025 et
580 4971 970 5046 probatissimos
998 4975 1050 5028 in
1080 4973 1320 5031 Ecclesia
1345 4971 1444 5031 Dei
1465 4971 1763 5046 episcopos.

182 5039 255 5119 Iis
289 5043 383 5096 hac
422 5052 617 5119 autem
644 5045 1034 5119 appellatione
1091 5048 1316 5119 minime
1364 5039 1661 5119 sequitur;
1691 5053 1766 5104 uti

183 5110 506 5190 Fontaninus
539 5110 1027 5190 arbitraturtquod
1052 5134 1198 5171 anno
1224 5117 1329 5175 400
1352 5110 1567 5177 πιιίάίη
1599 5110 1631 5188 ,’
1660 5138 1768 5190 quo

181 5181 242 5263 its
272 5188 337 5240 de
362 5186 429 5263 iis
461 5186 745 5263 scribebat
767 5181 990 5263 Ilulinus
1019 5230 1034 5250 ,
1066 5205 1256 5244 eorum
1280 5192 1498 5263 singuli,
1538 5181 1769 5263 ideoque

179 5256 329 5334 etiam
362 5257 622 5334 Eusebius
643 5300 659 5323 ,
712 5258 892 5334 adhuc
938 5272 1141 5334 essent,
1168 5263 1219 5316 in
1251 5256 1419 5326 vivis;
1467 5256 1586 5318 cum
1614 5256 1769 5334 teque

179 5323 286 5382 lucc
312 5330 584 5403 scribere,
607 5329 903 5403 potuisset,
935 5332 1144 5386 etiamsi
1183 5349 1376 5388 omnes
1401 5323 1512 5403 jam
1545 5323 1767 5390 fuissent

177 5413 236 5470 go
263 5409 506 5470 tempore
538 5402 646 5454 vita
679 5400 887 5456 functi:
937 5413 993 5457 et
1022 5404 1145 5458 ideo
1207 5405 1342 5460 nihil
1403 5400 1528 5462 inde
1577 5419 1765 5462 contra

177 5466 574 5548 'I‘illemontium
597 5514 612 5536 ,
647 5473 1019 5548 Martianaeum
1037 5517 1050 5542 ,
1073 5476 1458 5543 etBailletum,
1488 5481 1576 5548 qui
1603 5478 1768 5534 Chro-

176 5544 310 5622 ma_tii
340 5543 600 5622 fratrem,
634 5545 704 5622 de
745 5543 904 5613 cujus
932 5546 1253 5622 dormitione
1285 5543 1647 5622 Hieronymus
1679 5550 1762 5605 lo-

176 5613 347 5689 quitur
373 5616 426 5669 in
450 5616 702 5689 “epistqu
735 5631 858 5685 quae
881 5617 946 5670 ad
978 5633 1176 5673 annum
1212 5623 1454 5689 pertinet
1484 5613 1590 5677 596
1613 5663 1628 5688 ,
1673 5639 1758 5676 rc-

173 5686 408 5762 ctissime
439 5686 723 5762 Eusebium
743 5699 1017 5743 asserunt.
1075 5686 1538 5748 Vide'ArlicnIum
1567 5686 1762 5762 Apolo-

173 5757 265 5826 gia:
287 5757 464 5812 Rulini
487 5799 502 5821 ,
539 5758 605 5812 ad
629 5773 792 5827 quem
817 5762 1039 5828 reSpicit
1072 5762 1436 5829 Fontaninns,
1488 5757 1629 5818 inter
1658 5765 1758 5817 Ve-

176 5829 330 5906 terum
351 5829 710 5906 'l‘eslimoniu]:
730 5845 850 5906 qua;
874 5843 995 5906 pust
1014 5831 1392 5906 rPra'fationem
1418 5838 1718 5906 attulimus,

243 5898 352 5955 llae
379 5909 566 5958 autem
594 5895 768 5972 posita
799 5895 1078 5971 opinione,
1134 5895 1263 5960 tum
1310 5901 1520 5962 scilicet
1551 5903 1759 5960 Eusebii

1874 4770 1967 4830 59.

1873 4925 2045 4982 usque
2092 4913 2158 4966 ad
2213 4927 2413 4967 annum
2469 4914 2662 4968 saltem
2715 4914 2832 4979 100,
2875 4915 3190 4982 productas,
3249 4927 3476 4970 necesse

1874 4981 2063 5038 habuit
2090 4984 2430 5040 Fontaniuus
2459 4987 2771 5057 excogitare
2793 5029 2806 5048 ,
2841 4981 2904 5040 ac
2953 4988 3119 5043 veluti
3165 4989 3369 5056 scripto
3395 4988 3473 5056 gi;

1871 5070 2041 5123 gnere
2074 5057 2296 5110 tertium
2339 5057 2576 5126 aliquem
2631 5056 2920 5111 Chromatii
2972 5059 3195 5114 fratrem
3250 5073 3474 5126 prorsus

1874 5128 2116 5196 ignotum
2144 5139 2240 5208 ,'et
2274 5127 2417 5181 hunc
2450 5130 2943 5210 propterea-adhuc
2977 5147 3292 5210 aiioiiynium
3318 5129 3470 5210 dici:-

1873 5212 1968 5262 t‘e;
1999 5199 2068 5252 de
2092 5198 2248 5266 cujus
2279 5201 2622 5264 dormitione,
2655 5201 2837 5265 potius
2867 5217 3030 5269 quam
3059 5198 3297 5264 Eusebii,
3335 5201 3473 5255 seri»

1871 5269 2906 5351 ρξθιιίι111θτοηγιιιιιξωηο-596500
2963 5273 3075 5351 lucc
3131 5273 3300 5351 gratis
3347 5288 3467 5351 οηιῖ

1877 5340 2010 5424 {illm
2036 5340 2478 5424 vii'_c;etertrquin
2505 5343 2912 5424 et'udillissimus
2935 5387 2949 5409 ,
2969 5340 3155 5413 deque
3173 5345 3276 5399 huc
3299 5343 3468 5424 sancti

1875 5408 2563 5486 ChromatiiAquileiensis
2589 5417 2829 5486 episcopi
2865 5408 3192 5485 arguim'nto
3237 5415 3472 5468 meritis-

1871 5484 2186 5566 δίψης-,Πιλιί
2215 5488 2388 5539 citato
2415 5489 2669 5566 superius
2694 5484 2814 5542 loco
2847 5484 3017 5566 fusius
3041 5487 3388 5566 _lle;ltunbe_is..

1947 5553 2025 5636 ζα)
2056 5555 2151 5610 llic
2179 5571 2392 5636 quoque
2415 5553 2722 5636 Fo‘ntanino
2752 5559 3081 5636 contradicit
3107 5560 3180 5611 De
3222 5556 3420 5636 Rubeis
3451 5570 3464 5616 ;

1871 5625 1964 5707 qui
1995 5637 2240 5707 sanctum
2284 5627 2637 5707 Chromatium
2664 5631 2790 5707 jam
2814 5633 3195 5707 presbyterum
3221 5626 3424 5707 asserit
3452 5666 3465 5688 ,

1869 5697 1995 5752 dum
2029 5698 2420 5778 Ruliuusanno
2451 5703 2548 5756 571
2580 5697 3169 5778 aut3721lmptismum
3205 5697 3466 5778 Aquileia:

1868 5772 2141 5840 suscepit;
2172 5772 2262 5852 q'ui
2292 5773 2456 5852 etiam
2491 5789 2521 5827 a
2573 5783 2762 5852 sancto
2795 5771 3090 5852 Ch'reutatio
3136 5770 3464 5852 baptismum

1869 5839 2168 5922 a‘ccepisse;
2196 5839 2456 5922 Ruﬁnum
2484 5845 2784 5922 CQllltln‘Iijl.
2817 5843 3082 5899 Videatur
3123 5841 3312 5896 eadem
3343 5839 3467 5892 Iliso

1867 5907 2079 5966 senuit»
2101 5913 2320 5980 ibidem,
2345 5914 2467 5986 pag.
2494 5915 2552 5968 11
2578 5923 2635 5970 et
2667 5909 2765 5984 12.
