4056 6340
236 289 328 374 zst

1336 315 1530 378 JUSTI
1570 315 1944 380 FONTANINI
1989 317 2450 384 DILUCIOATIO.

3453 319 3561 389 582

231 436 493 508 funditur.
532 435 730 492 [nituit
765 437 971 512 primos
1002 437 1327 505 Quadorum,
1368 448 1420 493 ct
1454 437 1852 492 lllarcomanno-
1886 441 1936 512 Α
1965 453 2128 494 mone
2161 440 2524 504 transferret,
2563 438 2975 507 Paralipomeua
3025 437 3319 492 Chromatio
3361 419 3562 492 direxit

229 547 337 583 rum
360 528 637 588 incursus
657 531 712 585 in
740 541 982 586 nostram
1003 530 1318 594 Venetiam,
1351 533 1609 602 perruptis
1633 532 1854 602 Alpibus

229 619 424 686 Juliis;
459 625 607 676 unde
647 633 772 678 tunc
810 623 1046 696 Aquileia
1076 625 1301 689 obsessa,
1335 634 1383 678 et
1411 623 1737 697 Opitergium
1765 641 1856 678 er-

229 715 388 768 cisum
435 725 540 778 est,
603 725 752 772 teste
801 719 1090 773 Ammiano
1121 719 1216 772 lib.
1272 735 1422 785 χχιι,
1470 733 1592 788 cap.
1625 719 1677 774 5.
1729 718 1852 773 Ha-c

228 805 497 869 Gratiano
549 809 813 881 Augusm
866 828 924 866 tu
960 821 1015 868 et
1064 811 1283 884 Equitio
1329 813 1642 867 consulibus
1675 815 1739 867 A.
1783 812 1847 866 D.

227 899 327 953 574
358 901 688 976 eontigisse
731 904 1116 961 animadvertit
1145 905 1411 966 Henricus
1433 904 1688 962 Valesius
1715 924 1728 962 :
1760 921 1853 960 eo-

224 995 466 1064 demque
518 998 750 1054 excidio
805 999 976 1055 ltalize
1033 1001 1386 1068 imminente,
1439 1001 1849 1056 Valentinianus

224 1088 414 1144 senior
453 1086 766 1160 Liquenlia:
808 1104 1026 1163 pontem
1062 1094 1114 1148 in
1160 1110 1293 1162 agro
1320 1094 1638 1166 Opitergina
1684 1111 1850 1166 repa-

221 1183 456 1239 randum
490 1197 804 1242 curaverat
836 1192 898 1242 Α.
931 1188 995 1242 D.
1025 1187 1155 1256 570,
1188 1188 1307 1260 lege
1335 1188 1390 1254 ἓ,
1425 1190 1509 1244 tit.
1547 1190 1633 1253 10,
1666 1189 1760 1244 lib.
1795 1205 1848 1244 xi

221 1277 440 1336 Codicis
473 1279 881 1340 Theodosiatti.

288 1373 384 1429 Π.
431 1373 837 1446 HierOnymus,
867 1373 1165 1430 Chromatio
1201 1385 1257 1430 et
1290 1375 1599 1444 Heliodoro,
1634 1377 1850 1448 cpisco-

224 1465 327 1534 pis,
361 1465 570 1520 librum
613 1466 974 1522 Chaldaicum
1017 1469 1202 1522 Tobias
1242 1467 1435 1525 Latine
1472 1470 1648 1535 reddi,
1681 1471 1748 1523 ab
1787 1488 1846 1526 se

223 1560 612 1632 flagitantibus
640 1604 655 1626 ,
691 1561 854 1616 unius
881 1561 990 1616 diei
1022 1561 1208 1617 labore
1238 1563 1445 1632 paruit,
1481 1561 1703 1618 liomiue
1729 1563 1846 1634 ejus

219 1653 416 1722 lingum
443 1651 640 1722 perito
661 1652 766 1708 sibi
797 1652 1018 1708 Librum
1037 1653 1290 1710 hebraice
1309 1655 1648 1722 dictante,ut
1678 1658 1839 1727 epist.

224 1744 319 1800 110
344 1747 408 1800 Δ.
443 1748 508 1802 D.
542 1746 659 1802 590
684 1748 888 1816 scripta
915 1761 1013 1801 nos
1043 1747 1242 1802 docet:
1278 1746 1488 1816 Mirari,
1521 1750 1714 1820 inquit,
1740 1766 1842 1803 non

1959 533 2021 584 A.
2059 532 2118 586 D.
2153 533 2278 598 597,
2315 533 2366 587 itt
2405 531 2562 602 cujus
2599 531 2720 586 libri
2758 531 3028 586 vestibulo
3057 531 3239 601 eli-gio
3269 531 3562 601 magnifico

1958 623 2112 678 illum
2154 625 2450 692 extollens,
2494 633 2654 680 vocat
2681 624 3039 696 episcoporum
3075 623 3452 678 sanctissimum
3481 630 3560 676 at-

1955 735 2052 788 que
2088 717 2458 772 doctissimum.
2494 719 2682 773 Sixttts
2721 717 2985 772 Senensis
3017 717 3140 771 huic
3171 716 3353 787 elogio
3384 715 3452 770 ab
3495 730 3555 772 se

1954 813 2184 866 recitato
2230 813 2280 866 in
2323 813 2466 867 libro
2510 829 2560 866 iv
2590 812 2948 867 Bibliotheca:
2971 809 3084 878 fde
3116 826 3216 866 suo
3261 809 3410 866 addit
3440 811 3557 865 haec

1954 905 2160 959 verba:
2191 904 2330 974 quod
2369 921 2490 958 raro
2534 905 2826 958 invsuitur:
2863 920 2979 956 mvo
3027 913 3211 957 tamen
3253 901 3398 958 Sixti
3440 901 3555 957 for-

1955 1006 2119 1059 tasse,
2149 1013 2256 1052 non
2287 997 2593 1052 Chromatii.
2629 999 2992 1070 Hieronymus
3023 999 3074 1052 in
3108 998 3248 1052 libro
3279 1013 3316 1052 tt
3350 997 3555 1066 Apolo-

1951 1091 2052 1163 gite
2080 1095 2128 1152 1,
2157 1108 2314 1162 quam
2344 1093 2406 1146 A.
2439 1093 2498 1146 D.
2530 1093 2636 1149 400
2665 1094 2923 1164 scriptam
2952 1093 3294 1158 docebimus,
3327 1091 3552 1148 easdem

1951 1202 2232 1241 sacrorum
2273 1185 2606 1240 voluminum
2651 1187 2718 1240 ab
2757 1201 2816 1241 se
2853 1185 3022 1241 factas
3061 1185 3554 1256 interpretationes

1953 1281 2020 1336 ita
2053 1291 2453 1335 commemorat
2481 1299 2494 1336 :
2516 1279 2580 1335 In
2597 1281 2728 1335 libro
2743 1279 3076 1352 Ternporum,
3102 1281 3156 1334 id
3178 1289 3252 1334 est
3269 1277 3552 1348 Paralipo-

1952 1394 2155 1444 menon,
2199 1375 2266 1430 atl
2293 1385 2525 1430 sanctum
2577 1374 2932 1430 Chromatium
2979 1374 3381 1448 praefatiuncula
3425 1390 3550 1428 usus

1949 1487 2083 1523 sum.
2136 1469 2197 1524 Et
2239 1469 2399 1537 paulo
2447 1477 2606 1535 post:
2646 1470 2946 1523 Salomonis
2990 1470 3147 1524 etiam
3195 1469 3376 1534 libros,
3421 1483 3551 1539 quos

1949 1561 2070 1614 olim
2099 1560 2289 1614 additis
2315 1559 2472 1614 obelis
2486 1571 2531 1613 et
2554 1561 2811 1615 asteriscis
2842 1561 2895 1613 in
2915 1559 3161 1614 Latinum
3192 1569 3460 1624 verteram,
3486 1576 3550 1613 ea:

1957 1655 2205 1710 Hebraico
2258 1661 2608 1727 transferens,
2669 1665 2714 1710 et
2763 1656 3005 1709 dedicans
3055 1656 3244 1710 sanctis
3293 1653 3548 1724 episcopis

1947 1749 2246 1805 Chromatio
2296 1761 2342 1805 et
2391 1750 2700 1804 Heliodoro.
2752 1749 2842 1804 Hm
2885 1749 3112 1821 singula!
3160 1747 3544 1819 prtefationes,

219 1841 391 1893 desino
419 1840 729 1894 ea‘actionis
758 1850 939 1895 vestra:
979 1841 1296 1894 instantiam.
1341 1840 1566 1912 Exigitis
1598 1844 1751 1907 enim,
1788 1853 1842 1896 ut
1873 1852 1920 1912 B
1948 1844 2138 1900 iisdem
2160 1845 2313 1900 libris
2335 1843 2870 1914 pr:elix:e,similiter
2893 1851 3106 1898 exstant
3134 1858 3256 1896 cum
3282 1842 3547 1912 Hierony-

216 1931 424 1986 Librum
455 1931 725 1987 Chaldaeo
744 1949 978 1988 sermone
1003 1935 1358 2005 conscriptum
1387 1935 1454 1988 ad
1478 1934 1719 1989 Latinum
1734 1946 1843 2007 sty-

216 2027 320 2080 lum
345 2026 583 2083 trahunt.
621 2027 690 2082 Et
713 2037 838 2096 post
861 2043 1030 2100 pauca
1059 2046 1069 2081 :
1101 2028 1262 2102 114.
1282 2026 1408 2082 Feri
1432 2030 1559 2084 satis
1581 2029 1840 2084 desiderio

217 2132 372 2174 vestro
402 2163 416 2184 ,
473 2137 585 2173 non
642 2129 814 2174 tamen
872 2139 982 2175 meo
1023 2107 1220 2175 studio.
1275 2122 1515 2195 Arguunt
1565 2123 1699 2177 enim
1748 2139 1840 2176 nos

221 2215 568 2270 Hebra’orunt
595 2216 803 2280 studia,
821 2224 865 2270 et
892 2217 1147 2285 imputant
1177 2216 1344 2285 nobis,
1367 2226 1546 2270 contra
1571 2233 1724 2271 suum
1753 2233 1838 2271 ca-

216 2323 393 2362 nonem
421 2307 641 2362 Latinis
670 2304 883 2362 auribus
907 2310 1009 2363 ista
1039 2312 1336 2380 transferre.
1372 2309 1480 2366 Sed
1506 2309 1690 2364 melius
1731 2326 1840 2364 esse

209 2401 456 2468 judicans
490 2400 902 2465 Pharistzorum
934 2404 1207 2476 displicere
1224 2404 1454 2475 judicio,
1494 2419 1538 2458 et
1572 2407 1841 2475 episcopo-

218 2510 325 2546 rum
344 2495 690 2567 jussionibus
715 2496 992 2559 deservire,
1019 2497 1184 2549 institi
1214 2506 1266 2549 ut
1295 2497 1457 2561 potui.
1484 2497 1723 2553 Tandem
1754 2497 1839 2552 his

218 2586 398 2641 verbis
443 2586 715 2656 epistola:
759 2589 922 2641 linem
971 2587 1245 2655 imponit:
1283 2587 1616 2644 Orationibus
1659 2589 1836 2644 vestris

216 2680 500 2736 mercedem
531 2681 700 2758 hujus
753 2681 925 2751 aperis
957 2681 1299 2751 compensabo
1318 2725 1330 2746 ,
1365 2699 1484 2738 cum
1511 2693 1715 2755 gratum
1746 2701 1830 2739 vo-

219 2774 291 2827 bis
317 2775 581 2844 didicero,
621 2790 726 2841 me,
757 2775 895 2842 quod
923 2775 1100 2844 iubere
1127 2777 1248 2830 estis
1280 2775 1499 2846 dignati,
1531 2779 1832 2847 complesse.

217 2867 292 2921 Ad
328 2869 444 2923 lizec
487 2869 889 2941 Hieronymus,
921 2879 1154 2941 utroque
1195 2871 1430 2939 przesule
1463 2871 1736 2935 hortante,
1782 2881 1836 2927 et

216 2961 475 3028 pecunias
501 2962 753 3018 librariis
785 2962 1110 3032 erogandas,
1135 2975 1190 3018 ut
1223 2963 1510 3018 nonnullos
1537 2966 1835 3034 pt'oiiltetas

215 3055 639 3110 Commentariis
671 3057 1005 3120 illustraret,
1060 3058 1364 3112 liberaliter
1404 3058 1791 3127 suppeditante
1814 3100 1826 3124 ,

215 3153 588 3210 VJlL'l'Idlllem
633 3164 891 3208 causatus
915 3195 930 3219 ,
967 3153 1260 3210 Proverbia
1284 3197 1298 3220 ,
1336 3155 1734 3222 Ecclesiasten,
1779 3163 1833 3209 et

1946 1937 2140 1992 mianis
2168 1939 2416 2008 epismlis
2447 1937 2744 1992 secundum
2776 1937 3021 1991 ordinem
3059 1935 3281 1990 Mariani
3316 1934 3543 1989 Victorii

1947 2032 2072 2099 107,
2108 2035 2230 2099 lli),
2265 2033 2383 2088 115.
2425 2032 2666 2102 Denique
2701 2031 2887 2088 Sixtus
2918 2030 2957 2084 ν
2993 2029 3235 2100 pontifex
3271 2029 3546 2084 maximus

1944 2125 1995 2179 in
2029 2124 2346 2195 przefatione
2377 2123 2703 2188 Bibliorttm,
2745 2120 2933 2174 Roma:
2961 2120 3238 2174 editorum
3273 2119 3410 2189 typis
3443 2117 3546 2171 Va-

1945 2220 2140 2275 ticanis
2166 2219 2231 2273 A.
2270 2220 2328 2273 D.
2365 2218 2524 2282 1590,
2558 2215 2911 2272 Chromatium
2941 2213 3092 2285 partit
3113 2215 3256 2268 inter
3280 2212 3546 2266 sanctissi-

1943 2331 2050 2368 mos
2087 2313 2381 2386 episwpos,
2436 2311 2526 2382 qui
2577 2310 2968 2381 Hieronymum
3020 2308 3086 2363 de
3133 2307 3541 2377 Scripturarum

1941 2407 2074 2463 locis
2100 2407 2514 2464 consuluerunt.

2010 2499 2075 2554 γ.
2108 2501 2308 2554 Doctor
2335 2500 2606 2554 maximus
2642 2501 2692 2550 in
2723 2497 2888 2567 epist.
2916 2495 3005 2561 42,
3037 2495 3175 2550 alias
3205 2496 3297 2562 66,
3332 2495 3397 2550 ad
3431 2495 3543 2550 Ru-

1939 2595 2100 2664 ﬁnum
2131 2595 2329 2664 scripta
2368 2597 2427 2645 Α.
2480 2593 2542 2646 D.
2589 2591 2693 2647 599
2722 2592 2804 2645 sic
2843 2590 3086 2660 loquitur
3127 2588 3194 2643 de
3219 2587 3542 2643 Pattliniano

1938 2687 2107 2746 fratre
2150 2704 2268 2754 suo,
2300 2703 2460 2756 quem
2509 2687 2559 2741 in
2603 2685 2927 2742 Dalmatiam
2953 2682 3303 2738 transfretare
3336 2695 3544 2753 praece-

1939 2791 2095 2850 perat
2137 2800 2149 2836 :
2203 2778 2393 2834 Frater
2436 2796 2578 2834 meus
2619 2777 2968 2833 Paulinianus
3007 2779 3224 2834 necdum
3275 2778 3338 2830 de
3373 2778 3543 2847 patria

1937 2890 2169 2929 reversus
2193 2885 2266 2928 est
2290 2891 2309 2930 :
2333 2885 2382 2929 et
2407 2883 2528 2944 puto
2553 2873 2692 2946 quod
2718 2890 2831 2925 eum
2864 2872 3115 2945 Aquileia:
3137 2871 3279 2942 apud
3307 2879 3542 2924 sanctum

1937 2989 2125 3043 papam
2140 2971 2489 3028 Chromatium
2505 2970 2764 3026 videris.“
2776 2969 2954 3024 tifinus
2968 2969 3224 3028 bieuunio
3240 2968 3400 3022 citius
3416 2983 3542 3028 cum

1936 3065 2160 3119 Melania
2179 3081 2244 3120 ex
2271 3064 2492 3118 Oriente
2520 3079 2793 3128 reversus,
2823 3062 3087 3131 Aquileia:
3122 3059 3264 3129 apud
3292 3059 3541 3113 Chroma-

1933 3158 2059 3210 tium
2089 3158 2285 3213 morari
2311 3157 2678 3222 intellexerat,
2696 3164 2983 3228 postquam
3003 3152 3254 3223 Origenis
3275 3152 3444 3205 libros
3462 3149 3526 3203 de

214 3245 434 3304 Cantica
457 3291 471 3312 .
508 3247 701 3303 triduo
728 3248 798 3302 ab
830 3265 888 3304 se
919 3247 1111 3304 Latine
1155 3250 1420 3320 explicata
1447 3291 1462 3316 ,
1505 3250 1571 3304 ad
1605 3250 1825 3306 eosdem
1857 3245 1900 3308 C
1939 3250 2095 3322 115
2115 3247 2388 3321 Principiis
2406 3249 2642 3302 Romana
2660 3249 2878 3302 civitate
2895 3243 3527 3312 donasset,undeipsum

215 3343 520 3397 transmisit
557 3363 572 3396 :
607 3339 813 3412 Jungat
851 3343 1102 3413 epistola,
1151 3344 1329 3413 inquit
1375 3343 1427 3396 itt
1475 3343 1792 3412 prmfationc
1818 3387 1834 3410 ,

212 3451 335 3502 quos
378 3436 570 3507 jungit
623 3435 1010 3498 sacerdotium;
1057 3437 1212 3487 immo
1260 3436 1438 3489 charta
1489 3454 1590 3492 non
1639 3437 1834 3491 dividat

212 3542 334 3590 quos
359 3524 562 3580 Christi
594 3529 750 3578 nectit
779 3543 944 3580 amor.
967 3525 1375 3582 Connneutarios
1401 3530 1450 3582 in
1474 3528 1624 3593 Osce,
1655 3532 1827 3594 Amos,

213 3616 552 3684 Zachariam,
587 3617 933 3681 Malachiam,
968 3637 1096 3689 quos
1134 3622 1346 3691 poscitis
1371 3665 1382 3684 ,
1413 3624 1754 3686 scripsissem.
1789 3626 1833 3679 si
1883 3669 1890 3676 .

214 3715 439 3767 licuisset
487 3729 602 3782 prae
645 3714 958 3768 valetudine.
1009 3714 1215 3769 Mittitis
1262 3717 1450 3768 solatia
1493 3729 1832 3786 smuptuum:

215 3808 442 3866 notarios
471 3817 684 3863 nostros
712 3819 758 3862 et
787 3808 1024 3866 librarios
1055 3811 1378 3875 sttstcntalis,
1414 3821 1464 3864 ut
1504 3811 1645 3866 vobis
1673 3814 1828 3882 potis-

211 3900 397 3954 simum
437 3911 681 3960 nostrqu
727 3901 942 3956 desudat
982 3902 1266 3973 ingenium.
1309 3901 1378 3956 Et
1422 3921 1536 3960 erce
1577 3923 1639 3959 ex
1669 3907 1832 3961 latere

213 3995 447 4062 frequens
477 3994 634 4047 turba
664 3993 868 4048 diversa
896 3995 1258 4065 poscentium;
1293 3997 1444 4063 quasi
1496 4009 1586 4051 aut
1627 4015 1829 4069 (equum

217 4087 300 4149 sit,
333 4104 446 4151 me,
478 4085 624 4141 vobis
668 4086 1032 4154 esurientibus,
1067 4089 1186 4142 aliis
1227 4089 1499 4154 laborare;
1535 4101 1626 4143 aut
1664 4091 1715 4143 in
1746 4109 1827 4144 ra-

216 4180 352 4236 tione
397 4182 508 4236 dati
549 4190 598 4236 et
628 4182 847 4252 accepti,
895 4182 1154 4251 cuiquam,
1188 4195 1375 4254 praeter
1423 4200 1529 4248 vos,
1576 4184 1827 4242 obnoxius

212 4274 332 4330 sim.
364 4275 550 4346 Itaque
579 4275 738 4345 longa
765 4275 1102 4346 aegrotatione
1129 4279 1352 4346 fractus,
1388 4293 1449 4330 ne
1485 4279 1688 4346 penitus
1731 4279 1828 4331 hoc

214 4383 353 4420 anno
382 4368 669 4434 reticerem,
703 4376 751 4422 et
776 4369 918 4438 apud
960 4385 1048 4422 vos
1076 4378 1249 4424 mutus
1276 4385 1454 4436 essent,
1502 4369 1662 4422 tridui
1695 4387 1825 4438 opus

212 4462 408 4518 nomini
460 4472 633 4518 vestro
689 4463 1017 4528 consecravi,
1071 4462 1546 4533 interpretationem
1592 4463 1824 4522 videlicet

208 4556 366 4609 trium
416 4555 723 4611 Salomonis
767 4556 1105 4610 voluminum.
1161 4555 1256 4610 His
1311 4554 1530 4611 vixdum
1586 4557 1824 4626 peractis

1942 3345 2080 3397 inter
2097 3353 2152 3398 et
2179 3342 2562 3414 Hieronymum
2593 3356 2784 3411 graves
2815 3339 3121 3394 simultates
3149 3348 3357 3392 coortae
3387 3345 3537 3391 sunt.

1937 3436 2194 3492 Testatur
2222 3437 2591 3506 Hieronymus
2612 3435 2666 3489 in
2689 3434 2948 3504 Apologia
2969 3439 3164 3486 contra
3188 3431 3443 3484 Rufinum
3476 3427 3540 3481 li-

1938 3533 2036 3588 bro
2064 3548 2098 3586 tt
2123 3532 2498 3598 Clu-antatium,
2517 3547 2674 3601 quem
2710 3539 2824 3601 post
2853 3529 3203 3584 Anastasium
3229 3525 3537 3582 ilotttanttm

1939 3624 2279 3693 pontificem,
2314 3624 2524 3694 magnis
2550 3623 2794 3678 Orientis
2825 3631 2881 3677 et
2907 3620 3213 3676 Occidentis
3245 3627 3528 3688 metropo-

1936 3719 2070 3784 litis,
2102 3716 2413 3785 Tlieopbilo
2456 3715 2852 3780 Alexandrino,
2885 3725 2940 3769 et
2991 3713 3228 3768 Venerio
3274 3710 3538 3764 Mediola-

1936 3811 2089 3864 uonsi
2123 3808 2428 3879 conjungit,
2471 3809 2523 3862 iu
2555 3824 2668 3860 sua:
2705 3807 3084 3874 illell'Optilt‘OS
3115 3814 3392 3860 conventu
3441 3818 3538 3872 po-

1931 3902 2082 3974 pulis
2126 3903 2232 3956 sibi
2262 3902 2525 3972 subjectis
2553 3900 2809 3969 Origenis
2864 3913 3082 3955 errores
3129 3897 3529 3954 denuntiasse:

1933 3993 2098 4060 Ergo,
2135 3993 2327 4062 inquit,
2360 3992 2496 4046 beati
2535 3991 2766 4059 cpiswpi
2797 3990 3138 4054 Anastasius,
3192 3987 3532 4061 Theophilus,

1931 4098 1975 4137 et
2019 4085 2289 4148 Venerius,
2337 4094 2386 4138 et
2416 4083 2771 4147 Chromatius,
2814 4093 2860 4136 et
2916 4083 3084 4135 omnis
3123 4092 3226 4134 tam
3276 4080 3530 4142 Orientis,

1931 4194 2086 4249 quam
2118 4176 2415 4230 Occidentis
2455 4174 2840 4230 Catholicorunt
2869 4174 3120 4245 synodus,
3151 4174 3239 4244 qui
3270 4173 3386 4245 pari
3421 4189 3532 4225 sen-

1930 4269 2110 4335 tentia,
2143 4272 2266 4341 quia
2297 4271 2410 4338 pari
2447 4271 2660 4341 spiritu,
2703 4270 2849 4324 illum
2880 4267 3182 4322 hwreticum
3219 4267 3531 4322 denuntiant

1929 4365 2157 4435 populis,
2187 4367 2324 4428 fures
2358 4362 2605 4416 librorum
2629 4363 2771 4415 illius
2791 4360 3078 4433 judicandi
3108 4359 3267 4412 sunt?
3292 4357 3530 4412 Anasta-

1930 4459 2045 4512 sius
2089 4456 2335 4529 pontifex
2369 4457 2420 4514 in
2452 4455 2683 4528 epistola
2715 4455 2780 4508 ad
2821 4455 3086 4507 Joannem
3137 4449 3530 4522 Hierosolymi-

1930 4561 2112 4606 tanum
2143 4550 2283 4620 apttd
2315 4549 2611 4610 Baronium
2643 4551 2710 4605 A.
2748 4550 2810 4602 D.
2840 4546 2968 4612 405,
3003 4544 3030 4618 §
3059 4545 3129 4602 96
3156 4555 3210 4600 et
3239 4560 3393 4615 seqq.
3423 4543 3522 4608 ait,

205 4649 272 4701 Α.
309 4647 371 4701 D.
399 4647 507 4704 592
536 4649 1000 4703 commentarium
1045 4649 1097 4702 in
1144 4648 1390 4712 Abaeur,
1421 4649 1634 4703 duobus
1667 4649 1821 4706 libris
1853 4637 1900 4695 Ι)
1929 4664 1988 4701 se
2017 4646 2362 4718 Origeoiana:
2406 4645 2759 4698 damnationis
2803 4643 3079 4712 epistolam
3125 4639 3377 4711 fratribus
3418 4639 3528 4694 suis

204 4739 530 4798 distinctum
559 4740 860 4797 Chromatio
884 4740 1137 4808 donavit,
1156 4757 1317 4814 quem
1351 4743 1405 4798 in
1429 4743 1660 4813 prologo
1686 4743 1780 4799 lib.
1806 4759 1821 4798 ι

204 4815 976 4906 ρρίεεοροηιηιᾝοεϐἰσιίηιιεηι
1019 4845 1201 4891 vocat.
1247 4835 1303 4892 In
1352 4837 1579 4909 prologo
1632 4847 1816 4896 autem

203 4932 302 4987 lib.
342 4949 378 4989 tt
409 4949 563 5008 papa:
593 4934 899 4988 venerabilis
930 4937 1207 5004 pra-conio
1238 4934 1614 4999 commendat,
1659 4948 1816 4988 eum-

202 5026 441 5100 demque
470 5045 680 5083 carnem
718 5028 904 5083 virtute
956 5045 1230 5098 superasse
1276 5037 1526 5083 testatur.
1571 5026 1815 5083 Subinde

194 5130 445 5190 rogatus,
485 5131 541 5177 ut
565 5130 802 5178 caeteros
823 5121 1122 5190 Scriptum
1153 5123 1323 5179 libros
1352 5139 1417 5178 ex
1440 5122 1678 5178 Hebr-mo
1696 5137 1813 5176 ser-

277 5301 352 5375 (a)
393 5302 746 5375 Nequaquam
790 5302 843 5356 in
885 5301 1156 5357 Anastasii
1187 5302 1420 5375 epistola
1465 5300 1605 5375 apud
1639 5300 1804 5354 Bara-

202 5373 352 5429 niiim
385 5377 505 5429 loco
529 5376 605 5428 cit
624 5383 700 5426 ito
731 5374 846 5428 haec
869 5375 1030 5428 verba
1054 5375 1326 5444 leguntur.
1351 5373 1803 5427 Animatlvertere

199 5447 385 5518 potius
428 5445 814 5518 debuissetﬂcl.
851 5446 1068 5518 praesul,
1122 5458 1282 5518 prout
1326 5446 1529 5500 tliSCt‘it:
1583 5444 1798 5518 l'aeitin

196 5517 304 5572 hac
331 5519 522 5572 eadem
555 5532 652 5570 sua
695 5514 1311 5588 Hist.’Litterarquuil.
1342 5518 1436 5570 lib.
1465 5533 1516 5582 v,
1548 5514 1796 5588 Caudi),

198 5606 354 5644 num.
388 5590 444 5655 ‘2,
480 5591 874 5658 interpolatum
905 5587 1073 5642 fuisse
1107 5585 1211 5644 hoc
1234 5591 1337 5643 loci
1369 5605 1395 5641 a
1428 5588 1636 5642 Joanne
1669 5585 1805 5658 Gar-_-

199 5664 379 5726 nerio,
416 5662 550 5715 licet
576 5655 785 5730 alisque
812 5659 918 5712 ulla
949 5659 1254 5730 decipiendi
1285 5660 1563 5715 voluntate
1586 5703 1598 5723 ,
1627 5655 1807 5713 sancti

199 5733 361 5792 Fatue
412 5733 714 5800 Epistulam
772 5730 838 5785 ad
878 5730 1141 5786 Joannem
1203 5731 1801 5802 Hicrosnlymitanunt;

199 5804 344 5879 unde
379 5803 629 5879 nonnulli
653 5803 1259 5879 -pctlperam‘prtndicta
1297 5804 1484 5879 verba,
1516 5818 1638 5873 (pia:
1678 5817 1806 5879 sill!-

198 5875 460 5951 pletnenti
520 5871 700 5952 gratia
748 5871 1053 5933 Garneriiis
1110 5876 1356 5947 inseruit,
1414 5871 1805 5952 progenuiuis

1939 4742 2154 4798 Venerio
2182 4753 2227 4797 et
2260 4741 2558 4796 Chromatio
2586 4739 2856 4814 scripsisse
2889 4736 2989 4810 (α).
3027 4736 3101 4790 De
3123 4736 3223 4790 bac
3256 4731 3526 4803 Epistola,

1924 4837 2101 4907 doque
2133 4836 2230 4891 illo
2258 4831 2563 4892 Chromatii
2595 4842 2870 4888 conventu
2897 4829 3210 4886 accuratius
3239 4841 3395 4898 agam
3427 4825 3524 4881 lib.

1921 4949 1974 4998 v,
2017 4949 2137 5000 cap.
2184 4932 2272 4986 l9.
2326 4931 2614 5000 Nunquam
2658 4936 2843 4983 tamen
2885 4925 3220 4981 Chrmnatius
3263 4939 3293 4977 a
3339 4920 3524 4976 Rufini

1918 5025 2304 5080 Communioiie
2332 5033 2387 5078 et
2414 5039 2600 5076 amore
2635 5020 2911 5086 discessit,
2943 5018 3152 5089 ipsique
3193 5017 3526 5086 Hieronymo

1919 5118 2000 5174 sic
2058 5117 2311 5182 adlucsit,
2367 5126 2425 5170 ut
2478 5131 2698 5185 semper
2753 5115 3037 5184 utriusque
3095 5109 3520 5176 amantissimus,

1910 5297 2084 5350 sancti
2135 5294 2406 5364 pontificis
2455 5305 2806 5365 acceperunt.
2853 5296 3125 5350 Caeterum
3163 5294 3308 5365 nulla
3345 5292 3516 5365 hujus

1912 5362 2251 5422 traustnissa:
2303 5362 2665 5440 Damnationis
2719 5367 2981 5440 Origenis,
3029 5367 3174 5440 nulla
3223 5362 3513 5440 Chromatii

1913 5442 2120 5495 tnuntio
2174 5441 2224 5491 in
2276 5439 2376 5491 liae
2426 5439 2677 5506 epistola,
2727 5435 2903 5509 neque
2935 5441 3075 5508 apud
3129 5435 3509 5509 Constantium

1914 5511 2169 5582 Epistula?
2205 5502 2556 5564 Romanorum
2605 5502 2915 5576 Pontificum
2954 5502 3060 5563 col.
3093 5507 3197 5582 728
3231 5505 3373 5582 filii.
3411 5502 3509 5554 Ρσι-

1914 5573 2034 5638 ris.
2069 5598 2244 5650 neque
2275 5585 2417 5634 inter
2437 5582 2611 5650 Opera
2641 5583 2699 5637 S.
2729 5573 3202 5652 Hieronvmiiedit.
3231 5573 3508 5652 Veronen-

1913 5656 1991 5710 sis
2024 5649 2291 5708 Dominit'i
2317 5649 2571 5707 Vallarsii
2601 5665 2747 5706 tomo
2774 5670 2829 5714 ll,
2863 5654 2971 5706 col.
3002 5649 3332 5724 58_(_l.__neque
3362 5649 3503 5724 inter

1907 5727 2085 5794 Opera
2114 5725 2286 5778 Rufini
2318 5725 2685 5795 Aquileiensis
2715 5725 2784 5778 ab
2815 5725 3024 5795 eodeni
3056 5714 3319 5773 Vallarsio
3357 5714 3502 5795 edita

1906 5783 2012 5853 col.
2066 5797 2189 5851 Ml.
2247 5783 2545 5851 Videantur
2593 5796 2880 5860 utrobique
2929 5791 3211 5844 Editorum
3268 5783 3501 5843 eruditas

1909 5869 2281 5926 Annotationcs
2308 5868 2374 5923 ad
2404 5868 2547 5924 hunc
2570 5867 2822 5922 eumdem
2857 5866 3056 5918 locum.
