4056 6340
565 338 672 398 385

1522 336 1612 394 DE
1649 336 1706 395 S.
1748 333 2152 394 CHROMATIO
2191 332 2408 392 EPISC.
2450 334 2917 406 AQUILEIENSI.

3739 337 3835 398 584

557 476 778 549 utrique
805 490 991 546 carus,
1027 483 1210 535 tantos
1243 476 1395 533 viros
1436 475 1488 531 in
1520 473 1880 531 cbristianam
1922 487 2157 530 concor-
2181 474 2235 535 Α
2259 472 2330 528 sis
2356 472 2542 543 feralis
2595 473 2742 528 exitii
2787 472 3072 528 remedium
3112 487 3370 543 quarens,
3403 489 3497 544 per
3539 474 3675 544 quod
3701 489 3838 548 tegrte

564 568 711 625 diam
744 569 998 642 redigere
1027 585 1125 641 pro
1162 569 1314 626 virili
1341 568 1643 633 studuerit;
1678 583 1801 622 nam
1830 577 1884 624 et
1916 581 2162 623 commo-

566 661 687 716 nuit
718 661 1129 733 Hieronymum,
1165 669 1223 716 ut
1251 661 1461 717 acerba:
1489 658 1829 715 contentioni
1863 658 2023 714 linem
2055 659 2158 714 im-

563 766 817 826 poneret,
867 755 1230 827 Rulinumque
1277 753 1562 827 Aquileiae,
1613 763 1674 809 ut
1713 752 1848 820 dixi,
1905 753 2050 824 apud
2098 767 2158 809 se

562 850 954 918 diversantem,
979 851 1047 906 ad
1071 851 1177 906 alia
1207 850 1471 914 traduxit,
1493 849 1707 921 jussum
1732 847 2029 905 Historiam
2054 847 2158 904 Ec-

563 944 930 1002 clesiasticam
959 944 1181 1002 Eusebii
1211 943 1584 1001 Caesareensis
1613 944 1823 1001 Latinis
1849 943 2034 1000 verbis
2059 957 2154 998 ac-

561 1040 935 1096 commodare.
970 1040 1207 1095 Primum
1232 1039 1360 1096 illud
1384 1039 1452 1095 de
1481 1055 1540 1095 se
1564 1039 1766 1096 fatetur
1791 1039 2156 1112 Hieronymus

560 1131 615 1188 in
647 1133 907 1205 Apologia
936 1134 992 1201 2,
1017 1133 1141 1189 libri
1163 1148 1240 1196 Ill,
1271 1133 1360 1188 ubi
1383 1133 1460 1188 ait
1491 1151 1503 1186 :
1538 1132 1741 1188 Testem
1767 1133 1948 1188 invoco
1972 1131 2154 1188 Iesum

561 1226 888 1280 conscientia:
913 1242 1063 1293 mete,
1086 1226 1176 1296 qui
1207 1236 1253 1281 et
1278 1227 1373 1280 has
1395 1226 1620 1293 litteras,
1645 1236 1690 1280 et
1715 1236 1856 1281 tuam
1882 1227 2155 1295 epistolam

547 1318 882 1389 judicaturus
919 1328 1015 1383 est,
1059 1335 1137 1373 me
1175 1319 1242 1374 ad
1281 1319 1734 1374 commonitionem
1785 1319 1953 1374 sancti
2005 1335 2156 1389 papa:

559 1406 848 1464 Chromatii
867 1410 1090 1465 voluisse
1111 1411 1338 1474 reticere,
1369 1419 1415 1465 et
1446 1411 1600 1481 ﬁnem
1623 1410 2152 1480 faceresimultatum.

561 1497 790 1556 Ruﬁnus
844 1501 898 1557 in
948 1502 1271 1572 praefatione
1314 1503 1642 1559 Eusebianae
1694 1503 1952 1559 Historize
1995 1502 2062 1558 ab
2098 1517 2157 1560 se

557 1589 766 1648 Latinis
806 1593 1057 1662 redditae,
1094 1595 1359 1666 librisque
1397 1594 1611 1652 duobus
1659 1604 1857 1659 auctte,
1907 1593 2157 1650 Chroma-

557 1685 687 1739 tinm
726 1683 1038 1755 Pontiﬁcem
1078 1688 1388 1757 niaximum,
1435 1689 1510 1744 uti
1543 1703 1669 1744 eum
1725 1687 1950 1744 honoris
1993 1702 2154 1743 causa

555 1779 804 1834 nominat
831 1780 932 1850 (a),
960 1780 1042 1836 sic
1071 1781 1370 1853 alloquitur
1396 1800 1409 1836 :
1436 1781 1736 1838 Peritorum
1770 1783 1932 1856 116
1973 1782 2154 1836 dicunt

2259 580 2451 622 mentes
2484 567 2546 622 ab
2582 568 2872 642 ingruentis
2903 568 3028 622 mali
3056 568 3361 639 contagione
3398 568 3688 636 subtractae,
3736 587 3834 625 me-

2259 661 2477 717 lioribus
2510 671 2781 732 occupata:
2808 661 2996 717 studiis
3024 671 3341 728 tenerentur,
3376 663 3612 736 injungis
3644 665 3761 718 mihi
3787 673 3836 720 ut

2258 754 2679 810 Ecclesiasticam
2732 753 3050 822 Historiam,
3101 771 3256 825 quam
3320 753 3416 809 Vir
3479 756 3835 814 eruditissimus

2259 848 2515 906 Eusebius
2561 849 2904 906 Ctesareensis
2943 849 3125 906 Graeco
3151 868 3386 907 sermone
3427 853 3750 924 conscripsit,
3788 855 3835 908 in

2260 941 2500 998 Latinum
2527 955 2741 1000 vertam.
2769 944 3001 1014 Gothos,
3019 944 3163 1001 duce
3191 945 3412 1001 Alarico
3443 954 3496 1001 et
3522 945 3833 1016 Radagaiso,

2258 1051 2355 1106 per
2385 1047 2602 1094 nostras
2626 1039 2794 1110 Alpes
2824 1039 3019 1108 Julias,
3054 1057 3189 1112 quas
3231 1040 3464 1098 Ruﬁnus
3490 1042 3719 1098 claustra
3739 1041 3839 1097 Ita-

2257 1130 2363 1195 lite,
2395 1139 2447 1185 et
2473 1129 2815 1200 Nicephorus
2847 1131 3112 1188 Gallistus
3143 1133 3239 1187 lib.
3271 1148 3368 1200 xu,
3402 1147 3525 1202 cap.
3558 1131 3649 1199 '59,
3679 1132 3834 1187 ltalim

2257 1234 2434 1297 portas
2463 1224 2763 1295 appellant,
2793 1225 2860 1281 A.
2909 1227 2970 1281 ῐ).
3017 1227 3126 1284 400
3157 1228 3392 1298 primum
3434 1227 3716 1298 irrupisse,
3744 1229 3833 1286 viri

2256 1315 2404 1370 docti
2453 1317 2827 1379 consentiunt,
2873 1316 3128 1374 Norisius
3176 1320 3228 1374 in
3273 1319 3514 1375 Historia
3567 1319 3836 1391 Pelagiana

2257 1409 2351 1464 lib.
2384 1425 2422 1479 ι,
2452 1425 2575 1480 cap.
2608 1411 2663 1474 2,
2700 1411 2900 1482 Pagius
2927 1409 2995 1466 A.
3042 1411 3106 1467 D.
3131 1411 3262 1479 400,
3297 1413 3325 1484 §
3357 1411 3450 1480 25,
3476 1423 3532 1469 et
3558 1413 3837 1470 Tillemon-

2260 1503 2365 1558 tius
2417 1503 2468 1558 in
2521 1503 2762 1560 Historia
2810 1505 3206 1576 Imperatorum
3258 1514 3408 1561 torno
3444 1506 3512 1573 V,
3563 1521 3681 1577 pag.
3722 1507 3832 1573 52L

2256 1597 2383 1653 805.
2415 1595 2576 1652 Tunc
2602 1596 2863 1666 Aquileia,
2895 1599 3064 1654 totius
3093 1599 3340 1654 Venetia:
3375 1609 3563 1671 caput,
3610 1601 3833 1655 obsidio-

2258 1708 2384 1748 nem
2413 1692 2754 1748 barbaricam
2788 1695 2956 1749 subiit
2987 1711 3000 1748 :
3033 1709 3158 1749 nam
3195 1695 3562 1768 Hieronymus
3593 1695 3833 1766 Apologia

2257 1801 2317 1842 tu
2353 1785 2404 1839 in
2448 1784 2728 1853 Ruﬁnum,
2760 1785 2968 1842 ibidem
3007 1796 3133 1842 tunc
3175 1799 3513 1854 morantem,
3545 1797 3590 1842 et
3634 1797 3831 1856 tantum,

555 1887 664 1927 esse
692 1873 1030 1940 medicorum,
1061 1875 1149 1929 ubi
1194 1875 1461 1930 imminere
1495 1875 1707 1931 urbibus
1742 1879 1821 1930 uel
1851 1876 2151 1951 regionibus
2183 1871 2231 1931 Β
2259 1880 2459 1951 inquit,
2491 1879 2740 1936 Romanu:
2779 1881 2920 1936 urbis
2945 1883 3200 1951 iudicium
3243 1884 3406 1956 fugis,
3440 1890 3495 1937 ut
3522 1883 3684 1954 magis
3709 1882 3833 1936 obsi-

553 1967 818 2038 generales
849 1967 1071 2023 uiderint
1101 1969 1330 2038 morbos,
1365 1971 1635 2041 providere
1675 1971 1879 2041 aliquid
1923 1971 2152 2026 medica-

556 2059 715 2113 menti
741 2059 818 2113 uel
844 2061 1020 2130 poculi
1045 2079 1229 2134 genus,
1254 2080 1355 2134 quo
1383 2065 1680 2136 prtemuniti
1699 2063 1935 2120 homines
1954 2064 2018 2118 ab
2047 2066 2146 2118 im-

550 2153 766 2210 minenti
796 2153 1148 2227 defenduntur
1193 2157 1371 2212 exitio.
1423 2158 1578 2224 Quod
1623 2168 1676 2212 tu
1721 2175 1943 2228 quoque,
1999 2175 2152 2214 vene-

552 2248 718 2302 rande
737 2257 886 2319 pater
907 2248 1196 2318 Chremeti,
1227 2251 1498 2307 medicinis
1527 2269 1778 2322 exequens
1811 2270 1994 2326 genus,
2025 2262 2152 2308 tent-

550 2357 695 2411 pore,
728 2358 830 2412 quo
872 2341 1101 2413 diruptis
1142 2341 1318 2400 Italia:
1363 2345 1608 2400 claustris
1653 2347 1716 2400 ab
1770 2345 1981 2400 Alarico
2021 2347 2152 2402 duce

550 2434 859 2500 Gothorum,
893 2455 948 2493 se
986 2437 1202 2509 pestifer
1221 2438 1428 2494 morbus
1450 2439 1666 2510 infudit,
1689 2456 1864 2513 agros,
1888 2450 2149 2508 armenta,

546 2528 680 2585 viros
709 2530 860 2602 longe
885 2531 1085 2600 lateque
1110 2533 1348 2600 uastauit,
1374 2534 1582 2605 papulis
1608 2533 1750 2589 tibia
1773 2532 1886 2589 Deo
1910 2535 2150 2589 commis-

617 2667 696 2745 (α)
738 2669 862 2745 "me
914 2673 1210 2742 appellatio
1241 2672 1512 2745 Pontiﬁcis
1553 2675 1788 2744 maximi,
1837 2675 2136 2731 Chromatio

543 2742 803 2817 episcopo
832 2743 1172 2817 Aquileiensi
1203 2742 1428 2813 tributa,
1458 2742 1827 2817 proculdubio
1881 2764 1908 2800 a
1956 2748 2136 2802 Rulini

545 2812 754 2886 calamo
784 2812 913 2870 non
938 2815 1192 2886 prodivit,
1243 2812 1475 2886 ichque
1503 2835 1607 2873 non
1649 2820 1720 2872 ita
1753 2835 1876 2873 eum
1907 2819 2136 2874 Ruliuus

547 2883 758 2937 honoris
799 2883 958 2942 causa
985 2890 1286 2953 nominavit,
1317 2883 1397 2944 uti
1420 2893 1620 2947 asserit
1657 2891 2010 2945 Fontaninus.
2046 2891 2134 2946 Vi-

543 2954 741 3030 dentur
760 2958 1053 3030 clarissimi
1082 2960 1332 3016 Vallarsii
1363 2963 1429 3016 ad
1459 2962 1796 3018 huncloeum
1828 2965 2129 3030 Annotatio,

543 3025 652 3104 col.
683 3028 812 3094 209,
841 3029 1019 3104 Rulini
1062 3030 1294 3101 Operum
1328 3035 1399 3089 ab
1428 3035 1545 3104 ipso
1589 3035 1885 3100 editorum,
1920 3025 2130 3091 necnon

540 3097 875 3171 subsequens
900 3103 1006 3158 alia
1031 3097 1137 3160 col.
1167 3104 1294 3160 211.

577 3171 692 3253 .Λά
717 3189 779 3253 ea
809 3189 938 3230 vero
960 3191 1080 3247 quae
1116 3177 1412 3253 V_allarsius
1438 3186 1663 3253 annotat
1683 3179 1872 3253 citatis
1919 3179 2007 3236 hic
2053 3179 2132 3236 lo-

539 3244 644 3321 cis,
671 3244 875 3302 addere
901 3244 1118 3321 quoque
1141 3250 1319 3321 juvat,
1353 3250 1405 3304 iu
1439 3248 1734 3321 Tabulario
1761 3252 1990 3321 insignis
2018 3255 2133 3307 col-

539 3314 750 3389 legiate:
776 3309 1413 3388 eccle'siaa'Civitatcn'sis,
1450 3320 1608 3389 hujus
1627 3309 1907 3379 Utinensis
1931 3323 2133 3380 dimce-
2160 3309 2204 3372 C

538 3387 616 3440 sis
645 3403 712 3442 ex
741 3390 1077 3458 Aquileiensi
1120 3403 1361 3457 exortze,
1400 3387 1628 3449 exstare
1673 3395 1920 3450 codicem
1970 3413 2135 3450 mem-

540 3458 870 3539 branaeeum
921 3463 1188 3539 _Vallarsio
1232 3465 1333 3534 ipsi
1375 3465 1502 3539 dum
1554 3466 1854 3539 Rulinianae
1902 3467 2129 3539 editioni

540 3531 878 3603 incumberet
921 3535 1184 3603 ignotum,
1218 3531 1275 3589 et
1303 3538 1514 3603 sreculi,
1545 3545 1604 3592 ut
1633 3538 1870 3602 videtur,
1902 3554 1998 3602 xu,
2031 3538 2132 3594 Ec-

536 3601 840 3682 clesiasticw
881 3601 1092 3660 Eusebii
1135 3607 1384 3662 Historia:
1428 3627 1460 3662 a
1503 3601 1708 3680 Ruﬁno
1758 3601 2053 3682 presbytero
2079 3612 2131 3665 in

539 3670 783 3757 [salinum
809 3692 1095 3757 sermonem
1133 3695 1289 3735 versae
1306 3697 1328 3747 ;
1367 3697 1529 3757 quem
1555 3670 1933 3757 libenti_ss_imev_
1959 3699 2134 3757 nuper

538 3744 1013 3830 vidilnus,_.la_v_orc
1042 3744 1524 3830 et_oper-e_'eg'regii
1557 3753 1806 3830 canonici
1838 3744 2131 3830 Tabitlaijio

539 3820 825 3900 praepositi
871 3820 1226 3900 Michaelis-ti
1280 3820 1478 3882 Turre'
1511 3842 1542 3900 c
1583 3825 1883 3900 Comitihns
1931 3826 2130 3881 Vallis-

539 3889 776 3954 Saxiuce,
809 3907 967 3959 quem
1013 3893 1234 3950 honoris
1265 3911 1426 3952 causa
1471 3899 1557 3952 hic
1601 3897 1937 3952 nominatum
1981 3901 2126 3953 volu-

541 3975 681 4042 mus,
709 3964 908 4042 quique
947 3968 1122 4023 codex
1149 3969 1378 4042 eductus
1399 3985 1466 4024 eo
1493 3970 1695 4024 sa'culo
1725 3984 1844 4042 non,
1877 3970 2128 4042 iuverisi-

540 4035 742 4115 utiliter
771 4035 1044 4115 diceretur
1063 4055 1127 4115 ex
1152 4041 1269 4115 alio,
1288 4042 1666 4096 vetustissimo
1695 4041 1940 4115 ejusdem
1964 4041 2132 4113 Aqui-

537 4103 760 4187 leiensis
791 4107 922 4162 olim
965 4111 1228 4187 regionis,
1260 4114 1313 4187 in
1356 4128 1460 4187 qua
1493 4121 1642 4187 certe
1687 4103 1788 4168 sub
1813 4103 2130 4187 iCltromatio

539 4183 797 4246 episc0po
826 4194 1000 4257 annos
1027 4183 1231 4254 aliquot
1263 4183 1401 4240 vixit
1429 4183 1681 4251 Rufinus,
1709 4195 1763 4240 et
1811 4186 1860 4240 iu
1902 4202 2026 4257 qua,
2075 4199 2128 4240 ct

538 4261 638 4328 pro
668 4264 795 4328 qua,
824 4251 1069 4328 ejusdem
1099 4251 1386 4312 Chromatii
1405 4259 1586 4328 jussu,
1617 4251 1933 4313 versionem
1980 4258 2126 4312 illam

536 4318 822 4400 adornavit
849 4318 865 4377 Ξ
896 4327 999 4380 nisi
1035 4328 1212 4394 potius
1260 4331 1362 4383 hac
1405 4318 1534 4400 ipsa
1576 4318 1647 4384 de
1687 4345 1852 4384 causa
1896 4330 2128 4385 eductus

533 4393 1186 4471 lqrtassegcenseaturex
1216 4401 1408 4457 eodem
1440 4393 1603 4458 etiam
1649 4400 1828 4456 Rulini
1874 4411 2129 4471 autogra-

533 4462 644 4531 pho
668 4466 996 4542 codice,rqui
1015 4470 1192 4525 adhuc
1210 4483 1489 4542 superstes
1514 4488 1640 4528 tunc
1654 4471 1837 4538 fuerit,
1864 4482 1957 4526 aut
1978 4462 2128 4528 (ὧι-ιθ

530 4550 601 4588 ex
629 4551 740 4590 uno
758 4541 1009 4614 e_primis
1039 4543 1184 4597 illius
1204 4541 1567 4614 Ap’ographis,
1594 4545 1684 4614 qui
1713 4559 1742 4596 a
1765 4544 1962 4598 Rulino
1985 4545 2124 4611 ipso,

531 4615 696 4684 atque
726 4623 754 4661 a
788 4609 1084 4667 Clu-amatio
1116 4631 1213 4684 per
1243 4609 1552 4670 universam
1575 4609 1964 4682 amplissimam
1993 4609 2128 4669 dite-

532 4681 723 4755 cesim,
773 4695 875 4755 pro
922 4681 1164 4755 suscepti
1219 4688 1421 4742 laboris
1469 4681 1739 4748 instituto,
1770 4684 1949 4738 diffusi
1999 4695 2126 4739 tunc

531 4747 862 4827 l'ueruutfln
897 4756 1000 4809 hoc
1024 4747 1186 4825 porro
1232 4758 1445 4824 codice,
1478 4758 1566 4827 qui
1610 4757 1794 4811 multa:
1840 4765 2125 4825 propterea

533 4823 896 4898 auctoritatis,
931 4823 1224 4898 utcumque
1255 4844 1314 4882 se
1346 4844 1432 4882 res
1461 4823 1679 4893 habent,
1707 4823 2037 4897 esse—potest
2063 4844 2127 4883 ac

533 4891 717 4957 debet,
748 4895 819 4948 ita
848 4891 1174 4966 simpliciter
1202 4899 1378 4954 Rulini
1404 4891 1743 4966 Prtefatio’ad
1771 4891 2124 4955 Chromatium

533 4967 850 5044 enuntiatur
870 4966 1104 5044 :_Incipit
1127 4969 1388 5044 Prologus
1413 4970 1597 5040 Ruﬁni
1617 4970 1899 5044 presbyteri
1921 4973 1972 5025 in
1998 4971 2126 5026 llis-

532 5034 667 5115 toria
694 5034 1060 5115 Ecclesiastica
1099 5034 1550 5115 ad_Chr‘omatiuin
1581 5034 1899 5115 episcopum.
1941 5044 2122 5114 Longe

531 5109 724 5189 [gnua
749 5109 1114 5189 abesthquod
1171 5113 1399 5189 Ruliuus
1437 5109 1666 5189 reapse,
1701 5109 1767 5168 in-
1802 5109 2122 5189 [irae/aliane

532 5177 842 5260 Eusebianw
876 5177 1773 5260 Historiae,_Cltromatium'dixerit
1813 5177 2120 5257 Pontiﬁcent

531 5254 852 5331 animantum;
892 5263 945 5307 et
993 5254 1097 5331 hoc
1147 5258 1359 5312 honoris
1416 5275 1602 5327 causa,
1662 5254 2119 5331 quemadmddutn

524 5321 762 5378 credidit
782 5323 1138 5382 Fontaniuus.

605 5395 812 5474 {preter
839 5413 999 5474 quam
1035 5401 1175 5474 quod
1199 5402 1635 5460 animadvertere
1666 5405 1889 5474 insuper
1917 5403 2118 5471 placet,

528 5464 706 5545 Rulini
732 5464 1098 5545 Aquileiensis
1120 5482 1300 5539 :ntate,
1331 5491 1395 5531 ac
1426 5477 1725 5545 przrsertim
1749 5464 1894 5530 anno
1914 5464 2119 5532 Christi

524 5537 632 5618 έίο0
659 5554 754 5618 seu
781 5542 960 5618 primo
981 5553 1076 5618 aut
1102 5537 1338 5600 secundo
1379 5537 1540 5618 supra
1567 5549 1694 5613 400,
1726 5564 1832 5618 quo
1874 5558 2121 5617 tempore

523 5610 748 5689 haecad
798 5613 1154 5689 Chromatium
1215 5610 1460 5675 Ruﬁnus.
1493 5610 1785 5687 scribebat,
1840 5610 2112 5689 Pontiﬁcis

526 5686 739 5764 maximi
767 5687 1072 5742 absolutam
1100 5704 1193 5764 ae__
1217 5692 1503 5749 litteralem
1529 5686 1978 5764 appellationem,
1999 5686 2113 5760 qua

525 5753 771 5812 Romana
816 5767 970 5814 vetus
1007 5761 1284 5830 gentilitas
1325 5753 1665 5822 utebatur'ad
1715 5753 1988 5820 summum
2015 5753 2115 5818 Sa-

531 5839 752 5910 grorum
783 5891 786 5895 η
822 5831 1455 5910 suorum.hicrarcham,
1495 5837 1876 5899 indicandum.
1916 5887 1922 5898 ,
1951 5849 2112 5910 qutun

527 5891 740 5953 Ethnici
775 5891 961 5968 postea
990 5891 1346 5974 Imperatores
1375 5891 1992 5976 ivelutisuprcmae
2020 5891 2113 5960 eoo

2261 1975 2468 2028 dionem
2499 1973 2842 2042 barbaricam,
2884 1992 3039 2045 quam
3081 1986 3280 2048 pacatae
3319 1975 3460 2030 urbis
3501 1975 3624 2030 relis
3649 1985 3832 2030 senten-

2259 2069 2383 2122 tiam
2414 2068 2687 2124 sustinere.
2720 2068 3046 2125 Pestiferum
3090 2069 3366 2137 morbum,
3401 2079 3534 2124 tunc
3576 2085 3605 2123 a
3663 2067 3834 2125 Gothis

2261 2163 2313 2216 in
2344 2161 2629 2218 Venetiam
2665 2171 2910 2217 nostram
2943 2163 3245 2232 invectum,
3271 2165 3359 2234 qui
3396 2162 3574 2234 primo
3604 2171 3834 2230 armenta,

2257 2266 2313 2314 et
2355 2269 2545 2327 posma
2573 2258 2732 2322 uiros,
2761 2267 2900 2314 teste
2951 2257 3166 2324 Ruﬁno,
3198 2260 3351 2333 longe
3381 2259 3585 2329 lateque
3613 2260 3830 2324 vastavit,

2258 2348 2347 2404 hic
2379 2357 2563 2404 noster
2582 2363 2760 2404 annus
2786 2348 3060 2406 infaustus
3092 2351 3232 2406 l7l5
3254 2349 3519 2421 graphice
3548 2365 3831 2421 repraesen-

2259 2452 2336 2499 tat
2364 2443 2465 2516 (b),
2494 2443 2621 2498 dum
2654 2443 2816 2500 boum
2847 2444 2966 2500 lues
2990 2459 3057 2499 ex
3080 2443 3367 2501 Pannonia
3410 2444 3464 2500 in
3496 2444 3700 2500 Italiam
3731 2445 3830 2500 cla-

2255 2536 2416 2593 dibus
2443 2537 2722 2606 obrutam,
2753 2553 2814 2594 se
2843 2537 3068 2607 inludit,
3091 2537 3283 2596 eadem
3320 2539 3637 2596 calamitate
3673 2539 3723 2595 iu
3748 2541 3833 2595 lio-

2239 2693 2360 2733 rum
2391 2677 2637 2747 dignitati
2684 2677 2962 2744 debitam,
3005 2678 3392 2744 adsciverunt,
3441 2693 3659 2749 quaque
3702 2692 3828 2733 non-

2241 2749 2379 2821 nulli
2425 2751 2709 2804 christiani
2757 2767 2978 2821 quoque
3023 2753 3298 2820 principes
3333 2765 3684 2806 successores
3727 2765 3826 2806 non

2240 2819 2636 2893 infrequenter,
2679 2819 2992 2892 paganismo
3027 2819 3274 2893 ’vigente,
3327 2821 3456 2877 licet
3480 2821 3574 2878 vel
3607 2823 3730 2893 ipsis
3758 2821 3829 2875 la-

2239 2892 2344 2947 cile
2369 2893 2572 2957 iuvitis,
2597 2908 2626 2947 a
2660 2893 2882 2964 paganis
2905 2892 3208 2962 prmsertim
3231 2894 3470 2948 subditis
3489 2892 3825 2948 doua’tiluere

2241 2965 2308 3018 ad
2354 2979 2556 3019 annum
2598 2967 2824 3021 circiter
2859 2965 2985 3028 382,
3031 2966 3108 3020 uti
3149 2981 3220 3021 ex
3256 2965 3493 3020 Baronio
3545 2965 3611 3019 ad
3639 2981 3824 3019 annum

2241 3035 2371 3096 312.
2402 3035 2568 3104 Pugio
2603 3036 2822 3098 ibidem;
2858 3039 2931 3092 De
2961 3038 3008 3091 la
3037 3037 3219 3093 Bastie
3245 3047 3392 3091 tomo
3415 3036 3538 3100 XV,
3566 3035 3826 3093 Memoires

2240 3109 2305 3181 de
2331 3107 2644 3181 Littérmure
2681 3111 2744 3163 de
2781 3109 3095 3163 l’Académie
3122 3111 3211 3164 des
3257 3107 3618 3181 Inscriptions
3647 3119 3692 3162 et
3714 3107 3823 3162 Bel-

2240 3179 2560 3251 les-Lettres,
2589 3191 2724 3244 etc.,
2757 3190 2922 3250 atque
2947 3197 3013 3235 ex
3041 3181 3165 3236 aliis
3189 3196 3410 3251 quoque
3436 3179 3822 3250 intelligimus;

2240 3250 2379 3307 hanc
2421 3253 2662 3324 inquam,
2708 3252 2983 3322 Pontiﬁcis
3025 3250 3241 3307 maximi
3267 3267 3479 3324 puram
3513 3262 3697 3322 putam
3743 3266 3827 3321 ap-

2239 3323 2592 3394 pellationem
2627 3325 2868 3379 nondum
2897 3332 3028 3379 tunc
3049 3327 3116 3378 ad
3147 3323 3523 3379 Christianum
3554 3339 3706 3377 usum
3731 3332 3826 3377 tra—

2236 3395 2453 3452 ductam
2481 3396 2672 3463 fuisse,
2707 3396 2870 3451 veluti
2916 3396 3144 3450 nimium
3171 3395 3410 3451 fortasse
3436 3394 3822 3450 idololatricum

2237 3468 2444 3522 cultum
2491 3468 2669 3523 adhuc
2707 3469 2978 3532 olentem,
3022 3467 3252 3538 ideoque
3299 3482 3402 3523 nec
3451 3467 3554 3536 ipsi
3597 3467 3824 3522 Romano

2236 3539 2496 3609 episcopo
2517 3541 2860 3605 attributum,
2893 3539 2994 3595 etsi
3020 3540 3132 3609 jam
3155 3540 3280 3594 inde
3311 3556 3416 3592 non
3451 3539 3638 3609 paucis
3667 3541 3826 3591 hono-

2236 3611 2662 3667 riﬁcentissimis
2692 3612 2887 3676 titulis,
2920 3628 2983 3665 ac
3015 3626 3240 3680 prorsus
3263 3610 3441 3667 eidem
3484 3609 3823 3679 appellationi

2235 3683 2526 3746 similibus,
2570 3684 2783 3751 sibique
2813 3693 3017 3737 tantum
3054 3683 3447 3753 peculiaribus,
3492 3682 3637 3736 idem
3681 3695 3826 3751 apos-

2238 3755 2416 3810 tolica:
2448 3758 2637 3824 primm
2660 3755 2807 3810 sedis
2837 3756 3128 3824 episcopus
3153 3754 3434 3824 gauderet.

2306 3822 2493 3897 Neque
2526 3842 2687 3898 porro
2714 3822 3009 3898 quidquam
3032 3822 3282 3898 moratur
3305 3824 3586 3898 Pontiﬁcis
3621 3822 3822 3898 maximi

2237 3895 2447 3966 titulus,
2477 3895 2586 3968 quo
2617 3895 2789 3952 sancti
2822 3897 3109 3968 Zephyrini
3145 3913 3292 3966 papae
3317 3897 3560 3968 edictum
3600 3911 3693 3952 seu
3737 3895 3824 3968 de-

2234 3965 2444 4040 cretum
2460 3965 2730 4040 quoddam
2758 3965 3079 4039 insignitum
3105 3965 3351 4023 exhibuit
3369 3969 3736 4024 'l‘ertullianus
3754 3965 3822 4019 De

2235 4038 2521 4107 Pudicitia,
2551 4058 2670 4112 cap.
2700 4045 2750 4103 1,
2778 4038 2920 4095 anno
2942 4041 3075 4105 ‘2l6,
3107 4049 3164 4093 ut
3193 4041 3459 4095 Duronius
3478 4041 3660 4112 habet.
3685 4041 3824 4112 llttnc

2233 4115 2380 4168 enim
2434 4111 2644 4169 titulum
2677 4115 2855 4182 (venia
2902 4128 2930 4165 a
2977 4112 3215 4166 Baronio
3263 4112 3463 4182 petita,
3499 4111 3592 4181 qui
3634 4111 3821 4165 ibidem

2233 4200 2386 4239 num.
2416 4187 2448 4240 8
2483 4186 2650 4240 vellet
2679 4201 2864 4240 verum
2892 4195 2942 4239 et
2966 4185 3260 4254 genuinum
3292 4198 3415 4239 esse
3448 4184 3658 4237 titulum
3691 4183 3822 4236 illius

2232 4256 2472 4324 decreti,
2502 4259 2678 4313 eidem
2707 4273 2736 4311 a
2763 4257 2970 4312 decreti
3014 4264 3240 4311 auctore
3282 4257 3636 4324 pra-positum
3664 4271 3678 4319 ;
3710 4271 3824 4307 nec-

2232 4343 2341 4382 non
2375 4329 2527 4384 venia
2559 4345 2777 4399 quoque
2810 4342 3168 4399 summorum,
3199 4337 3324 4398 post
3353 4327 3652 4382 Baronium
3688 4327 3825 4379 viro-

2232 4415 2378 4466 rum,
2407 4403 2499 4470 qui
2532 4398 2687 4455 uSum
2719 4399 2960 4470 ejusdem
2987 4398 3129 4453 tituli
3154 4398 3264 4466 jam
3298 4399 3580 4453 inductum
3613 4414 3677 4453 eo
3699 4406 3820 4450 tem-

2233 4485 2364 4540 pore
2413 4473 2466 4526 in
2527 4473 2768 4528 Ecclesia
2827 4487 2893 4526 ex
2945 4470 3047 4526 hac
3086 4470 3413 4524 Tertulliani
3466 4471 3819 4541 appellatione

2231 4546 2536 4613 autumant)
2567 4563 2580 4598 :
2614 4544 2779 4606 hunc,
2812 4543 3054 4611 inquam,
3081 4543 3294 4596 titulum
3318 4542 3687 4597 Tertulliauus
3712 4541 3816 4610 ipse

2231 4612 2356 4667 data
2387 4612 2550 4686 opera
2601 4633 2628 4668 a
2675 4615 2978 4686 gentilitate
3022 4615 3346 4683 desumpsit,
3385 4614 3687 4686 etibidem
3728 4627 3818 4682 pro

2233 4685 2397 4739 animi
2427 4688 2507 4742 sui
2532 4684 2891 4756 malignitate,
2926 4701 3030 4740 non
3057 4687 3241 4755 utique
3281 4684 3532 4748 honoris,
3572 4685 3668 4739 sed
3697 4699 3812 4738 con-

2233 4758 2473 4812 tumelia}
2499 4768 2661 4827 atque
2690 4756 2984 4820 irrisionis,
3013 4758 3176 4810 immo
3203 4756 3424 4810 invidia:
3453 4773 3519 4813 ex
3544 4772 3610 4811 eo
3643 4757 3812 4811 Ponti-

2231 4828 2331 4901 lici.
2371 4829 2632 4885 iaciendze
2685 4845 2849 4901 causa
2897 4828 3176 4894 adhibuit;
3246 4827 3412 4882 homo
3481 4844 3675 4898 nempe
3715 4829 3813 4897 jam

2229 4899 2466 4955 Montani
2511 4911 2676 4956 secta:
2719 4899 2969 4955 addictus
2994 4940 3006 4962 ,
3059 4901 3419 4967 Romanoque
3455 4900 3715 4970 episcopo
3745 4901 3814 4953 iu-

2227 4973 2432 5037 feusus,
2465 4979 2539 5028 uti
2585 4973 2850 5044 Rigaltius
2895 4972 3099 5039 aliique
3138 4971 3204 5026 ad
3239 4972 3383 5044 hunc
3421 4970 3627 5035 locum,
3657 4981 3710 5025 et
3745 4972 3813 5023 uti

2225 5045 2450 5098 euilibet
2492 5043 2713 5114 quoque
2751 5050 3064 5097 contextum
3119 5043 3483 5112 pet-pendenti
3529 5043 3688 5098 facile
3729 5057 3810 5110 pa.

2228 5126 2344 5170 tere
2373 5124 2585 5183 potest:
2620 5122 2693 5169 ita
2719 5124 2775 5169 ut
2799 5129 2863 5169 ex
2897 5114 3000 5168 hoc
3028 5116 3193 5169 unico
3225 5129 3392 5184 super
3425 5114 3529 5168 hac
3566 5133 3626 5170 re
3661 5116 3817 5168 totius

2225 5188 2566 5259 antiquitatis
2602 5189 2668 5243 ad
2713 5187 2983 5259 integrum
3039 5187 3232 5259 saltem
3275 5193 3529 5255 quartum
3570 5190 3814 5259 steCqum

2227 5256 2526 5315 loco—nihil
2566 5261 2686 5316 erui
2727 5257 2901 5328 possit
2932 5273 3031 5327 pro
3078 5256 3352 5325 Pontiﬁcis
3380 5259 3601 5311 maximi
3640 5257 3812 5329 appel-

2224 5332 2426 5388 latione
2465 5333 2520 5388 in
2571 5330 3038 5386 Christianismum
3083 5345 3147 5383 ea
3185 5329 3298 5400 jam
3349 5341 3678 5400 tempestate
3720 5343 3815 5384 tra-

2222 5403 2404 5459 ducta.

2295 5475 2407 5532 Hac
2428 5475 2610 5543 itaque
2632 5475 2872 5542 inSpecta
2901 5488 3114 5544 quoque
3137 5473 3370 5537 ratione,
3397 5487 3465 5526 eo
3489 5474 3674 5528 minus
3702 5488 3818 5544 pro-

2221 5547 2408 5602 babile
2457 5548 2680 5600 videtur
2729 5545 2981 5616 Ruﬁnum
3049 5544 3428 5616 presbyterum
3482 5561 3817 5616 nuncupasse

2222 5617 2580 5674 Chromatium
2608 5619 2923 5688 episcopum
2943 5615 3348 5688 Aquileiensein
3370 5614 3684 5685 Pontiﬁceui
3713 5633 3816 5669 ma-

2221 5693 2440 5759 ximum,
2476 5701 2532 5746 et
2559 5686 2662 5745 hoc
2704 5689 2919 5744 honoris
2949 5704 3129 5756 causa,
3183 5698 3242 5742 ut
3282 5686 3630 5745 Fontaninus
3661 5697 3810 5743 autu—

2220 5763 2410 5817 mavit.

2288 5832 2368 5907 ib)
2408 5835 2570 5907 Anno
2617 5833 2782 5907 igitur
2827 5832 2965 5907 l7_l'5
3008 5831 3147 5907 hanc
3176 5831 3246 5907 de
3284 5840 3466 5885 sancto
3517 5831 3813 5907 Chromatio

2223 5898 2663 5960 lucubrationum
2706 5905 2978 5960 exurebat
3009 5898 3352 5960 Fontaninus
3393 5909 3589 5963 no‘ster
3619 5919 3631 5958 :
3666 5903 3811 5960 ideo:
