4056 6340
183 313 264 369 585
1255 308 1443 367 ,ιυδτι
1485 307 1785 367 FONTANI

1898 305 2356 368 Dll.UCID.\TlO.
3364 310 3469 368 586

180 424 327 479 mines
354 435 455 491 per
489 421 777 477 Austriam
814 422 967 495 117
998 420 1373 495 reliquamque
1417 424 1765 481 Germaniam
1796 428 1843 490 Λ
1874 434 1980 490 tur,
2024 427 2095 481 ita
2124 426 2378 481 AZmilius
2406 425 2699 481 Beneventi
2733 425 3049 496 episcopus,
3092 424 3388 498 Cythegius
3418 436 3472 482 et

180 517 471 586 ingruente.
526 522 587 569 ct
636 517 829 584 procul
872 530 971 569 nos
1020 515 1343 580 minitante;
1396 517 1602 571 utinam
1656 531 1765 571 non
1870 520 2211 577 Gaudentius
2254 522 2440 592 legati,
2472 536 2573 576 una
2608 535 2729 576 cum
2768 520 3143 576 Valentiniano
3172 530 3225 576 et
3254 520 3471 575 Boriifa-

180 613 353 682 prope!
386 608 505 665 Nec
536 609 725 664 solum
754 609 1124 666 Eusebianam
1173 608 1483 679 historiam,
1511 608 1607 665 sed
1647 608 1768 664 Ori-
1869 614 1955 669 cio
1976 614 2333 686 presbyteris,
2368 624 2572 685 prtetcr
2604 613 2796 685 synodi
2830 612 3192 670 Occidentalis
3230 627 3475 675 commo-

178 706 308 777 genis
341 704 609 760 homilias
654 703 751 770 26,
804 705 857 759 in
909 704 1165 773 Josuem,
1220 719 1317 760 seu
1362 703 1548 759 Jesum
1595 703 1764 758 ﬁlium
1872 709 2150 775 uitorium,
2204 708 2444 763 tulerunt
2491 706 3025 778 Constantinpolim
3069 707 3138 762 ad
3175 707 3469 763 Arcadium

178 802 321 867 Nave,
366 800 655 856 latinitate
696 800 948 866 donatas,
980 798 1298 867 Chromatio,
1328 797 1423 871 qui
1464 798 1515 853 id
1564 797 1767 854 laboris
1869 800 2174 870 Augustum
2208 803 2273 855 A.
2305 800 2369 855 l).
2404 800 2531 868 406,
2561 808 2616 857 et
2647 801 2843 856 litteras
2870 800 3193 871 imperatoris
3224 799 3473 868 Honorii,

177 897 228 953 ab
259 912 324 953 co
355 894 735 966 ﬂagitaverat,
770 894 1004 949 Ruﬁnus
1034 894 1259 966 prologo
1290 891 1645 963 nuncupavit,
1674 889 1767 962 qui
1871 891 2162 949 Innocentii
2205 904 2253 949 et
2292 893 2547 950 Italorum
2572 895 2953 966 episcoporum,
2985 893 3268 949 Chromatii
3314 894 3475 964 Aqui-

176 988 291 1043 laiso
332 987 744 1060 Hieronymum
794 997 1074 1044 auctorem
1122 986 1349 1058 praefert
1400 986 1547 1049 inter
1598 1000 1766 1057 opera
1870 986 2100 1053 leiensis,
2150 997 2199 1042 et
2250 986 2460 1042 Venerii
2512 987 2946 1054 Mediolanensis,
2994 999 3161 1060 atque
3212 987 3471 1055 aliorum,

176 1081 401 1152 Origenis
428 1080 702 1137 editionis
734 1081 968 1147 Erasmi,
1002 1080 1230 1136 Basileae
1258 1081 1401 1151 apud
1430 1078 1766 1135 Frobenium
1871 1088 2010 1137 teste
2040 1081 2237 1137 eodem
2268 1081 2530 1147 Palladio,
2562 1098 2685 1154 cap.
2716 1083 2772 1149 4,
2804 1099 2927 1155 pag.
2959 1083 3051 1138 51.
3094 1083 3172 1138 Ex
3201 1082 3287 1139 his
3312 1083 3474 1138 colli-

178 1176 315 1241 1557,
350 1185 507 1230 tomo
540 1173 588 1241 Ι,
623 1188 746 1244 pag.
780 1173 907 1229 518.
939 1172 1169 1228 Ruﬁnus
1193 1172 1281 1227 his
1305 1171 1486 1226 verbis
1517 1169 1769 1225 Chroma-
1869 1173 2052 1242 gimus
2086 1174 2465 1243 Chromatium,
2504 1190 2611 1230 non
2641 1176 2814 1231 solum
2838 1176 2907 1232 ad
2930 1177 3257 1243 Honorium,
3285 1176 3381 1233 sed
3405 1174 3474 1231 ad

178 1271 283 1325 tium
312 1268 524 1325 ibidem
559 1268 903 1339 alloquitur:
932 1268 1067 1336 Quia
1088 1284 1208 1341 ergo
1229 1274 1278 1322 et
1305 1275 1382 1334 tu,
1411 1282 1440 1320 ο
1469 1268 1539 1320 mi
1567 1282 1768 1335 semper
1870 1266 2167 1322 Arcadium
2191 1284 2409 1338 quoque
2439 1268 2653 1323 litteras
2683 1268 2905 1325 dedisse
2934 1269 2987 1325 in
3021 1284 3183 1325 causa
3208 1270 3478 1342 Chrysos-

176 1364 453 1420 renerabilis
482 1372 640 1434 pater
669 1361 960 1429 Chromati,
992 1361 1225 1434 injungis
1251 1370 1296 1415 et
1324 1361 1564 1431 prtecipis
1595 1359 1765 1427 nobis,
1876 1358 2043 1423 tomi;
2084 1360 2244 1430 118
2271 1369 2435 1429 atque
2477 1356 2604 1413 hinc
2651 1370 2798 1429 patet
2826 1360 3012 1431 quanti
3045 1361 3263 1416 habitus
3285 1361 3473 1430 fuerit,

176 1468 218 1515 ut
257 1456 457 1528 aliquid
484 1450 563 1511 ad
593 1456 992 1526 wdiﬁcationem
1038 1464 1088 1509 et
1140 1454 1574 1508 constructionem
1605 1452 1767 1507 divini
1872 1458 1985 1505 tum
2021 1460 2079 1505 ut
2104 1452 2189 1506 vir
2217 1451 2507 1507 sanctitate
2530 1460 2585 1507 et
2612 1452 2859 1509 doctrina
2889 1454 3241 1525 conspicuus,
3269 1463 3388 1512 tum
3415 1465 3476 1511 ut

178 1549 475 1606 tabernaculi
504 1566 573 1605 ea:
604 1549 906 1603 Crwcorum
936 1548 1118 1620 apibus
1144 1556 1194 1602 et
1228 1547 1389 1619 copiis
1413 1549 1765 1619 conferamus,
1870 1547 2250 1617 Aquileiensis
2280 1549 2655 1619 metropolita.

176 1642 513 1697 oratiunculas
542 1641 617 1696 26
647 1642 701 1694 in
726 1640 911 1695 Jesum
960 1639 1130 1707 Nave,
1178 1657 1307 1711 quas
1337 1657 1401 1694 ea:
1431 1650 1662 1709 tempore
1711 1641 1765 1695 in
1942 1639 2055 1696 VII.
2088 1640 2358 1697 Baronius
2385 1640 2453 1695 A.
2484 1642 2545 1696 ι).
2576 1640 2707 1707 405,
2735 1641 2762 1713 §
2798 1642 2883 1709 17,
2905 1658 2977 1699 ex
3002 1643 3379 1717 Chrysostomi
3402 1645 3471 1701 ad

176 1736 383 1792 Ecclesia
398 1737 675 1809 peroravit
698 1736 1045 1791 Adamantius
1074 1752 1259 1801 senex,
1292 1751 1356 1789 ex
1371 1735 1551 1791 Cresco
1582 1734 1769 1791 Latine
1871 1735 2245 1803 Chromatium,
2283 1736 2600 1802 Venerium,
2632 1744 2689 1792 et
2733 1736 3094 1794 Gaudentium
3133 1738 3476 1807 Brixianum,

176 1834 248 1889 tibi
267 1850 357 1904 pro
386 1834 588 1887 virium
615 1849 850 1888 mearum
880 1832 1130 1903 parvitate
1150 1831 1395 1887 disserui.
1422 1831 1542 1887 Jam
1562 1831 1629 1887 ad
1658 1831 1762 1886 alia
1792 1831 1843 1895 B
1870 1828 2091 1894 litteris,
2124 1845 2250 1901 qua:
2280 1828 2890 1900 supersunt,observat,
2919 1830 3139 1887 eosdem
3164 1832 3477 1902 episcopos,

178 1929 546 2001 procedamus.
1872 1938 1981 1978 non
2009 1924 2245 1996 paciﬁcis
2276 1931 2509 1991 tantum,
2556 1923 2653 1979 sed
2699 1924 2865 1980 etiam
2918 1926 3155 1997 formatis
3196 1941 3319 1981 cum
3358 1925 3481 1982 viro

232 2022 311 2079 Vl.
350 2021 600 2078 Joannes
630 2022 1061 2095 Chrysoswmus
1098 2024 1167 2079 A.
1195 2023 1259 2078 D.
1280 2022 1388 2079 404
1418 2020 1598 2079 esede
1619 2020 1763 2078 Con~
1871 2033 2070 2088 magno
2099 2019 2553 2073 communicasse.
2591 2017 2683 2071 lla:
2713 2025 2897 2073 tamen
2938 2018 3284 2075 interierunt.
3318 2018 3480 2090 Epis-

178 2114 654 2184 stantinopolitana
686 2114 854 2186 impie
882 2114 1164 2184 detrusus,
1194 2124 1249 2171 et
1270 2115 1493 2171 exulare
1519 2124 1764 2181 coaetus,
1872 2111 2040 2167 tolam
2097 2109 2480 2183 Chrysostomi
2524 2110 2593 2165 ad
2640 2110 3013 2181 Chromatium,
3047 2130 3171 2185 quae
3213 2123 3298 2169 est
3350 2115 3477 2183 105,

182 2208 236 2263 ab
262 2210 585 2265 Innocentio
616 2209 866 2267 Romano
888 2209 1164 2281 pontiﬁce,
1184 2210 1588 2282 praeeipuisque
1612 2209 1771 2265 Oeci-
1869 2204 2134 2275 integram
2164 2206 2269 2259 huc
2289 2219 2357 2259 ex
2376 2214 2522 2259 tomo
2540 2202 2628 2270 IV,
2646 2203 3042 2274 Opusculorum
3066 2222 3190 2277 pag.
3207 2205 3335 2273 784,
3359 2207 3478 2263 edi-

179 2302 336 2358 denlis
376 2304 750 2374 metropolitis
790 2319 950 2375 opem
1000 2304 1321 2375 implorans,
1354 2313 1555 2375 praeter
1584 2303 1766 2359 Vene-
1871 2298 2035 2354 tionis
2067 2296 2363 2353 Frontonis
2408 2296 2587 2352 Ducmi
2616 2295 2771 2352 lubet
2800 2299 3123 2366 transferre,
3156 2306 3478 2369 prepterea-

181 2393 302 2450 rium
331 2396 823 2464 Mediolanensem,
852 2395 1203 2451 Chromatium
1234 2398 1399 2451 etiam
1445 2395 1768 2467 Aquileien-
1870 2390 2012 2460 quod
2043 2390 2216 2445 virum
2262 2390 2672 2446 sanctissimum
2722 2387 2954 2447 miriﬁce
2994 2391 3246 2447 exoi'net.
3279 2389 3479 2445 Claris-

181 2503 281 2544 sem
325 2490 643 2560 episcopum
696 2490 766 2545 de
815 2488 929 2545 suis
978 2490 1236 2545 aerumnis
1275 2490 1565 2546 certiorem
1614 2488 1764 2556 fecit,
1867 2484 1999 2538 sima
2024 2484 2268 2554 ferventis
2295 2495 2398 2539 tute
2418 2502 2481 2538 ac
2507 2485 2722 2541 sincera:
2750 2484 3250 2541 charitatistubaad
3276 2502 3369 2540 nos
3390 2502 3480 2541 us-

180 2583 389 2655 singulis
416 2600 586 2640 unam
619 2585 975 2655 eamdemque
997 2586 1282 2655 epistolam
1305 2586 1577 2651 scribens,
1604 2601 1763 2657 quam
1868 2596 1966 2649 que
1987 2595 2171 2634 sonum
2194 2596 2345 2634 suum
2378 2579 2592 2647 diffudit
2611 2622 2625 2645 ,
2667 2597 2911 2653 magnum
2945 2580 3193 2651 quiddam
3218 2596 3280 2634 ac
3296 2580 3482 2635 diutis-

181 2676 435 2733 Palladius
480 2678 978 2749 Helenopolitanus
1021 2678 1217 2733 recitat
1260 2679 1314 2733 in
1348 2678 1470 2734 Vita
1501 2678 1768 2750 Chrysos-
1867 2674 1996 2729 sime
2026 2675 2223 2729 durans
2260 2690 2325 2729 ea:
2353 2684 2494 2729 tanto
2524 2675 2723 2729 itineris
2761 2676 3035 2730 intervallo
3065 2675 3295 2747 spirans,
3325 2684 3479 2747 atque

181 2770 318 2837 torni,
348 2786 468 2843 cap.
495 2771 553 2837 2,
590 2787 715 2841 pag.
748 2771 837 2839 10,
860 2770 963 2839 22;
988 2771 1189 2843 quippe
1209 2772 1509 2842 antiquitus
1531 2771 1585 2827 in
1612 2786 1765 2829 more
1867 2774 1935 2822 ad
1981 2779 2231 2823 extremos
2270 2785 2432 2840 usque
2473 2779 2625 2825 terrae
2657 2770 2788 2839 ﬁnes
2830 2772 3151 2845 pertingens.
3191 2770 3305 2826 Nec
3362 2788 3477 2839 nos,

180 2866 398 2935 positum
440 2865 569 2933 fuit,
605 2874 663 2920 ut
702 2873 831 2936 post
858 2880 1128 2921 summum
1162 2866 1474 2936 pontiﬁcem
1507 2865 1765 2937 pratcipui
1867 2858 1987 2915 licet
2015 2860 2211 2932 alioqui
2257 2870 2362 2915 tam
2409 2862 2559 2933 longe
2595 2863 2868 2935 disjuncti,
2911 2865 3082 2919 minus
3117 2881 3270 2935 quant
3311 2865 3351 2918 ii
3390 2864 3477 2934 qui

180 2960 281 3026 ejus
307 2958 679 3028 metrOpolitaa
701 2957 771 3013 de
796 2958 1005 3029 magnis
1028 2957 1295 3013 Ecclesiae
1320 2957 1550 3028 negotiis
1567 2956 1766 3013 cdoce-
1867 2956 2078 3015 adsunt,
2102 2956 2594 3009 vehementissimam
2616 2966 2768 3027 atque
2786 2956 2904 3030 igne
2919 2956 3125 3027 plenam
3138 2958 3471 3027 charitalem,

179 3059 369 3114 rentur,
417 3050 883 3122 quemadmodum
928 3066 996 3105 ex
1047 3050 1149 3106 hoc
1197 3049 1340 3106 facto
1385 3049 1765 3119 Chrysostomi
1865 3048 2219 3118 sinceramque
2258 3058 2303 3102 et
2346 3050 2541 3120 ingenti
2584 3049 2820 3105 libertate
2861 3060 2908 3104 et
2956 3052 3157 3119 ﬁducia
3207 3055 3476 3123 perfusam

177 3145 398 3200 ostendit
428 3146 798 3216 Hieronymus
820 3144 1101 3201 Alcander
1125 3145 1313 3216 junior
1338 3145 1403 3200 de
1426 3143 1764 3215 [legionibus
1868 3138 2119 3210 linguam,
2147 3150 2301 3210 atque
2327 3140 2716 3195 adamantinam
2740 3142 3118 3196 contentionem
3148 3142 3479 3213 exploratam

177 3239 555 3296 suburbicariis
581 3240 803 3296 dissert,
827 3240 883 3306 2,
908 3254 1031 3310 cap,
1060 3241 1114 3307 5,
1153 3254 1273 3310 pag,
1302 3239 1425 3295 1'50,
1455 3238 1570 3294 [loc
1596 3237 1760 3293 etiam
1789 3232 1833 3294 C
1868 3230 2115 3285 habemus
2133 3247 2153 3285 :
2172 3247 2327 3301 eoque
2352 3231 2578 3298 nomine,
2612 3243 2780 3287 vestro
2807 3234 2961 3287 etiam
2988 3242 3291 3307 conspectu,
3323 3244 3477 3306 atque

179 3329 407 3387 ﬁrmatur
436 3332 695 3402 exemplo
738 3330 1082 3398 Theodoriti,
1125 3332 1214 3402 qui
1249 3334 1567 3401 episcopatu
1597 3329 1765 3400 depo-
1868 3341 2145 3398 congressu
2172 3326 2278 3397 frui
2301 3343 2609 3399 magnopere
2629 3327 2775 3381 nobis
2794 3328 2846 3382 in
2872 3329 3000 3382 votis
3031 3338 3179 3383 esset.
3209 3328 3474 3397 Quoniam

178 3423 318 3490 situs,
350 3423 419 3479 ad
445 3404 704 3480 sanetum
730 3423 968 3481 Leonem
1001 3423 1254 3493 Magnum
1279 3422 1572 3493 appellavit
1599 3421 1760 3492 epist.
1867 3429 2042 3475 autem
2068 3421 2123 3474 id
2142 3438 2345 3492 quoque
2371 3421 2514 3476 nobis
2538 3439 2596 3477 ea
2621 3421 2871 3490 solitudo,
2892 3440 2995 3495 qua
3031 3440 3190 3493 nunc,
3213 3433 3475 3497 tamquam

182 3514 292 3583 115,
323 3516 647 3587 litterasque
692 3532 757 3573 ea
798 3516 866 3572 de
894 3532 953 3573 re
983 3516 1137 3572 illum
1182 3516 1470 3585 scripsisse
1512 3515 1579 3570 ad
1617 3514 1765 3584 epis-
1866 3514 2219 3587 compedibus,
2247 3516 2469 3569 restricti
2497 3533 2696 3583 sumus,
2724 3516 2946 3587 eripuit;
2988 3518 3184 3573 idcirco
3207 3517 3475 3576 dominum

180 3622 331 3679 copos
375 3609 702 3679 Mediolani,
752 3610 1025 3681 Aquileiw,
1056 3620 1111 3666 et
1149 3609 1448 3677 Ravennae,
1484 3619 1761 3680 tamquam
1867 3625 2038 3663 meum
2065 3608 2545 3664 reverendissimum
2574 3608 2927 3681 presbyterum
2949 3610 3106 3678 nacti,
3134 3612 3476 3683 cupiditatem

180 3704 242 3758 ad
265 3707 568 3777 praecipuos
591 3704 907 3761 Occidentis
932 3705 1324 3775 metropolitas,
1352 3704 1512 3760 docet
1532 3703 1762 3773 epistola
1867 3712 2119 3770 nostram,
2161 3710 2215 3756 ut
2253 3700 2389 3769 licet,
2432 3701 2715 3772 explenms,
2752 3703 3031 3759 scribentes
3069 3714 3118 3758 et
3159 3705 3470 3775 salutantes,

184 3796 298 3867 112,
328 3799 393 3855 ad
424 3800 689 3856 domuum
719 3799 1143 3855 Antiochenam.
1177 3799 1448 3867 Quantum
1481 3798 1621 3870 apud
1656 3799 1761 3852 Au-
1866 3794 2009 3849 vobis
2032 3812 2232 3865 quoque
2256 3813 2350 3867 pro
2376 3811 2435 3850 eo
2454 3795 2652 3862 studio,
2680 3796 2819 3866 quod
2842 3806 2948 3852 toto
2974 3796 3071 3851 hoc
3093 3806 3198 3851 tam
3225 3798 3475 3854 diuturno

179 3899 354 3960 gustos
414 3890 789 3964 Chrysostomi
849 3906 1070 3947 causam
1126 3890 1411 3945 Chromatii
1471 3889 1765 3946 auctoritas
1867 3897 2098 3959 tempore
2123 3904 2309 3960 magna
2332 3906 2451 3943 cum
2478 3890 2639 3943 animi
2660 3892 2991 3946 contentione
3019 3891 3479 3962 pra’stitistis,am-

178 3980 391 4052 iuverit,
436 3984 711 4041 llonorius
757 3984 1056 4054 imperator
1087 3991 1316 4040 testatus
1346 3991 1433 4038 est
1470 3983 1523 4037 in
1566 3981 1765 4038 litteris
1866 3982 2131 4053 plissimas
2173 3983 2367 4053 gratias
2416 3992 2643 4055 agentes.
2676 3982 2752 4037 Ac
2795 3999 2885 4039 uos
2913 3985 3067 4039 etiam
3104 4000 3371 4055 rogamus,
3415 3992 3474 4039 ut

181 4074 247 4129 ad
285 4077 569 4133 Arcadium
603 4078 853 4143 fratrem,
883 4076 969 4131 cui
997 4076 1432 4133 Occidentalium
1474 4076 1765 4146 episcopo-
1866 4090 1981 4129 cum
2003 4075 2114 4145 ipse
2150 4084 2449 4142 revertetur,
2478 4076 2785 4146 insuperque
2815 4077 2991 4144 etiam,
3020 4077 3066 4131 si
3088 4077 3347 4132 tabellarii
3391 4093 3477 4131 oc-

179 4184 293 4225 rum
320 4174 645 4229 sententiam
667 4171 1099 4243 signiﬁcaturus,
1127 4171 1261 4227 duas
1284 4187 1396 4243 prce
1420 4170 1633 4225 cancris
1662 4170 1763 4225 sibi
1868 4176 2102 4233 currant,
2142 4168 2230 4237 qui
2249 4167 2317 4221 ad
2340 4168 2474 4222 hanc
2501 4166 2831 4221 solitudinem
2852 4168 3077 4233 veniant,
3110 4169 3174 4222 de
3192 4177 3360 4223 vestra
3381 4183 3473 4221 va-

178 4263 404 4333 scriptas
454 4264 655 4321 direxit
710 4264 997 4335 epistolas,
1048 4264 1307 4319 nimirum
1356 4263 1659 4320 Innocentii
1711 4271 1768 4318 et
1868 4258 2098 4313 letudine
2141 4261 2209 4312 ad
2232 4276 2324 4312 uos
2349 4259 2605 4314 scribatis.
2631 4260 2748 4314 Scis
2774 4262 2914 4314 enim
2938 4269 3185 4330 quantam
3226 4260 3348 4314 hinc
3388 4277 3476 4314 ro-

180 4354 454 4411 Chromatii
485 4356 629 4428 apud
661 4356 986 4420 Palladium,
1011 4371 1134 4426 cap.
1168 4356 1221 4422 5,
1254 4370 1373 4426 pag.
1405 4355 1499 4422 50,
1531 4355 1619 4411 ubi
1644 4354 1721 4411 ait
1749 4372 1762 4408 :
1868 4354 2118 4423 luptatem
2167 4353 2456 4422 percepturi
2507 4369 2707 4418 suntus,
2760 4370 2877 4408 cum
2935 4354 2998 4408 de
3045 4354 3311 4408 hominum
3366 4363 3473 4407 tant

185 4449 425 4514 Quisnam
438 4451 503 4505 sit
520 4448 1220 4506 Occidentaliumdeloanne
1240 4449 1480 4521 episcopo
1493 4449 1763 4515 sententia,
1869 4446 2109 4502 ardenter
2136 4464 2229 4502 nos
2271 4447 2557 4501 amantium
2591 4447 2882 4502 valetudine
2907 4448 3131 4503 crebrius
3161 4448 3229 4502 ad
3258 4464 3349 4504 nos
3378 4447 3480 4503 ali-

179 4556 244 4594 ca:
262 4542 483 4598 omnibus
508 4543 762 4615 epistolis,
790 4558 904 4612 quae
926 4542 995 4597 ad
1014 4560 1092 4596 me
1114 4543 1320 4614 scriptae
1338 4550 1477 4610 sunt,
1500 4541 1628 4596 duas
1644 4541 1766 4597 sub-
1871 4541 1994 4612 quid
2019 4539 2279 4607 a/feretur.
2316 4540 2430 4597 lluc
2450 4555 2624 4611 usque
2643 4539 3087 4614 Chrysostomus.

174 4635 571 4708 junxiejusdem
591 4652 709 4691 cum
732 4636 1399 4703 cceterissententite,unam
1423 4626 1847 4703 Romani,al-D
1945 4635 2083 4692 Vlll.
2142 4636 2239 4691 llic
2285 4635 2437 4692 locus
2476 4637 2719 4707 postulat
2788 4646 2847 4693 ut
2888 4652 2953 4693 ea
3001 4634 3306 4692 rel'utemus
3353 4651 3477 4707 quae

184 4734 340 4781 (cram
367 4727 707 4799 Aquileiensis
748 4729 997 4799 episcopi.
1026 4727 1182 4784 Sicut
1210 4743 1344 4785 vero
1388 4728 1623 4786 Sabinus
1655 4728 1768 4785 Me-
1870 4730 2039 4787 David
2077 4731 2395 4789 Blondellus
2424 4733 2476 4788 in
2506 4732 2765 4789 Tractatu
2807 4732 3082 4791 llistorico
3110 4734 3180 4791 de
3202 4734 3471 4800 Primatu,

181 4814 508 4875 diolanensis
526 4820 817 4886 diaconus,
846 4830 901 4875 et
923 4820 1025 4876 sub
1052 4821 1287 4876 Damaso
1310 4820 1519 4893 legatus
1549 4822 1771 4879 concilii
1871 4838 1998 4895 pag.
2027 4823 2155 4891 262,
2183 4824 2312 4891 266,
2342 4823 2471 4894 285,
2509 4825 2651 4883 1265
2677 4842 2750 4883 ex
2783 4828 3047 4883 hactenus
3085 4828 3247 4884 dictis
3273 4827 3327 4883 in
3357 4843 3481 4885 sec-

183 4903 405 4965 Romani
453 4911 507 4966 in
554 4911 879 4983 gravissimo
910 4911 1124 4982 negotio
1176 4912 1605 4970 conﬁrmationis
1642 4914 1771 4971 ﬁdei
1874 4924 1946 4970 tm
1983 4931 2096 4971 suae
2141 4932 2259 4971 rem
2304 4915 2559 4974 derivare
2600 4918 2827 4974 studuit.
2874 4917 3010 4975 Cum
3051 4918 3480 4992 Chrysostomus

181 4998 432 5071 Nicaenze,
459 5013 515 5061 et
543 5005 856 5062 Divinitatis
882 5006 1116 5077 Spiritus
1141 5008 1353 5076 Sancti,
1384 5019 1583 5080 praeter
1611 5024 1777 5082 syno-
1875 5016 2079 5079 praeter
2110 5008 2489 5065 Innocentium
2517 5009 2562 5079 l,
2594 5010 2901 5069 Romanum
2935 5013 3273 5084 pontiﬁcem,
3302 5013 3482 5069 Vene-

181 5088 353 5161 dicas,
378 5095 605 5153 aliorum
634 5097 852 5154 litteras
877 5113 1120 5170 quoque,
1141 5107 1198 5155 et
1234 5100 1572 5172 potissimum
1599 5104 1777 5160 sancti
1878 5103 2018 5159 rium
2064 5101 2552 5172 blediolanensem,
2606 5113 2664 5161 et
2702 5105 3061 5163 Chromatium
3099 5107 3480 5180 Aquileiensem

185 5180 455 5244 Valeriani
471 5188 845 5261 Aquileiensis
862 5191 1249 5262 metropolitas,
1271 5192 1557 5249 Chromatii
1584 5194 1776 5251 deces—
1876 5197 1946 5254 de
1976 5198 2158 5269 iniqua
2195 5212 2294 5253 sua
2334 5197 2646 5269 dejectione
2689 5199 2960 5271 docuerit,
3006 5202 3138 5259 hinc
3166 5201 3484 5258 Blondellus

183 5277 351 5347 soris,
379 5282 495 5338 tulit
521 5283 592 5339 ad
621 5292 873 5339 sanctum
902 5283 1167 5340 Basiliam
1215 5286 1488 5358 Magnum,
1520 5297 1579 5342 ut
1611 5287 1774 5359 hujus
1874 5288 1943 5346 ad
1974 5304 2169 5346 omnes
2203 5305 2327 5345 cum
2375 5306 2529 5362 teque
2556 5291 2887 5362 appellasse,
2936 5309 3117 5363 neque
3156 5292 3340 5349 sedem
3368 5290 3482 5344 Ro-

181 5370 407 5440 epistola
435 5375 561 5444 524,
594 5376 661 5432 ad
694 5376 949 5434 eumdem
987 5376 1336 5436 Valerianum
1377 5381 1579 5453 scripta
1606 5391 1776 5439 testa-
1877 5400 2116 5452 manam,
2171 5393 2232 5441 ut
2276 5399 2548 5441 summum
2597 5385 2857 5444 Ecclesia:
2906 5386 3143 5443 tribunal
3188 5382 3521 5456 agnovisse.

185 5522 297 5595 que
338 5514 528 5595 mirum
558 5516 807 5595 nomsit,
838 5517 891 5595 si.
916 5515 1004 5595 hie
1054 5518 1124 5573 ah
1152 5518 1353 5595 eodem
1398 5518 1774 5577 eruditissimo
1882 5523 2093 5593 aspexit
2116 5524 2571 5595 posthumaillius
2590 5524 2837 5582 Historia
2876 5520 3484 5595 Litterariquuileien-

181 5587 344 5667 Ῡξιξοι
370 5595 422 5640 et
451 5588 529 5643 rei
556 5587 1020 5659 Bibliographicae
1049 5590 1404 5667 peritissimo,
1437 5607 1547 5646 non
1578 5608 1772 5667 recen-
1882 5587 1973 5667 sis.
2009 5587 2133 5651 llac'
2171 5596 2241 5651 de
2281 5610 2443 5651 causa
2490 5612 2666 5667 neque
2694 5600 2886 5654 videre
2918 5587 3482 5667 pOtuit__Fontauinus

184 5664 415 5731 seantur
442 5667 550 5714 tum
581 5674 750 5730 opera
772 5700 789 5726 ,
819 5668 932 5714 tum
966 5676 1191 5731 operum
1235 5663 1510 5718 editiones
1555 5665 1774 5730 amplis-
1883 5666 2282 5724 Vallarsianam
2309 5666 2491 5723 Ruﬁni
2511 5662 2813 5725 editionem
2842 5662 2969 5723 anni
3000 5662 3162 5729 1745,
3195 5664 3248 5716 in
3276 5674 3382 5731 qua
3405 5662 3486 5715 ei-

187 5730 508 5810 ξξφπεβιυω
528 5744 719 5810 Ροειβθ
744 5730 1066 5801 Ρΐοάὶθΐυηῑ
1099 5748 1269 5810 usque
1297 5734 1365 5810 ad
1388 5735 1774 5810 annum17'56,
1884 5746 1998 5793 tato
2026 5740 2278 5809 superius
2310 5740 2431 5795 loco
2453 5739 2774 5809 exploditur
2801 5739 2896 5794 illa
2926 5730 3305 5810 imperitorum
3320 5730 3489 5810 Ama-

187 5807 307 5879 ἐμέο
336 5797 471 5855 diem
500 5797 1037 5879 clausibsupremum
1068 5820 1135 5859 xv
1165 5797 1276 5862 lial.
1310 5805 1503 5879 Maias,
1529 5797 1776 5879 etrusque
1884 5797 2171 5866 nucnsiiim
2202 5811 2407 5867 additio
2440 5797 2714 5879 Pontiﬁcis
2756 5808 2969 5879 maximi
2988 5797 3057 5859 ad
3087 5819 3284 5861 nomen
3315 5800 3482 5865 Chro-

186 5863 268 5924 ad
339 5883 529 5930 annum
582 5875 746 5944 1742,
792 5863 913 5948 ’(ιιιο
974 5876 1194 5934 demum
1249 5863 1521 5950 publicam
1594 5863 1774 5935 lucem
1884 5863 2730 5956 matii‘inY’rologovliusebi'anae
2761 5876 3040 5937 Historiae.
