4056 6340
582 310 709 385 ssr"
1522 322 1612 378 DE
1652 322 1709 379 s.
1752 314 2157 376 CHROMATIU
2199 317 2414 375 EPlSC.
2460 283 2900 389 AQUILElENSI
3754 314 3833 383 ass

581 446 717 501 false
748 444 1050 501 contendit.
1082 445 1267 511 Addit,
1299 443 1753 516 Chrysostomum
1785 454 1891 493 non
1921 436 2181 492 historice
2210 437 2263 496 Α
2287 450 2384 493 cur
2430 453 2562 509 ergo
2592 453 2699 494 non
2747 438 3096 509 exegerunt?
3132 436 3243 494 Cur
3288 453 3390 492 una
3442 437 3601 493 sedes
3636 438 3833 494 Romana

584 539 869 594 dumtaxat
900 549 1236 607 narrantem,
1272 550 1330 593 ιιι
1371 539 1421 592 in
1470 537 1662 591 iterato
1695 547 1960 603 responso
1992 530 2056 585 ad
2088 530 2181 584 ιιι.
2287 534 2495 603 exegit,
2546 533 2708 601 inque
2758 545 2921 587 causa
2973 530 3355 603 Chrysostomi
3409 530 3837 587 condemnationis

583 633 782 687 cubum
808 632 850 697 Ι,
886 648 1066 702 regem
1097 632 1414 696 Britannim,
1439 645 1559 701 pag.
1595 629 1719 691 118,
1756 642 1983 697 magnus
2010 625 2185 680 cardi-
2287 636 2343 681 et
2388 626 2751 681 absolutionis
2795 627 3120 681 sententiam
3160 626 3271 680 sola
3311 622 3715 695 pronuntiavit?
3741 624 3838 681 Hac

585 726 724 780 nalis
774 725 1064 781 Perronius
1095 724 1430 794 scripserat;
1479 720 1573 776 sed
1609 729 1663 773 ut
1708 718 2075 787 appellantem
2119 715 2182 769 ad
2290 735 2387 790 pro
2420 737 2477 774 re
2510 730 2633 774 nata
2665 731 2857 775 contra
2889 720 3255 776 Blondellnm.

583 817 829 889 singulos
858 832 1010 886 aeque
1059 815 1369 885 scripsisse.
1424 813 1608 877 Erras,
1651 810 1959 875 Blondelle,
2006 822 2181 863 erras.
2360 813 2451 868 ιχ,
2496 812 2571 869 De
2599 828 2763 877 anno,
2800 830 2909 885 quo
2934 815 3079 870 diem
3128 814 3263 869 obiit
3294 810 3620 867 Chromatius
3668 814 3839 869 meritis

584 909 897 964 Bonifacius
920 908 958 975 Ι,
995 910 1044 962 in
1067 908 1309 977 Epistula
1332 906 1398 960 ad
1424 904 1644 967 ltufum,
1676 913 2017 971 cancros-que
2043 901 2187 969 cpia-
2290 908 2503 977 plenus,
2529 909 2765 964 nondum
2794 911 3055 965 hactenus
3083 905 3329 964 constitit
3360 924 3372 958 ε
3407 921 3530 961 nam
3562 905 3838 960 Panvinium

581 1018 751 1073 c0pos
790 1003 1142 1067 Macedonize,
1189 1017 1350 1072 quam
1394 1016 1462 1055 ex
1500 1014 1672 1054 sacras
1700 998 2038 1068 antiquitatis
2068 995 2186 1048 the—
2289 1000 2341 1054 in
2382 1000 2655 1057 Chronico
2695 1016 2816 1073 pag.
2851 1003 2944 1068 39,
2996 1002 3209 1057 Sixtum
3252 1001 3553 1056 Settensem
3594 999 3649 1053 in
3675 996 3839 1053 Biblio-

580 1098 761 1152 sauris
778 1097 921 1152 eruit
944 1096 1115 1150 Lucas
1146 1094 1464 1150 Holstenius
1497 1093 1550 1147 in
1578 1090 1917 1148 Collectione
1942 1090 2184 1144 Romana
2292 1096 2443 1149 theca
2472 1094 2565 1151 lib.
2608 1110 2687 1162 tv,
2740 1094 3039 1150 Antonium
3075 1094 3450 1149 Possevitiium
3505 1091 3561 1147 in
3611 1092 3839 1162 Apparatu

578 1202 736 1260 parte
784 1206 822 1257 ι,
878 1205 999 1259 pag.
1051 1190 1141 1252 77,
1188 1187 1281 1249 ait,
1334 1187 1709 1241 Innocentium
1759 1186 1800 1245 l.
1838 1184 2182 1240 decessorem
2291 1195 2437 1242 tomo
2482 1187 2524 1255 l,
2566 1196 2621 1243 et
2661 1187 2950 1244 chricum
2992 1187 3291 1243 Palladium
3342 1187 3434 1243 lib.
3464 1203 3518 1253 x,
3576 1202 3695 1257 pag.
3748 1186 3838 1252 l78,

578 1298 733 1339 suum
787 1285 919 1351 (non
973 1281 1327 1337 Chromatium
1378 1295 1478 1335 nec
1532 1274 1841 1348 Venerium)
1918 1280 1970 1333 in
2022 1291 2183 1332 causa
2290 1295 2518 1351 quorum
2552 1281 2639 1334 alii
2673 1280 2739 1336 Α.
2770 1282 2831 1336 D.
2861 1281 2989 1349 410,
3014 1282 3108 1336 alii
3140 1282 3317 1337 serius
3349 1296 3473 1335 eum
3503 1279 3699 1335 obiisse
3725 1291 3841 1350 puta-

576 1378 988 1449 Chrysostomi.
1023 1377 1091 1433 ab
1135 1378 1498 1432 Orientalium
1543 1374 1937 1428 communione
1983 1371 2188 1426 disces-
2290 1385 2436 1438 runt,
2487 1392 2515 1428 ει
2564 1392 2694 1431 vero
2746 1378 3032 1432 aberrasse
3079 1375 3562 1446 deprehendimus.
3608 1373 3841 1445 Philippus

576 1475 737 1538 δὶεςθ,
771 1474 861 1543 qui
892 1471 1238 1542 postmodum
1272 1485 1365 1537 per
1400 1471 1607 1539 legatos
1640 1488 1666 1520 ει
1712 1466 1844 1523 sede
1886 1466 2184 1536 apostolica
2294 1470 2539 1525 Lalibeus
2580 1473 2630 1525 in
2677 1471 2821 1526 notis
2870 1472 2936 1525 ad
2988 1470 3300 1526 Beilarmini
3350 1468 3664 1538 Calalogum
3710 1479 3771 1523 ιι),
3796 1469 3840 1535 1,

579 1566 712 1637 (non
755 1568 823 1619 ah
855 1565 1215 1634 Aquileiensi,
1254 1578 1431 1632 neque
1478 1578 1505 1613 a
1539 1559 1958 1629 Mediolanensi)
1998 1572 2182 1627 pacem
2292 1564 2904 1633 pag.223,Franciscus
2924 1563 3287 1619 Combefisius
3310 1563 3362 1617 in
3397 1563 3727 1617 necensione
3748 1576 3847 1616 auc-

577 1667 949 1729 poposceruut
984 1675 996 1711 :
1031 1658 1161 1710 Ante
1189 1658 1339 1710 breve
1390 1666 1615 1723 tempus.
1648 1653 1824 1722 inquit
1853 1651 2183 1715 Bonifacius,
2293 1668 2469 1713 [urunt
2502 1659 2846 1714 bibliotheca:
2891 1659 3310 1713 concionatoriae
3340 1666 3489 1712 tonio
3522 1656 3561 1723 Ι,
3598 1671 3711 1726 pug.
3738 1656 3780 1719 8,
3804 1663 3846 1709 et

576 1752 633 1805 id
682 1760 756 1805 est
786 1751 878 1804 sub
923 1750 1302 1819 pradecessore
1350 1763 1460 1801 meo
1488 1748 1647 1801 beatw
1675 1743 2050 1799 recordationis
2092 1741 2185 1796 In—
2292 1750 2495 1805 Natalis
2540 1750 2847 1806 Mexander
2882 1750 3085 1805 meum
3136 1764 3214 1815 ιν,
3258 1762 3378 1818 cap,
3410 1747 3462 1813 3,
3499 1746 3650 1802 artic.
3706 1745 3783 1811 3.5,
3805 1755 3849 1800 ut

580 1845 840 1907 nocentia,
883 1842 1226 1896 Orientalium
1279 1840 1634 1894 Ecclesiurum
1675 1839 1967 1910 pontiﬁces,
2012 1838 2193 1892 dolen-
2221 1842 2274 1905 B
2298 1844 2553 1912 scopulos
2580 1844 2938 1909 declinarent,
2971 1843 3117 1913 larga
3162 1854 3216 1897 ct
3254 1842 3476 1912 ancipiti
3529 1839 3740 1895 formula
3765 1841 3845 1905 usi,

583 1949 677 2003 (es,
714 1954 767 1992 δε
794 1955 825 1991 α
856 1939 984 1991 beati
1016 1936 1161 1991 Ρεινί
1183 1938 1540 1989 communione
1567 1938 1849 2008 “juncti”,
1878 1949 1966 2001 Per
1995 1934 2191 2005 legatos
2294 1948 2506 1992 exeunte
2558 1936 2749 1993 Christi
2799 1939 2985 1992 sacculo
3037 1948 3219 2008 quarto
3242 1979 3255 2001 ,
3307 1945 3354 1990 et
3406 1936 3612 1990 ineunte
3663 1936 3847 2005 quinto,

584 2048 778 2102 pacem,
814 2032 947 2084 sicut
977 2029 1206 2084 charitas
1237 2040 1403 2082 vestra
1434 2030 1635 2092 retinet,
1668 2038 2010 2095 poposcerunt
2045 2041 2063 2079 :
2090 2042 2191 2096 quo
2295 2032 2516 2096 vixisse,
2550 2048 2859 2099 annumque
2887 2032 3081 2086 mortis
3113 2030 3351 2102 ignorari
3381 2031 3726 2085 tradiderunt.
3766 2029 3846 2085 Sed

584 2138 814 2196 tempore
838 2126 1121 2198 apostolica
1150 2128 1293 2177 sedes
1319 2124 1491 2177 omnia
1516 2140 1616 2176 non
1640 2119 1927 2191 difﬁculter
1950 2120 2189 2175 indulsit.
2295 2124 2720 2196 Chrysostumus
2742 2167 2755 2189 ,
2788 2128 2876 2196 qui
2901 2126 3039 2181 obiit
3069 2128 3131 2181 A.
3164 2124 3226 2178 D.
3272 2124 3400 2190 407,
3443 2125 3531 2179 die
3574 2126 3638 2180 M
3667 2125 3850 2179 Decem-

590 2224 749 2295 119
774 2220 1112 2291 Nicephorus
1138 2219 1375 2273 Calistus
1407 2218 1499 2272 lib.
1532 2233 1650 2285 xm,
1692 2232 1813 2287 cap.
1857 2216 1949 2275 33.
1982 2216 2193 2270 litteras
2296 2218 2430 2283 bris,
2459 2219 2527 2273 de
2555 2219 2828 2274 beneficiis
2879 2220 2933 2273 in
2966 2234 3024 2274 se
3049 2218 3263 2274 collatis
3290 2220 3495 2289 gratias
3525 2234 3688 2290 agens
3716 2218 3847 2273 Chro-

583 2318 776 2371 rccitat
800 2357 814 2381 ,
848 2315 1046 2379 quibus
1081 2313 1429 2367 Innocentius
1479 2312 1495 2365 Ι
1540 2311 1679 2366 diris
1706 2311 1931 2364 devovit
1982 2310 2191 2364 clerum
2295 2313 2451 2363 ntatio
2479 2312 2544 2366 A.
2579 2311 2640 2365 D.
2671 2310 2797 2377 406,
2834 2312 3079 2381 ejusdem
3131 2326 3191 2367 se
3228 2312 3539 2366 valetudinis
3584 2312 3783 2367 anxium
3808 2313 3850 2366 in

583 2408 1277 2479 Constantinopolitanum,
1306 2406 1622 2472 Arcadium,
1650 2407 1915 2469 Atticum,
1938 2416 1992 2459 et
2014 2404 2195 2459 Theo-
2298 2403 2524 2470 epistola
2572 2405 2817 2473 superius
2850 2404 3103 2471 adducta,
3135 2404 3304 2459 semel
3332 2414 3496 2474 atque
3535 2404 3718 2458 iterum
3747 2416 3848 2472 pro-

585 2501 794 2571 philum
829 2500 1284 2565 Alexandrinum,
1313 2514 1419 2554 non
1453 2498 1669 2569 quidem
1708 2507 1763 2553 ut
1790 2514 1929 2553 IIIIIIS
1955 2513 2020 2553 ex
2045 2498 2193 2568 epis—
2296 2495 2395 2561 dit,
2426 2498 2549 2566 quia
2579 2495 2903 2551 Chromatius
2934 2512 2993 2552 se
3037 2506 3301 2567 aegrotare
3331 2497 3397 2549 ad
3442 2497 3847 2567 Chrysostomttm

586 2594 739 2664 c0pis
792 2592 1261 2658 Occidentalibus,
1314 2592 1408 2647 sed
1460 2602 1515 2646 ut
1573 2591 1816 2661 pontifex
1865 2598 2190 2646 eteterorum
2296 2589 2611 2659 scripserat.
2656 2590 2818 2645 Certe
2878 2591 3019 2644 ultra
3069 2596 3133 2643 Α.
3186 2590 3252 2643 D.
3284 2589 3414 2652 406,
3474 2590 3615 2644 nulla
3668 2588 3851 2643 omnino

587 2689 877 2755 maximus,
907 2696 1144 2757 etcaput
1171 2687 1429 2742 Ecclesia:
1460 2686 1785 2742 universalis
1812 2703 1823 2739 :
1852 2686 1996 2757 quod
2031 2700 2193 2741 nemo
2298 2681 2601 2743 Chrontatii,
2624 2694 2895 2753 tamquam
2918 2684 3075 2755 120
3096 2682 3275 2737 adhuc
3300 2682 3427 2746 vivi,
3463 2682 3715 2737 memoria
3729 2696 3853 2750 repe-

586 2796 657 2836 ex
688 2781 913 2851 reliquis
945 2780 1146 2836 fecisse
1179 2781 1395 2851 legitur.
1429 2779 1574 2834 Idem
1593 2778 2013 2834 lnnocentiusin
2047 2779 2192 2848 epis-
2300 2776 2457 2831 ritur.
2483 2777 2661 2845 Quare
2688 2776 2790 2832 hoc
2811 2777 3002 2833 eodem
3030 2792 3195 2845 anno,
3230 2786 3513 2849 postquam
3538 2776 3753 2833 sedisset
3775 2791 3854 2829 an-

589 2873 698 2928 tola
744 2872 811 2927 19
869 2871 935 2926 ad
985 2872 1242 2927 Acacium
1278 2872 1660 2932 Beroeensem,
1710 2870 1850 2940 apud
1913 2870 2188 2925 Lahhenm
2300 2886 2397 2926 nos
2430 2870 2512 2934 18,
2548 2886 2762 2927 menses
2802 2872 2835 2927 9
2880 2888 2947 2927 ex
2982 2871 3198 2927 Andreu
3230 2872 3478 2929 Dandqu
3524 2876 3574 2927 in
3618 2872 3851 2928 Chronico

591 2973 736 3020 tumo
766 2966 829 3029 ll,
860 2981 982 3037 pag.
1012 2965 1174 3031 1270,
1234 2974 1504 3035 tamquam
1535 2980 1781 3020 summus
1814 2965 2073 3019 Ecclesim
2100 2979 2193 3019 cu-
2299 2965 2451 3032 lib.t,
2477 2981 2601 3037 Cap.
2632 2965 2699 3020 M
2722 2982 2847 3021 eum
2879 2967 2965 3021 die
2988 2983 3027 3021 ιι
3061 2967 3377 3023 Decembris
3400 2969 3556 3023 senio
3585 2966 3849 3023 conlectum

587 3070 723 3128 stos,
752 3061 853 3117 sibi
900 3059 1329 3116 Sollicitudinem
1378 3059 1649 3114 inhaerere
1678 3058 1773 3123 ait,
1822 3074 1885 3111 ne
1906 3057 2032 3127 quid
2062 3057 2194 3111 obli—
2298 3060 2436 3115 hanc
2476 3060 2757 3115 mortalem
2789 3062 2949 3115 vitam
2996 3076 3116 3115 cum
3149 3070 3352 3116 astet-na
3384 3070 3737 3117 commutasse
3762 3073 3849 3115 non

582 3169 772 3225 quum,
807 3162 894 3207 aut
924 3154 1229 3207 succisivum
1260 3152 1313 3204 in
1362 3168 1620 3222 quoquam
1644 3149 1867 3205 residere
1891 3160 2187 3220 cognoscat.
2298 3154 2509 3216 dubito,
2551 3152 2684 3209 sede
2729 3154 3083 3223 Aquileiensi,
3137 3169 3242 3207 ιιοιι
3273 3153 3502 3220 Nicelm,
3537 3153 3673 3225 quod
3718 3152 3852 3206 habet

580 3248 847 3304 Arcadius
871 3247 1187 3302 Innocentio
1217 3245 1527 3300 rescribens
1552 3244 1691 3315 apud
1716 3244 2030 3300 Michaelem
2058 3244 2185 3316 Giy-
2210 3235 2257 3298 Ο
2294 3250 2586 3317 Baronius,
2623 3250 2896 3321 Ughellus,
2951 3248 3172 3320 aliique,
3206 3250 3302 3307 sed
3351 3250 3639 3321 Augustino
3670 3249 3847 3304 relicta.

578 3357 697 3397 cam
725 3341 921 3396 Annal.
952 3349 1101 3411 parte
1124 3356 1202 3405 tv,
1238 3354 1359 3409 pag.
1383 3338 1489 3392 260
1518 3339 1650 3393 edit.
1678 3339 1880 3409 Regia},
1902 3346 2185 3408 postquam
2289 3343 2419 3397 Nam
2472 3343 2766 3410 Dandulus,
2799 3345 3039 3399 omnium
3070 3345 3226 3414 plane
3267 3344 3666 3410 histericornm,
3690 3342 3768 3412 qui
3794 3340 3849 3394 de

578 3445 696 3491 acta
727 3451 822 3491 sua
858 3434 1384 3505 inChrysosmmum
1411 3446 1677 3487 excusare
1715 3430 2034 3497 SludUissel.
2079 3430 2187 3485 Ριο-
2290 3438 2451 3493 rebus
2482 3439 2680 3492 nostris
2728 3438 3067 3505 scripserint,
3113 3438 3579 3504 accuratissimus,
3634 3436 3758 3491 libro
3799 3448 3845 3496 ιι,

580 3540 799 3583 mimum
835 3528 1144 3599 Pommcem
1188 3526 1307 3594 “ius
1335 3541 1513 3579 causa:
1560 3526 1778 3579 “nicum
1816 3536 1870 3579 Cl
1912 3539 2182 3579 summum
2287 3549 2407 3604 cap.
2444 3537 2488 3601 1,
2523 3532 2586 3586 A.
2625 3534 2683 3587 D.
2719 3532 2845 3598 407,
2878 3531 3172 3586 Chromatio
3201 3534 3560 3603 Augustinum
3592 3544 3845 3586 successo-

573 3622 813 3693 judicem
846 3637 1167 3692 agnoscens,
1212 3622 1282 3674 ita
1328 3620 1641 3675 concludit:
1676 3616 1848 3690 Igitur
1868 3618 2005 3687 quod
2030 3632 2186 3687 supe-
2287 3644 2399 3682 rem
2441 3628 2626 3681 datum
2679 3626 2931 3680 affirmat.
2966 3624 3249 3679 Chromatii
3286 3626 3692 3680 sanctimoniam
3721 3637 3849 3677 com-

576 3726 701 3782 rest,
730 3718 876 3770 enixe
918 3727 963 3768 te
993 3716 1219 3781 obsecro,
1264 3727 1315 3768 ut
1345 3732 1437 3769 nos
1494 3732 1523 3767 a
1567 3714 1921 3784 segregatione
1977 3710 2178 3775 liberes,
2285 3722 2530 3789 menda“
2562 3720 2703 3792 quod
2756 3721 2808 3776 in
2856 3722 3091 3792 pn-mcja
3124 3720 3459 3791 minuemus;
3503 3720 3685 3776 eadem
3711 3718 3790 3774 die
3821 3715 3848 3767 Ω

579 3822 669 3862 nec
686 3808 1043 3879 multipliciter
1065 3809 1269 3877 punias.
1293 3810 1402 3861 lloc
1420 3808 1654 3875 amplius
1681 3805 1972 3861 confirmat
1993 3803 2151 3858 facun

2288 3818 2378 3871 Det
2400 3817 2603 3872 umbris
2629 3818 2841 3871 Colatur
2872 3816 2974 3871 sub
3022 3820 3126 3870 ritu
3160 3815 3386 3885 duplici.
3422 3827 3477 3869 ιιι
3519 3823 3729 3872 vocant:
3759 3826 3848 3881 quo

578 3900 679 3955 dus
710 3899 1119 3956 Hermianensis
1147 3940 1161 3963 ,
1211 3902 1299 3970 qui
1357 3898 1835 3967 Constantinopoli
1868 3897 1959 3951 diu
1999 3897 2175 3950 vixit:
2285 3908 2373 3965 die
2408 3909 2457 3962 in
2503 3908 2894 3980 martyrulogio
2944 3908 3563 3974 Romanodescribitur,
3620 3908 3669 3963 in
3705 3905 3847 3961 Cata-

577 4009 702 4048 nam
720 3996 770 4049 in
790 3995 1115 4051 Defensione
1136 3994 1295 4048 trium
1322 3993 1695 4061 Capitulorum
1726 3992 1863 4046 libro
1881 4008 1956 4058 tv,
1982 3993 2145 4061 capJ

2282 4003 2405 4073 lcgo
2455 4004 2617 4058 etiam
2670 4002 2809 4056 Petri
2847 4001 3074 4071 liqnilini
3121 4002 3212 4056 lib.
3246 4018 3344 4067 vn,
3377 4018 3498 4073 cap.
3534 4002 3620 4067 48,
3648 4012 3696 4055 et
3723 3995 3847 4066 apud

577 4096 804 4146 testatur
830 4089 1251 4160 Chrysostomum
1298 4090 1408 4141 sine
1447 4086 1651 4159 judicio
1691 4086 1827 4140 sedis
1875 4086 2179 4156 apostolica:
2283 4096 2588 4167 philippum
2635 4095 2943 4149 Fam-arium
2975 4094 3175 4164 parile.-
3208 4095 3261 4148 ίη
3297 4092 3557 4166 Caiatngo
3583 4108 3696 4165 με,
3736 4089 3841 4145 746,

575 4186 739 4242 luisse
764 4187 1109 4251 damnatum;
1131 4195 1184 4239 et
1207 4185 1305 4238 lih.
1333 4199 1406 4249 v1,
1429 4198 1547 4252 cap.
1577 4184 1608 4237 5
1629 4182 1697 4237 de
1717 4181 1921 4253 Cyrillo
1941 4181 2178 4237 Alexan-
2282 4190 2343 4246 Hi
2375 4191 2480 4243 duo
2511 4191 2771 4260 postremi
2813 4190 2938 4244 dum
2974 4188 3320 4243 Heliodorum
3340 4187 3633 4243 Attinmem
3661 4186 3846 4255 episco-

572 4279 753 4349 drino,
780 4279 1068 4351 Theophili
1093 4277 1397 4333 decessoris
1440 4278 1769 4331 sententiam
1813 4284 2024 4342 secuto,
2057 4274 2157 4327 inet

2280 4301 2405 4356 pum
2435 4301 2461 4338 a
2485 4284 2782 4339 Chromatio
2803 4283 3110 4339 ordinatum
3154 4281 3394 4348 tradunt,
3426 4284 3644 4338 omnino
3671 4278 3844 4334 fallun-

570 4376 793 4445 prodit:
837 4375 1032 4429 Contra
1064 4372 1317 4440 iudicium
1372 4372 1509 4425 sedis
1559 4370 1875 4441 apostolicae,
1920 4384 2035 4439 qua
2083 4384 2157 4437 pet

2280 4390 2395 4445 tur;
2428 4396 2548 4433 nam
2580 4380 2631 4433 in
2664 4378 2896 4433 concilio
2917 4376 3249 4447 Aquileiensi
3273 4378 3339 4431 A.
3369 4376 3431 4430 D.
3463 4377 3587 4439 581,
3618 4370 3846 4429 Heliodo-

570 4470 914 4525 beatissimum
938 4483 1127 4538 papam
1155 4465 1537 4528 Innocentium,
1566 4465 1797 4531 praedicti
1820 4465 1987 4516 sancti
2007 4460 2174 4514 Joan-
2277 4487 2368 4526 rus
2401 4471 2691 4542 episcopus,
2722 4470 3067 4525 Chromatius
3096 4466 3383 4538 presbyter.
3420 4485 3524 4522 non
3560 4467 3847 4537 episcopus,

569 4564 648 4617 nis
671 4564 722 4617 in
749 4563 907 4617 exilio
951 4560 1236 4624 constituti,
1278 4558 1669 4610 danmationem
1707 4555 1949 4619 solverat,
1986 4570 2167 4607 nomen
2278 4564 2657 4617 inter-merum,
2690 4562 2827 4628 Qui"
2874 4575 3004 4631 ergo
3035 4559 3363 4615 Heliodorus
3394 4576 3422 4614 η
3469 4557 3738 4616 communi
3763 4554 3845 4608 de-

565 4659 680 4728 ejus
711 4666 823 4726 post
849 4662 1062 4707 mortem
1086 4653 1220 4707 inter
1256 4649 1353 4703 Dei
1382 4649 1675 4703 sacerdotes
1712 4648 1766 4699 in
1805 4646 2066 4714 sacri/icio
2087 4661 2157 4699 re-

2278 4670 2496 4711 cessore
2532 4655 2813 4709 Valeriano
2856 4654 3137 4710 ordinatus
3184 4656 3368 4721 fuerit,
3397 4655 3626 4711 dubitari
3657 4649 3841 4721 nequit.

565 4749 716 4802 citari
761 4745 1040 4817 prohibuit.
1075 4744 1319 4813 Denique
1364 4741 1730 4797 Gelasiuslin
1761 4740 1991 4810 epistola
2017 4741 2084 4795 15
2106 4740 2171 4796 ad
2277 4748 2641 4819 Hieronymus
2684 4746 2939 4818 epistolas
2982 4748 3200 4818 utrique
3250 4748 3575 4813 inscribens,
3620 4745 3845 4801 Chromao

567 4842 855 4911 episcopos
899 4836 1184 4892 Dardaniae
1217 4836 1285 4890 de
1326 4833 1601 4891 sententia
1642 4834 1941 4889 innocentii
1981 4846 2169 4891 contra
2274 4842 2399 4895 tium
2449 4839 2755 4906 Heliodoro,
2796 4855 2903 4895 non
2933 4840 3239 4909 utjnniori,
3288 4840 3382 4894 sed
3420 4850 3475 4893 ut
3513 4839 3626 4911 ejus
3663 4844 3841 4892 metro‘

571 4934 811 5003 iniquam
852 4929 1263 4986 damnationem
1290 4927 1667 4998 Chrysostomi
1704 4928 1954 4997 loquens,
1996 4945 2168 4994 quem,
2277 4932 2382 5003 poli
2410 4932 2742 4998 contributi),
2767 4932 3103 5002 prazposuit:
3136 4933 3277 5003 quod
3309 4932 3540 4988 fortasse
3570 4945 3666 4984 non
3694 4924 3838 4981 intel-

566 5025 921 5097 inquit,sedes
948 5020 1255 5092 apostolica,
1279 5022 1432 5074 etiam
1459 5017 1594 5086 sola,
1620 5020 1742 5090 quia
1764 5036 1866 5074 non
1890 5023 2164 5088 consensit,
2272 5025 2470 5081 lectum
2497 5067 2509 5089 ,
2562 5035 2896 5080 memoratos
2953 5035 3205 5081 auctores
3258 5026 3309 5080 in
3365 5038 3603 5081 errorem
3669 5020 3834 5076 traxit.

565 5119 802 5174 absolvit.
833 5117 1029 5181 Viden,
1078 5113 1380 5178 Blondelle,
1415 5128 1576 5166 unam
1617 5123 1670 5167 et
1700 5114 1863 5167 solam
1905 5115 2170 5186 apostoi’i-
2273 5119 2610 5189 Quamquam
2640 5119 2690 5173 in
2723 5118 3120 5189 antiquioribus
3157 5120 3554 5192 Martyrologiis
3582 5110 3839 5174 Chromalii

563 5233 681 5274 cam
709 5216 920 5280 sedem,
956 5226 1249 5282 numquam
1282 5211 1656 5280 Aquileiensem
1685 5221 1777 5264 aut
1800 5210 2161 5266 Mediolanen-

563 5328 697 5379 sem,
732 5312 784 5367 in
836 5306 1172 5376 hocjudicio
1208 5305 1534 5359 memorari!
1586 5305 1817 5361 Perinde
1872 5305 2083 5359 abludit
2131 5321 2158 5360 a

563 5421 715 5472 vero,
752 5401 1126 5459 Innocentium
1186 5399 1272 5453 ubi
1304 5398 1681 5468 CthDOSlUIIIi
1726 5398 1945 5454 nomine
1989 5398 2160 5452 sacris

563 5498 842 5571 Diptychis
867 5492 1105 5550 nondum
1150 5491 1381 5558 reddito,
1423 5490 1790 5547 Alexandrum
1824 5503 1876 5547 et
1916 5493 2155 5548 Atticum

562 5596 615 5649 in
644 5591 1081 5647 communionem
1124 5584 1364 5656 recipere
1406 5585 1752 5651 detrectavit,
1802 5602 1913 5641 sua:
1947 5596 2156 5640 tantum

561 5680 920 5754 scparationis
954 5676 1217 5732 rationem
1264 5677 1507 5744 dedisse,
1540 5676 1676 5733 citra
1719 5679 1885 5734 ullam
1919 5678 2157 5733 auctori-

563 5785 726 5833 tatem
768 5776 822 5830 in
862 5774 1087 5828 aliarum
1134 5771 1449 5828 dimcesium
1503 5771 1796 5838 ecclesias;
1843 5771 2093 5842 idemque
2127 5785 2155 5824 a

562 5870 699 5943 pari,
733 5864 1006 5923 Venerium
1036 5872 1091 5924 et
1110 5862 1463 5922 Chromatium
1488 5863 1709 5937 exigere
1750 5864 2016 5936 potuisse.
2048 5861 2155 5921 Sed

2272 5228 2466 5268 nomen
2498 5226 2604 5268 non
2639 5210 2770 5280 vidi,
2799 5213 2917 5282 eius
2961 5222 3143 5269 tamen
3186 5213 3416 5279 cultum,
3450 5222 3631 5269 contra
3663 5205 3838 5265 Baille-

2270 5316 2401 5371 tum,
2449 5306 2884 5377 antiquissimum
2907 5320 3029 5363 esse
3061 5307 3370 5378 comperio;
3402 5310 3598 5365 etenim
3637 5308 3835 5361 invoca-

2270 5411 2357 5455 tur
2387 5402 2439 5454 in
2471 5400 2673 5455 litaniis
2704 5399 3021 5469 majoribus,
3052 5417 3172 5472 qua
3196 5417 3261 5456 ex
3287 5402 3426 5456 libro
3454 5396 3747 5470 Hieronymi
3774 5391 3838 5448 de

2267 5504 2580 5549 sanctorum
2622 5492 2890 5548 Natalitiis
2922 5494 3167 5550 collectae
3222 5494 3478 5551 dicuntur
3524 5497 3571 5549 in
3598 5490 3837 5563 cperihus

2266 5586 2505 5653 Alcuini,
2533 5602 2651 5657 pag.
2678 5584 2807 5641 281.
2837 5585 2942 5639 llas
2969 5586 3190 5643 litanias
3222 5598 3356 5655 puto
3388 5586 3585 5643 laudari
3614 5601 3641 5639 a
3667 5581 3836 5637 Wala-

2262 5677 2402 5734 frido
2415 5678 2686 5733 Strabone
2699 5692 2822 5746 cap.
2836 5677 2986 5734 28de
2999 5678 3180 5735 Rebus
3202 5680 3612 5736 Ecclesiasticis.
3629 5676 3833 5731 lnvoca-

2264 5781 2351 5827 tur
2372 5773 2534 5827 etiam
2565 5772 2615 5826 in
2643 5769 2937 5827 iusim-ibus
2967 5771 3173 5830 litaniis
3216 5788 3343 5830 mss.
3377 5790 3496 5846 posr
3536 5768 3832 5831 Psalterium

2263 5862 2318 5921 in
2351 5862 2555 5931 Codice
2584 5863 2772 5929 διηευῆ
2817 5860 2904 5918 Ml
2949 5863 3299 5927 Bibliotheca
3331 5864 3642 5926 Passieno».
3679 5860 3834 5919 Clau-
