4056 6340
563 303 664 361 391
1540 301 1629 359 DE
1668 303 1728 361 S.
1769 300 2180 360 CHROMATIO
2220 300 2439 361 EPISC.
2483 303 2928 375 AQUILEIENSI
3743 313 3831 374 392

564 434 671 490 quo
702 416 921 473 nomine
950 416 1116 475 etiam
1141 417 1370 489 reliquae
1408 416 1570 490 vulgo
1599 418 1995 485 inscribuntur,
2043 433 2165 489 per-
2192 421 2240 481 Λ
2269 419 2671 478 ordinaverant.
2703 423 2830 480 Hanc
2857 422 2989 480 satis
3020 437 3293 498 superque
3323 440 3421 482 nos
3456 437 3696 496 monent,
3716 443 3767 487 ut
3789 437 3831 490 in

570 529 755 583 peram
788 520 991 567 tamen.
2272 528 2492 570 recessu
2523 516 2775 571 vocabuli
2816 517 3093 588 quidpiam
3131 518 3276 573 aliud
3328 518 3502 575 latens
3549 520 3835 595 investigare

637 606 701 661 ll.
732 606 788 661 In
822 606 991 674 prima
1023 605 1266 663 editione
1316 605 1579 675 Sic/tardi,
1629 606 1771 663 unde
1803 607 2025 679 reliquae
2056 625 2171 664 ma—
2272 604 2590 663 debeamus.
2623 608 2865 677 Gradus,
2920 609 3201 681 Istriaeque
3254 612 3547 683 provinci:e
3588 615 3832 690 civitates,

567 707 786 762 narunt,
820 697 1155 753 Chromatius
1199 699 1400 755 dicitur
1443 701 1717 771 episwpus
1758 700 2028 757 Romanus
2068 700 2168 775 (α).
2272 705 2401 754 tunc
2428 700 2815 757 ecclesiasticas
2866 702 2992 758 huic
3029 702 3299 761 Gradensi
3350 708 3630 777 metropoli
3660 714 3835 768 contri-

566 792 692 849 llazc
724 793 944 848 Romani
969 793 1267 866 appellatio
1294 794 1560 851 hactenus
1590 796 1812 866 ingenia
1856 796 2169 853 criticorum
2271 794 2448 862 butre,
2498 812 2608 851 non
2639 798 2783 853 veris
2814 797 3069 853 Romanis
3099 800 3334 867 nostris,
3364 809 3420 856 ut
3460 816 3528 857 ex
3554 818 3718 859 rerum
3747 805 3835 862 lla-

568 888 797 943 mirifice
847 889 1025 943 torsit.
1066 887 1281 944 Etenim
1311 890 1506 946 Sixtus
1556 890 1820 946 Senensis
1853 894 1904 946 in
1953 892 2092 947 libro
2119 907 2172 948 iv
2273 888 2500 944 licarum
2545 890 2883 961 ignoratione
2926 893 3138 964 putavit
3183 895 3525 964 Quesnellus,
3554 897 3646 953 sed
3686 899 3837 959 Greco

564 978 924 1047 Bibliothecw,
949 982 1018 1037 ab
1048 982 1181 1038 urbe
1205 982 1398 1050 Roma,
1422 983 1728 1039 Chromatii
1751 986 1947 1054 patria,
1974 986 2172 1056 utipse
2274 980 2506 1053 Ιηιρετὶο
2550 982 2847 1052 Suberant.
2900 987 2985 1041 ευί
3040 988 3199 1057 pallio
3239 998 3369 1044 θηῑθ
3411 988 3573 1046 ﬁnem
3607 995 3775 1050 saeculi
3813 999 3839 1053 8

565 1076 785 1148 quidem
814 1084 987 1147 putat,
1016 1076 1166 1132 illam
1198 1077 1624 1148 appellationem
1657 1078 1912 1133 arcessit.
1944 1077 2047 1134 Sed
2072 1078 2172 1132 Ba-
2273 1070 2486 1128 Istriam
2513 1076 2812 1131 etiamnum
2851 1080 3097 1148 paruisse
3116 1124 3131 1147 ,
3168 1080 3434 1136 habemus
3461 1098 3529 1137 ex
3555 1084 3761 1153 epistola
3784 1090 3838 1144 57

570 1171 761 1226 ronius
792 1168 858 1223 ad
884 1168 1001 1224 dies
1029 1167 1101 1222 22
1126 1166 1296 1235 Junii,
1324 1177 1381 1225 et
1406 1168 1441 1223 2
1462 1169 1805 1236 Decembris,
1842 1184 2077 1240 cumque
2105 1182 2175 1225 eo
2274 1168 2477 1225 codicis
2505 1169 2769 1227 Carolini.
2797 1171 2993 1229 Libros
3025 1175 3169 1230 enim
3211 1178 3353 1248 typis
3396 1177 3657 1249 vulgatos,
3687 1184 3838 1250 potius

570 1262 837 1319 llenricus
885 1261 1157 1318 Palladius
1185 1262 1281 1318 lib.
1339 1278 1392 1330 v,
1431 1279 1552 1334 pag.
1578 1264 1668 1330 74,
1721 1273 1776 1319 et
1796 1263 1890 1318 lib.
1938 1279 2015 1328 ix,
2049 1278 2171 1333 pag.
2274 1278 2435 1332 quam
2473 1280 2580 1318 non
2612 1262 2812 1333 editos,
2848 1277 2907 1320 ut
2935 1276 3063 1321 sunt
3104 1268 3347 1323 Annales
3369 1268 3591 1325 Andreae
3615 1269 3837 1344 Danduli,

574 1358 696 1423 157,
730 1356 928 1427 aliique
958 1356 1181 1411 eosdem
1211 1354 1409 1423 secuti,
1440 1372 1506 1411 ex
1554 1356 1736 1411 Roma:
1779 1356 2043 1422 secundae,
2075 1371 2173 1410 seu
2276 1354 2521 1411 Leonino
2560 1357 2749 1413 critico
2796 1372 3089 1429 opponam.
3139 1358 3357 1414 Istriam
3386 1360 3620 1432 denique
3650 1363 3840 1423 Carolus

569 1449 844 1515 Romante,
868 1449 951 1504 vel
976 1448 1307 1503 Romatiana:
1334 1448 1574 1505 civitatis
1615 1448 1810 1519 elogio,
1842 1448 1987 1519 quod
2008 1448 2172 1519 Aqui-
2276 1448 2501 1520 Magnus
2527 1450 2630 1505 sibi
2654 1451 2895 1521 subegit,
2929 1459 3071 1507 teste
3110 1453 3390 1525 Eginardo
3421 1455 3478 1510 in
3510 1456 3625 1512 Vita
3651 1473 3757 1530 cap.
3786 1462 3839 1517 15

567 1544 684 1599 lein:
709 1542 1010 1598 adhaesisse
1042 1558 1151 1597 non
1181 1542 1482 1613 ambigunt,
1524 1539 1875 1611 cognomenti
1902 1539 2170 1611 originem
2274 1541 2421 1612 quod
2442 1540 2691 1599 Cointius
2714 1544 2781 1599 A.
2810 1544 2872 1599 Ι).
2905 1544 3010 1601 789
3032 1544 3349 1617 illigandum
3381 1558 3590 1608 censet.
3611 1551 3663 1606 Si
3688 1563 3839 1608 autem

570 1636 814 1691 trahunt.
849 1636 923 1691 De
951 1636 1056 1691 hoc
1085 1635 1219 1691 mibi
1266 1634 1614 1707 postmodum
1665 1635 1718 1689 in
1772 1632 1979 1689 Nicwta
2026 1649 2175 1705 quae-
2274 1634 2620 1691 Ravennates
2648 1636 2918 1706 imperiali
2944 1640 3182 1694 exarclio
3208 1640 3509 1708 suberant,
3554 1652 3608 1699 ut
3636 1655 3763 1714 patet
3786 1662 3839 1702 ex

568 1727 801 1784 rendum
828 1728 932 1782 erit
963 1726 1059 1799 (b).
2277 1725 2471 1795 Paulo,
2502 1729 2688 1799 utique
2715 1729 3030 1787 Graecorum
3072 1732 3323 1802 imperio,
3349 1749 3457 1790 non
3490 1734 3724 1792 Romanis
3753 1737 3843 1794 Au-

575 1821 731 1893 123
760 1820 843 1875 ΑΙ)
869 1820 954 1875 his
995 1821 1152 1892 longe
1182 1820 1469 1877 discedens
1501 1820 1827 1878 Paschasius
1848 1822 2170 1890 Quesnellus
2201 1826 2248 1887 B
2276 1821 2445 1876 soniis
2466 1822 2745 1878 suberant.
2775 1823 3013 1893 ldipsum
3042 1824 3111 1880 de
3139 1824 3292 1882 lstris
3318 1837 3373 1883 et
3401 1827 3753 1885 Gradensibus
3773 1831 3841 1886 di-

569 1916 637 1970 ad
667 1915 959 1985 epistolam
992 1914 1095 1971 129
1126 1917 1297 1970 sancti
1331 1915 1533 1973 Leonis
1560 1916 1737 1988 Magni
1764 1916 1866 1988 δι,
1888 1928 2176 1990 postquam
2281 1914 2513 1970 cendum
2542 1922 2647 1971 est.
2676 1916 2819 1987 Ergo
2858 1917 3082 1972 Romani
3114 1919 3200 1974 isti
3228 1927 3356 1975 sunt
3396 1919 3581 1976 Graeci.
3613 1922 3715 1978 Hoc
3747 1938 3835 1979 non

571 2008 830 2066 audacter
859 2010 914 2065 in
937 2010 1158 2065 dubium
1195 2019 1442 2066 vocasset
1494 2019 1744 2066 utrumne
1787 2011 2059 2082 ejusmodi
2090 2014 2175 2068 in-
2279 2008 2455 2064 solum
2486 2008 2748 2064 discimus
2777 2025 2843 2064 ex
2882 2008 3053 2064 Paulo
3088 2009 3347 2077 Diacono,
3379 2013 3472 2082 qui
3519 2013 3672 2069 etiam
3697 2013 3741 2068 in
3766 2014 3843 2069 Hi-

568 2105 794 2177 scriptio
821 2104 1178 2159 Chromatium
1210 2114 1458 2160 nostrum
1495 2120 1621 2160 vere
1651 2114 1950 2175 spectaret,
1985 2105 2175 2161 subin-
2280 2101 2449 2157 storia
2476 2102 2713 2157 Miscella
2748 2100 2889 2157 idem
2911 2103 3233 2159 vocabulum
3265 2103 3581 2174 frequenter
3622 2117 3839 2178 usurpat,

571 2200 637 2257 de
664 2199 961 2258 Gradensis
992 2199 1253 2256 Ecclesiae
1283 2199 1717 2256 Patriarchatum
1742 2217 1809 2257 ex
1836 2200 2178 2272 Aquileiensi
2280 2193 2374 2249 58d
2408 2193 2739 2249 luculelllius
2769 2210 2836 2250 ex
2867 2193 3217 2265 Liulprando
3238 2195 3293 2251 in
3336 2197 3605 2268 legatione
3632 2199 3692 2254 ad
3714 2199 3844 2255 Nice-

567 2303 746 2349 ortum
787 2293 1046 2349 memoria
1077 2302 1331 2363 repetens
1351 2335 1366 2361 ,
1399 2291 1735 2349 Gradensem
1766 2292 2088 2358 antistitem,
2121 2304 2169 2350 ul

2281 2288 2512 2358 phorum
2566 2287 2826 2355 Phocam,
2880 2304 3004 2359 pag.
3059 2289 3161 2344 139
3206 2290 3467 2346 editionis
3495 2290 3839 2359 Plantinianze,

561 2391 630 2446 ab
662 2389 994 2461 Aquileiensi
1027 2387 1400 2458 Lougobardis
1441 2388 1692 2459 subjecto
1726 2388 2175 2459 distingueretur,
2274 2383 2435 2453 juxta
2457 2398 2652 2454 quem,
2688 2383 3042 2438 Romanorum
3076 2398 3271 2439 nomen
3303 2382 3523 2440 Graecos
3557 2385 3843 2457 Byzantinos

564 2481 855 2554 aliquando
908 2481 1202 2536 Romanum
1239 2481 1535 2536 vocitatum
1592 2481 1850 2536 afﬁrmat.
1900 2482 2064 2538 Suam
2118 2482 2175 2538 in
2278 2477 2687 2547 sibiproprium
2732 2478 2928 2532 fecisse
2960 2476 3011 2531 in
3035 2486 3317 2548 comperto
3353 2487 3460 2533 est.
3512 2478 3623 2535 Hoc
3645 2495 3708 2535 ex
3744 2480 3843 2534 aliis

564 2594 678 2635 rem
730 2576 939 2649 profert
982 2576 1145 2632 verba
1198 2576 1350 2631 Pauli
1378 2576 1600 2631 Diaconi
1649 2578 1728 2630 sic
1784 2574 2081 2632 scribentis
2122 2575 2175 2631 in
2280 2570 2444 2624 etiam
2489 2569 2800 2625 aueloribus
2858 2569 3028 2641 liquet
3077 2570 3220 2641 apud
3259 2568 3522 2643 Cangium
3562 2574 3615 2627 in
3645 2580 3843 2643 utroque

561 2672 706 2727 libro
728 2687 802 2737 tv,
833 2685 955 2741 cap.
982 2668 1076 2736 34,
1097 2668 1165 2725 de
1191 2668 1372 2725 Gestis
1396 2668 1884 2740 Langobardorum
1914 2684 1929 2723 :
1958 2666 2025 2721 In
2044 2668 2177 2722 Gra-
2278 2663 2579 2729 Glossario,
2632 2665 2721 2735 qui
2756 2673 2933 2719 tamen
2978 2664 3031 2718 in
3060 2663 3252 2721 Grzeco
3283 2674 3433 2723 tomo
3464 2666 3532 2736 ll,
3564 2683 3678 2740 pag.
3706 2668 3836 2735 l5l2,

563 2765 875 2835 dosquoque
898 2759 1892 2817 ordinatuscstRomanisCandidianus
1929 2764 2176 2816 antistes:
2280 2774 2346 2814 ex
2396 2757 2620 2814 Novella
2666 2758 2732 2813 21
2779 2758 3072 2814 Justiniaui
3123 2760 3401 2829 observat,
3450 2762 3608 2833 hujus
3650 2764 3842 2833 Augusti

566 2875 741 2933 eoque
767 2858 1056 2924 defuncto,
1081 2857 1191 2924 ait,
1214 2856 1520 2913 ordinatum
1549 2853 1912 2925 patriarcham
1941 2854 2178 2925 Epipha-
2279 2860 2440 2907 actate
2482 2852 2572 2922 qui
2622 2851 2910 2922 Imperium
2941 2854 3239 2924 capessivit
3265 2858 3333 2910 A.
3368 2856 3431 2909 D.
3459 2854 3587 2921 527,
3644 2856 3842 2911 nondum

566 2954 715 3009 nium
747 2952 812 3005 ab
839 2950 1115 3024 episwpis,
1166 2948 1255 3021 qui
1298 2957 1446 3003 erant
1483 2947 1576 3000 sub
1610 2946 1880 3001 Romanis.
1912 2946 2176 3001 Baronius
2280 2946 2501 3001 omnino
2542 2945 2859 3012 invaluisse,
2894 2956 2951 3001 ut
2997 2946 3175 3002 Graeci
3204 2949 3510 3019 Byzantini,
3540 2961 3741 3021 recepta
3765 2965 3841 3021 ap-

564 3047 633 3103 A.
661 3046 724 3100 l).
758 3045 884 3111 605,
918 3043 1001 3116 μ
1032 3043 1132 3098 hos
1159 3043 1307 3113 ipsos
1360 3041 1623 3096 Romanos
1645 3082 1661 3109 ,
1692 3038 1925 3112 perinde
1973 3056 2037 3096 ac
2076 3054 2176 3111 pro
2280 3038 2593 3109 pellatione,
2630 3037 2788 3110 125
2814 3039 3040 3093 Romani
3068 3040 3403 3097 dicerentur.
3453 3042 3581 3098 Post
3621 3042 3843 3098 Justinia-

566 3140 832 3195 catholicis
862 3137 1235 3209 accipiendos,
1260 3137 1613 3195 existimavit.
1641 3137 1709 3192 At
1740 3135 2089 3204 Quesnellus,
2121 3146 2176 3193 et
2279 3146 2407 3184 num
2438 3129 2490 3185 id
2514 3133 2714 3200 passim
2756 3130 2987 3185 invaluit
3013 3130 3176 3199 adeo,
3204 3142 3264 3187 ut
3290 3133 3507 3189 tandem
3545 3136 3679 3205 apud
3708 3134 3842 3189 Occi-

565 3251 633 3292 ex
663 3250 729 3291 eo
777 3234 972 3304 Pagius
1022 3231 1091 3287 A.
1132 3231 1199 3286 Ι).
1250 3230 1377 3298 596,
1407 3230 1435 3303 §
1466 3232 1532 3297 6,
1584 3231 1964 3287 Tillemonlius
2009 3230 2175 3286 etiam
2203 3227 2247 3291 C
2283 3224 2526 3280 dentales
2552 3238 2748 3278 nomen
2768 3222 2996 3278 Romani
3013 3234 3161 3280 esset
3184 3225 3503 3295 opprobrio,
3527 3228 3690 3299 inquit
3714 3227 3843 3283 Liut-

566 3340 715 3386 tomo
744 3329 834 3397 11,
868 3343 991 3400 pag.
1016 3327 1145 3393 647,
1179 3342 1319 3381 veros
1354 3324 1618 3381 Romanos
1667 3324 1925 3379 Ausonios
1970 3324 2173 3380 intelli-
2276 3318 2535 3389 prandus.
2570 3316 2879 3373 Jornandes
2911 3328 3021 3371 tum
3050 3316 3103 3372 in
3136 3318 3320 3375 libello
3349 3318 3419 3375 de
3444 3318 3625 3375 Rebus
3645 3320 3839 3387 Geticis,

567 3434 730 3495 gunt;
760 3423 879 3479 sive
926 3419 1195 3491 Aquileia:
1224 3420 1427 3475 veteris
1474 3418 1713 3486 incolas,
1767 3416 2007 3474 Gradum
2044 3431 2173 3487 pro-
2276 3422 2386 3469 tum
2416 3413 2467 3467 in
2495 3411 2605 3468 alio
2628 3411 2697 3467 de
2726 3411 3042 3482 Regnorum
3069 3413 3445 3480 successione,
3475 3425 3530 3470 et
3559 3414 3775 3471 Isidorus
3798 3414 3840 3468 in

565 3517 757 3582 fectus,
789 3513 879 3586 qui
912 3521 1173 3585 parerent
1203 3511 1451 3566 Romanis
1483 3509 1762 3575 Ausoniis,
1812 3521 1923 3564 tum
1968 3509 2132 3565 etiam
2154 3550 2169 3573 ,
2273 3505 2545 3562 Chronico
2560 3521 2667 3561 aera
2687 3503 2796 3559 446
2816 3503 3052 3575 Imperio
3071 3506 3376 3576 subjectos,
3401 3506 3678 3578 ipsumque
3692 3507 3842 3577 Impeo

566 3611 692 3683 quia
723 3608 967 3680 episcopi
1007 3607 1082 3661 illi
1116 3616 1259 3660 erant
1287 3607 1381 3659 sub
1425 3605 1695 3659 Romanis.
1727 3603 2028 3672 Quominus
2057 3604 2173 3659 lucc
2272 3602 2445 3668 rium,
2487 3600 2787 3671 generatim
2831 3598 3097 3655 Romanos
3127 3611 3183 3657 et
3210 3600 3524 3657 Romaniam
3548 3602 3840 3658 vocitarunt.

566 3705 747 3761 omnia
776 3701 1060 3758 verissima
1112 3702 1224 3755 sint
1260 3698 1589 3767 Quesnellus
1608 3698 1918 3768 neutiquam
1942 3698 2171 3754 dubitat.
2246 3698 2389 3753 illoc
2417 3697 2561 3753 idem
2586 3713 2654 3753 ex
2686 3695 3003 3753 Graecorum
3053 3699 3273 3769 scriptis
3308 3699 3399 3754 alii
3447 3700 3763 3767 docuerunt,
3799 3705 3846 3753 et

564 3793 1070 3867 ﬂincipseRomani
1094 3792 1562 3848 nomenclaturam
1580 3802 1691 3863 post
1709 3790 2173 3847 sa’culum7Chr0-
2274 3791 2478 3847 dudum
2507 3790 2751 3846 Joannes
2784 3791 3026 3862 Baptista
3076 3791 3384 3849 Cotelerius
3429 3795 3483 3849 in
3516 3794 3843 3852 Monumentis

565 3891 723 3944 matio
741 3885 1405 3958 nostroAquileiensi,per
1419 3884 2173 3953 anachronisnmm,ascribis
2272 3884 2533 3940 Ecclesia:
2556 3883 2765 3939 Grrcca:
2792 3894 2937 3941 tome
2966 3901 3005 3951 ι,
3042 3900 3164 3957 pag.
3199 3886 3324 3942 752.
3351 3887 3533 3956 Quare
3570 3889 3728 3945 Graeci
3752 3887 3843 3941 lin-

563 3983 952 4056 agglutinalam
978 3980 1139 4037 facile
1166 3980 1373 4047 credit;
1406 3980 1645 4048 scilicet,
1674 3980 1718 4036 si
1743 3996 1865 4036 eum
1896 3980 2169 4051 audimus,
2276 3976 2408 4047 perii
2438 3976 2622 4031 sedem
2677 3976 3205 4049 ConstantinOpolim
3227 4020 3241 4042 .
3296 3988 3351 4036 et
3400 3997 3582 4036 novam
3625 3981 3839 4044 Romam,

566 4088 841 4148 tamquam
870 4092 1077 4144 nomen,
1100 4074 1236 4147 quod
1266 4075 1482 4142 (scribae
1514 4072 1615 4146 illi)
1647 4076 1985 4129 contmuniler
2012 4076 2175 4146 Aquis
2273 4084 2327 4126 et
2350 4081 2511 4141 caput
2539 4069 2813 4125 Romaniut
2852 4070 3126 4126 dixerunt.
3177 4072 3350 4128 Immo
3397 4086 3451 4129 et
3488 4075 3632 4146 regio
3662 4073 3839 4138 Italica,

564 4170 841 4228 leiensibus
866 4172 950 4227 sui
976 4171 1070 4226 arvi
1094 4170 1348 4242 episcopis
1400 4169 1555 4224 tribui
1597 4180 1861 4224 noverant.
1896 4168 1969 4223 Ita
2002 4169 2172 4236 Ques-
2274 4164 2363 4220 tibi
2386 4164 2525 4219 aulae
2555 4163 2871 4234 Byzantina:
2900 4162 3142 4229 exarcbi,
3179 4175 3303 4235 post
3332 4163 3537 4222 Gothos
3558 4181 3649 4237 per
3666 4164 3841 4219 Narse-

566 4266 764 4335 nellus,
794 4281 862 4322 ex
885 4265 1097 4322 frivolis
1125 4264 1479 4337 coniecturis,
1530 4279 1599 4320 ne
1626 4264 1803 4320 dicam
1837 4265 2005 4320 meris
2025 4279 2175 4320 com-
2277 4271 2383 4317 tem
2413 4259 2709 4315 Patricium
2732 4258 3019 4314 Justiniani
3046 4259 3492 4327 Augustiducem
3510 4262 3715 4317 omnino
3734 4273 3843 4314 exa-

566 4358 798 4428 menlis,
848 4374 937 4416 res
986 4370 1169 4417 certas
1223 4358 1471 4429 proferre
1525 4358 1787 4423 studens;
1833 4373 1959 4413 cum
1993 4367 2171 4414 tamen
2273 4362 2416 4419 ctos,
2445 4350 2888 4418 dominabantur,
2921 4351 3047 4406 inde
3072 4350 3367 4419 Romania’,
3397 4353 3557 4424 vulgo
3578 4352 3842 4424 Romagna,

564 4456 979 4527 Aquileienses,
1031 4464 1128 4511 aut
1179 4454 1487 4511 Gradenscs
1531 4452 1946 4522 melropolitas,
1998 4467 2175 4522 neque
2277 4446 2700 4518 appellationem
2737 4444 3226 4510 obtinuit;contra
3245 4460 3404 4515 quam
3423 4445 3843 4514 Blondusaliiquc

565 4559 710 4618 ante,
739 4565 916 4621 neque
945 4558 1057 4621 post
1086 4547 1382 4603 siccatum?
1411 4547 1555 4602 ullus
1577 4561 1834 4616 umquam
1867 4546 2174 4600 mortalium
2277 4540 2611 4612 posteriores
2662 4548 2955 4609 nugantur.
2984 4537 3155 4595 David
3196 4539 3512 4597 Blondellus
3541 4543 3593 4596 in
3621 4541 3746 4595 libro
3786 4538 3846 4592 de

564 4644 826 4697 Romanos
852 4642 1090 4707 dixerit;
1122 4640 1311 4711 illique
1341 4638 1613 4709 episcopi,
1644 4652 1671 4690 a
1700 4638 1899 4708 quibus
1928 4636 2171 4693 Graden-
2199 4623 2252 4684 D
2278 4633 2542 4699 Primatu,
2575 4647 2697 4703 pag.
2743 4631 2867 4700 559,
2899 4631 3053 4686 Pauli
3082 4632 3304 4688 Diaconi
3328 4635 3591 4706 episcopos
3617 4633 3699 4701 qui
3719 4642 3846 4686 erant

563 4753 679 4795 sem
702 4734 1068 4808 patriarcham
1096 4733 1262 4790 Gradi
1285 4732 1591 4787 ordinatum
1626 4739 1815 4785 narrat
1863 4730 2134 4786 Diaconus
2152 4774 2166 4798 ,
2276 4728 2370 4780 sub
2394 4727 2665 4791 Romanis,
2689 4742 2785 4781 eos
2816 4726 2907 4797 qui
2936 4726 3118 4782 Graico
3166 4726 3395 4800 Imperio
3423 4729 3676 4801 parebant,
3709 4739 3847 4782 secus

566 4846 721 4903 asque
742 4839 927 4886 essent
954 4828 1057 4884 sub
1078 4827 1329 4882 Romanis
1346 4842 1408 4881 ac
1434 4824 1642 4880 Gradus
1668 4826 1805 4895 ipsa,
1828 4824 2170 4881 testeeodem
2275 4838 2337 4877 ac
2380 4821 2730 4889 Quesnellus,
2783 4822 2999 4893 egregie
3028 4822 3346 4893 explicavit.
3384 4824 3493 4879 Sed
3530 4819 3843 4895 postmodum

568 4926 828 4982 Diacono.
876 4922 1143 4983 Romanus
1184 4935 1318 4991 ergo
1366 4935 1436 4976 ex
1470 4918 1573 4973 hoc
1620 4920 1799 4989 capite
1853 4935 1961 4975 non
1999 4919 2173 4991 magis
2276 4932 2398 4988 pag.
2428 4915 2557 4983 612,
2588 4930 2711 4971 cum
2741 4914 2954 4971 Blondo
2979 4930 3192 4985 errans,
3218 4916 3522 4973 Ravennati
3543 4909 3848 4980 jexarchatui

566 5017 873 5091 patriarcha
900 5015 1231 5085 Gradensis,
1261 5030 1424 5088 quam
1446 5014 1632 5071 caeteri
1659 5014 1903 5087 episcopi
1931 5016 2022 5085 qui
2047 5031 2171 5072 eum
2278 5011 2553 5066 Romaniut
2572 5026 2769 5067 nomen
2799 5008 3029 5064 inditum
3058 5009 3305 5078 tradidit,
3328 5010 3474 5081 quod
3501 5009 3552 5066 in
3577 5008 3661 5080 jus
3678 5004 3847 5063 Eccle-

564 5161 900 5219 eontinuatio
928 5168 983 5216 et
1026 5159 1141 5229 ipse
1169 5167 1255 5214 est
1301 5156 1693 5213 Commentarii
1743 5155 1796 5211 in
1849 5155 2157 5212 Matthaeum
2261 5157 2341 5209 ria
2367 5152 2710 5229 Aquileiensis
2734 5167 2841 5229 non
2871 5152 3144 5229 pervenit.
3166 5150 3539 5229 _l_‘iih_ilominus
3564 5168 3629 5229 er
3645 5145 3845 5229 schedis

564 5235 769 5303 absque
789 5233 899 5288 ullo
917 5247 1012 5287 seu
1034 5219 1261 5287 exordio
1279 5229 1758 5303 seuconclusio_ne,
1776 5229 2157 5303 tjitaaeumdem
2264 5219 2620 5303 ipsius,-quas_
2662 5219 2899 5280 vidimus
2956 5226 3009 5280 in
3063 5223 3403 5303 Bibliotheca
3444 5223 3631 5303 Oppidi
3679 5219 3843 5276 Sancti

561 5295 957 5362 constituerent
986 5303 1313 5373 peculiarem
1339 5301 1628 5373 quemdam
1645 5300 1946 5355 Tractatum
1976 5302 2160 5372 singu-
2264 5295 2518 5355 Danielis’
2533 5296 2620 5350 tibi
2651 5310 2756 5373 non
2792 5312 2962 5373 pauca
3007 5310 3141 5373 mss.
3186 5295 3259 5373 cl1
3271 5371 3278 5373 _
3301 5298 3549 5373 praesulis
3571 5307 3842 5373 asservan-

563 5378 666 5434 lari
694 5363 1066 5446 appellatio-ne
1088 5363 1424 5446 donandum.
2004 5445 2009 5446 γ
2064 5363 2122 5446 Ἀ
2268 5382 2377 5435 tur,
2396 5382 2623 5446 quaeque
2642 5366 2709 5421 ad
2733 5363 2869 5438 opus
2886 5367 3180 5446 Litterariaz
3209 5363 3459 5446 Historia
3482 5363 3843 5446 perliciendum

638 5433 881 5522 (afVide
909 5448 1125 5522 titulum
1158 5446 1340 5522 hujus
1363 5445 1621 5522 editionis
1644 5461 1748 5522 una
1779 5461 1901 5501 cum
1929 5444 2160 5522 epistola
2268 5433 2600 5522 pertinuisse
2625 5433 3125 5522 noscunturhsatis
3147 5433 3500 5522 conjicimus,
3548 5439 3715 5519 ipsum
3754 5433 3838 5487 ad-

563 5510 959 5589 nuncupatoria
988 5517 1214 5573 Joannis
1230 5510 1506 5583 Sicbardi,
1539 5518 1789 5589 absoluta
1816 5510 2160 5589 praefatione,
2268 5510 2492 5589 haesisse
2528 5512 2903 5589 communiori
2956 5512 3322 5589 lit_te_rator_um
3379 5510 3702 5589 sententias,-
3734 5520 3842 5589 qua:

564 5601 690 5666 post
720 5579 1378 5666 feterttm_'1'e_s_tirnonia_et
1412 5579 1680 5666 Lectiones
1713 5579 1996 5661 Proprias,
2019 5579 2158 5644 etcf
2272 5581 2582 5666 Baroniojn
2615 5581 2908 5666 bac‘parte
2953 5581 3183 5664 minime
3214 5582 3567 5666 favet.“Viden,
3690 5579 3841 5666 lubet,

635 5664 715 5737 (ὁ)
742 5663 896 5732 Quod
921 5663 1009 5717 hic
1031 5661 1134 5737 sibi
1174 5663 1245 5718 cl.
1298 5662 1637 5737 Eontaninus
1674 5649 2168 5737 quaererehpmpo-
2268 5670 2398 5737 quae
2418 5653 2485 5709 de
2508 5652 2611 5737 hac
2641 5666 2703 5709 re
2726 5649 3211 5737 late'disseruimus
3235 5670 3358 5725 cap.
3394 5655 3514 5737 5net
3538 5654 3569 5708 6
3592 5649 3840 5737 ιξξδδρνιαξ

560 5723 788 5802 suérat,w
786 5743 988 5808 postea
1014 5733 1137 5789 aliis
1185 5734 1416 5790 eruditis
1448 5723 1724 5808 laboribus
1758 5723 2168 5808 impeditus,'ac
2272 5723 2425 5782 tionis
2479 5734 2713 5808 nostrae,
2742 5741 2909 5808 quam
2939 5725 3215 5808 edidimus
3240 5723 3373 5808 cum
3422 5723 3690 5808 Opuscnlis
3740 5735 3841 5791 qua:

560 5796 986 5878 morte'd'emrum
1014 5814 1339 5874 praeventus,
1368 5807 1631 5878 perficere
1656 5796 1934 5878 nequivit;
1962 5796 2083 5878 quia
2100 5799 2167 5855 ad
2271 5807 2553 5878 supersunt
2604 5796 2769 5851 sancti
2807 5796 3010 5852 Nicelaz
3051 5796 3399 5868 Aquileiensis
3438 5796 3681 5870 episcopi,
3721 5808 3841 5851 anno

560 5877 803 5937 Nicetam
819 5869 1130 5951 episcopum
1148 5869 1553 5950 Aquileiensem
1570 5891 1668 5933 sua
1685 5869 2171 5931 Litteraria'Histo-
2273 5869 2435 5926 1810.
