4056 6340
226 278 324 344 's-n

290 406 343 460 6.
391 406 626 468 Initium
658 414 847 484 prima:
884 419 1123 480 bomilias
1154 424 1252 498 (α),
1283 428 1336 485 in
1364 435 1549 502 pepuli
1580 436 1828 507 frequen-

226 495 291 550 tia
316 499 609 570 recitatos,
635 507 742 563 tale
786 520 868 566 est
916 530 929 566 :
966 513 1067 568 Dat
1093 518 1267 584 nobis,
1300 527 1487 593 fratres
1509 569 1521 593 ,
1558 541 1831 587 conventus

223 589 299 644 hic
339 598 527 666 pepuli
557 608 612 652 et
658 617 910 662 mercatus
959 611 1245 679 frequentia
1285 622 1602 678 occasionem
1641 644 1833 698 propo-

221 685 370 741 nendi
407 697 672 749 sermonis
711 696 1031 775 Evangelici.
1093 708 1216 764 Ilico
1271 715 1525 770 nimirum
1568 729 1828 789 quantum

220 779 466 850 Aquilone
486 793 849 858 conveniunt,
885 796 975 851 ubi
1002 800 1314 871 frequentes
1338 809 1609 866 nundinas
1639 814 1829 869 haberi

217 874 402 931 Solitos
433 880 511 934 ob
548 884 815 943 ﬁnitimos
849 893 1077 960 pupulas
1101 936 1114 960 ,
1168 898 1294 955 illuc
1345 904 1828 964 mercimoniornm

216 983 370 1025 causa
398 977 754 1039 conﬂuentes
772 1022 788 1045 ,
813 982 938 1040 inde
957 989 1251 1061 colligitur,
1278 996 1419 1065 quod
1438 998 1673 1069 Aquileia
1700 1010 1826 1057 tunc

217 1074 357 1119 esset
405 1063 644 1126 Venetia:
682 1078 1036 1147 metropolis,
1078 1086 1239 1157 138
1270 1063 1406 1143 teste
1443 1063 1720 1149 Jornande
1757 1095 1824 1151 de

216 1157 374 1215 rebus
395 1158 659 1223 Gothicis
697 1184 816 1239 cap.
863 1172 955 1239 Β,
989 1184 1041 1229 et
1070 1176 1239 1234 Paulo
1282 1182 1513 1238 diacono
1546 1186 1611 1240 de
1641 1188 1825 1245 Gcstis

214 1248 710 1324 Langobardorum
741 1262 831 1318 lib.
860 1280 926 1328 ιι,
954 1281 1073 1337 cap.
1110 1270 1194 1326 14.
1219 1272 1397 1341 Quare
1422 1292 1453 1332 a
1481 1278 1696 1335 Juliano
1724 1284 1822 1338 im-

218 1357 467 1415 peralore
495 1351 655 1409 Orat.
689 1356 736 1422 ι,
771 1355 1033 1415 Italorqu
1080 1362 1383 1434 Emporium
1434 1374 1765 1443 opulentum,
1789 1392 1818 1431 a

214 1437 552 1511 Liutpraudo
581 1445 723 1503 Hist.
758 1450 854 1507 lib.
894 1469 991 1518 Ill,
1020 1472 1140 1528 cap.
1177 1459 1241 1526 2,
1273 1437 1523 1533 prwdir'cs
1568 1437 1815 1526 vocatur.

214 1532 341 1590 Mela
366 1536 465 1591 lib.
495 1555 575 1606 ιι,
605 1556 727 1614 cap.
758 1545 815 1611 4,
845 1557 996 1603 tanto
1022 1563 1150 1608 ante
1172 1595 1185 1621 ,
1220 1532 1279 1609 ut
1303 1556 1480 1627 ditem,
1509 1572 1559 1615 et
1582 1565 1820 1618 Ammia—

217 1644 310 1685 nus
337 1631 435 1687 lib.
462 1647 563 1690 ιιι
583 1680 599 1703 ,
628 1652 747 1710 cap.
782 1642 866 1706 il,
892 1644 955 1698 ab
972 1648 1155 1716 opibus
1186 1650 1615 1712 celebraverunt.
1644 1658 1814 1716 Porro

215 1722 553 1783 levissimum
583 1743 688 1795 est,
711 1736 850 1802 quod
880 1754 943 1791 ex
975 1739 1192 1794 silctio
1227 1743 1539 1817 Hieronymi
1570 1749 1637 1804 ad
1658 1750 1815 1822 abju-

1341 314 1531 381 JUSTI
1570 318 1943 383 FONTANINI
1980 328 2442 397 DILUCIDATIO.

3431 363 3535 421 598

1863 449 1906 503 Α
1937 452 2084 500 stant
2108 448 2231 519 ejus
2266 450 2770 531 Orthodoxographa
2798 463 3094 542 TheolOgite
3133 474 3493 538 Sacrosanctte
3518 528 3531 552 ,

1936 552 2089 592 num.
2120 540 2210 607 27,
2245 543 2605 617 Chromatius,
2630 554 2831 625 inquit,
2860 561 2965 614 sive
2998 540 3049 619 is
3092 584 3231 637 papa
3263 573 3422 639 (quod
3444 594 3531 632 vo-

1932 633 2173 688 cabulum
2199 653 2257 690 ea
2287 652 2436 698 (etate
2484 647 2769 704 senioribus
2801 664 2849 707 et
2880 652 3124 712 Ecclesia:
3151 667 3412 735 prtefectis
3439 669 3534 723 da-

1933 724 2104 798 batur)
2134 730 2237 784 sive
2268 732 2557 805 Episcopus
2585 744 2761 812 fuerit,
2810 757 2943 801 certe
2990 752 3053 804 de
3086 752 3212 807 Octo
3241 756 3533 817 Beatitudi—

1934 814 2081 871 nibus
2101 828 2146 871 et
2174 820 2224 874 in
2241 819 2568 882 Dominicam
2590 829 2887 890 Orationem
2904 840 3133 910 scripsit,
3151 857 3198 898 et
3218 850 3529 921 eruditione,

1929 916 1974 961 et
2000 910 2187 980 pietate
2208 914 2433 987 insignia
2454 929 2842 982 commentaria.
2874 928 3074 988 Iterum
3103 952 3225 1008 pag.
3259 940 3388 1006 455,
3415 945 3532 1014 ejus

1928 999 2193 1059 Homilias
2213 1049 2229 1072 ,
2256 1018 2313 1062 ut
2337 1011 2625 1070 eruditione
2647 1020 2842 1087 pariter
2864 1034 2910 1076 et
2928 1026 3120 1093 pietate
3138 1030 3363 1103 insignes
3382 1050 3531 1091 corn-

1930 1094 2410 1156 mcudatJoauues
2422 1102 2917 1171 JacobusGrinreus
2933 1117 2981 1171 in
3000 1094 3324 1181 Prmfatimte
3340 1126 3404 1181 ad
3422 1128 3534 1185 Μο-

1927 1198 2165 1244 numenta
2184 1205 2475 1249 sanctorum
2495 1198 2712 1257 Patrum
2736 1207 3245 1285 orlhodoxographa,
3263 1221 3335 1274 ait
3364 1218 3529 1278 Chro-

1928 1282 2139 1335 matium
2155 1284 2384 1355 (It-gauli
2406 1287 2777 1372 Snpnyopiqzﬁd
2797 1313 2877 1354 est
2902 1282 3133 1360 oratione
3157 1310 3227 1363 ad
3249 1315 3526 1386 populum)

1928 1370 2055 1425 Ucto
2076 1372 2428 1435 Beatitudines
2446 1370 2759 1453 exposuisse.
2785 1392 3038 1452 Nicolaus
3061 1399 3311 1459 Serarius
3344 1407 3397 1461 in
3418 1406 3527 1464 No-
3572 1437 3581 1445 -

1927 1465 1994 1519 tis
2018 1467 2082 1521 ad
2110 1471 2398 1539 epistolam
2430 1478 2450 1529 1
2480 1481 2651 1534 sancti
2686 1481 2951 1542 Bonifacii
2980 1496 3236 1565 martyris
3251 1513 3371 1568 pag.
3392 1501 3519 1567 ‘292,

1930 1564 2088 1637 129
2144 1566 2285 1622 inter
2336 1580 2550 1628 veteres
2597 1575 2824 1647 Patres,
2881 1584 2969 1653 qui
3015 1564 3137 1642 libri
3172 1564 3525 1651 Ecclesiastici

1921 1666 2200 1713 auctorem
2229 1678 2336 1717 non
2364 1662 2549 1721 Jesnm
2591 1668 2760 1725 ﬁlium
2794 1668 3016 1745 Siracb,
3047 1682 3140 1737 sed
3176 1682 3521 1744 Salomonem

1919 1748 2156 1817 faciunt,
2191 1754 2544 1814 Chromatium
2573 1766 2725 1833 ponit
2754 1767 2820 1822 ad
2857 1785 3020 1839 caput
3048 1790 3076 1827 v
3101 1787 3153 1829 ct
3183 1793 3233 1831 v1
3257 1778 3516 1838 Μςιιιιιωὶ.

1724 1815 1742 1822 _
2144 1815 2150 1817 _
2573 1815 2598 1833 ,
2754 1815 2820 1822 κ-
2860 1815 3020 1839 πμ..
3055 1815 3068 1827 .
3101 1815 3153 1829 υ.
3191 1815 3233 1831 ..
3257 1815 3516 1838 mnum.

210 1815 471 1875 dicundas
530 1822 829 1882 Chromatio
875 1829 1127 1887 Itomilias
1165 1834 1323 1891 aliert
1361 1815 1611 1897 Labbeus
1646 1861 1656 1897 :
1690 1861 1814 1901 nam
1848 1847 1892 1906 Β
1921 1842 2124 1913 Caspar
2154 1848 2409 1906 Barthius
2440 1854 2825 1915 Chrotnatiana
2868 1863 2985 1920 lucc
3018 1867 3231 1939 Scripta
3261 1875 3393 1929 tanti
3442 1874 3522 1931 fe-

211 1925 578 1985 pratterquam
600 1920 745 1987 quod
778 1920 1147 1995 Hieronymus
1171 1925 1489 2002 Catalogum
1516 1951 1671 1991 suum
1706 1954 1812 1994 non

210 2005 447 2061 Condidit
491 2018 622 2077 post
648 2010 1041 2083 Chromatium,
1074 2020 1169 2074 sed
1200 2021 1294 2075 illo
1315 2024 1492 2080 adhuc
1519 2033 1812 2098 superSIite

210 2098 347 2152 Λ.υ.
377 2100 490 2157 592
519 2101 620 2174 (b),
652 2105 744 2175 qui
780 2105 878 2161 fuit
907 2108 1200 2167 Theodosii
1230 2130 1343 2182 XIV,
1380 2128 1437 2171 ut
1466 2128 1651 2173 contra
1684 2122 1814 2178 Sea-

210 2193 427 2262 ligerum
454 2207 511 2252 et
539 2196 810 2255 Valesium
859 2204 1061 2260 evincit
1096 2207 1425 2265 Pearsonius
1457 2213 1508 2267 in
1545 2214 1810 2271 Vindiciis

210 2284 567 2357 Epistolarum
626 2290 815 2349 Sancti
862 2296 1052 2366 Ignatii
1104 2309 1261 2370 parte
1306 2319 1357 2369 ι,
1406 2321 1526 2374 cap.
1561 2307 1629 2373 (3,
1684 2309 1809 2365 Viro

210 2379 480 2449 maximo,
533 2383 760 2459 brevem
794 2385 1113 2461 Catalogum
1160 2395 1423 2452 scribenti
1465 2401 1643 2453 0;2:nio
1693 2418 1810 2456 0m-

209 2470 347 2527 niutn
374 2473 556 2545 Opera
594 2489 795 2547 prtesto
824 2496 1162 2554 nequaquam
1197 2486 1445 2555 fuerunt,
1490 2492 1633 2562 quod
1691 2496 1807 2563 ipse

206 2565 273 2618 ait
298 2565 349 2620 in
382 2571 655 2636 prooemio
683 2589 695 2624 :
722 2572 784 2629 Si
811 2575 897 2644 qui
928 2587 1096 2629 autem
1127 2579 1188 2631 de
1218 2580 1281 2633 iis
1300 2622 1313 2647 ,
1343 2583 1431 2652 qui
1460 2601 1620 2655 usque
1654 2588 1807 2642 hodie

206 2660 483 2731 scriptitant
500 2703 517 2729 ,
536 2682 569 2717 a
595 2681 673 2719 me
692 2666 745 2720 in
774 2666 871 2720 hoc
906 2670 1161 2724 volumine
1179 2677 1509 2742 prceterntissi
1533 2690 1679 2745 sunt,
1709 2681 1807 2735 sibi

208 2753 361 2824 magis
387 2771 548 2824 quam
590 2756 716 2810 mihi
740 2758 993 2831 imputare
1032 2761 1302 2817 debebunt.
1340 2764 1521 2834 Neque
1560 2771 1696 2823 enim
1722 2788 1803 2826 ce-

207 2847 361 2903 lantes
388 2853 587 2923 scripta
615 2870 747 2922 sua,
795 2856 857 2911 de
895 2857 1007 2923 his,
1050 2876 1164 2929 qua:
1210 2877 1315 2915 non
1355 2862 1454 2934 legi
1476 2906 1490 2931 ,
1528 2882 1679 2920 nosse
1708 2886 1802 2938 po-

206 2941 313 2996 tui:
333 2953 376 2997 et
405 2944 548 3014 quod
573 2947 692 3001 aliis
717 2948 938 3018 forsitan
964 2951 1029 3005 sit
1058 2962 1259 3020 notum,
1290 2954 1415 3008 mihi
1438 2956 1489 3010 in
1514 2958 1608 3012 hoc
1632 2970 1800 3014 terra-

206 3051 311 3090 rum
336 3039 530 3113 angulo
576 3043 739 3112 fuerit
780 3043 1036 3114 ignotum.
1071 3046 1219 3102 Certe
1247 3065 1404 3119 quum
1451 3052 1658 3121 scriptis
1690 3056 1800 3108 suis

206 3131 508 3202 claruerint,
560 3152 663 3191 non
715 3154 1024 3211 magnoprre
1069 3143 1233 3196 nostri
1284 3144 1475 3197 silentii
1528 3147 1799 3216 dispendio

1920 1938 2094 2005 ciunt
2123 1942 2174 1996 in
2198 1959 2387 2001 eorum
2418 1948 2556 2005 locis
2583 1956 2859 2010 nommllis
2889 1958 3225 2018 illustrandis
3248 1964 3523 2037 ingenium

1918 2038 2285 2105 occupaverit.
2313 2040 2446 2096 Nam
2504 2046 2553 2098 in
2586 2047 2931 2107 Adversariis
2963 2053 3057 2109 lib.
3087 2074 3268 2122 χχχιι,
3300 2078 3419 2133 cap.
3454 2065 3517 2132 4,

1918 2127 2256 2196 versiculos,
2304 2135 2393 2202 qui
2443 2141 2761 2196 auctoribus
2814 2142 3137 2203 exciderunt
3195 2153 3518 2223 improvisi,

1917 2233 2091 2289 neque
2121 2223 2301 2277 studio
2330 2241 2395 2281 eo
2424 2232 2885 2291 contendentibus
2907 2283 2919 2304 ,
2965 2236 3228 2313 detegens
3248 2289 3261 2312 ,
3298 2247 3398 2303 hos
3431 2265 3517 2305 re-

1914 2312 2057 2381 perit
2087 2313 2138 2367 iu
2168 2312 2444 2385 Opusculo
2476 2337 2524 2389 ι,
2556 2339 2675 2395 pag.
2712 2326 2816 2382 977
2848 2330 2942 2401 (α).

2005 2488 2186 2543 Noster
2208 2506 2479 2560 mercatus,
2510 2499 2615 2549 haec
2640 2506 2855 2555 nundiua
2880 2452 3260 2572 spiritualis.ch

1908 2658 2074 2717 Libro
2123 2678 2289 2734 xxxv,
2333 2684 2451 2738 cap.
2496 2673 2583 2736 t5,
2633 2674 2909 2746 observat,
2945 2679 3306 2743 Chromatium
3356 2692 3508 2762 Opu-

1906 2754 2063 2809 sculo
2094 2770 2151 2822 ll,
2187 2773 2308 2829 pag.
2341 2758 2466 2827 978,
2498 2766 2601 2819 col.
2642 2765 2715 2822 20
2740 2772 2843 2840 (tt),
2890 2778 3123 2831 misereri
3174 2794 3298 2835 cum
3341 2754 3506 2842 dandi

1907 2864 2035 2902 casu
2082 2866 2374 2922 usurpasse
2421 2873 2433 2908 :
2490 2859 2634 2928 quod
2667 2861 2757 2916 alii
2810 2867 2975 2921 etiam
3024 2870 3323 2931 Christiani
3366 2882 3507 2935 scri-

1910 2950 2095 3009 ptores
2123 2961 2229 2999 non
2254 2946 2531 3005 itlibentes
2558 2952 2829 3021 fecerunt,
2864 2969 2920 3012 ut
2950 2972 3172 3019 sanctus
3204 2966 3507 3038 Cyprianus

1904 3034 1970 3087 ad
2009 3036 2417 3094 Detnetriauutn
2459 3056 2524 3097 ex
2571 3043 2845 3113 Propheta
2879 3068 2892 3103 :
2930 3051 3109 3109 Nolite
3146 3060 3377 3115 misereri
3419 3081 3502 3117 se-

1906 3125 2136 3181 nioribus
2166 3140 2319 3200 atque
2337 3134 2636 3203 juvenibus.
2663 3137 2753 3195 Sic
2782 3142 3049 3214 Corippus
3080 3162 3131 3203 et
3161 3150 3503 3212 Petrus-Pic~

201 3227 546 3295 ωδρίωιηηι,
582 3229 710 3286 ch
756 3232 1114 3307 Hieronymus
1147 3237 1456 3307 scribam“
1491 3241 1579 3294 ubi
1628 3241 1793 3297 ωηο,
1822 3245 1869 3308 C
1902 3222 2144 3318 taveusis
2183 3220 2384 3277 ibidem
2419 3226 2563 3295 apud
2606 3230 2914 3289 Bartlrinm.
2961 3234 3072 3294 Nec
3112 3242 3333 3299 silentio
3360 3263 3499 3318 pran-
3536 3228 3540 3231 “

204 3322 368 3388 mutii,
402 3322 533 3379 licet
564 3326 753 3388 amici,
805 3327 1110 3396 Ilomilias,
1164 3330 1395 3385 necdum
1438 3330 1577 3388 forte
1617 3333 1793 3390 editas

203 3418 575 3485 autscriptas,
621 3419 844 3475 omnino
872 3420 1179 3488 ignorabat.
1218 3421 1362 3479 Idem
1403 3435 1487 3479 est
1526 3426 1789 3496 judicium

202 3504 265 3565 de
279 3507 563 3565 Geunadio
582 3554 598 3580 ,
629 3510 835 3568 Isidoro
855 3554 875 3581 ,
903 3514 1133 3585 aliisque
1164 3517 1667 3574 nomenclatoribus
1695 3536 1791 3576 ex-

204 3600 353 3666 teris,
396 3606 485 3672 qui
519 3618 621 3659 nec
649 3604 717 3659 de
752 3606 921 3661 Mario
963 3607 1264 3665 Mercatore
1293 3613 1464 3666 sancti
1497 3616 1788 3684 Augustini

206 3692 373 3750 amico
396 3736 412 3761 ,
441 3712 539 3754 nec
569 3698 636 3753 de
667 3713 857 3755 sancto
887 3700 1191 3757 Gaudentio
1222 3704 1417 3759 Brixiae
1448 3706 1706 3777 episeopo
1736 3719 1790 3765 et

203 3784 479 3844 Chromatii
506 3793 704 3863 azquali
726 3833 743 3860 ,
791 3810 892 3850 nec
921 3795 988 3849 de
1018 3795 1178 3851 Petro
1210 3794 1545 3869 Chrysologo
1590 3802 1784 3855 tuemi-

203 3892 405 3936 Itcrnnt.
440 3882 641 3939 Eorum
677 3896 855 3940 tamen
901 3903 1063 3957 Opera
1097 3890 1329 3958 genuina
1363 3890 1428 3944 ad
1464 3906 1562 3946 nos
1594 3908 1785 3962 pervc-

202 3973 357 4042 uisse,
386 3977 505 4047 quis
536 3978 882 4034 nescit?.lam
913 3995 1042 4035 vero
1072 3982 1365 4053 illustrium
1392 3983 1637 4038 virorum
1663 4001 1788 4040 sen-

202 4070 388 4123 tentias
412 4069 481 4125 de
516 4069 799 4125 Chromatit
829 4073 1290 4129 lucubrationibus
1322 4077 1744 4147 perpendamus.

266 4157 348 4215 IV.
377 4160 675 4220 Sicltardus
696 4166 749 4220 in
774 4166 1012 4237 Epistola
1037 4168 1102 4223 ad
1133 4167 1409 4239 lslungum
1428 4211 1442 4236 ,
1469 4170 1781 4242 dispeream,

200 4249 397 4323 inquit,
420 4257 464 4311 si
486 4273 590 4311 non
615 4257 942 4314 Chromatius
955 4261 1039 4314 hic
1062 4262 1126 4315 sit
1150 4262 1356 4335 dignus,
1381 4262 1467 4332 qui
1487 4280 1589 4316 non
1616 4264 1783 4317 solum

198 4348 382 4419 legatur
408 4352 469 4406 ab
490 4354 739 4421 eruditis;
762 4355 851 4410 sed
874 4367 919 4411 et
944 4356 1202 4411 ediscatur
1222 4374 1240 4411 :
1262 4367 1407 4411 tanta
1428 4368 1501 4412 est
1534 4359 1783 4412 sermonis

198 4441 469 4512 elegantia,
505 4458 551 4500 et
578 4449 831 4502 tractandi
860 4449 1012 4520 hujus
1065 4450 1354 4523 argumenti
1395 4450 1659 4521 dignitas!
1692 4449 1781 4503 Di--

199 4536 301 4589 vine
320 4541 604 4608 exsequitur
625 4559 684 4596 ea
703 4546 745 4613 [ι
756 4558 810 4596 re
824 4545 1017 4605 omnia,
1040 4560 1153 4615 qua:
1178 4542 1332 4597 hodie
1353 4555 1473 4598 sunt
1494 4545 1556 4598 de
1574 4541 1782 4615 Baptis-

1899 3314 2244 3382 tereuudum,
2270 3318 2413 3388 quod
2434 3319 2689 3379 Barthius
2721 3324 2817 3381 lib.
2854 3342 2962 3395 Liv,
2992 3345 3115 3402 cap.
3152 3336 3216 3403 4,
3251 3337 3319 3392 de
3360 3314 3500 3397 voce

1898 3398 2201 3461 Hammona
2246 3411 2387 3479 apud
2436 3411 2747 3469 Matthmnm
2786 3428 2862 3483 vr,
2895 3420 2989 3488 2h,
3023 3398 3079 3478 ni
3100 3398 3338 3484 medium
3367 3447 3497 3502 pro-

1895 3498 2023 3554 fert.
2047 3501 2179 3556 Nam
2201 3510 2321 3573 post
2350 3507 2624 3563 variorum
2656 3516 2980 3584 sententias,
3015 3522 3107 3590 qui
3143 3522 3496 3584 Mammonam

1895 3602 2029 3663 Opes
2054 3597 2508 3669 interpretantur,
2542 3603 2657 3659 lucc
2683 3607 2968 3681 subiungit
3001 3631 3013 3667 :
3046 3614 3173 3670 mihi
3196 3630 3367 3674 autem
3394 3639 3496 3677 non

1894 3686 2098 3742 videtur
2137 3692 2399 3762 quispiam
2456 3696 2808 3770 Evangelist
2841 3704 3006 3760 locum
3040 3714 3342 3781 emposuisse
3392 3734 3497 3771 mc-

1891 3780 1991 3834 tlus
2023 3781 2344 3853 Chromatio,
2374 3792 2524 3860 cujus
2562 3790 2672 3846 haec
2705 3795 2857 3851 verba
2888 3804 3151 3856 suntutit
3189 3805 3446 3865 Dominus
3475 3828 3493 3866 :

1893 3886 1991 3927 non
2018 3876 2228 3945 potestis
2258 3876 2369 3934 Deo
2395 3883 2588 3939 servire
2604 3897 2651 3939 et
2675 3885 3035 3960 Hammone;
3070 3902 3365 3968 ostendens,
3400 3921 3494 3959 nos

1890 3980 1997 4022 non
2022 3987 2171 4041 posse
2192 3982 2243 4026 et
2260 3972 2369 4029 Deo
2387 3979 2597 4046 servire,
2623 3989 2671 4033 et
2695 3982 2950 4053 Diabolo;
2976 3988 3031 4040 id
3054 4002 3131 4045 est
3159 3994 3263 4049 Deo
3285 4000 3486 4053 miseri-

1887 4062 2082 4119 cordias
2098 4070 2323 4136 auctori,
2344 4081 2393 4123 et
2412 4069 2629 4128 Diabolo
2648 4074 2981 4135 Mammonaz.
3007 4082 3325 4157 Hammona,
3346 4092 3401 4144 id
3416 4105 3489 4147 est

1889 4156 2166 4226 Diabolus,
2184 4164 2273 4230 qui
2286 4174 2553 4219 auctorest
2570 4167 2901 4226 Mammona’.
2922 4173 3049 4231 Haec
3072 4192 3319 4247 prostant
3340 4189 3483 4255 apud

1888 4248 2242 4309 Chromatium
2264 4254 2542 4326 Opusculo
2572 4276 2629 4327 tl,
2667 4280 2787 4334 pag.
2819 4266 2924 4323 989
3095 4273 3179 4327 Ad
3210 4276 3325 4333 haec
3354 4248 3485 4335 Bar-

1889 4351 2031 4402 thius
2055 4351 2464 4419 animadvertit,
2499 4372 2525 4407 a
2557 4354 2844 4415 Gennadio
2874 4363 3484 4441 Constantinopolitano

1888 4441 2239 4498 Mammonam
2281 4446 2467 4501 haberi
2521 4464 2617 4519 pro
2665 4447 2889 4508 Diabolo
2938 4456 2992 4510 in
3025 4458 3109 4513 his
3139 4463 3321 4519 verbis
3355 4465 3484 4537 Epi-

1885 4539 2040 4593 stula)
2069 4538 2361 4610 Synodalis
2395 4559 2407 4594 :
2442 4556 2547 4597 non
2575 4545 2709 4597 enim
2738 4545 2853 4615 ﬁeri
2880 4558 3082 4621 potest,
3112 4564 3166 4607 ut
3197 4572 3312 4627 qua:
3343 4562 3481 4616 coire

199 4644 274 4685 tuo
297 4633 666 4691 ocluramento
688 4647 865 4691 vocata
884 4639 936 4691 in
965 4640 1380 4694 controversiam.
1402 4639 1664 4694 Sicbardo
1695 4641 1778 4695 his

1904 4650 1985 4687 ton
2028 4644 2262 4705 possunt,
2319 4637 2724 4705 committantur,
2775 4652 2864 4695 aut
2908 4643 3051 4700 Deus
3094 4662 3333 4708 consonet
3365 4672 3481 4711 cum

200 4726 346 4791 plane
382 4730 559 4785 verbis
580 4732 821 4785 concinit
846 4731 1109 4787 Martinus
1150 4731 1774 4803 LipsiusinMicropres-

194 4814 367 4888 bjtitzo
410 4838 530 4893 pag.
582 4822 690 4879 412
721 4841 733 4876 :
762 4823 1117 4879 Chromatium
1168 4843 1305 4879 nunc
1345 4827 1493 4897 quasi
1538 4827 1599 4881 de
1643 4843 1773 4881 novo

196 4912 437 4967 redditum
458 4916 588 4982 orbi,
613 4918 835 4989 suscipe,
861 4919 971 4988 qui,
1004 4931 1057 4972 ut
1082 4929 1382 4991 prroteream
1412 4921 1613 4974 interim
1644 4923 1770 4989 alia,

196 5004 259 5058 de
282 5005 405 5062 Octo
428 5009 531 5065 illis
561 5011 703 5079 apud
753 5012 1056 5067 Mutthwunt
1096 5014 1511 5069 Beatitudinibus
1544 5018 1617 5070 ita
1643 5017 1773 5070 scri-

1884 4727 2108 4793 Satana,
2145 4738 2234 4782 aut
2268 4729 2387 4783 huic
2413 4732 2690 4786 servientes
2740 4737 2932 4791 servire
2972 4750 3019 4793 et
3057 4738 3187 4797 Deo.
3223 4745 3319 4803 Est
3348 4753 3481 4805 enim

1882 4831 1929 4875 et
1958 4822 2065 4876 hwc
2108 4820 2406 4890 Dominica,
2438 4826 2671 4895 citraque
2712 4834 3147 4902 controversiam,
3187 4844 3438 4897 sententia
3467 4862 3484 4899 .'

1884 4932 1985 4969 non
2040 4918 2249 4986 potestis
2292 4914 2404 4971 Deo
2455 4920 2651 4974 servire
2690 4931 2737 4975 et
2766 4921 3098 4981 Matrimonia.
3141 4930 3286 4987 Idem
3317 4951 3484 5005 porro

1883 5007 2138 5065 Barthius
2189 5012 2240 5065 in
2273 5008 2427 5065 Notis
2453 5014 2519 5065 ad
2554 5007 2836 5069 Phteh‘adii
2871 5018 3198 5087 Agiuneusis
3230 5028 3480 5101 episcopi

1879 5104 2201 5157 Sermonem
2254 5111 2443 5158 contra
2498 5107 2730 5161 Arianos
2788 5124 2910 5179 pag.
2961 5110 3051 5180 51,
3093 5119 3284 5175 eodem
3316 5128 3482 5178 modo

1879 5196 2179 5253 Cbr‘omat‘ii
2210 5198 2510 5253 Sermonem
2529 5199 2593 5253 de
2618 5199 2745 5255 Octo
2773 5200 3189 5264 Bea‘titudinibus
3210 5231 3308 5283 pro
3323 5216 3483 5271 Libro

1880 5291 2010 5358 dici,
2044 5303 2099 5346 ct
2132 5293 2295 5361 vulgo
2326 5307 2612 5362 perperam
2647 5292 3117 5372 Declamationem,
3150 5320 3179 5359 a
3212 5309 3479 5365 Sichardo

1879 5387 2163 5453 nimirum,
2194 5385 2419 5441 inscribi
2468 5386 2805 5444 observavit.
2836 5393 2877 5446 Α
2902 5392 3127 5451 Bartltio
3156 5400 3222 5453 ad
3259 5402 3476 5458 Sixtum

192 5097 259 5152 bit
280 5099 456 5159 diserte
479 5115 525 5159 et
546 5117 738 5171 sancte,
768 5116 823 5161 ut
854 5123 956 5162 non
985 5108 1085 5180 legi
1127 5108 1297 5162 solum
1334 5109 1396 5162 ab
1426 5110 1639 5164 erudita:
1670 5111 1778 5181 pie-

193 5195 307 5246 tatis
354 5197 659 5261 cultoribus,
718 5200 807 5253 scd
836 5200 987 5253 etiam
1012 5200 1169 5254 ε(ιὶδεὶ
1210 5202 1277 5255 ad
1317 5201 1522 5255 verbum
1558 5218 1612 5256 re
1656 5220 1775 5257 cera

192 5284 371 5356 dignus
397 5289 497 5356 sit;
524 5300 665 5344 tanta
687 5301 761 5345 est
789 5292 843 5346 in
872 5292 1142 5347 tractando
1170 5295 1445 5349 dexteritas
1475 5304 1523 5349 et
1550 5297 1771 5349 acrimo-

192 5367 295 5433 ut.
326 5378 587 5440 Hcroldus
612 5386 663 5438 in
696 5386 1043 5441 enarratione
1072 5396 1375 5455 auctorum,
1409 5387 1607 5459 quibus
1637 5402 1771 5444 con-

257 5559 475 5632 (adhuc
496 5574 589 5620 esti
609 5567 823 5620 initium
849 5568 913 5619 iu-
932 5564 1031 5622 liae
1060 5573 1245 5622 nostra
1267 5567 1536 5665 editiope,
1561 5566 1779 5621 Tractao
1898 5636 1936 5665 Π
1962 5564 2041 5665 (cf),
2062 5565 2119 5620 Id
2150 5575 2233 5665 est
2370 5566 2955 5665 Intres-rostraetlittpne
2984 5570 3024 5626 Τ
3026 5585 3154 5632 rat't.
3179 5593 3274 5633 seu
3301 5576 3473 5642 Serm,

257 5648 271 5665 ι
349 5648 436 5665 ιιι.-
475 5637 732 5665 εφη-ΝΑ-
821 5636 895 5665 n-
938 5638 1064 5665 (In...
1122 5638 1317 5665 nul-1:...
1358 5640 1432 5665 ἐκέ
1474 5656 1527 5665 ..η
1618 5653 1777 5665 ηιμ-..Α
1947 5654 1967 5665 ι.
2052 5648 2125 5665 ..ιι-
2204 5654 2258 5665 nl.
2290 5654 2300 5665 .
2334 5656 2357 5665 ..
2404 5656 2438 5665 ,ι

190 5638 301 5697 lus,
349 5648 438 5690 seu
470 5637 766 5701 Sermonis,
815 5636 895 5691 Bc
936 5638 1065 5693 Octo
1114 5638 1560 5703 Beatitudinibus,
1615 5653 1777 5708 quem

193 5704 510 5782 primo_l_oco_
540 5713 838 5777 posuimus.
1206 5781 1234 5782 η
1281 5781 1286 5782 ί

1904 5636 2126 5692 De‘0clo
2156 5637 2592 5705 Beatitudinibus,
2631 5657 2777 5693 num.
2816 5644 2899 5698 10.

1963 5700 2129 5782 (ἅμα
2157 5710 2318 5782 ρει-1η
2346 5711 2444 5764 hac
2478 5720 2659 5765 nostra
2689 5712 2925 5768 editione
2957 5710 3127 5767 Tracl.
3160 5718 3212 5779 5,
3238 5738 3386 5778 num.
3419 5729 3451 5782 6

257 5706 281 5713 Γ
1633 5706 1648 5708 -
2180 5750 2183 5751 ν
2268 5710 2278 5719 ’
2383 5729 2391 5740 -
2478 5728 2489 5761 ι
2554 5730 2568 5737 π
2620 5729 2626 5739 ·
2724 5712 2925 5768 ditiolte
2957 5710 3386 5779 Tract.5,ntzm.
3439 5729 3471 5782 '.

193 5706 1780 5847 m'igoﬁiil‘mm‘t'emestetiatuNallars.inAdmouic
1963 5709 2659 5861 if;lbdtgitihnlibicnogiiita
2676 5728 2915 5837 (illitum:
2953 5783 3193 5839 Tractam
3247 5786 3331 5861 I7,
3379 5730 3479 5854 nii-

185 5845 320 5899 tiane
346 5845 528 5915 prmia
547 5851 613 5905 ad
636 5852 829 5907 librum
852 5855 910 5909 S.
936 5854 1183 5909 Doctoris
1207 5850 1286 5907 De
1311 5853 1455 5908 Viris
1472 5851 1779 5909 illustribus.
1894 5845 2044 5908 mero
2072 5853 2124 5906 4.
