4084 6342
272 351 391 409 401
1401 346 1591 406 JUSTI
1629 344 1853 403 FON'I'A

1962 342 2005 402 η
2039 343 2506 405 υιιυοιοΑτῐο.
3491 347 3603 409 ιοι

272 484 427 543 quos
454 478 516 525 et
545 469 919 527 Chromatium
945 470 1202 542 appellat.
1245 466 1610 537 Quamobrem
1637 464 1893 522 Nicolans
1921 472 1973 533 Α
1998 465 2139 518 sario
2168 475 2257 520 tuo
2293 466 2427 522 rita:
2456 466 2529 520 ait
2555 508 2569 531 ,
2610 482 2665 521 se
2705 464 2949 523 accedere
2977 465 3209 539 opinioni
3239 481 3416 521 eorum
3447 505 3462 532 ,
3511 466 3604 537 qui

272 563 526 635 Zegerus
552 566 987 635 explicationem
1017 565 1086 621 de
1115 563 1406 619 voluntaria
1438 571 1743 634 paupertate
1769 562 1890 632 jure
1993 560 2343 614 adversariam
2358 560 2618 631 Spiritum
2631 570 2865 614 sanctum
2884 577 2992 615 esse
3006 561 3312 614 docuerant.
3330 556 3602 614 Sublestm

270 671 399 726 pra:
418 659 639 712 caeteris
655 659 952 728 approbat,
973 667 1089 723 tum
1116 659 1238 729 quia
1266 655 1443 712 Lucas
1465 671 1541 723 vr,
1560 653 1887 723 “20.8piritus
1991 648 2114 706 ﬁdei
2135 654 2385 716 censura,
2413 669 2519 707 nun
2545 652 2696 723 prius
2717 662 2900 708 tamen
2925 652 3448 722 excipienda,quam
3476 666 3600 717 per-

270 749 613 804 vocabulum
675 766 789 806 non
836 750 1077 820 adjecit,
1125 759 1236 805 tum
1283 750 1407 819 quia
1462 759 1546 803 est
1596 748 1886 816 utrobique
1991 747 2175 812 pensis
2208 746 2339 815 ipsis
2376 746 2872 802 verbistihromatii
2901 763 2966 803 ex
2995 745 3199 815 Opusc.
3230 761 3291 812 ιι,
3327 743 3596 817 pag.982,

267 846 533 915 πτωχοὶ,
568 843 724 914 quod
757 844 976 915 proprie
1001 844 1262 898 mendicos
1292 843 1562 914 designat.
1592 842 1775 912 Itaque
1805 852 1887 897 te-
1988 839 2146 893 col.2
2171 838 2271 910 (ά).
2293 840 2777 910 Explicaturusille
2799 841 3003 895 dictum
3022 839 3441 903 Matlhu'iv,‘25:
3463 836 3594 894 Esto

262 948 431 991 mere
457 934 725 991 Erasmus
749 936 952 993 Bedam
979 936 1226 1008 aliosque
1246 937 1316 991 de
1339 937 1641 991 voluntaria
1664 951 1885 1007 pauper.

257 1034 387 1083 tate
406 1069 422 1095 ,
448 1043 559 1084 non
592 1030 836 1085 coactius
857 1042 904 1086 et
930 1030 1152 1085 alienius
1182 1042 1236 1084 ut
1266 1031 1382 1099 ip~e
1410 1032 1505 1095 ait,
1535 1029 1630 1086 sed
1664 1028 1883 1101 proprie

257 1118 405 1174 illud
432 1119 873 1192 interpretantes
895 1164 912 1189 ,
943 1120 1256 1193 redarguit,
1284 1133 1338 1177 et
1364 1121 1433 1177 de
1463 1123 1755 1176 humilitate
1784 1137 1881 1177 seu

256 1213 545 1270 modestia
598 1223 816 1270 tantum
862 1215 1279 1287 intelligendum
1338 1217 1593 1271 attirmat.
1648 1214 1883 1271 Proinde

254 1303 565 1362 Chromatii
604 1306 860 1364 doctrina
895 1307 1240 1380 Evangelicte
1276 1311 1499 1363 omnino
1538 1307 1834 1378 respoiidet
1858 1349 1875 1375 ,

252 1413 446 1472 neque
469 1400 576 1455 alia
593 1400 669 1456 ab
693 1416 757 1457 ea
777 1411 880 1465 est.
899 1415 1061 1470 quam
1096 1415 1316 1471 semper
1343 1400 1597 1457 Ecclesiae
1620 1400 1877 1456 doctores

248 1505 327 1547 ex
358 1506 464 1549 ore
490 1491 712 1548 Domini
745 1493 921 1549 nostri
944 1493 1073 1550 Iesu
1101 1491 1309 1549 Christi
1340 1510 1445 1549 una
1472 1508 1609 1549 vore
1633 1493 1874 1549 tradide-

249 1593 411 1642 runt.
444 1585 716 1657 Ejusdem
752 1597 879 1643 sunt
905 1586 1131 1643 iurluris
1157 1628 1171 1653 ,
1204 1602 1324 1656 quze
1355 1586 1591 1643 subinde
1622 1587 1673 1642 in
1703 1584 1872 1642 Chro-

246 1682 483 1736 matium
531 1680 786 1739 haeretici
838 1682 1334 1754 Magdeburgenses
1386 1682 1642 1738 effutiunt
1678 1725 1693 1750 ,
1743 1681 1870 1753 quia

245 1776 459 1847 gradus
487 1774 921 1844 Beatitudinum,
943 1794 1069 1848 quos
1096 1776 1437 1849 Evangelicos
1464 1786 1633 1837 vocat.
1661 1794 1870 1850 compa-

1988 933 2305 986 consentiens
2326 931 2622 987 adversario
2654 942 2742 987 tuo
2769 933 2871 987 cito
2893 975 2908 1000 ,
2947 934 3070 986 dum
3094 948 3148 987 es
3169 934 3222 986 in
3244 931 3326 986 via
3351 947 3471 986 cum
3491 946 3551 984 eo
3572 975 3589 997 ,

1986 1041 2050 1077 ne
2072 1030 2207 1095 forte
2247 1026 2422 1081 tradat
2443 1039 2490 1081 te
2504 1028 2834 1082 adversarius
2844 1028 3016 1097 jadici
3042 1069 3057 1093 ,
3086 1038 3133 1082 et
3146 1027 3318 1098 judea:
3344 1027 3516 1081 tradat
3544 1036 3594 1081 te

1983 1118 2247 1185 ministro,
2278 1130 2323 1174 et
2352 1121 2407 1173 in
2438 1136 2694 1175 carcerem
2718 1121 2941 1175 mittaris
2961 1136 2981 1175 :
3012 1123 3197 1175 varias
3229 1120 3443 1191 profert
3463 1133 3595 1174 auc-

1983 1220 2162 1266 torum
2196 1216 2504 1268 sententias
2526 1222 2597 1269 «te
2617 1228 2751 1269 Voce
2782 1215 3138 1277 adversarius,
3170 1229 3332 1284 quem
3362 1215 3454 1268 alii
3487 1228 3591 1285 pro

1983 1306 2212 1361 inimico
2235 1305 2303 1362 ad
2337 1321 2520 1375 pacein
2551 1308 2866 1362 revocando
2889 1348 2906 1374 ,
2930 1308 3020 1363 alii
3053 1321 3152 1377 pro
3183 1306 3409 1363 diabolo
3438 1308 3587 1361 acti-

1982 1400 2157 1471 piunt.
2191 1400 2402 1469 Quibus
2442 1399 2725 1465 recitatis,
2774 1398 2893 1455 haec
2931 1400 3112 1455 statim
3146 1400 3461 1469 subjungit:
3495 1399 3593 1454 alii

1978 1508 2095 1549 vero
2120 1534 2136 1560 ,
2168 1509 2388 1565 quorum
2421 1494 2639 1548 assertio
2666 1494 2869 1566 plenior
2897 1493 3023 1547 mihi
3052 1494 3252 1549 videtur
3276 1535 3291 1558 ,
3335 1492 3584 1548 adversa-

1975 1588 2110 1642 riam
2138 1586 2222 1641 hic
2256 1587 2513 1651 Spiritum
2540 1600 2777 1643 sanctum
2807 1589 3107 1643 existimant
3144 1587 3544 1662 intelligendum
3561 1604 3583 1654 ;

1974 1681 2062 1752 qui
2100 1680 2403 1735 idversatur
2440 1680 2576 1734 vitiis
2621 1690 2672 1734 et
2717 1679 2986 1735 desideriis
3034 1680 3208 1734 carnis
3236 1720 3251 1745 ,
3298 1679 3587 1734 secundum

1973 1773 2113 1845 quod
2150 1775 2443 1845 manifestat
2484 1773 2764 1847 Apostolus
2800 1773 3057 1829 dicendo:
3103 1790 3223 1828 caro
3264 1774 3585 1845 concupiscit

244 1879 331 1924 rat
360 1870 525 1924 scalae
550 1869 725 1924 Jacob
754 1912 768 1937 ,
793 1887 885 1941 per
904 1864 1059 1942 quam
1080 1872 1167 1941 qui
1194 1874 1474 1937 ascendat,
1499 1883 1701 1944 portam
1730 1873 1870 1928 inve-
1900 1883 1946 1944 Β
1973 1866 2220 1922 adversus
2263 1870 2503 1939 spiritum
2530 1907 2544 1930 ,
2589 1878 2635 1921 et
2665 1867 2884 1939 spiritus
2911 1865 3158 1922 adversus
3190 1880 3438 1921 carnem:
3469 1864 3583 1921 lucc

243 1963 362 2017 niat
408 1964 550 2020 caeli.
601 1963 717 2020 Hac
759 1979 990 2020 censura
1034 1965 1172 2020 nihil
1199 1966 1439 2036 ineptius
1484 1978 1539 2021 et
1574 1967 1865 2023 absurdius

241 2055 367 2112 dari
412 2070 483 2112 ex
529 2056 798 2128 subjectis
840 2057 1127 2113 Chromatii
1175 2059 1359 2115 verbis
1401 2059 1606 2130 Opusc.
1645 2076 1704 2127 ι,
1739 2077 1860 2132 pag.

243 2147 379 2213 976,
406 2148 522 2205 col.
554 2151 583 2207 1
617 2149 699 2224 (a)
728 2151 972 2222 patebit:
999 2150 1229 2216 Gradus,
1265 2153 1458 2223 inquit.
1492 2152 1746 2221 quosdam
1772 2155 1865 2222 ﬁr-

241 2243 512 2299 missimos
552 2260 622 2299 ea:
667 2245 929 2317 lapidibus
974 2246 1213 2318 pretiosis
1257 2246 1435 2301 sternit
1479 2246 1863 2318 quodammodo

240 2334 512 2392 Dominus
545 2337 798 2393 Salvator
820 2380 835 2406 ,
880 2354 971 2411 per
998 2355 1127 2408 quos
1163 2350 1356 2395 sanctis
1382 2340 1574 2395 animle
1603 2350 1651 2395 et
1680 2339 1862 2405 fideles

239 2446 426 2498 repere
453 2430 687 2499 possint,
716 2441 766 2486 et
791 2430 1071 2487 ascendere
1096 2431 1166 2485 ad
1198 2450 1456 2488 summum
1481 2433 1615 2488 illud
1644 2433 1858 2500 bonum,

240 2522 298 2577 id
314 2533 392 2578 est
409 2538 636 2595 regnum
656 2525 930 2579 caelorum.
957 2525 1187 2582 Breviter
1201 2528 1382 2599 igitur,
1405 2530 1597 2599 fratres
1614 2528 1864 2583 charissi-

239 2619 312 2671 mi
339 2659 357 2684 ,
404 2618 694 2685 qualitates
731 2619 993 2692 graduum
1032 2620 1188 2691 cupio
1217 2619 1595 2677 demonstrare.
1620 2622 1861 2694 Singulis

240 2709 443 2768 deinde
473 2712 928 2769 Beatitudinibus
961 2714 1230 2770 enarratis
1252 2756 1267 2779 ,
1303 2715 1374 2769 ita
1414 2715 1696 2770 cont-ludit
1734 2731 1858 2787 pag.

242 2804 371 2873 977,
392 2806 503 2862 col.
526 2810 546 2862 l
575 2804 688 2880 (b):
712 2805 916 2863 Ostensi
940 2816 1079 2873 sunt,
1097 2811 1311 2880 fratres.
1334 2819 1446 2863 octo
1472 2808 1664 2881 gradus
1685 2809 1860 2865 Evan-

242 2902 397 2975 gelici
422 2903 684 2957 exstructi
714 2918 781 2957 ea:
800 2902 1080 2973 lapidibus,
1103 2915 1159 2957 ut
1182 2901 1439 2966 dixeram,
1471 2904 1710 2972 pretiosis
1729 2920 1749 2959 :
1776 2920 1857 2959 os-

242 3004 389 3050 tensa
428 3006 509 3050 est
548 2995 652 3050 illa
695 2995 841 3050 scala
881 2993 1067 3051 Jacobi
1092 3038 1106 3061 ,
1138 2999 1294 3069 cujus
1337 3013 1582 3051 cacumen
1627 2996 1691 3051 de
1722 3009 1861 3052 terra

1967 1963 2106 2017 enim
2132 1962 2229 2017 sibi
2259 1963 2481 2016 invicem
2507 1962 2868 2027 adversantur,
2894 1970 2951 2016 ut
2975 1978 3079 2015 non
3111 1975 3448 2031 quiscumque
3473 1959 3584 2013 vul-

1968 2056 2033 2110 tis
2060 2057 2153 2110 illa
2183 2057 2423 2126 faciatis;
2451 2057 2664 2127 spiritus
2691 2056 2823 2110 enim
2855 2055 3082 2109 ctelestia
3124 2053 3388 2110 desiderat
3415 2094 3429 2119 ,
3457 2067 3582 2108 caro

1967 2158 2169 2206 terrena
2199 2151 2551 2222 concupiscit;
2572 2149 2787 2221 spiritus
2804 2147 2957 2202 donis
2977 2146 3339 2217 spiritualibas
3365 2144 3578 2218 gaudet,

1968 2264 2089 2304 caro
2119 2250 2258 2303 vitiis
2288 2248 2650 2317 corporalibus
2681 2248 2997 2315 oblectatur;
3035 2247 3175 2303 unde
3218 2258 3265 2303 et
3301 2247 3582 2320 Apostolus

1966 2343 2074 2396 ait:
2104 2342 2283 2397 Nolite
2315 2343 2622 2397 contristare
2663 2342 2920 2414 bpiritum
2948 2350 3184 2396 sanctum
3221 2339 3320 2396 Dei
3345 2382 3362 2408 ,
3396 2345 3449 2395 in
3476 2354 3581 2411 quo

1966 2438 2159 2510 signati
2189 2436 2310 2491 estis
2334 2437 2390 2490 in
2416 2437 2498 2490 die
2518 2436 2906 2508 redemptionis.
2944 2434 3102 2502 Huic,
3128 2435 3304 2501 credo,
3329 2434 3579 2489 adversa-

1966 2534 2046 2585 rio
2089 2531 2288 2603 peccati
2331 2540 2378 2585 et
2422 2531 2612 2584 erroris
2651 2530 2865 2585 humani
2907 2529 3147 2584 suadenti
3185 2544 3301 2600 qua:
3335 2529 3485 2601 justo
3530 2536 3582 2583 et

1963 2636 2148 2682 sancta
2174 2636 2317 2693 sunt,
2348 2624 2564 2680 obedire
2593 2640 2685 2678 nos
2715 2623 2970 2679 Dominus
2998 2624 3242 2696 prwcepit
3263 2663 3280 2690 ,
3309 2622 3433 2676 dum
3464 2638 3583 2677 cum

1961 2718 2055 2773 illo
2075 2734 2254 2773 sumas
2281 2718 2335 2772 in
2366 2718 2471 2782 via,
2504 2716 2560 2770 id
2582 2729 2657 2771 est
2680 2718 2735 2772 in
2761 2716 3010 2771 comitatu
3035 2722 3151 2770 vita:
3180 2716 3451 2786 prtesentis
3471 2753 3488 2779 ,
3518 2724 3577 2769 ut

1962 2823 2209 2868 teternam
2236 2828 2416 2883 pacem
2444 2820 2493 2866 et
2516 2820 2816 2885 perpetuam
2841 2811 3137 2866 societatem
3160 2825 3279 2864 cum
3303 2824 3364 2864 eo
3385 2808 3576 2862 habere

1963 2907 2237 2977 possimus.
2278 2904 2356 2960 Ita
2403 2903 2736 2960 Chromatius
2763 2945 2780 2972 ,
2824 2906 3059 2959 aliorum
3105 2906 3468 2973 interpretum
3516 2901 3574 2955 in

1962 2999 2274 3070 hujusmodi
2297 3001 2662 3071 explicatione
2681 3000 3010 3055 sententiam
3040 2998 3360 3066 amplexus;
3387 2997 3438 3050 in
3465 3009 3574 3067 qua

244 3088 580 3162 pertingebat
611 3087 681 3143 ad
721 3089 905 3144 caelum
929 3130 944 3155 ,
978 3106 1070 3160 per
1094 3106 1248 3157 quam
1276 3089 1365 3159 qui
1393 3088 1666 3156 ascendit,
1701 3089 1857 3162 132
1959 3093 2207 3165 proiecto
2252 3092 2389 3148 nihil
2440 3107 2545 3147 non
2595 3091 2932 3157 catholicum
2985 3092 3284 3159 reperitur.
3335 3087 3573 3144 Sanctus

242 3190 448 3251 portam
474 3181 677 3236 invenit
706 3182 821 3236 τωιὶ
846 3222 862 3248 ,
900 3197 961 3235 ac
985 3197 1076 3253 per
1104 3198 1216 3236 eam
1246 3183 1506 3255 ingressas
1534 3182 1646 3236 sine
1671 3184 1776 3253 ﬁne
1801 3184 1858 3237 in
1959 3186 2224 3242 Paulinus
2249 3186 2495 3241 Nolanus
2524 3188 2686 3256 epist.
2721 3185 2792 3242 56
2816 3226 2831 3248 .
2860 3184 2995 3240 alias
3020 3184 3093 3238 20
3118 3183 3183 3238 ad
3210 3183 3520 3238 Amandum
3553 3221 3570 3249 ,

242 3286 526 3349 conspectu
556 3274 778 3330 Domini
824 3275 974 3332 ltetus
1015 3276 1227 3331 astabit.
1275 3275 1409 3344 Quis
1454 3292 1561 3330 non
1606 3280 1854 3347 agnoscit
1878 3275 1925 3338 C
1963 3282 2078 3351 pari
2106 3281 2271 3337 modo
2298 3295 2363 3337 ac
2386 3278 2753 3347 Chromatius,
2784 3279 2964 3333 locum
2995 3278 3119 3332 Matt
3132 3278 3236 3331 haei
3265 3292 3326 3332 se
3350 3276 3570 3354 ingene-

241 3369 719 3440 sapientissimum
752 3369 1084 3441 EpiscOpum
1132 3370 1315 3441 lingua
1351 3384 1479 3425 vere
1522 3368 1850 3441 Evangelica

245 3463 332 3520 hic
355 3465 553 3537 loqui?
590 3463 797 3520 Verum
820 3463 1050 3520 Sectarii
1081 3466 1274 3520 iterum
1305 3463 1604 3519 Cliromatio
1625 3481 1853 3521 succen-

241 3567 388 3623 sent,
419 3557 553 3631 quia
582 3557 642 3613 in
672 3559 826 3614 dicto
852 3558 980 3613 illo:
1010 3558 1138 3613 recti
1163 3557 1522 3614 inhabitabant
1549 3569 1770 3625 tetram,
1800 3569 1851 3615 et

243 3652 425 3708 Sancti
453 3652 768 3707 habitabant
788 3651 843 3705 in
870 3652 1218 3721 ea,intelligit
1244 3650 1658 3725 terram,Corpus
1680 3650 1850 3708 Sanc-

241 3755 406 3802 torum
440 3746 901 3818 transﬁguratum.
932 3745 1065 3802 Nam
1097 3747 1374 3817 Opusculo
1415 3761 1454 3801 ιι
1479 3788 1493 3810 ,
1528 3762 1649 3817 pag.
1696 3746 1804 3803 978
1829 3789 1844 3810 .

242 3839 345 3894 col.
378 3838 416 3894 2
441 3837 520 3912 (c)
541 3880 559 3905 ,
593 3838 886 3894 declarans
913 3839 1133 3908 quisint
1160 3839 1307 3893 mites
1334 3839 1476 3910 apud
1508 3840 1846 3906 Mattbamm,

241 3932 308 3988 ita
340 3934 606 3989 disserit:
637 3932 966 4000 Huiusmodi
1004 3949 1126 4006 ergo
1148 3933 1294 3987 mites
1319 3974 1334 3996 ,
1368 3932 1542 3987 beatos
1582 3931 1803 3988 ostendit
1830 3974 1846 3998 ,

242 4025 420 4097 quibus
452 4043 563 4082 non
592 4027 648 4081 in
667 4027 915 4099 praesenti
943 4026 1067 4091 vita,
1087 4026 1177 4081 sed
1199 4027 1253 4081 in
1272 4028 1447 4098 futura
1474 4027 1849 4098 possessionem

242 4128 387 4177 terra
414 4122 567 4176 illius
607 4120 782 4193 felicis
809 4122 1102 4192 repromisit
1130 4163 1144 4186 ,
1185 4120 1250 4175 de
1274 4138 1376 4192 qua
1402 4119 1602 4175 dictum
1628 4120 1846 4193 legimus

240 4212 292 4268 in
308 4216 547 4288 psalmo:
579 4214 849 4270 Mansueti
872 4226 1041 4270 autem
1070 4215 1404 4288 possidebunt
1436 4223 1648 4280 terram,
1677 4228 1724 4269 et
1753 4214 1847 4270 de-

242 4308 568 4365 lectabantur
604 4310 659 4363 in
698 4310 1031 4365 multitudine
1058 4311 1226 4384 pacis.
1253 4309 1321 4364 Et
1357 4312 1544 4366 iterum
1575 4326 1595 4365 :
1626 4310 1728 4376 Qui
1753 4327 1846 4366 ea:-

240 4414 471 4475 spectant
501 4403 917 4476 Domiuum,ipsi
937 4406 1238 4461 hmeditate
1264 4406 1600 4479 possidebunt
1621 4418 1846 4463 terram:

240 4496 300 4551 de
321 4516 425 4571 qua
462 4508 513 4555 et
540 4514 634 4571 per
663 4498 994 4554 Salvatorem
1023 4500 1252 4572 Spiritus
1277 4510 1486 4556 sanctus
1517 4510 1732 4557 testatur
1761 4503 1845 4558 di-

240 4592 669 4660 cens:Quoniam
696 4592 824 4645 recti
850 4592 1151 4648 habitabant
1175 4594 1229 4648 in
1259 4603 1415 4659 terra,
1432 4604 1481 4649 et
1508 4596 1676 4651 sancti
1696 4597 1845 4651 habi-

1958 3375 2109 3430 xisse
2133 3374 2475 3430 demonstrat
2513 3374 2595 3428 his
2623 3372 2838 3429 verbis:
2875 3370 3055 3443 Neque
3079 3380 3272 3443 septem
3294 3369 3406 3424 dies
3438 3370 3555 3424 luc-

1955 3478 2039 3523 tus
2082 3476 2254 3523 noster
2293 3468 2506 3524 excedat
2530 3508 2549 3534 ,
2594 3468 2640 3522 si
2684 3467 3061 3522 consentiamus
3106 3464 3262 3537 133
3304 3464 3362 3518 in
3404 3462 3564 3533 hujus

1956 3565 2074 3620 vita:
2112 3564 2197 3619 via
2235 3564 2547 3619 Adrersario
2583 3570 2780 3624 nostro,
2811 3561 2867 3616 id
2914 3570 2989 3616 est
3018 3560 3268 3633 Spiritui,
3300 3575 3362 3614 ac
3398 3556 3564 3614 Verbo

1957 3657 2077 3724 Dei,
2106 3658 2247 3730 quod
2274 3659 2421 3713 nobis
2453 3657 2782 3728 peccantibus
2810 3654 3141 3711 adversatur.

2032 3753 2114 3809 Vl.
2152 3753 2279 3809 Haec
2309 3768 2433 3823 quae
2463 3752 2602 3816 dixi,
2637 3752 2859 3822 planum
2886 3750 3125 3814 faciunt,
3159 3748 3225 3804 ad
3245 3747 3462 3820 regulas
3487 3748 3572 3803 in-

1956 3845 2264 3917 tegerrima;
2294 3845 2441 3911 lidei,
2476 3854 2533 3901 et
2564 3844 2766 3914 spiritu
2800 3858 2928 3899 vere
2964 3841 3327 3912 Apostolico,
3374 3840 3563 3896 Homi-

1954 3936 2363 3995 liasChromatii
2392 3937 2937 4008 l‘uisseconscriptas.
2963 3936 3042 3990 De
3067 3934 3389 3991 earumdem
3414 3934 3561 4007 stylo

1954 4033 2138 4103 aliqua
2166 4032 2334 4087 etiam
2365 4032 2637 4087 dicamus.
2671 4031 2790 4087 Non
2834 4033 3010 4085 utitur
3038 4029 3361 4084 charactere
3383 4027 3561 4083 subli-

1951 4127 2065 4195 mi,
2100 4127 2199 4182 sed
2230 4129 2415 4195 plano,
2451 4127 2703 4198 proprio,
2727 4126 2947 4197 aequali,
2979 4125 3278 4189 concinna,
3306 4122 3563 4180 minime-

1951 4234 2057 4289 que
2085 4218 2328 4288 vulgari;
2363 4219 2454 4287 qui
2483 4219 2739 4272 nimirum
2770 4216 3026 4272 convenit
3047 4216 3330 4284 episcopo,
3363 4213 3430 4269 ad
3463 4227 3565 4285 po-

1951 4313 2143 4383 pulum
2189 4327 2347 4367 suuni
2376 4312 2541 4366 verba
2589 4308 2836 4365 facienti.
2898 4309 3083 4363 Dictio
3132 4318 3220 4364 est
3268 4307 3469 4362 selecta
3508 4315 3569 4362 et

1951 4408 2159 4473 nitida;
2190 4406 2537 4461 ratiocinatio
2557 4447 2574 4471 ,
2605 4406 2686 4461 rei
2714 4403 2784 4460 de
2825 4418 2933 4471 qua
2960 4402 3161 4473 agitur,
3195 4401 3442 4456 maxime
3471 4414 3565 4455 ac-

1949 4504 2321 4570 commodata,
2352 4505 2424 4558 ita
2456 4511 2516 4558 ut
2546 4501 2667 4571 jure
2705 4509 2761 4557 et
2789 4500 2986 4557 merito
3016 4498 3223 4553 Natalis
3249 4494 3566 4553 Alexander

1949 4600 2007 4655 in
2037 4597 2242 4655 saeculo
2267 4611 2348 4663 iv,
2375 4611 2499 4665 cap.
2530 4596 2587 4661 5,
2617 4593 2854 4650 articulo
2885 4592 2989 4659 33,
3029 4592 3235 4661 scripta
3266 4588 3562 4646 Chromatii

239 4683 416 4740 labant
437 4686 495 4739 in
525 4701 612 4738 ea.
643 4683 754 4738 Hos
782 4701 902 4758 ergo
927 4686 1077 4741 mites
1110 4685 1361 4743 Dominus
1390 4687 1563 4743 beatos
1590 4689 1836 4755 ostendit,

1962 4693 2331 4767 elegantissima
2342 4690 2566 4747 dixerit.
2585 4688 3077 4747 Considerationes
3103 4686 3367 4752 perutiles
3395 4693 3557 4749 sunt;

239 4777 319 4846 qui
347 4779 619 4832 lenitatem
636 4777 1049 4832 mansuetudinis
1075 4779 1357 4835 Dominictr
1374 4791 1661 4852 sequentes,
1681 4782 1844 4839 beata:

237 4865 374 4924 illius
426 4878 587 4923 terra!
644 4868 949 4923 hereditate
991 4880 1237 4943 perpetua
1287 4872 1532 4943 fruitione
1579 4875 1838 4940 fruentur.

241 4956 468 5017 Maxime
493 4971 671 5015 tamen
701 4960 767 5015 de
797 4970 932 5016 terra
960 4963 1127 5017 nostri
1150 4966 1384 5036 corporis
1411 4965 1719 5037 loquitur,in
1740 4984 1843 5040 qua

239 5050 419 5109 Sancti
452 5053 821 5125 transﬁgurati
843 5055 898 5107 in
920 5054 1171 5127 gloriam,
1193 5059 1476 5113 secundum
1502 5059 1841 5133 ApOstolum,

238 5155 428 5203 teterna
479 5147 732 5219 felicitate
756 5148 1064 5222 regnabant.
1096 5149 1153 5204 lu
1182 5148 1286 5206 hac
1314 5156 1682 5216 enarratione.
1706 5154 1838 5224 quid

237 5253 263 5293 a
288 5256 413 5299 vera
446 5240 558 5298 ﬁde
587 5250 644 5297 et
666 5242 933 5312 religione
963 5244 1200 5300 alienum
1232 5246 1517 5301 occurrit?
1552 5246 1662 5305 Sed
1692 5249 1840 5320 Mag-

237 5332 617 5410 deburgenses
653 5324 951 5391 Chromatio
988 5339 1229 5395 nondum
1258 5349 1505 5412 parcunt.
1539 5340 1666 5398 Haec
1689 5344 1835 5399 enim

237 5429 468 5488 addunt:
505 5429 577 5486 In
606 5432 925 5503 expositione
954 5433 1121 5490 dicti:
1149 5433 1278 5491 Esto
1301 5437 1617 5493 consentiens
1646 5438 1833 5493 adver-

303 5572 379 5637 (al
404 5573 464 5630 Id
499 5580 590 5628 est
619 5567 801 5637 iuliae
830 5580 1019 5628 nostra
1040 5574 1185 5631 'edit.
1220 5574 1397 5634 Tract.
1431 5578 1494 5634 de
1523 5580 1653 5637 Octo
1680 5580 1854 5637 Beati-

239 5645 347 5699 tud.
381 5662 535 5700 nam.
576 5644 633 5698 1.

309 5717 382 5788 (b)
413 5716 563 5772 Ibid.
601 5727 751 5788 nunt.
774 5712 829 5769 9.

314 5783 391 5857 (θ’)
427 5792 484 5842 In
524 5790 631 5839 hac
660 5783 793 5857 edit.
827 5785 1003 5857 fract.
1030 5790 1086 5857 5,
1116 5805 1265 5846 num.
1297 5790 1354 5847 4.

311 5855 394 5933 (tl)
425 5858 490 5916 In
524 5859 633 5914 hac
659 5856 791 5911 edit.
821 5855 1001 5917 Tract.
1030 5855 1086 5930 8,
1118 5878 1268 5920 num.
1291 5862 1347 5919 ὅ.

1944 4787 2347 4856 explicationes
2373 4786 2440 4839 ad
2471 4799 2653 4839 mores
2675 4782 2953 4853 priet-inae
2978 4778 3229 4844 directte,
3260 4788 3313 4834 et
3347 4777 3563 4832 littera-

1944 4881 2046 4947 les,
2081 4881 2303 4951 quibus.
2339 4894 2454 4949 pne
2485 4876 2827 4948 allegoricis,
2847 4873 3123 4932 studuisse
3152 4870 3388 4927 videtur.
3422 4868 3562 4925 Ora-

1948 4976 2154 5030 tionem
2186 4974 2532 5029 Dominicam
2545 4973 2812 5041 explanat
2829 4987 2844 5035 ;
2871 4969 3236 5025 voluntariam
3268 4971 3562 5035 pauperta—

1944 5076 2078 5131 tem,
2111 5081 2361 5121 amorem
2395 5080 2524 5135 erga
2561 5065 2895 5134 proximum.
2928 5063 3371 5131 eleemosynam,
3407 5057 3561 5126 jeju-

1944 5163 2095 5219 nium
2142 5172 2488 5231 ceterasque
2544 5161 2778 5214 virtutes
2830 5157 3208 5217 commendat.
3248 5153 3317 5208 de
3356 5151 3561 5222 quibus

1946 5256 2201 5313 Salvator
2231 5257 2284 5309 in
2315 5262 2502 5309 monte
2532 5251 2813 5308 disseruit.
2835 5251 2893 5306 In
2918 5249 3113 5305 ultimo
3129 5246 3428 5317 Opusculo,
3456 5257 3559 5298 seu

1946 5348 2186 5405 Humilia
2246 5348 2315 5404 18
2357 5345 2431 5419 (ρ)
2474 5346 2716 5413 loquitur
2750 5344 2822 5401 de
2864 5342 3107 5399 efficacia
3139 5335 3395 5408 baptismi
3421 5334 3555 5389 Jesu

1944 5441 2180 5502 Christi.
2215 5439 2385 5496 Primi
2412 5438 2675 5510 Opusculi
2725 5437 2976 5493 llomiliaa
3004 5434 3078 5506 (Γ)
3104 5474 3119 5499 ,
3153 5426 3554 5503 perspicuitate

2044 5583 2096 5655 e)
2128 5583 2253 5655 llaic
2278 5583 2333 5637 in
2366 5592 2552 5655 nostra
2581 5580 2715 5655 edit.
2750 5590 2836 5637 est
2864 5578 3040 5655 Irqfl.
3205 5642 3217 5655 _

2044 5583 2096 5655 e)
2128 5583 2253 5638 "me
2278 5583 2333 5637 in
2366 5592 2552 5638 nostra
2581 5582 2715 5636 edit.
2750 5590 2836 5637 est
2864 5582 3040 5634 Trart.
3063 5582 3119 5631 2.
3347 5640 3354 5651 ⁸
3419 5636 3431 5648 _

2020 5582 2096 5726 in
2128 5654 2299 5712 Unica
2329 5665 2409 5708 est
2456 5653 2611 5726 primi
2644 5651 2907 5726 ρεπεν-(ηιιί
2943 5644 3177 5726 Humilia
3205 5642 3257 5696 in
3290 5636 3548 5726 Biblioth.

1956 5716 2367 5795 PP'.'l.ugdun..
2384 5716 2504 5795 qua:
2530 5725 2620 5777 hic
2643 5723 2941 5777 Tractatum
2963 5734 3060 5774 seu
3090 5716 3393 5771 Sermonem
3416 5724 3554 5767 con-

1950 5800 2228 5870 ltituitDe
2250 5798 2379 5854 Octo
2390 5795 2827 5852 Beatitudinibus.
