4084 6342
447 381 553 437 405

1396 380 1487 436 os
1525 380 1580 437 s.
1621 365 2027 434 cuaonsrte
2067 363 2289 437 tunso.
2331 375 2781 450 AQUILEIENSI

3641 384 3746 440 ωε

445 505 500 552 et
522 496 770 552 doctrina
802 509 1013 550 morum
1046 494 1258 550 caeteris
1289 501 1570 564 priestant.
1604 491 1679 545 Ita
1713 489 1887 545 ferme
1927 489 2038 544 Du-
2072 497 2124 558 Α
2146 509 2250 547 non
2279 509 2372 564 pro
2407 491 2584 557 Italia,
2625 510 2739 560 autc
2763 494 3075 564 jamdudum
3101 497 3164 550 ab
3207 497 3414 552 Arionis
3453 498 3625 567 quieta
3653 508 3740 554 at-

451 592 612 662 pinns
637 590 690 644 in
723 588 1063 644 Bibliotheca
1103 595 1250 642 tomu
1279 583 1365 652 ΙΙΙ,
1399 599 1450 641 et
1481 583 1866 641 Tillemontius
1903 592 2050 637 tonio

453 700 530 750 xi,
581 699 703 754 pag.
755 679 885 747 559,
935 681 1060 736 6i7.
1098 679 1424 735 Franciscns
1464 676 1662 741 Lucas,
1682 677 1829 731 inter
1859 675 2051 732 Patres

448 778 697 844 Latinos,
722 791 788 831 eo
815 790 960 845 serpe
993 775 1164 830 utitur
1191 772 1243 827 ia
1276 786 1376 825 suo
1402 770 1805 824 commentario
1838 769 1890 824 in
1921 768 2055 822 Mat-

449 871 653 925 tlucutn
688 884 813 938 cap.
844 884 897 934 v,
940 883 1060 936 pag.
1103 865 1194 931 62,
1233 864 1320 931 65,
1368 862 1459 926 65.
1495 863 1587 929 66,
1620 861 1712 916 79.
1743 859 2062 916 Hadrianus

449 964 738 1027 Bailletns,
770 962 822 1016 in
850 960 988 1016 Vitis
1007 961 1358 1023 Sanctorum,
1392 958 1480 1012 dic
1508 957 1542 1011 ’Ξ
1571 954 1912 1019 Decembris,
1939 963 2057 1026 sty-

451 1056 563 1110 lum
596 1052 882 1110 Chromatii
909 1049 1234 1106 instruendo
1265 1050 1437 1121 magis
1460 1063 1625 1117 quam
1660 1047 1929 1102 movenda
1963 1062 2056 1117 ap-

455 1160 569 1202 tum
604 1148 774 1202 fuisse
805 1147 1143 1208 arbitratur;
1178 1143 1272 1199 sed
1307 1153 1600 1209 utrumque
1629 1158 1695 1198 ex
1728 1141 1847 1211 ejus
1873 1141 2057 1195 Homi-

457 1242 545 1296 liis
571 1256 841 1310 apparere
871 1253 1032 1292 nemo
1066 1252 1171 1291 non
1199 1236 1372 1292 videt.

533 1333 642 1389 Vll.
678 1334 822 1388 Cave
849 1331 1204 1386 Chromatium
1223 1331 1472 1386 metiaris
1496 1344 1524 1384 a
1549 1330 1744 1384 litteris
1775 1329 1840 1382 ad
1868 1328 2065 1383 Hirro—

455 1444 678 1500 nymurn
703 1428 771 1482 de
796 1425 1072 1480 Natalitiis
1088 1424 1442 1489 Sanctorum,
1468 1438 1588 1493 ane
1621 1423 1721 1478 sub
1736 1421 1853 1492 ejus
1877 1432 1928 1477 et
1956 1421 2058 1475 lle-

451 1522 653 1576 iiodori
688 1521 1004 1575 numinibus
1029 1561 1042 1582 ,
1076 1534 1181 1572 una
1224 1532 1344 1572 cum
1387 1516 1706 1587 Hieronymi
1735 1516 1802 1569 ad
1832 1514 2058 1570 eosdem

453 1630 750 1684 rcSpnnso,
772 1609 1243 1667 circumferuntur
1261 1625 1289 1663 a
1314 1621 1561 1679 tempore
1580 1622 1756 1678 usque
1770 1605 2060 1662 Walufridi

446 1707 760 1774 Strabonis,
785 1719 842 1762 ut
872 1709 990 1776 ipse
1017 1706 1099 1760 his
1116 1705 1306 1760 verbis
1333 1705 1508 1759 innuit
1537 1718 1657 1774 cap.
1687 1702 1757 1758 28
1787 1703 1856 1758 de
1879 1702 2064 1758 Rebus

452 1801 902 1856 Ecclesiasticis:
949 1784 1155 1852 Litania
1193 1807 1361 1851 autem
1397 1796 1708 1852 Sanctorum
1748 1797 2017 1850 nominum
2044 1839 2059 1864 ,

2151 601 2250 657 que
2277 601 2458 640 secura
2479 595 2572 650 est,
2596 604 2687 642 nec
2716 589 2826 642 ulla
2853 590 3214 643 nauticarum
3245 591 3626 660 perturbatione
3651 608 3736 647 ee-

2151 688 2296 734 παρα.
2327 678 2476 733 Idem
2507 681 2558 734 iu
2593 680 2793 735 Lucam
2828 683 2923 737 lib.
2974 698 3049 745 is,
3089 698 3210 753 cap.
3236 684 3308 740 3?.
3331 725 3345 749 ,
3377 692 3528 739 torno
3555 684 3596 746 l,
3629 700 3750 756 pag.

2156 773 2313 839 1501,
2350 774 2492 841 quod
2525 790 2658 844 opus
2686 775 2994 845 scripsitA.
3029 778 3088 831 0.
3131 777 3270 844 586,
3297 793 3363 833 ex
3405 778 3570 848 Pugio
3601 778 3754 834 ΑΛ).

2153 864 2279 931 576,
2313 865 2436 937 ς5ε
2474 865 2658 922 Αῐεῑεω
2680 884 2881 932 omnes,
2922 868 3113 938 inquit,
3157 870 3340 931 quibus
3382 868 3559 924 Italia:
3592 886 3764 941 popar-

2155 961 2235 1014 lus
2265 977 2353 1029 per
2377 960 2616 1016 Judaij
2645 962 2768 1016 olim
2796 973 2840 1017 et
2867 964 3077 1018 Ariona:
3115 963 3350 1036 proxime
3384 963 3629 1018 siccitatis
3668 963 3757 1017 in-

2157 1055 2338 1108 cendia
2367 1057 2700 1125 coquebatur,
2733 1073 2913 1111 sereno
2931 1059 3048 1130 jam
3074 1057 3356 1128 spiramine
3383 1065 3758 1126 temperantur.

2159 1147 2292 1201 Dum
2325 1149 2402 1201 sit
2435 1165 2448 1200 :
2480 1146 2652 1203 Italiae
2690 1149 2943 1219 populum
2981 1149 3231 1203 incendiis
3269 1149 3480 1202 Arianse
3517 1148 3764 1202 sanitatis

2160 1239 2286 1293 olim
2314 1249 2552 1303 coctum,
2600 1248 2731 1293 tunc
2758 1255 2937 1294 sereno
2959 1240 3240 1312 spiramine
3263 1241 3580 1309 temperari,
3611 1239 3765 1294 luen-

2159 1331 2335 1386 lenter
2350 1331 2610 1399 ostendit,
2634 1331 2826 1386 eodem
2863 1331 3112 1388 A.D.586
3131 1332 3222 1387 illa
3257 1330 3510 1387 incendia
3539 1344 3767 1401 prorsus

2162 1425 2452 1489 exstincta,
2482 1439 2588 1478 non
2613 1425 2789 1479 solum
2811 1425 2863 1479 in
2887 1425 3144 1479 universa
3173 1423 3352 1489 Italis,
3383 1439 3505 1494 quae
3526 1433 3646 1479 erat
3666 1423 3769 1481 Pa-

2160 1518 2328 1571 rthia
2367 1517 2814 1582 Mctlionaleusis,
2849 1518 2943 1572 sed
2985 1519 3036 1572 in
3081 1523 3198 1572 toto
3237 1519 3405 1574 etiam
3435 1517 3765 1584 Occidente,

2164 1609 2216 1663 in
2241 1623 2349 1678 quo
2392 1619 2590 1679 prmter
2633 1610 3004 1676 Auxentium,
3052 1625 3257 1679 paucos
3306 1611 3605 1666 adnrodutn
3647 1609 3769 1682 ejus

2164 1703 2462 1774 impietatis
2486 1713 2793 1760 sectatores
2818 1703 2988 1760 fuisse
3016 1704 3223 1775 colligit
3253 1703 3534 1760 Arnaidus
3560 1703 3766 1761 Poeta-

2167 1811 2266 1851 cus
2324 1797 2375 1850 in
2422 1797 2574 1851 Notis
2619 1796 2685 1851 ad
2731 1796 3042 1853 Cbronicon
3066 1797 3289 1852 Eusebii
3323 1813 3444 1866 pag.
3481 1797 3762 1862 πεπιε.

454 1903 633 1963 postea
663 1893 896 1946 creditur
917 1893 970 1945 in
1009 1908 1160 1944 nsum
1206 1898 1496 1961 assumpta,
1525 1905 1677 1957 quam
1711 1887 2058 1959 Hieronymus
2089 1893 2137 1952 Β
2167 1892 2302 1946 llinc
2333 1902 2556 1947 sanctus
2583 1891 2816 1947 Basilius
2835 1891 2997 1962 epist.
3033 1892 3122 1958 70,
3152 1896 3219 1946 ad
3265 1893 3558 1962 episcopos
3600 1890 3771 1947 Italis

452 1983 917 2057 Martyroloq'um,
977 1995 1182 2036 secutus
1221 1981 1500 2035 Eusebium
1530 1980 1928 2042 Ctesareensem,
1965 1997 2056 2052 per

452 2081 575 2134 anni
605 2079 857 2133 circulum
903 2077 1228 2149 conscripsit,
1271 2091 1330 2129 ea
1373 2075 1644 2129 occasione
1686 2073 1748 2128 ab
1783 2073 2058 2144 Episwpis

454 2173 757 2228 Cliromatio
775 2183 819 2226 et
858 2170 1295 2225 Heliodoroillud
1323 2185 1453 2235 apus
1491 2177 1702 2237 rogatas
1724 2183 2054 2236 componere,

449 2270 570 2338 quia
600 2266 920 2321 T/irodosius
947 2265 1219 2337 religiosus
1241 2265 1518 2336 imperator
1539 2263 1592 2315 in
1615 2261 1834 2314 concilio
1855 2261 2058 2330 episco-

452 2377 637 2432 porum
668 2359 895 2414 laudarit
941 2358 1247 2430 Gregorium
1292 2356 1671 2412 Cordubensem
1715 2357 2058 2426 episcopum,

454 2455 592 2524 quod
613 2455 752 2507 omni
778 2453 862 2506 die
892 2451 1082 2506 Missas
1105 2452 1388 2524 explicans,
1405 2467 1581 2505 eorum
1601 2461 1910 2520 martyrum,
1933 2466 2060 2520 quo-

451 2566 569 2602 rum
599 2549 838 2602 natalitia
853 2557 1040 2614 essent,
1071 2548 1282 2600 nomina
1301 2547 1455 2614 plura
1485 2542 2062 2602 commemoraret.Wa-

458 2639 690 2694 lafritlus
716 2639 831 2693 hare
863 2641 1113 2694 hausisse
1143 2639 1355 2693 videtur
1377 2653 1440 2692 ex
1470 2637 1880 2707 epistolis,qu:e
1899 2637 2068 2691 Chro-

459 2734 642 2797 mutii,
690 2732 971 2788 l-lelioriori
995 2773 1010 2798 ,
1051 2742 1106 2784 et
1150 2731 1467 2803 Hieronymi
1503 2732 1722 2785 nomina
1759 2731 1812 2786 in
1837 2730 2063 2786 vetustis

456 2826 1376 2884 codicibnsUatardimentiuntur.
1432 2827 1636 2883 Harum
1694 2827 1904 2882 falsitas
1929 2827 2062 2881 olim

456 2921 696 2974 sulmluit
730 2919 969 2984 Erasmo,
1000 2919 1090 2988 qui
1118 2919 1171 2972 in
1207 2919 1316 2974 line
1347 2919 1550 2973 Iudicis
1581 2918 2062 2992 pseudepigrapho-

454 3031 568 3067 rum
597 3014 925 3067 ind-gctorum
953 3020 1011 3066 ut
1031 3024 1206 3077 vocat,
1242 3013 1554 3084 Hieronymi
1587 3011 1948 3078 comperimus,
1985 3013 2067 3066 in-

459 3108 572 3177 quit
603 3150 615 3172 ,
657 3105 1111 3178 Martyrologium,
1140 3105 1357 3176 prie/ira
1391 3104 1695 3175 Hieronymi
1722 3106 2028 3176 praefatione
2048 3149 2061 3168 ,

469 3201 875 3271 Langobardicis
897 3201 1145 3272 scriptum
1175 3201 1386 3265 litteris;
1408 3197 1498 3253 sed
1518 3197 1625 3252 alia
1644 3198 1869 3268 quadam
1891 3199 2068 3267 lingua

2160 1996 2216 2040 et
2265 1985 2482 2052 Galliae,
2509 1988 2604 2040 hoc
2651 1987 2806 2050 enim,
2845 1987 3049 2056 inquit,
3106 1987 3353 2040 luereseos
3399 1985 3596 2039 malum
3623 1997 3772 2040 cunc-

2162 2091 2212 2134 ta
2242 2080 2556 2152 depascitur,
2607 2089 2656 2134 et
2705 2081 2990 2150 periculum
3039 2091 3134 2147 est,
3179 2098 3240 2135 ne
3283 2081 3497 2134 vastatis
3529 2079 3772 2134 Erclesiis

2161 2175 2371 2240 nostris,
2417 2183 2464 2227 et
2509 2176 2578 2226 ad
2617 2190 2798 2228 sanam
2858 2174 3114 2228 incolatus
3162 2174 3314 2227 uestri
3360 2186 3558 2241 partem
3574 2181 3770 2242 serpat.

2159 2267 2277 2323 Non
2313 2277 2463 2322 recte
2499 2283 2634 2336 ergo
2663 2267 3041 2322 Florentinius
3069 2283 3192 2338 pig.
3223 2267 3295 2322 59
3325 2269 3598 2322 incertum
3629 2266 3772 2321 exis-

2163 2363 2338 2424 timat,
2364 2380 2429 2416 an
2460 2361 2621 2417 Italia
2645 2363 2845 2433 reliqua
2881 2363 2942 2417 ab
2985 2363 3124 2416 hisce
3163 2362 3400 2416 sordibus
3449 2363 3603 2432 fuerit
3644 2376 3773 2429 pur-

2161 2466 2304 2528 gata,
2335 2458 2586 2527 qnauwis
2619 2469 2842 2512 sanctus
2872 2455 3179 2510 Valerianus
3198 2455 3546 2525 Aquileiensis
3575 2453 3641 2506 ab
3668 2452 3772 2508 Ec-

2165 2552 2348 2606 cicsitc
2371 2567 2483 2605 suae
2523 2550 2724 2607 finibus
2757 2551 3124 2606 Arianismum
3168 2549 3456 2619 expellere
3486 2547 3761 2603 laborave-

2167 2644 2257 2698 rit.
2285 2644 2519 2699 Easdem
2553 2645 2718 2698 etiam
2738 2644 3242 2714 epistolassoltera,
3263 2652 3317 2697 et
3348 2643 3400 2696 in
3433 2642 3627 2711 paucis
3648 2656 3771 2695 ver-

2170 2735 2249 2788 bis
2277 2737 2444 2791 densa
2476 2737 2772 2803 stribiligo,
2805 2735 3104 2790 Chromatio
3148 2751 3380 2804 prorsus
3410 2735 3767 2806 abjudicant;

2167 2839 2226 2884 ut
2254 2831 2462 2901 feria/es
2489 2847 2587 2901 pro
2632 2830 2967 2886 Kalendariis
2994 2875 3006 2894 ,
3056 2833 3182 2886 item
3211 2831 3509 2902 perauirere
3531 2845 3769 2896 causam,

2171 2937 2270 2993 pro
2301 2925 2354 2977 in
2385 2924 2576 2979 crimen
2615 2925 2918 2993 inquirere;
2959 2933 3016 2978 ct
3044 2941 3110 2978 ex
3145 2926 3269 2993 [arce
3307 2925 3602 2992 inquinare,
3645 2938 3770 2980 cum

2170 3019 2291 3072 aliis
2319 3019 2543 3072 otnnino
2575 3019 2825 3073 barbaris
2853 3037 2867 3074 :
2899 3019 3177 3089 mirorque
3225 3019 3622 3074 Florentininm
3650 3059 3665 3082 ,
3713 3028 3774 3074 ut.

2175 3113 2271 3170 has
2299 3113 2493 3170 sordes
2523 3111 2822 3167 Chromatio
2848 3112 3095 3180 effingat.
3133 3114 3376 3167 scribere
3412 3130 3520 3167 non
3557 3113 3726 3166 terreri
3751 3153 3770 3178 ,

2176 3205 2425 3262 Sanctum
2455 3206 2769 3276 Episcopum
2791 3206 2860 3260 ad
2887 3205 3062 3261 Latini
3098 3208 3352 3262 sermonis
3377 3209 3658 3261 candorem
3679 3207 3774 3262 nti-

461 3295 862 3362 quauuLatinu,
893 3294 1127 3364 Hispana
1169 3295 1357 3363 opinor
1382 3312 1398 3358 ;
1451 3294 1708 3364 pler-isque
1757 3293 1960 3347 vocibus
2009 3294 2061 3346 in
2089 3294 2134 3355 C
2169 3313 2264 3350 nus
2289 3307 2527 3352 accurate
2549 3297 2865 3363 incubuisse,
2891 3309 3183 3368 propterea
3209 3299 3355 3368 quod
3373 3309 3656 3354 mercatum
3679 3313 3774 3368 pro

461 3390 616 3441 ulimu
662 3389 882 3457 far-mam
915 3387 1128 3457 (lc/lexis
1157 3405 1216 3440 ac
1241 3387 1552 3456 depravatis.
1594 3387 1890 3456 Utramque
1936 3386 2066 3455 Epi-

464 3486 657 3535 stulam
684 3483 921 3551 explosit
945 3482 1182 3536 Joannes
1210 3482 1454 3536 Nolanus
1484 3484 1535 3536 in
1563 3497 1684 3551 Cap.
1703 3482 1740 3534 2
1768 3482 1836 3535 de
1867 3482 2067 3553 Marty-

467 3576 708 3643 rologiis,
746 3587 796 3627 et
829 3574 1094 3627 llam-nius
1120 3576 1285 3628 etiam
1314 3586 1435 3643 eap.
1471 3580 1502 3627 tt
1540 3583 1598 3628 et
1631 3575 1661 3626 7
1691 3573 1759 3628 de
1800 3575 2070 3645 Martyro-

470 3668 612 3735 logio
646 3668 908 3719 Humano.
934 3667 1040 3718 Sed
1078 3666 1411 3720 Franciscus
1456 3666 1620 3721 Maria
1667 3665 2023 3721 Florentium
2051 3709 2067 3734 ,

467 3764 520 3814 in
569 3759 1052 3814 Ailumnitionihns
1082 3763 1305 3829 prmriis
1334 3759 1400 3814 ad
1433 3759 1712 3815 Velustius
1745 3760 2068 3832 Martyrolo-

461 3857 613 3919 gium
644 3855 712 3904 ah
754 3869 813 3906 se
856 3853 1086 3918 editum,
1127 3852 1450 3908 earumdem
1491 3853 1847 3923 epistoiarnm
1882 3864 2067 3924 patro-

463 3947 666 4002 trinitttn
713 3949 972 4019 suscepit.
1019 3950 1156 4014 Quia
1203 3963 1333 4003 vero
1378 3948 1640 4003 llaronius
1692 3964 1788 4016 pro
1821 3949 2069 4003 fabuloso

465 4043 630 4096 habet
664 4043 957 4097 Concilium
991 4041 1150 4115 135
1190 4042 1326 4098 illud
1370 4044 1782 4099 Mediulanense
1816 4044 1868 4096 in
1897 4042 2070 4098 Cbro-

467 4139 617 4191 rnatii
642 4138 871 4208 epistola
907 4148 1303 4208 metnuratum,
1337 4139 1403 4194 ad
1435 4140 1577 4209 quod
1615 4139 1931 4194 Theodosius
1956 4140 2070 4193 uni-

463 4247 634 4285 uersos
665 4229 835 4286 Italiw
859 4232 1126 4302 episcopos
1168 4233 1429 4288 invitasse
1477 4231 1678 4287 dicitur
1733 4233 1795 4286 ob
1844 4246 2056 4286 causam

466 4325 848 4392 aliquantorum
886 4326 1265 4395 episwporum,
1307 4326 1393 4390 qui
1427 4323 1620 4379 Ariana
1651 4327 1776 4395 [recc
1804 4341 1927 4380 suas
1953 4326 2069 4378 ani-

469 4436 578 4472 mas
606 4419 1042 4490 inquinaverant,
1088 4420 1211 4476 ideo
1251 4419 1619 4474 Florentinius
1648 4420 1699 4473 in
1731 4435 1799 4474 eo
1829 4430 1915 4473 est
1942 4434 2062 4490 pag.

468 4514 560 4577 60,
593 4524 647 4566 ut
679 4514 808 4568 illud
837 4529 958 4569 esse
988 4513 1313 4585 persuadeat
1347 4555 1362 4577 ,
1411 4512 1555 4582 quod
1603 4513 1872 4567 Baronius
1898 4512 1964 4566 Α.
2003 4513 2064 4566 ι).

463 4604 590 4672 590,
623 4604 650 4677 §
683 4605 738 4672 7,
765 4607 1098 4661 celebratum
1133 4607 1301 4662 refert
1329 4607 1644 4662 Mediolani.
1670 4607 1742 4662 At
1762 4609 1844 4662 vir
1869 4608 2069 4661 doctus

2169 3390 2410 3444 nundinis
2439 3391 2823 3459 usurpaverit:
2849 3404 2972 3444 cum
3009 3401 3189 3446 tamen
3225 3407 3286 3444 ra
3316 3406 3450 3446 voce
3485 3392 3621 3448 nihil
3651 3390 3772 3447 lati-

2171 3481 2290 3535 nius
2314 3481 2493 3536 all'erri
2529 3483 2721 3549 possit,
2757 3484 2800 3536 si
2850 3482 3021 3538 latine
3073 3483 3321 3552 proiecto
3353 3486 3576 3553 sapiunt
3619 3486 3775 3542 Sere-

2169 3590 2268 3629 nns
2297 3585 2351 3629 et
2382 3574 2555 3629 Varro
2579 3576 2720 3643 ειμιιά
2758 3575 2988 3631 Nonium
3027 3579 3192 3632 verbo
3225 3577 3512 3644 Μαι-σακε,
3551 3581 3776 3635 Plautus

2168 3669 2220 3724 in
2249 3669 2470 3724 Pacuuio
2501 3670 2536 3734 l,
2571 3686 2631 3737 ιι,
2662 3671 2789 3736 ﬁt),
2818 3671 2950 3727 etin
2987 3672 3236 3726 Asinaria
3274 3673 3314 3727 ll
3337 3715 3351 3737 ,
3379 3687 3437 3729 ιιι
3467 3716 3481 3734 ,
3512 3675 3600 3729 17.
3626 3673 3773 3729 Reli-

2169 3778 2274 3833 qua
2306 3775 2412 3817 non
2457 3778 2666 3828 moror,
2712 3779 2834 3818 cum
2885 3763 3114 3835 ipsemet
3147 3765 3526 3822 Florentinius
3552 3783 3673 3839 pag.
3707 3767 3778 3824 60

2169 3856 2323 3910 fateri
2365 3856 2586 3911 tandem
2630 3866 2880 3927 cogatur,
2933 3859 3198 3928 epistolas
3248 3871 3596 3930 nequaquam
3651 3875 3778 3916 esse

2171 3951 2409 4005 sinceras
2437 3969 2449 4012 ;
2479 3965 2793 4020 quanquam
2827 3967 3020 4007 rursus
3043 3961 3212 4018 erret,
3229 3955 3402 4009 munia
3419 3954 3500 4010 eis
3516 3963 3771 4012 contenta

2171 4058 2298 4100 vera
2327 4059 2452 4100 esse
2490 4046 2855 4113 pronuntians
2886 4062 2899 4098 :
2942 4045 3098 4116 cujus
3135 4047 3429 4102 sentcntiae
3463 4047 3672 4102 falsitas
3709 4063 3776 4104 ex

2165 4137 2278 4207 jam
2311 4137 2472 4192 dictis
2504 4147 2752 4208 apparet.
2805 4138 3038 4194 Fraudis
3069 4141 3334 4210 originem
3366 4152 3500 4212 puto
3529 4141 3778 4198 haustam

2169 4246 2234 4286 ex
2262 4230 2633 4286 Cassidodoro
2655 4246 2777 4301 cap.
2801 4231 2872 4287 52
2891 4231 2960 4287 de
2984 4232 3337 4288 Institutione
3363 4233 3670 4290 divinarum
3696 4233 3777 4289 lit-

2171 4334 2434 4390 terarum,
2465 4324 2554 4381 ubi
2593 4326 2774 4380 laudat
2802 4327 3089 4396 epistulam
3131 4327 3449 4398 llieronymi
3497 4329 3564 4383 ad
3613 4327 3773 4382 Claro—

2170 4419 2384 4472 matium
2414 4429 2468 4474 et
2503 4418 2884 4484 Heliodorum,
2921 4421 2975 4475 in
3009 4436 3113 4491 qua
3145 4423 3431 4490 passiones
3457 4423 3617 4494 135
3639 4436 3775 4477 mar-

2173 4522 2347 4583 tyrum
2375 4513 2717 4583 legebantur.
2759 4515 2890 4569 Huic
2917 4515 3216 4586 tlrperditm
3256 4526 3490 4584 nugator
3513 4516 3775 4586 quiSpiam

2170 4605 2435 4674 epistolas
2461 4607 2530 4660 ab
2552 4622 2611 4662 se
2628 4607 2909 4663 confectas
2934 4607 3430 4678 snpposuitNet-ba
3463 4607 3776 4664 Cassiodori

469 4697 762 4752 observare
790 4699 1054 4768 neglexit,
1086 4701 1138 4752 in
1169 4700 1362 4754 eodem
1410 4699 1646 4754 concilio
1679 4714 1787 4754 non
1817 4701 1885 4755 de
1916 4701 2068 4755 Aria—
2093 4691 2150 4751 Ι)
2175 4699 2290 4754 haec
2313 4708 2442 4754 sunt
2471 4717 2490 4754 :
2519 4712 2564 4754 et
2607 4703 2721 4755 ideo
2758 4705 2950 4773 futura?
2976 4702 3310 4757 beatitudinis
3341 4719 3621 4768 memores,
3651 4703 3779 4758 vitae

470 4791 574 4854 nis,
608 4791 700 4843 sed
729 4790 797 4843 de.
827 4790 1262 4856 Priscillianistis,
1296 4792 1473 4861 deque
1502 4794 1774 4862 episcOpis
1807 4795 1937 4848 olim
1971 4811 2067 4864 per

471 4883 758 4938 haereticos
790 4884 902 4938 suis
925 4899 954 4938 c
987 4885 1208 4940 sedibus
1238 4886 1430 4954 pulsis,
1467 4895 1644 4940 actum
1675 4887 1866 4955 fuisse,
1896 4899 1951 4943 ut
1978 4906 2068 4944 no-

479 4985 553 5030 tat
598 4977 795 5046 Pagius
823 4978 886 5030 A.
919 4976 985 5030 D.
1011 4974 1138 5043 590,
1189 4977 1218 5048 §
1247 4977 1333 5032 10.
1357 4978 1468 5032 Nec
1503 4993 1634 5032 sane
1682 4980 1750 5034 de
1781 4982 2068 5053 aliquantis

474 5069 728 5137 epismpis
779 5069 973 5121 Ariona
1019 5071 1142 5139 ftrce
1192 5070 1476 5138 inquitsatis
1515 5073 1565 5126 in
1596 5086 1661 5126 eo
1689 5073 1772 5144 agi
1797 5075 1990 5143 putuit,
2020 5077 2067 5130 si

471 5169 693 5213 sanctus
718 5158 1043 5214 Ambrosius
1080 5159 1250 5215 Italia;
1294 5172 1504 5231 partem
1555 5163 1868 5233 huiusmodi
1913 5177 2068 5236 peste

473 5254 902 5308 contaminatam
929 5253 1038 5323 jam
1066 5253 1273 5324 pridem
1309 5267 1654 5326 purgaverat,
1699 5268 1839 5315 teste
1875 5260 2068 5316 Hiero-

477 5363 640 5418 nymu
670 5347 722 5400 in
747 5343 1024 5400 Chronico
1050 5346 1362 5418 Olympiade
1391 5349 1519 5415 588,
1546 5351 1688 5406 Α.Ι).
1721 5353 1848 5418 576,
1877 5365 2068 5410 secun-

475 5442 603 5498 dum
637 5440 958 5507 Eusebium,
990 5440 1078 5494 ubi
1104 5449 1227 5510 post
1273 5451 1506 5498 mortem
1546 5443 1802 5500 Auxentii
1827 5447 2019 5502 Ariani
2048 5490 2063 5514 ,

474 5537 768 5593 Ambrosio
802 5535 1089 5590 Mediolani
1137 5536 1398 5607 episcopo
1425 5540 1744 5605 constituto,
1781 5541 1894 5597 lucc
1923 5543 2060 5597 scri-

471 5632 555 5685 bit
588 5647 599 5682 :
633 5629 798 5684 ontnis
822 5629 889 5682 ad
922 5639 1114 5685 rectam
1147 5625 1334 5682 Fidem
1369 5625 1528 5688 Italia
1569 5634 1896 5692 convertitur.
1937 5635 2067 5689 Am.

475 5721 690 5776 brosius
717 5719 878 5790 epist.
904 5716 990 5785 14,
1020 5717 1154 5773 A.D.
1183 5719 1294 5773 διε
1313 5721 1518 5791 scripta
1548 5723 1614 5778 ad
1642 5723 2011 5784 Theodosium
2047 5767 2062 5794 ,

470 5813 702 5881 idipsnm
738 5812 820 5866 bis
847 5811 1025 5867 verbis
1052 5812 1346 5867 conﬁrmat
1385 5819 1536 5868 tome
1585 5814 1626 5870 ll
1675 5817 1909 5887 Operam
1937 5833 2058 5889 pag.

473 5902 606 5971 818:
630 5902 877 5957 Laborem
897 5904 1019 5976 quin
1045 5905 1194 5960 etiam
1224 5906 1367 5962 nobis
1395 5907 1724 5965 indicendum
1748 5913 2055 5982 putavimus,

2171 4800 2399 4858 patrum,
2433 4794 2788 4864 confessiones
2817 4793 3074 4863 ﬁdelium,
3099 4795 3366 4863 passiones
3394 4804 3680 4865 martyrum
3712 4796 3780 4852 ls-

2169 4887 2272 4956 gitc
2296 4894 2590 4940 constanter
2631 4886 2803 4960 (quas,
2849 4888 2985 4940 inter
3027 4887 3136 4940 alia
3164 4927 3179 4950 ,
3236 4887 3289 4941 in
3336 4887 3565 4956 epistola
3611 4889 3778 4943 sancti

2171 4977 2520 5050 Hieronymi,
2552 4981 2621 5033 ad
2657 4977 3018 5034 Chromatium
3048 4992 3093 5034 et
3128 4979 3470 5035 Heliodorum
3497 4982 3776 5049 destinata,

2170 5073 2538 5144 proculdubio
2564 5075 2852 5146 reperietis)
2873 5075 2964 5146 qui
3006 5093 3100 5144 per
3135 5085 3295 5129 totum
3325 5074 3499 5130 orbem
3524 5087 3780 5130 terrarum

2170 5171 2391 5240 ﬂoruere
2415 5185 2432 5234 ;
2457 5178 2510 5222 ut
2541 5179 2721 5223 sancta
2744 5169 2966 5222 imitatio
2996 5185 3086 5223 vos
3117 5185 3422 5238 provocas,
3454 5171 3525 5222 ad
3557 5169 3784 5226 coelestia

2171 5261 2438 5332 perducat.
2484 5261 2680 5328 Viden,
2717 5264 2768 5316 in
2803 5263 3118 5334 Hieronymi
3151 5263 3385 5332 epistola
3430 5263 3548 5332 ipsa
3578 5271 3783 5332 marty-

2171 5373 2263 5416 res
2289 5359 2592 5413 recensitos
2612 5358 2638 5411 ?
2667 5358 2810 5426 Ergo
2838 5358 2937 5411 alia
2973 5357 3076 5413 fuit
3105 5371 3133 5413 a
3160 5359 3579 5431 Martyrologio,
3607 5371 3785 5428 eoque

2169 5448 2541 5521 longiuseulu,
2581 5461 2635 5504 et
2674 5451 3015 5505 brevissima:
3063 5451 3316 5521 epistola:
3361 5450 3684 5520 subjuncto,
3727 5459 3787 5505 ut

2173 5546 2338 5603 hodie
2370 5544 2655 5615 contingit.
2674 5543 2854 5613 Quare
2876 5547 3090 5600 unicam
3118 5545 3436 5616 Hieronymi
3464 5545 3780 5616 epistolam,

2168 5657 2196 5693 a
2233 5635 2556 5693 Cassioduro
2590 5637 2887 5703 laudatam,
2916 5637 3224 5705 Cliromatii,
3258 5629 3636 5706 lleliodori,et
3659 5638 3783 5696 Hie-

2168 5730 2383 5800 ronymi
2418 5729 2618 5784 litteras
2647 5744 2769 5785 esse
2795 5745 2902 5784 non
2953 5743 3104 5800 puto,
3146 5742 3267 5802 qua:
3322 5745 3469 5786 nunc
3509 5741 3775 5787 exstant:

2164 5823 2313 5896 quod
2346 5832 2673 5878 tamencum
2717 5823 2955 5880 Henrico
2985 5825 3209 5898 Valesio
3234 5825 3441 5898 putavit
3472 5824 3779 5898 Tiliemon-

2165 5920 2274 5976 tius
2306 5926 2452 5972 tomo
2483 5933 2577 5985 xu,
2609 5931 2729 5994 pag.
2755 5915 2881 5990 554,
2917 5917 3055 5992 555;
3083 5913 3297 5978 Bedain
3315 5915 3558 5992 Marcum
3584 5918 3678 5977 lib.
3713 5934 3773 5992 ιι,
