4084 6342
265 383 368 439 465

1371 380 1557 437 JUSTI
1595 370 1964 437 FONTANINI
2012 368 2473 439 niLt'cmah‘o.

3469 376 3575 437 406

262 516 381 568 rap.
414 499 507 566 16,
546 508 605 554 ct
633 514 751 568 cap.
783 499 815 553 6
844 496 1266 551 Retractationis
1296 496 1347 551 in
1382 496 1548 551 Actus
1580 496 1868 566 Apostolo-
1900 501 1941 555 Α
1972 495 2211 550 Joannes
2259 495 2514 549 Albrrtus
2560 494 2841 550 Fabricius
2882 492 2932 547 in
2977 492 3177 549 Codice
3223 494 3579 563 Apocrypboo

264 608 404 655 rum,
451 591 642 645 lattdat
681 590 1131 662 Martyrologium
1171 590 1342 644 sancti
1390 589 1727 659 Hieronymi.
1764 587 1869 642 Sed

261 682 460 737 Joanni
500 682 824 737 Mabillonio
853 682 906 737 in
940 682 1261 738 l‘rmlatione
1297 682 1363 735 ad
1394 684 1522 737 Acta
1557 690 1869 735 sanctorum

262 775 623 831 Benedictina
658 776 860 829 sa‘culo
888 792 960 839 tv,
998 786 1145 843 parte
1180 790 1249 835 u,
1287 789 1405 843 pag.
1442 789 1639 837 Lxxxv,
1692 773 1865 827 incer-

262 878 371 921 tum
402 869 655 933 videtur,
682 884 747 921 an
775 867 1137 938 Hieronymus
1178 865 1612 937 Martyrologium
1646 864 1869 934 aliquod

257 960 567 1030 scripserit.
604 960 918 1015 Cassiodori
946 960 1166 1029 quidem
1202 969 1257 1013 et
1286 958 1445 1013 Beda:
1473 959 1760 1013 sententia.-
1786 957 1875 1012 ad-

257 1052 504 1122 stipulari
544 1060 729 1105 tamen
761 1052 1038 1114 videntur,
1069 1060 1125 1105 et
1153 1051 1387 1118 Litauiw,
1425 1051 1655 1104 collecta:
1699 1066 1762 1104 ea:
1807 1050 1869 1103 li-

261 1149 351 1202 bro
378 1191 391 1213 ,
425 1165 587 1219 quem
628 1150 802 1202 beatus
832 1148 1182 1220 Hicrouymm
1220 1151 1283 1201 de
1309 1163 1602 1201 structorum
1632 1163 1720 1219 pt’t‘
1744 1148 1869 1200 anni

259 1242 510 1295 circulum
544 1243 803 1296 natalitiis
845 1243 1174 1314 conscripsit,
1236 1245 1377 1295 inter
1433 1242 1608 1309 Opera
1657 1241 1869 1295 Alcuini

258 1349 377 1404 pag.
406 1332 538 1395 280,
578 1335 701 1388 licet
730 1333 915 1388 Sancti
945 1336 1214 1395 nonnulli,
1245 1336 1574 1403 Hieronymo
1604 1335 1872 1387 recentio-

256 1440 363 1490 res,
398 1426 611 1480 ibidem
643 1426 711 1478 ab
739 1426 1187 1496 exscriptoribns,
1222 1426 1291 1482 de
1320 1440 1491 1493 mare,
1524 1426 1750 1482 fortaSse
1776 1428 1867 1481 ad-

254 1518 354 1573 diti
386 1522 765 1587 reperiuntur.
798 1520 1049 1574 Valesius
1082 1523 1134 1573 in
1163 1521 1559 1575 Dissertatione
1586 1522 1652 1577 de
1677 1522 1872 1594 Marty-

255 1611 463 1682 rologio
516 1608 833 1683 Rosweydi,
864 1612 1349 1684 Hieronymianum
1392 1615 1690 1667 memorari
1718 1624 1870 1682 ptttat

258 1703 396 1773 apud
408 1703 616 1774 Gregor
633 1704 741 1757 inm
760 1705 1012 1775 Magnum
1029 1706 1394 1776 lili.\'ti,epist.
1417 1706 1481 1759 21
1497 1747 1508 1759 .
1524 1705 1761 1761 Jacobus
1780 1706 1872 1762 Us-

253 1800 427 1853 serius
443 1799 495 1852 in
516 1798 888 1869 Ciirona!Ogia
909 1815 1063 1854 sacra
1088 1816 1204 1871 cap.
1227 1801 1261 1854 2
1286 1804 1338 1854 in
1370 1804 1475 1855 line
1492 1816 1597 1854 non
1622 1802 1864 1871 :unliigit,

1977 607 2115 647 rum.
2155 590 2442 660 Hambnrgi
2478 591 2750 658 impresso
2778 589 2843 643 A.
2896 589 2954 640 D.
3012 589 3172 651 1705,
3211 601 3355 641 mmo
3402 588 3581 657 primo

1976 684 2203 737 inseruit
2249 683 2468 737 easdem
2521 684 2806 753 egdmolas,
2856 682 2997 738 netis
3045 682 3249 736 critiels
3293 680 3577 746 conlian,

1975 788 2295 845 exsmntque
2339 779 2475 832 inter
2519 792 2683 844 Opera
2732 777 2906 830 sancti
2955 770 3272 847 Hieronymi
3322 773 3583 828 editionis

1972 870 2233 925 Rmnanae
2262 868 2327 924 Α.
2377 870 2439 923 D.
2490 869 2650 933 157’2,
2687 878 2838 921 [nuto
2889 868 2976 927 ΙΧ,
3015 883 3139 938 pag.
3186 866 3315 931 598,
3348 876 3398 921 et
3435 877 3583 920 tonio

1978 965 2041 1031 V,
2079 980 2198 1035 pag.
2230 963 2359 1031 414,
2391 964 2643 1017 editionis
2675 963 3000 1017 Parisiensis
3022 961 3248 1014 Joannis
3282 958 3584 1013 Martianaci

1974 1056 2098 1112 anni
2150 1056 2287 1112 1706
2333 1057 2474 1125 apud
2525 1056 2813 1109 Claudium
2859 1048 3087 1125 Rigaud.
3140 1053 3364 1105 Vossius
3412 1052 3579 1106 etiam

1976 1152 2093 1203 illas
2140 1148 2384 1219 explodit
2426 1149 2477 1203 in
2530 1148 2666 1202 libro
2710 1163 2744 1200 ιι
2779 1148 2843 1200 de
2894 1145 3178 1200 llistoricis
3212 1143 3418 1198 Latinis
3451 1157 3577 1211 cap.

1978 1242 2063 1296 11.
2116 1240 2435 1297 Gravissimi
2472 1241 2569 1294 viri
2614 1240 2923 1295 Melcbioris
2956 1241 3083 1293 Cani
3133 1236 3402 1291 .lndicium
3440 1251 3582 1305 prm-

1974 1347 2075 1390 stat
2110 1336 2296 1390 audire
2324 1352 2385 1389 ex
2418 1335 2553 1387 libro
2584 1350 2634 1388 χι
2671 1334 2738 1388 de
2786 1333 2944 1387 Locis
2972 1331 3318 1399 Thcologicis
3346 1344 3466 1397 cap.
3502 1328 3534 1381 6
3562 1345 3575 1382 :

1976 1431 2153 1503 Hujus
2184 1432 2383 1500 generis
2419 1429 2598 1497 fabula
2626 1431 2781 1483 etiam
2822 1428 2918 1482 illa
2966 1439 3039 1483 est
3083 1425 3281 1480 insulsa
3331 1441 3474 1494 teque
3520 1441 3581 1478 ac

1974 1524 2193 1578 bai'bura
2234 1522 2309 1577 De
2343 1522 2627 1576 Nativitate
2675 1522 2735 1577 S.
2786 1521 2974 1576 Maria:
3015 1521 3083 1575 ad
3128 1518 3482 1574 Chromatium
3534 1528 3586 1573 et

1975 1616 2319 1671 Heliodorum
2375 1616 2662 1687 episcopos.
2729 1610 2914 1669 Sinus
3002 1612 3266 1668 Senensis
3334 1611 3475 1665 libro
3543 1625 3582 1664 ll

1976 1710 2324 1764 Bibliotheca:
2367 1709 2433 1762 de
2463 1707 2720 1762 Matthaco
2742 1722 2928 1776 agens,
2958 1714 3128 1759 totum
3161 1704 3425 1773 scriptum
3460 1700 3588 1756 Hie-

1975 1821 2205 1879 ronymo
2250 1803 2541 1874 abjndicat,
2593 1810 2648 1856 et
2696 1800 2961 1857 Baronius
3009 1798 3170 1853 etiam
3218 1799 3271 1851 in
3308 1798 3588 1866 Apparatu

251 1892 376 1961 quin
398 1892 865 1963 Hieronymus,ut
888 1892 1226 1958 Cbronicon,
1246 1894 1318 1947 ita
1344 1901 1400 1947 et
1421 1892 1862 1965 Martyrologium
1902 1897 1942 1955 Β
1975 1897 2002 1968 §
2031 1896 2120 1951 44.
2153 1898 2393 1967 Denique
2419 1897 2778 1951 consulanlur
2804 1894 3226 1962 (ﬁbristophorus
3252 1907 3281 1945 τι
3302 1891 3496 1945 Castro
3531 1890 3583 1943 in

252 1982 474 2040 Eusebii
529 1985 585 2037 in
616 1985 860 2039 Latinam
909 1985 1148 2056 linguam
1184 1987 1542 2050 transtulerit,
1592 1987 1734 2055 quod
1800 1987 1869 2043 ab

256 2075 508 2131 Usuardo
532 2119 546 2142 ,
598 2076 822 2141 Adone,
851 2078 1086 2149 aliisque
1117 2079 1318 2134 deinde
1349 2092 1592 2145 auctura,
1623 2082 1870 2137 retinue-

251 2171 318 2224 rit
346 2184 575 2238 semper
592 2172 683 2226 die
705 2173 775 2225 25
801 2173 1137 2239 Decembris,
1171 2176 1239 2227 ab
1262 2172 1409 2229 Orbe
1438 2175 1660 2230 condito
1691 2191 1865 2247 usque

252 2264 315 2317 ad
365 2264 628 2319 Natalem
676 2264 908 2331 Christi,
964 2282 1229 2321 annorum
1281 2280 1569 2321 numerum
1623 2268 1689 2323 ab
1744 2271 1865 2338 ipso

252 2358 489 2414 Eusebio
520 2360 783 2427 positum.
835 2361 967 2416 Inde
1011 2364 1060 2416 in
1093 2365 1403 2416 universam
1453 2363 1861 2419 Occidentalem

251 2453 554 2507 Ecclesiam
589 2452 975 2525 Clu-onnlogite
1011 2457 1328 2512 Eusebianar
1361 2472 1490 2511 usus
1520 2466 1607 2512 est
1664 2473 1863 2527 propa-

248 2559 433 2619 gatus,
470 2550 689 2619 absque
724 2549 831 2605 ulla
886 2561 1064 2605 tamen
1124 2553 1372 2606 veritatis
1427 2552 1709 2607 llebraicze
1749 2554 1864 2622 jac-

248 2657 401 2713 tura;
457 2664 589 2704 nam
624 2658 679 2703 et
729 2651 781 2704 in
826 2651 946 2720 ipso
978 2650 1255 2706 Chronico
1307 2650 1577 2706 Eusebius
1606 2650 1859 2706 codicum

250 2742 655 2797 llebraicorum
706 2745 977 2797 calculum
1026 2745 1189 2798 simul
1243 2759 1364 2799 cum
1415 2758 1517 2798 suo
1574 2744 1863 2815 diligenter

247 2846 642 2899 annntaverat,
676 2837 985 2904 seriemque
1016 2850 1286 2892 annorum
1314 2836 1489 2892 Mundi
1522 2839 1588 2892 ab
1618 2838 1861 2894 Hebraeis

251 2942 344 2999 per
364 2931 774 3001 quinquaginta
828 2931 1087 2987 Juhilacos
1131 2932 1434 2987 dimensam
1473 2938 1857 3001 proposuerat.

248 3023 336 3079 Sic
358 3024 538 3079 ferme
563 3020 850 3080 Usserius.
884 3024 1023 3079 Tres
1051 3036 1237 3080 autem
1264 3026 1360 3079 Mai
1379 3026 1630 3097 tyrologii
1668 3026 1857 3080 lllcro-

249 3118 495 3187 nymiani
540 3118 765 3171 codices
796 3132 1088 3188 superesse
1118 3119 1222 3173 viri
1251 3118 1395 3173 docti
1448 3119 1855 3183 observarunt;

246 3210 339 3266 sed
372 3223 565 3267 tamen
592 3220 716 3281 post
750 3212 926 3281 ipsum
971 3212 1362 3283 Hieroilymum
1419 3216 1583 3265 aucti.
1622 3210 1855 3264 Primum

1975 1990 2209 2045 lliStoria
2240 1989 2487 2060 Deipara}
2518 1987 2753 2059 Virginis
2784 2001 2903 2057 pag.
2937 1984 3042 2040 704
3070 1982 3329 2038 editionis
3353 1982 3581 2053 Mogun-

1973 2086 2101 2138 tinte
2129 2084 2255 2136 anni
2287 2082 2463 2145 161ος
2493 2090 2547 2135 et
2579 2080 2916 2150 llosweydus
2948 2079 2999 2132 in
3034 2078 3176 2147 Lege
3202 2074 3446 2130 Talionis
3480 2088 3578 2143 pro

1972 2178 2204 2233 Baronio
2251 2193 2367 2246 pag.
2428 2176 2529 2230 106
2575 2182 2763 2228 contra
2810 2172 3194 2227 Casaubonum
3240 2168 3480 2223 Exercit.
3534 2181 3578 2233 ι,

1968 2288 2087 2340 cap.
2123 2270 2207 2334 15,
2240 2284 2377 2339 opus
2402 2268 2575 2337 ipsum
2607 2268 2749 2320 inter
2778 2264 3020 2318 labulosa
3053 2270 3303 2316 recenset
3326 2259 3572 2330 quidem,

1967 2366 2237 2418 diversum
2273 2373 2449 2416 tamen
2479 2361 2545 2414 ab
2575 2375 2641 2415 eo
2671 2366 2887 2429 putans,
2918 2355 3061 2425 quod
3091 2355 3160 2410 de
3194 2354 3387 2408 eodem
3417 2366 3579 2423 argu-

1969 2466 2152 2512 mento
2184 2455 2423 2510 haeretici
2450 2452 2751 2522 antiquitus
2777 2450 3161 2505 ciuilixerunt:
3203 2446 3346 2517 quod
3381 2458 3574 2515 parum

1968 2550 2154 2613 refert,
2213 2547 2511 2601 dummodo
2560 2547 2894 2615 llicronymo
2947 2558 3055 2596 non
3119 2540 3426 2599 tribuatur:
3486 2538 3577 2593 cui

1968 2659 2127 2695 nemo
2159 2656 2292 2696 sane
2336 2639 2545 2708 judicio
2576 2638 2839 2708 prmditus
2871 2637 3077 2691 tribuit.
3127 2633 3319 2688 Petrus
3350 2629 3571 2687 Wastc-

1965 2739 2066 2791 lius
2118 2738 2169 2790 in
2206 2736 2465 2789 Vindiciis
2514 2732 2742 2789 Joannis
2794 2727 3270 2800 llierosolymitani
3316 2736 3466 2780 torno
3510 2724 3574 2803 ll,

1964 2830 2100 2884 libro
2128 2844 2186 2895 ιι,
2214 2844 2335 2899 pag.
2361 2826 2490 2893 419,
2523 2827 2654 2889 425,
2687 2826 2969 2897 nonaginta
2991 2821 3289 2878 Chromatii
3313 2818 3571 2874 bomilias

1963 2925 2106 2978 inter
2137 2938 2300 2991 onera
2348 2922 2578 2976 Joannis
2607 2918 2985 2989 Cbrysostomi
3027 2915 3323 2971 editionum
3354 2912 3575 2968 Latina-

1963 3033 2100 3083 rum,
2137 3016 2464 3071 Basileensis
2496 3012 2820 3077 Erasmicae,
2855 3022 2903 3064 ct
2941 3008 3257 3065 Parisiensis
3279 3007 3572 3062 Cbevallo-

1965 3111 2163 3174 nianaa,
2208 3108 2377 3163 latere
2423 3106 2724 3161 contendit.
2763 3103 2975 3159 Nullam
3026 3104 3241 3155 interim
3294 3099 3572 3169 probatio-

1964 3216 2085 3255 nem
2130 3199 2427 3255 Waslelitts
2478 3197 2698 3252 adducit
2749 3211 2810 3251 ea
2861 3196 3141 3251 [artiorem
3171 3234 3186 3259 ,
3242 3206 3406 3263 quam
3460 3200 3568 3247 vox

248 3306 427 3359 laudat
457 3305 758 3360 Bollandus
788 3317 934 3360 tumo
966 3306 1245 3360 [Januarii
1275 3320 1396 3376 pag.
1429 3304 1519 3360 46.
1555 3304 1847 3359 Secundum
1878 3296 1922 3357 ί]
1955 3304 2228 3350 contracta
2275 3293 2399 3347 Chr.
2452 3291 2627 3347 eidem
2675 3289 3005 3360 suppeditat.
3063 3288 3214 3342 Hanc
3251 3286 3396 3340 enim
3444 3296 3560 3340 ora:

246 3400 590 3468 octingentis
621 3400 692 3453 ab
743 3400 868 3453 hinc
901 3400 1059 3454 annis
1092 3401 1357 3470 scriptum
1401 3400 1585 3469 judice
1616 3396 1855 3453 illabillo-

252 3492 343 3546 nio
392 3493 446 3545 in
482 3493 685 3546 itinere
714 3492 901 3546 Italico
955 3508 1071 3560 pag.
1110 3494 1232 3558 185,
1274 3494 1443 3547 edidit
1487 3490 1860 3547 Florentinius

250 3585 411 3640 Lucae
440 3588 509 3640 Α.
536 3585 602 3639 Ι).
630 3585 791 3640 16ϋ6.
830 3584 1060 3640 Tertium
1085 3601 1148 3640 ex
1174 3585 1361 3639 codice
1389 3584 1705 3639 Corbeicnsi
1738 3584 1855 3637 vul-

247 3684 395 3748 gavit
424 3679 610 3734 Lucas
641 3676 941 3733 Dacberius
985 3682 1037 3733 in
1089 3678 1386 3750 Spicilegio
1436 3688 1583 3733 tumo
1613 3679 1702 3743 IV,
1735 3688 1854 3748 pag.

251 3770 373 3826 617.
407 3770 530 3827 Hoc
563 3773 684 3825 loco
741 3787 845 3824 non
878 3783 958 3824 νει
1013 3772 1309 3834 silendum,
1362 3772 1429 3826 ab
1479 3774 1763 3842 Anonqu
1790 3770 1857 3825 de

252 3864 501 3918 Curribus
533 3866 933 3921 ecclesiasticis
976 3871 1103 3939 (quo
1134 3870 1351 3921 nomine
1396 3874 1565 3921 statas
1596 3864 1858 3919 Ecelesiaé

255 3972 465 4027 preces,
500 3974 624 4027 (iure
655 3958 757 4014 sub
792 3961 1054 4014 Breviai-li
1082 3964 1303 4015 nomine
1338 3974 1431 4030 per
1461 3960 1707 4029 singulos
1738 3957 1857 4012 dies

251 4047 465 4104 decurri
490 4064 553 4104 ac
574 4051 796 4106 recitari
827 4052 1046 4113 debent,
1097 4054 1333 4121 majores
1385 4051 1556 4105 nostri
1582 4050 1857 4119 signiﬁca-

254 4141 404 4214 runt)
437 4143 586 4213 apud
616 4143 912 4198 lleuricum
939 4146 1329 4214 Speltnannum
1366 4146 1419 4198 in
1453 4143 1711 4197 Ctsnciliis
1744 4142 1859 4196 Bri-

254 4241 627 4293 tanniazlomn
661 4238 702 4302 Ι,
758 4255 884 4310 pag.
924 4241 1044 4306 177,
1094 4239 1391 4294 Chronmtio
1444 4249 1499 4294 et
1556 4237 1850 4292 Heliodoro

253 4331 443 4385 (Jul-suc
503 4331 786 4385 Orientalis
836 4337 1100 4403 originem
1151 4333 1338 4387 tribui.
1400 4332 1724 4397 Holstenitts,
1786 4330 1852 4384 ad

253 4438 408 4479 oram
439 4426 748 4494 Spelmtmui
798 4427 847 4479 in
882 4427 1212 4481 Bibliotheca
1271 4426 1553 4496 Angeliea,
1609 4423 1855 4494 ejusdem

261 4520 532 4588 Anoiiytni
558 4518 802 4572 codicem
849 4529 1248 4589 nongentorum
1291 4532 1559 4573 annorum
1615 4532 1735 4571 esse
1789 4532 1853 4570 ex

258 4608 483 4663 Usserio
509 4612 814 4663 annotavit.
862 4612 1228 4673 Mabillonius,
1287 4614 1337 4664 in
1370 4609 1760 4682 disquisitione
1788 4609 1856 4665 de

1962 3391 2206 3447 cndiCum
2258 3391 2405 3460 prius
2452 3387 2742 3457 adpictam,
2791 3384 3135 3455 posunodum
3191 3382 3564 3450 exscriptom

1960 3484 2027 3539 ab
2084 3483 2400 3539 Cliromatio
2452 3482 2670 3535 nomine
2726 3480 2918 3533 Latino
2975 3477 3039 3531 ad
3109 3476 3560 3547 Cbrysostomum

1959 3577 2231 3641 Grai-cum,
2277 3590 2449 3645 eoque
2502 3572 2881 3631 celebriorem,
2936 3569 3332 3640 designandum
3394 3567 3570 3637 appli-

1961 3679 2210 3726 cuerunt.
2249 3671 2383 3724 llinc
2413 3668 2822 3723 Chromatianas
2857 3665 3107 3720 bomilias
3130 3662 3368 3733 imperiti
3391 3662 3567 3733 Chry-

1962 3774 2199 3818 sostomo
2279 3764 2600 3816 tribuerunt.
2666 3761 2793 3815 "830
2858 3758 3210 3814 Wastelianac
3279 3755 3567 3812 sentcntiae

1963 3874 2117 3926 prora
2162 3870 2215 3911 et
2249 3856 2459 3926 puppis.
2505 3854 2611 3910 Sed
2659 3854 2742 3908 vir
2786 3854 2961 3909 bonus
3010 3866 3117 3906 non
3151 3850 3358 3915 olfecit,
3402 3848 3569 3903 hasce

1962 3951 2209 4004 ltotnilias
2247 3951 2298 4003 in
2333 3948 2638 4003 Mattlmum
2668 3962 2854 4002 revera
2888 3961 3008 4001 esse
3034 3944 3401 4015 Chrysostomi,
3431 3956 3570 4010 quas

1964 4044 2151 4099 Latine
2184 4043 2413 4097 reddidit
2446 4043 2725 4097 Annianus
2754 4040 3025 4094 Diaconus
3053 4036 3373 4091 Celedensis
3406 4034 3565 4088 l’elaé

1960 4138 2171 4205 gianus,
2220 4135 2397 4189 addita
2429 4135 2658 4203 epistola
2693 4133 2757 4185 ad
2788 4132 3071 4187 Dt'ontium
3118 4130 3458 4197 episcopum,
3493 4125 3565 4181 ob

1962 4232 2206 4286 eamdem
2261 4231 2508 4285 lia-resim
2543 4245 2605 4281 ex
2647 4227 2795 4282 Italia
2844 4228 3099 4295 ejectum,
3152 4229 3211 4277 et
3256 4222 3454 4277 deinde
3508 4220 3566 4276 ἰπὶ

1961 4326 2192 4380 Concilio
2223 4325 2494 4391 Ephesiae
2527 4320 2864 4375 damnatum.
2897 4319 3001 4373 Eas
3032 4319 3099 4371 ab
3127 4332 3187 4372 se
3208 4315 3567 4384 interpolatas

1961 4430 2143 4490 postea
2177 4418 2341 4471 edidit
2364 4418 2628 4487 Georgius
2653 4411 3069 4482 Trapezuntius.
3093 4410 3378 4463 Annianus
3403 4407 3564 4462 vertit

1961 4516 2121 4569 etiam
2152 4510 2525 4582 Chrysostoml
2549 4509 2834 4578 epl~tolam
2856 4508 2924 4561 ad
2949 4505 3282 4575 Neopbytos,
3313 4514 3364 4556 et
3391 4500 3568 4555 Immin

1964 4610 2064 4664 lias
2095 4623 2165 4663 vn
2187 4608 2254 4661 de
2278 4606 2522 4661 laudibus
2550 4604 2740 4668 Pauli;
2773 4616 2907 4673 quas
2935 4599 3214 4670 Evangelo
3240 4596 3565 4667 presbytero

253 4704 418 4759 Cursu
443 4702 719 4758 Gallicana
752 4719 869 4775 pag.
906 4706 1011 4760 580
1038 4716 1313 4760 auctorem
1346 4719 1411 4761 ex
1448 4705 1589 4776 stylo
1614 4704 1852 4758 subodo-
1888 4700 1938 4759 D
1963 4706 2257 4778 Pelagiano
2311 4702 2530 4758 dicavit.
2580 4699 2717 4754 Vide
2769 4695 3072 4753 Fabricium
3127 4693 3181 4749 in
3228 4690 3568 4747 Bibliotheca

254 4808 425 4863 ratus,
460 4798 738 4851 Britonem
768 4808 860 4853 aut
904 4802 1121 4853 Sentum
1175 4801 1322 4864 facit,
1357 4796 1697 4868 Cursumque
1724 4814 1849 4853 eum

256 4891 471 4961 liturgia
503 4891 845 4945 confundere
877 4893 1192 4946 arbitratur.
1238 4892 1396 4964 136
1430 4895 1501 4946 lle
1533 4892 1634 4945 hoc
1676 4891 1852 4945 tttiSIri

256 4983 560 5039 Chromatii
588 4984 765 5039 Cursu
808 4986 1073 5055 ttltSqtlaltt
1109 4988 1234 5040 alibi
1283 4989 1575 5056 quidquam
1635 4989 1853 5056 legitur.

330 5078 465 5136 Vlll.
502 5078 560 5134 In
593 5080 841 5136 eumdem
873 5084 1048 5136 locum
1085 5082 1337 5135 falsarum
1372 5083 1631 5136 mercium
1668 5081 1858 5135 referri

259 5176 458 5231 debent
483 5176 607 5230 alite
627 5178 872 5243 epismlae
895 5176 1179 5231 Cltrotnatii
1198 5186 1251 5231 et
1275 5175 1547 5230 Heliodori
1576 5175 1641 5229 ad
1668 5176 1857 5229 llicro—

260 5282 507 5339 nymum,
540 5278 597 5324 ‘e‘t
626 5270 937 5341 Hieronymi
972 5270 1036 5325 ad
1083 5270 1322 5325 eosdem.
1352 5282 1578 5340 quarum
1620 5270 1857 5324 auctori—

254 5366 370 5417 tate
400 5362 566 5415 otiosi
616 5354 863 5417 homines
919 5363 1150 5430 pretium
1198 5361 1492 5417 conciliare
1537 5362 1861 5416 studuerunt

256 5453 555 5518 Opusculls
586 5450 665 5508 De
701 5464 815 5506 ortu
864 5456 967 5508 sive
994 5456 1156 5522 stirpe
1190 5454 1395 5515 Moriar,
1438 5462 1486 5505 et
1526 5455 1586 5507 de
1632 5451 1865 5524 Infantia

257 5545 578 5613 Satvatoris,
602 5547 733 5600 olim
759 5566 784 5598 a
809 5547 1029 5602 Gelasio
1052 5547 1068 5601 1
1094 5546 1356 5601 Pontilice
1387 5547 1529 5601 inter
1551 5548 1863 5617 apocrypha

257 5642 473 5695 relatis.
524 5640 811 5695 Decretum
866 5642 1010 5695 enim
1063 5642 1130 5695 de
1183 5641 1336 5695 libris
1384 5640 1715 5705 recipiendis
1766 5654 1864 5695 nos

256 5732 482 5788 Gelasio
526 5733 658 5786 alibi
707 5734 1130 5798 vindicarimus,
1183 5745 1232 5787 et
1273 5733 1545 5787 sincerum
1578 5731 1866 5786 edidimus.

337 5874 417 5944 (tt)
466 5876 595 5929 licet:
632 5875 1005 5927 tantummodo
1039 5877 1177 5929 inter
1206 5873 1484 5944 Depcrdita
1509 5870 1681 5925 saneti
1713 5871 1881 5944 (Ebro-

265 5940 421 6017 matii
459 5959 733 6003 mctnorat
771 5946 1121 6013 Funtauiuus.
1150 5946 1261 6003 Nos
1287 5940 1435 5998 'vero
1464 5944 1518 5997 in
1552 5953 1738 5997 nostro
1774 5940 1880 5997 Ile-

1963 4799 2147 4855 Giwca
2179 4806 2325 4850 tumo
2354 4795 2463 4861 VII,
2497 4808 2615 4864 pag.
2643 4793 2770 4848 645.

2190 4888 2342 4961 137
2394 4886 2621 4943 OPERA
2665 4881 2913 4940 SANCTI
2952 4876 3358 4935 CllROMATll.

2467 4982 2505 5035 Ι.
2524 5010 2591 5020 -
2613 4979 2740 5046 Qua:
2765 4983 3058 5047 supersunt.

2356 5074 2598 5128 Homilire
2620 5088 2728 5126 nux
2753 5073 2803 5125 in
2834 5069 3167 5125 Matthacum.

2540 5162 2986 5235 Il.—-Deperdita.

2040 5264 2291 5333 Epistolas
2340 5262 2404 5314 ad
2456 5267 2672 5314 sanctos
2724 5256 3094 5319 Ambrosium,
3145 5252 3573 5322 Hieronymum,

1968 5369 2021 5417 et
2051 5359 2313 5414 Joannem
2337 5353 2803 5425 tibrysostomum,
2850 5348 3144 5402 Honorium
3178 5355 3233 5401 et
3278 5337 3571 5399 Arcadium

1971 5455 2243 5521 Augustos
2273 5448 2371 5519 (a).
3549 5427 3559 5431 ’

2555 5540 2645 5595 lll.
2680 5569 2751 5580 -—-
2782 5536 2999 5609 Spuria.

2196 5634 2454 5703 Epistolte
2488 5631 2618 5687 uad
2651 5640 2897 5686 sanetum
2936 5627 3349 5692 Hieronymum.

2054 5732 2072 5802 (
2090 5729 2139 5783 Η
2145 5737 2355 5782 arteutts
2384 5720 2731 5780 Fontuuinus.
2751 5725 2767 5793 )

1993 5870 2311 5937 perditorum
2354 5866 2603 5920 elencbo.
2657 5880 2760 5916 non
2815 5859 3023 5937 levibus
3065 5869 3196 5907 sane
3239 5849 3593 5937 clipjecturis,

1992 5923 2093 5997 alia
2125 5955 2341 6011 quoque
2368 5938 2618 6007 superius
2653 5930 3079 5986 memoravimus
3111 5940 3232 5996 pag.
3260 5923 3377 5989 97.⁸
