4084 6342
540 328 647 388 107

1485 324 1575 381 DE
1612 323 1670 380 S.
1705 319 2113 380 CBBOMATIO
2152 318 2369 379 EPISC.
2413 319 2858 390 AQUILEIENSI

3722 329 3813 386 408

557 502 3786 535 MM

595 668 659 728 ά)
858 664 1017 737 1³9
1088 673 1259 759 EX
1322 664 2117 756 MONUMENTIS
2193 654 2778 750 ECCLESI/E
2830 654 3631 778 AQUILEIENSIS

1742 850 2204 906 COMMENTARIO
2239 849 2657 902 ILLUSTRATIS

632 1035 668 1076 α
699 1013 818 1077 Fr.
850 1012 1177 1076 Bernardo
1204 1012 1424 1076 Maria
1450 1010 1525 1072 de

1512 1197 1626 1267 ’τ’

1194 1390 1423 1448 CAPUT
1465 1389 1537 1447 X.

549 1511 757 1562 Mortem
781 1512 885 1559 obit
908 1511 1221 1568 Valerianus,
1243 1505 1447 1568 eligitur
1464 1506 1770 1556 Chromatius
1794 1518 1805 1553 :
1828 1516 1887 1553 an
1907 1504 2157 1553 ordinatus

613 1590 640 1623 a
670 1575 791 1624 Divo
818 1573 1111 1623 Ambrosio?
1138 1571 1253 1633 Ejus
1288 1572 1443 1632 patria
1470 1570 1747 1633 inquiritur.
1777 1568 2156 1633 Interpretatio-

607 1652 724 1687 item
752 1637 1031 1698 Prophetizc
1057 1631 1250 1683 Balaam
1279 1631 1471 1682 obtinet
1495 1635 1557 1698 ab
1583 1632 1845 1679 Ambrosio
1869 1631 2071 1698 :_eique,
2105 1635 2157 1698 et

609 1690 878 1749 Heliodoro
913 1699 1156 1746 Altiuensi
1191 1700 1441 1755 nuncupat
1492 1693 1822 1755 Hieronymus
1858 1690 2066 1754 plurium
2100 1690 2153 1739 S.

608 1764 875 1822 Scriptura:
896 1762 1129 1808 librorum
1151 1758 1345 1807 latinam
1367 1758 1739 1822 versionemLet
1756 1755 2154 1822 commentarios,

607 1817 813 1873 Rulinus
837 1838 897 1871 ev
932 1822 1172 1873 Orientali
1216 1821 1617 1882 peregrinatione
1654 1817 1855 1882 Romam
1882 1818 2044 1882 venit,
2074 1819 2154 1882 ubi

546 1902 551 1923 =
614 1889 771 1935 libros
796 1886 1030 1947 Origenis
1052 1885 1115 1931 de
1144 1880 1398 1943 Principiis
1423 1882 1572 1947 latine
1598 1880 1765 1947 vertit.
1793 1880 2056 1947 Dissidium
2082 1880 2158 1926 in-

609 1951 726 2009 cipit
745 1963 855 2009 cum
875 1942 1202 2009 Hieronymo;
1222 1942 1446 2009 petitque
1468 1943 1666 2009 Ruﬁnus
1686 1943 1977 2009 Aquileiam.
1997 1942 2155 2003 Ipsum

611 1966 650 1999 CI
689 1966 726 1997 ιι
745 1966 853 1997 cum
876 1966 1202 2009 lllcrouyluu;
1223 1966 1446 2008 pcuuluu
1468 1966 1666 1991 nuuuus
1686 1966 1977 2005 aqum-Iam.
1997 1966 2155 2003 ipsum

611 1966 915 2062 Cliromatins
950 2010 1008 2057 ad
1052 2010 1249 2057 latinam
1293 2007 1581 2056 Eusebianae
1620 2007 1833 2054 historiae
1878 2008 2155 2052 versionem

544 2084 555 2101 ‘
610 2076 815 2125 inducit.
844 2076 1005 2123 l‘rinia
1038 2070 1215 2120 Alarici
1242 2070 1508 2119 Gothorum
1552 2068 1704 2131 Regis
1738 2070 1785 2117 in
1819 2067 2004 2117 Italiam
2029 2068 2156 2115 irru-

610 2141 732 2200 ptio.

619 2247 660 2300 Ι.
704 2246 946 2315 Tempus
970 2245 1204 2298 assecuti
1259 2257 1470 2308 sumus,
1504 2258 1613 2313 quo
1654 2241 2001 2308 Valerianus,
2057 2256 2157 2311 pro

548 2341 891 2413 Aquileiensi
914 2349 966 2394 et
996 2339 1248 2395 universa
1291 2339 1536 2394 Ecclesia
1564 2338 1981 2408 quamplurimis
2004 2337 2157 2391 labo-

551 2439 704 2494 ribus
751 2436 1067 2506 perfunctus
1117 2434 1453 2504 l'ractusque,
1516 2433 1799 2487 mortalem
1845 2430 2010 2485 vitam
2034 2446 2154 2485 cum

558 2540 763 2585 aeterna
791 2527 1166 2583 commutavit.
1199 2526 1543 2581 Sanctissimi
1601 2524 1849 2593 praisnlis
1896 2524 2158 2577 memoria

547 2622 860 2676 celebratur
883 2619 973 2673 die
1000 2618 1068 2672 27
1104 2620 1308 2673 mensis
1340 2617 1651 2672 novembris
1684 2618 1735 2670 in
1761 2616 1938 2670 Fastis
1969 2616 2159 2671 Eccle—

549 2716 670 2769 siae.
700 2712 1056 2782 Annumejns
1084 2712 1444 2766 emOi-tualem
1470 2710 1718 2777 designat
1745 2710 2155 2763 trecentesimum

1633 1009 1783 1106 ibeis
1817 1006 2084 1110 Qrdinis
2118 1005 2643 1071 Prwdicatorum.
2684 1005 3047 1087 Argentinte
3079 1007 3210 1083 (seu
3245 1005 3550 1088 Venetiis)
3584 1007 3747 1069 171ιο.

2052 1190 2371 1208 ὕ

2177 1391 2227 1451 Α
2260 1403 2279 1438 ι
2314 1385 2481 1451 lium;
2515 1386 2774 1457 equidem
2824 1388 3118 1455 existimo,
3151 1389 3281 1443 illnc
3309 1404 3434 1446 esse
3465 1391 3742 1461 proiectum
3769 1406 3826 1446 ex

2264 1500 2283 1532 ι
2324 1497 2476 1536 more
2528 1481 2593 1535 ad
2656 1484 2780 1536 novi
2839 1484 3176 1537 creationem
3231 1483 3529 1551 Autistitis,
3584 1501 3695 1542 cum
3741 1485 3825 1540 de-

2268 1592 2286 1625 ι
2324 1573 2512 1629 iuncto
2540 1574 2836 1631 Valeriano
2863 1577 2982 1647 ejus
3013 1577 3251 1632 civitatis
3280 1580 3554 1649 episcOpo,
3586 1581 3633 1634 in
3665 1582 3823 1635 locum

2268 1686 2287 1720 ι
2317 1669 2435 1736 ejus
2463 1679 2545 1724 est
2570 1670 2897 1739 subrogatus
2924 1670 2983 1727 S.
3018 1669 3387 1728 Chromatius.
3432 1692 3450 1726 ι
3496 1673 3606 1729 Non
3634 1675 3825 1729 inanem

2262 1772 2395 1831 puto
2420 1762 2817 1833 conjecturam.

2331 1856 2535 1913 Morem
2562 1868 2834 1913 vetustum
2856 1860 3065 1914 servari
3092 1860 3484 1916 consuetumin
3514 1861 3827 1916 ordinatione

2261 1951 2504 2020 episcopi
2536 1960 2648 2005 tum
2686 1953 3071 2022 Aquileiensis,
3104 1970 3227 2009 cum
3284 1954 3712 2020 .llediolanensis,
3748 1966 3829 2006 ex-

2260 2043 2414 2100 hibet
2440 2045 2694 2114 Pelagins
2726 2062 2862 2116 papa
2889 2063 2929 2109 ι,
2966 2047 3017 2100 in
3060 2046 3367 2118 fragmento
3396 2064 3413 2103 ι
3444 2048 3678 2119 epistolae
3706 2058 3831 2100 anno

2260 2138 2367 2192 557
2416 2148 2510 2193 attt
2559 2138 2885 2209 insequente
2909 2139 2975 2194 ad
3001 2139 3285 2196 Narsetem
3314 2142 3475 2208 datae,
3505 2142 3640 2212 qttod
3668 2141 3821 2197 Lucas

2262 2232 2576 2289 Holstenins
2604 2233 2796 2299 edidit,
2832 2233 2916 2289 his
2947 2235 3129 2290 verbis
3160 2253 3173 2289 :
3211 2235 3265 2289 Is
3296 2252 3406 2289 mos
3461 2236 3690 2308 antiquus
3729 2233 3831 2303 fuit,

2262 2337 2317 2382 ut
2369 2329 2492 2397 quia
2547 2344 2641 2391 pro
2700 2328 3077 2399 longinquitate
3120 2330 3197 2383 rel
3220 2329 3533 2399 difﬁcultate
3560 2329 3743 2383 itineris
3780 2323 3835 2377 ab

2262 2423 2565 2494 ApOstolico
2596 2440 2872 2477 onerovum
2896 2425 3001 2478 illis
3029 2428 3201 2492 fuerat
3224 2426 3481 2489 ordinari,
3510 2425 3609 2495 ipsi
3637 2440 3685 2479 se
3724 2420 3835 2475 inri-

2261 2534 2368 2571 cem
2394 2517 2796 2571 Mediolanensis
2817 2527 2867 2571 et
2885 2518 3231 2588 Aquileiensis
3254 2519 3499 2572 ordinare
3521 2519 3737 2588 episcopi
3761 2514 3838 2567 de-

2260 2608 2488 2663 but'ssent
2517 2625 2536 2664 :
2562 2620 2615 2664 ut
2643 2620 2688 2664 et
2714 2610 2997 2664 ordinandi
3020 2610 3203 2665 electio
3231 2630 3263 2667 a
3293 2616 3533 2681 prwsenti
3564 2613 3835 2666 ordinatore

2261 2720 2326 2758 ea:
2352 2721 2605 2758 consensu
2637 2707 2942 2759 universalis
2965 2708 3048 2759 cui
3072 2706 3440 2777 prte/iciendus
3470 2717 3577 2762 eral
3605 2707 3833 2768 Ecclesia,

553 2806 920 2874 octogesimum
970 2815 1206 2857 octavum
1256 2803 1535 2857 Dandnlus
1584 2802 1637 2855 in
1684 2800 1957 2855 Chronico
1992 2819 2003 2855 :
2058 2818 2162 2871 qtto
2194 2802 2241 2861 B
2270 2801 2453 2854 melius
2478 2811 2523 2853 et
2552 2802 2763 2872 facilius
2813 2803 3065 2871 potuisset
3111 2802 3360 2871 agnosci;
3399 2814 3446 2855 et
3485 2804 3539 2856 in
3565 2820 3656 2856 sua
3680 2802 3759 2871 qui
3781 2798 3835 2852 ad

553 2902 719 2955 etiam
750 2898 1107 2953 Chromatium
1131 2896 1419 2951 sull‘ectum
1448 2906 1628 2951 narrat
1656 2895 1741 2951 his
1765 2896 1945 2949 verbis
1971 2894 2165 2950 :Chro-

554 2996 745 3048 matius
776 2994 1062 3063 Aqnilegia:
1083 2993 1357 3064 episcOpus
1406 3001 1739 3045 consecratur
1787 3006 1925 3043 anno
1955 2988 2165 3043 Domini

556 3084 686 3139 388.
712 3083 817 3137 Hic
848 3082 1121 3150 Hispanus
1164 3098 1366 3153 genere,
1415 3100 1445 3135 a
1485 3080 1759 3135 Valeriano
1786 3080 2165 3150 pra‘decessore

554 3180 826 3243 diaconus,
852 3188 1030 3251 postea
1060 3178 1321 3248 presbyter
1346 3176 1639 3241 ordinatus,
1669 3176 2039 3243 catholicisque
2057 3174 2167 3229 dis-

555 3275 763 3345 ciplinis
791 3275 1049 3338 eruditus,
1075 3272 1461 3326 collaudatione
1482 3270 1609 3325 cieri
1630 3280 1678 3325 et
1710 3270 1888 3339 papuli
1910 3269 2041 3322 hanc
2079 3285 2162 3323 se-

558 3368 678 3422 dem
706 3368 944 3421 obtinuit.

631 3459 856 3513 Vetusta
909 3458 1297 3513 desiderantur
1338 3464 1693 3511 monumenta
1726 3496 1741 3521 ,
1790 3455 1989 3525 quibus
2047 3453 2165 3508 hrec

560 3568 717 3609 certo
739 3552 1057 3607 conﬁrmari
1081 3562 1241 3621 queat
1287 3550 1666 3620 chronologia.
1720 3550 1825 3604 Sed
1876 3548 1977 3603 hoc
2022 3564 2166 3602 anno

562 3647 819 3709 cadente,
872 3647 957 3700 vel
1010 3648 1171 3701 etiam
1221 3647 1446 3700 ineunte
1502 3660 1647 3699 anno
1677 3645 1803 3709 589,
1833 3644 2162 3699 diversatum

560 3756 686 3796 esse
714 3740 1062 3795 Ambrosium
1097 3739 1359 3809 Aquileim
1385 3739 1675 3799 novimus;
1706 3737 1849 3791 unde
1889 3738 2165 3806 coniectu.

571 3849 631 3889 ra
666 3832 809 3888 sumi
860 3842 1061 3901 potest,
1108 3848 1227 3886 eam
1260 3831 1312 3886 in
1348 3833 1534 3887 urbem
1567 3832 1866 3902 proiectum
1892 3846 2012 3885 esse
2042 3848 2166 3886 san-

565 3928 875 3983 ctissimum
907 3926 1207 3981 antistitem
1261 3925 1325 3979 ad
1376 3927 1503 3979 novi
1534 3925 1779 3995 episcopi
1806 3926 2161 3981 creationem.

565 4021 812 4077 Primum
839 4036 940 4075 nos
984 4022 1144 4075 docet
1189 4020 1448 4075 Paulinus
1482 4021 1534 4073 in
1563 4019 1837 4074 Ambrosii
1868 4020 1981 4073 Vita
2012 4035 2163 4075 num.

564 4115 629 4170 21
665 4132 676 4167 :
710 4113 985 4169 Exstincto
1020 4113 1279 4176 Maximo,
1328 4112 1604 4183 inquiens,
1663 4113 1834 4183 posito
1877 4111 2164 4166 Theodosio

2266 2897 2624 2965 episcopatum
2658 2896 3013 2963 provehendus
3040 2905 3173 2960 erat,
3219 2912 3311 2949 nec
3357 2906 3527 2949 tamen
3578 2891 3835 2950 ordinatori

2265 3006 2357 3044 suo
2398 2990 2698 3045 subdendus
2750 2992 2937 3059 fuerat,
2992 2990 3326 3045 ordinaretur
3362 2990 3614 3047 Ecclesia.
3663 2992 3837 3046 Annon

2270 3100 2402 3139 vero
2430 3101 2548 3138 mos
2582 3086 2703 3149 istc,
2730 3101 2893 3154 quem
2926 3085 3177 3156 Pelagius
3204 3102 3220 3140 ι
3245 3086 3457 3155 integro
3488 3096 3609 3157 post
3641 3084 3837 3146 stecnlo,

2266 3192 2331 3233 ac
2382 3176 2631 3243 dimidio,
2684 3179 2955 3244 antiquum
3009 3189 3193 3243 vocat,
3237 3177 3340 3233 hac
3368 3188 3533 3233 aetate
3563 3174 3837 3248 inceperit?

2267 3271 2574 3340 Aquileiam
2629 3256 2931 3342 profectum
2985 3270 3336 3326 Ambrosium
3406 3271 3611 3327 scimus
3642 3289 3654 3325 :
3685 3280 3837 3339 neque

2270 3366 2629 3436 profectionis
2675 3366 2779 3419 alia
2810 3380 2971 3419 causa
3004 3366 3269 3429 occurrit,
3322 3364 3426 3419 nisi
3457 3366 3582 3420 novi
3614 3358 3843 3435 Episcopi

2269 3458 2492 3523 electio,
2519 3467 2574 3511 et
2607 3456 2897 3511 ordinatio.

2343 3550 2406 3604 ll.
2452 3548 2661 3605 Novum
2717 3551 3019 3605 antistitem
3052 3550 3320 3621 Aquileia:
3350 3549 3748 3615 Chromatium,
3775 3562 3846 3622 ge-

2269 3661 2392 3699 nere
2421 3644 2713 3715 Hispannm
2733 3647 2974 3716 appellat
3005 3647 3303 3702 Dantlnlus.
3343 3649 3401 3702 Ι).
3422 3648 3777 3718 Hieronymus
3802 3646 3843 3699 iit

2268 3739 2497 3807 epistola
2525 3740 2592 3794 ad
2624 3740 2798 3810 ipsum
2843 3739 3244 3805 Chromatium,
3302 3740 3580 3803 Jovinum.
3612 3750 3668 3797 et
3691 3742 3837 3795 Euse-

2268 3833 2416 3887 bittm
2451 3834 2597 3899 data,
2626 3834 2705 3888 sic
2735 3848 2831 3888 eos
2859 3834 3192 3903 alloquitur:
3222 3835 3324 3889 Per
3351 3852 3437 3889 ros
3466 3837 3529 3889 ab
3555 3835 3680 3888 urbe
3704 3842 3848 3888 restra

2270 3928 2453 3981 Ariani
2503 3926 2765 3998 quondam
2798 3926 3056 3996 dogmatis
3103 3929 3243 3982 virus
3291 3930 3559 3982 exclusum
3609 3938 3699 3981 est.
3727 3925 3849 3982 Urbs

2272 4021 2596 4091 intelligitur
2654 4022 2928 4090 Aquileia.
2992 4021 3078 4075 ubi
3133 4021 3402 4075 Valeriani
3447 4020 3692 4091 episcopi
3743 4030 3849 4074 tunc

2274 4115 2552 4187 Presbyter
2582 4127 2700 4172 eral
2723 4116 3091 4181 Chromatius,
3123 4118 3523 4171 archidiaconus
3541 4116 3786 4178 Jovinus,
3811 4122 3853 4167 cl

562 4210 879 4278 imperatore
903 4206 1216 4268 Mediolani,
1243 4207 1514 4261 Ambrosio
1554 4222 1670 4259 vero
1700 4207 1941 4277 episCOpo
1969 4206 2161 4259 consti-
2193 4199 2238 4262 C
2271 4212 2523 4265 diaconus
2554 4210 2843 4265 Eusebius.
2880 4209 3081 4265 Urbem
3113 4225 3266 4277 vero,
3293 4226 3389 4265 eos
3427 4211 3735 4280 alloquens,
3784 4222 3849 4261 ve-

563 4312 673 4355 tuto
699 4301 981 4368 Aquileiaz;
1013 4300 1165 4355 dedit
1189 4300 1305 4369 ipse
1334 4298 1661 4353 Ambrosius
1692 4301 1755 4352 ad
1783 4297 2169 4367 imperatorem

564 4396 854 4466 epistolam
879 4394 955 4466 (in
980 4396 1218 4449 editione
1244 4392 1550 4448 Nourriana
1572 4392 1665 4463 st.)
1691 4403 1750 4446 ut
1781 4393 1959 4461 ipsum
1989 4408 2017 4445 a
2043 4408 2172 4446 sen-

567 4490 738 4545 tentia
766 4498 1053 4544 revocaret
1077 4488 1144 4543 dc
1168 4487 1454 4559 Synagnga
1485 4486 1716 4556 quadam
1756 4484 2067 4540 Juda-ornm
2105 4485 2173 4539 ab

566 4585 829 4652 episcopo
857 4584 1040 4637 Castri
1073 4578 1719 4635 Callinicirezediticanda
1741 4595 1755 4640 ;
1780 4578 1958 4646 deque
1988 4577 2174 4632 Mona-

570 4679 714 4745 chis,
744 4679 838 4748 qui
875 4677 1060 4731 fanum
1096 4676 1603 4731 Valentinianornm
1648 4671 2054 4735 luereticornm,
2105 4672 2173 4725 ab

572 4770 644 4824 iis
670 4770 1003 4824 contumelia
1040 4769 1349 4837 provocati,
1381 4765 1761 4829 incenderant,
1795 4764 2063 4834 supplicio
2094 4764 2173 4819 af-

568 4861 842 4916 ﬂciendis.
894 4861 1059 4931 Atqui
1089 4870 1244 4915 certo
1265 4859 1569 4928 colligimus
1598 4872 1662 4912 ex
1706 4857 1894 4911 codice
1921 4856 2173 4912 Theodo-

568 4956 751 5019 siano,
808 4955 984 5024 ipsum
1037 4953 1340 5021 Augustum
1404 4949 1770 5006 Theodosium
1803 4950 2043 5005 nondum
2076 4951 2166 5006 die

570 5046 643 5102 -12
673 5046 783 5099 kal.
830 5046 1077 5101 octobris
1119 5046 1246 5099 anni
1276 5044 1382 5101 588
1409 5044 1735 5100 discessisse
1761 5042 2011 5115 Aquileia
2045 5064 2058 5098 :
2091 5046 2173 5113 ip-

569 5152 803 5208 sumque
827 5140 859 5192 6
886 5138 1007 5191 idus
1036 5137 1285 5205 ejusdem
1311 5138 1641 5207 mensisjam
1672 5137 2041 5193 Mediolanum
2076 5154 2172 5194 ve—

566 5231 765 5297 nisse;
798 5247 902 5301 qua
934 5232 985 5285 in
1022 5231 1155 5285 urbe
1179 5245 1350 5300 usque
1374 5231 1440 5285 ad
1471 5231 1669 5285 niaium
1694 5232 2027 5301 insequentis
2042 5233 2172 5286 anni

565 5335 946 5379 eomntoratus
1007 5333 1111 5377 est.
1162 5321 1348 5391 Itaque
1397 5324 1718 5377 Ambrosius
1746 5339 1889 5379 anno
1943 5324 2171 5380 cadente

565 5416 695 5483 588,
729 5418 813 5473 vel
840 5418 1063 5473 ineunte
1092 5417 1392 5487 acincepto
1422 5419 1549 5485 589,
1585 5419 1839 5474 manebat
1862 5418 2127 5488 Aquileiae
2153 5436 2167 5474 :

563 5510 747 5581 ibique
780 5512 1071 5581 allegatam
1100 5510 1250 5565 dedit
1274 5512 1339 5565 ad
1367 5513 1757 5582 imperatorem
1790 5512 2167 5567 Theodosium

2274 4314 2437 4357 stram
2456 4312 2617 4359 vocat
2643 4321 2656 4355 :
2690 4303 2832 4372 quod
2857 4302 3029 4356 sat-ris
3078 4302 3399 4357 muneribus
3427 4303 3480 4356 in
3511 4303 3753 4372 ejusdem
3783 4314 3854 4354 ur-

2277 4395 2360 4449 bis
2393 4394 2638 4450 Ecclesia
2668 4394 3127 4463 defnngebantnr.
3159 4394 3357 4462 Quidni
3408 4396 3571 4449 etiam
3606 4393 3857 4467 signiﬁcet

2277 4487 2344 4541 lui
2366 4502 2457 4541 um
2482 4487 2756 4557 originis?
2786 4486 2844 4541 In
2877 4487 3067 4541 eadem
3100 4487 3330 4557 epistola
3374 4489 3722 4543 commendat
3754 4487 3858 4542 Hie-

2277 4594 2539 4651 ronymus
2564 4579 2807 4640 domum.
2842 4579 3123 4645 familiam,
3153 4592 3407 4646 matrem,
3432 4595 3657 4637 sorores
3698 4580 3855 4636 Chro-

2277 4674 2451 4726 matii.
2482 4674 2585 4727 Eas
2618 4674 2782 4741 igitur
2805 4674 2942 4728 bene
2970 4683 3200 4728 neverat
3230 4675 3345 4739 ille,
3368 4689 3544 4745 neque
3568 4675 3693 4731 alibi
3712 4688 3856 4730 nosse

2276 4764 2515 4834 patuisse
2566 4766 2799 4828 videtur,
2855 4781 3153 4836 earumque
3191 4768 3265 4822 uti
3298 4768 3720 4836 consuetudine,
3766 4766 3858 4822 nisi

2275 4857 2557 4928 Aquileim,
2585 4869 2678 4912 ant
2702 4860 2966 4929 proximis
2996 4862 3047 4914 in
3076 4862 3230 4916 locis.

2345 4949 2644 5006 Chromatii
2671 4952 2899 5022 patriam
2925 4952 3196 5008 Marianus
3230 4953 3507 5011 Victorius
3528 4954 3710 5011 locum
3726 4961 3863 5025 putat

2275 5041 2416 5097 haud
2430 5043 2589 5113 longe
2611 5044 2860 5098 dissitum
2875 5042 3139 5101 Stridone
3154 5045 3472 5118 Hieronymi
3490 5047 3685 5116 patria.
3702 5046 3863 5102 Aliam

2276 5134 2499 5206 profero
2528 5137 2897 5207 conjecturam
2926 5153 2990 5192 ex
3018 5136 3201 5205 titulo,
3230 5140 3321 5207 qtti
3353 5140 3653 5196 Cltromatii
3698 5142 3865 5213 operi-

2274 5228 2379 5285 bus
2402 5228 2539 5283 infra
2563 5229 2914 5285 recensendis
2946 5230 3247 5301 prmﬁgitnr
3274 5233 3326 5286 in
3351 5231 3625 5303 aliquibus
3680 5234 3867 5290 editio-

2278 5324 2436 5377 nibus
2469 5342 2481 5377 :
2518 5324 2891 5379 inscribuntur
2924 5339 3127 5389 nempe
3158 5325 3418 5395 opuscula
3453 5323 3745 5382 Chromatii
3774 5327 3867 5382 Ro-

2274 5418 2414 5469 mani
2447 5416 2711 5488 EpiscOpi.
2757 5416 3071 5485 Legcntlnm
3106 5427 3302 5488 putant
3331 5419 3447 5480 alii.
3492 5417 3719 5473 Cumani
3748 5417 3866 5490 Epi-

2273 5510 2415 5581 δεορὶ
2446 5521 2844 5581 :quteruntque
2891 5510 3068 5565 locum
3104 5512 3157 5566 in
3192 5513 3361 5567 variis
3388 5512 3535 5567 orbis
3569 5515 3865 5584 pr0vinciis

565 5603 884 5671 epistolam.
920 5604 1045 5659 Htec
1074 5603 1257 5657 animo
1290 5604 1637 5673 perpendens
1680 5604 1947 5659 Baronius
1974 5604 2041 5659 ad
2072 5620 2167 5658 au-
2196 5603 2244 5663 D
2270 5617 2336 5658 eo
2366 5603 2584 5658 nomine
2611 5603 2965 5674 appellatum,
2998 5603 3088 5657 tibi
3110 5604 3461 5660 Chromatius
3484 5606 3597 5671 ille,
3623 5623 3787 5673 quem
3809 5606 3869 5662 ab

564 5712 695 5749 num
728 5696 855 5759 588.
889 5696 1048 5769 ιω
1072 5712 1222 5751 num.
1251 5695 1342 5763 84,
1374 5698 1451 5751 sic
1484 5696 1557 5751 ait
1589 5714 1603 5750 :
1642 5715 1661 5748 ‹
1684 5696 1839 5764 Quod
1865 5708 2041 5751 autem
2071 5696 2167 5751 de-

571 5805 591 5861 s
632 5791 901 5846 tincretur
950 5793 1273 5847 Ambrosius
1327 5792 1612 5862 Aquileia,
1672 5809 1793 5847 cum
1826 5793 2031 5847 nullum
2064 5794 2166 5846 hoc

565 5870 587 5933 ἀ
620 5891 864 5954 tempore
899 5884 1159 5940 memoria
1184 5886 1274 5949 sit,
1310 5886 1379 5941 ibi
1409 5886 1741 5942 celebratum
1774 5872 1939 5941 fuisse
1982 5873 2165 5941 conci~

2273 5696 2901 5767 Aquileiensidiversnm
2928 5706 3141 5765 putant,
3168 5699 3351 5755 sedem
3381 5709 3614 5755 teneret.
3645 5702 3868 5757 Baronio

2274 5790 2499 5860 perinde
2527 5804 2608 5844 εει
2636 5790 2903 5843 Romanus
2928 5802 2979 5842 et
3008 5790 3359 5860 Aquileiensis
3388 5792 3718 5861 episcopus;
3751 5808 3871 5849 cen-

2273 5894 2357 5940 set
2387 5882 2530 5937 enim
2564 5880 2614 5937 in
2644 5884 2787 5937 notis
2806 5880 2870 5937 ad
2887 5881 3028 5936 diem
3058 5881 3131 5937 2‘2
3154 5882 3319 5949 Junii,
3346 5893 3397 5940 et
3422 5882 3456 5935 2
3479 5883 3792 5941 decembris
3822 5887 3867 5940 in
