4084 6342
225 369 335 432 ‘09

1077 376 1520 436 DlLUClDATlO
1557 379 1861 451 ALTERA,
1905 381 2260 442 BERNABDI
2299 384 2388 442 DE
2427 384 2701 445 RUBEIS.

3449 387 3558 446 HO

226 486 661 564 Martyrologio,
697 492 896 550 dictam
927 493 1218 565 aliquando
1239 495 1546 566 Aquileiam
1569 497 1846 554 civitatem
1876 507 1928 567 Α
1954 501 2080 555 mali
2121 519 2262 574 papa
2309 504 2637 573 venerabilis,
2668 505 2725 560 in
2751 503 3003 561 Habacuc
3045 507 3231 562 librum
3263 509 3555 566 scribimus.

227 583 534 640 Romanam
561 627 579 653 ,
627 596 726 642 aut
779 586 1191 655 Romacianam,
1234 601 1326 644 aut
1365 589 1802 646 Romanicianam
1835 610 1850 647 :

223 693 390 752 quam
421 680 574 735 infra
611 687 949 740 sententiam
977 684 1310 755 rejiciemus.
1355 687 1607 742 Occurrit
1638 687 1854 743 demum

225 773 869 846 Portus-Romatius,de
899 795 1007 850 quo
1031 780 1234 834 Plinius
1251 780 1390 835 libro
1418 780 1692 852 ttt,capite
1709 781 1777 837 18
1800 783 1854 837 itt

222 864 456 922 Venetia
469 907 483 932 ,
497 866 732 923 decima
750 871 970 941 regione
987 871 1171 939 Italiae,
1192 872 1269 927 sic
1283 871 1444 928 habet
1463 889 1475 927 :
1491 872 1708 928 Colonia
1723 874 1857 929 Con-

218 961 426 1029 cordia,
463 960 513 1014 F
517 961 707 1018 lumen
725 974 771 1018 et
801 962 994 1019 Portus
1011 965 1323 1020 Romulium.
1356 966 1565 1023 Dictum
1584 969 1749 1024 etiam
1771 968 1854 1024 le-

219 1056 402 1128 gimus
426 1054 668 1110 Portum
688 1057 1044 1121 Romatinum,
1064 1059 1153 1130 qui
1168 1059 1423 1131 oppidum
1443 1069 1528 1115 est
1543 1061 1730 1135 (hodie
1762 1062 1851 1117 in-

216 1148 354 1204 colis
384 1146 824 1221 Porto-gruaro)
848 1150 916 1205 ad
944 1151 1252 1207 Romatium
1276 1152 1501 1209 ﬂuvium
1541 1154 1729 1227 (vulgo
1752 1154 1848 1210 Li-

219 1240 387 1313 mina)
414 1241 568 1312 apud
585 1243 962 1298 Concordiam
980 1245 1170 1300 urbem
1189 1245 1653 1316 excisam.Quidni
1677 1247 1853 1304 Chro-

220 1337 424 1392 matius
441 1335 641 1390 dictus
657 1335 826 1392 fuerit
850 1337 1138 1404 Romanus,
1157 1337 1241 1393 vel
1270 1339 1452 1409 potius
1473 1339 1581 1394 dici
1600 1339 1853 1396 debuerit

218 1429 500 1486 Romulius
517 1441 578 1486 et
599 1429 914 1485 Romatinus
931 1431 1124 1500 patria,
1147 1433 1438 1503 episeopus
1455 1432 1850 1504 Aquileiensis?

294 1520 455 1596 151
491 1521 589 1577 lll.
627 1523 922 1580 Sacrarum
959 1523 1364 1595 Scriptnrarum
1408 1526 1589 1582 studio
1618 1527 1850 1582 maxime

221 1613 631 1670 oblectabatur
678 1617 1048 1680 Chromatius,
1098 1632 1233 1686 quas
1283 1618 1396 1686 ipse
1440 1619 1850 1674 commentariis

219 1709 575 1766 illustravit:
628 1711 883 1783 aliosque
931 1712 1278 1767 doctissimos
1307 1713 1450 1769 viros
1499 1713 1846 1769 Ambrosium

217 1813 270 1860 et
294 1803 711 1877 Hieronymum
739 1807 1037 1868 consuluit,
1064 1806 1396 1876 adduxitque
1426 1813 1485 1861 ut
1510 1817 1850 1864 commenta-

1958 594 2078 667 Ipse
2117 595 2468 654 Chromatius
2511 599 2832 657 historicum
2880 611 2936 656 et
2983 601 3273 658 litteralem
3325 603 3560 673 petierat

1961 688 2122 761 hujus
2175 693 2479 762 prophetiae
2529 708 2776 761 sensum,
2807 695 2938 750 utin
2972 695 3094 751 libri
3136 697 3292 768 primi
3326 696 3557 768 Prologo

1960 793 2190 840 testatur
2228 785 2592 859 Hieronymus
2619 807 2632 842 :
2660 789 2703 842 A
2734 806 2814 843 me
2839 790 3108 856 violenter,
3142 791 3419 861 inquiens,
3447 791 3557 846 exi-

1956 879 2057 950 gis,
2087 887 2239 933 ut....
2270 879 2540 934 historiam
2569 881 2661 936 tibi
2691 883 3016 953 interpreter.
3051 882 3162 938 Hos
3191 883 3284 940 ille
3315 899 3445 939 suos
3468 899 3557 940 re-

1956 981 2146 1028 censet
2169 973 2332 1029 libros
2363 975 2542 1044 capite
2573 975 2766 1030 ultimo
2808 977 2878 1032 de
2916 975 3056 1032 Viris
3101 975 3431 1045 lllnstribus,
3464 977 3556 1032 ubi

1955 1080 2119 1136 opera
2166 1076 2434 1123 memorat
2474 1084 2594 1140 quas
2640 1070 2917 1140 scripserat
2967 1087 3126 1138 usque
3167 1071 3222 1125 in
3251 1080 3553 1141 praesentem

1954 1175 2170 1225 annum,
2198 1159 2254 1212 id
2291 1170 2364 1214 est
2411 1159 2684 1216 Theodosii
2713 1163 2962 1234 principis
3007 1165 3258 1219 decimum
3289 1174 3551 1236 quartum.

1955 1253 2149 1309 Incidit
2199 1253 2442 1310 decimus
2493 1265 2718 1325 quartus
2767 1256 3059 1312 Theodosii
3119 1273 3294 1312 annus
3339 1258 3392 1312 in
3427 1273 3551 1312 term

1953 1349 2189 1420 vulgaris
2215 1365 2417 1404 annum
2436 1350 2562 1412 592.
2583 1366 2648 1406 ac
2673 1352 2863 1422 incipit
2886 1352 2975 1408 die
2997 1353 3058 1408 H
3083 1353 3194 1408 kal.
3227 1353 3551 1420 l'ebruarias,

1952 1451 2013 1498 ut
2037 1442 2201 1514 Pagio
2245 1444 2424 1514 placet
2456 1462 2469 1496 :
2506 1443 2647 1499 unde
2689 1447 2982 1516 conscripti
3017 1447 3070 1500 in
3100 1447 3418 1517 prophetam
3449 1446 3555 1501 lla-

1955 1534 2123 1589 bacuc
2147 1534 2536 1590 Commentarii
2570 1545 2783 1605 tempus
2813 1547 2983 1608 patet.

2025 1629 2270 1684 Latinam
2322 1628 2548 1684 deruunt
2598 1638 2696 1686 τῶν
2728 1630 3210 1701 Paralipomenon,
3240 1632 3552 1702 postulante

1951 1722 2291 1787 Chromatio,
2349 1725 2658 1778 versionem
2707 1725 2995 1779 adornavit
3046 1725 3444 1798 Hieronymus,
3473 1726 3555 1782 ei-

1951 1815 2184 1886 demque
2217 1821 2548 1886 nuncupavit
2579 1818 2915 1890 Aquileiensi
2945 1819 3227 1890 episcopo.
3259 1820 3350 1876 Sic
3373 1822 3548 1890 ipsum

217 1898 350 1965 rios,
371 1914 709 1970 novamque
742 1899 964 1954 latinam
997 1901 1302 1955 versionem
1326 1899 1676 1956 adornarent.
1701 1902 1836 1956 Am-

1949 1910 2245 1980 alloquitur
2276 1912 2327 1966 in
2360 1914 2682 1982 praefatione
2717 1930 2730 1978 ;
2768 1913 2829 1966 Si
2848 1915 3177 1985 septuaginta
3207 1911 3549 1985 Interpretum

215 1989 461 2046 brosiurn
499 1993 780 2059 postulat,
815 2001 870 2045 ttt
901 1991 1000 2046 sibi
1046 1991 1248 2062 aliquid
1293 2007 1323 2047 e
1351 1994 1524 2048 sacris
1564 1993 1843 2047 codicibus

217 2085 506 2155 epistolari
539 2083 928 2140 familiaritate
968 2085 1304 2154 disltutatum
1335 2087 1572 2143 mitteret
1605 2105 1618 2140 :
1657 2089 1845 2158 gessit-

215 2194 320 2249 que
347 2194 569 2233 morem
606 2178 1031 2234 Mediolanen~is
1055 2181 1366 2250 episcopus,
1399 2180 1612 2236 delecto
1646 2196 1677 2237 e
1720 2197 1845 2252 pro-

218 2272 397 2345 phetia
424 2272 663 2329 Balaam
685 2283 1028 2343 argumento.
1060 2273 1218 2329 Dedit
1249 2274 1433 2346 itaque
1457 2275 1634 2330 eidem
1667 2276 1844 2331 Chro-

217 2373 385 2426 matio
413 2371 725 2442 epistolam
771 2368 811 2424 L
843 2370 896 2424 in
927 2371 1167 2426 editione
1207 2371 1534 2436 Nourriana,
1567 2373 1658 2426 ubi
1689 2389 1839 2428 num.

219 2465 306 2533 i6,
346 2466 467 2521 lucc
515 2465 644 2537 ejus
679 2468 844 2520 verba
907 2465 1179 2521 habentur
1233 2484 1245 2522 :
1311 2467 1424 2521 Hoc
1478 2469 1841 2523 munusculum

215 2569 407 2615 sanctis
430 2561 603 2614 menti
640 2572 747 2613 tua:
779 2561 1067 2627 transmisi,
1088 2563 1176 2630 qui
1210 2561 1285 2615 vis
1310 2579 1390 2616 nte
1430 2563 1626 2631 aliquid
1663 2563 1726 2616 de
1752 2579 1840 2617 ve-

217 2662 382 2711 terum
427 2656 760 2724 scriptorum
822 2654 1335 2722 interpretationibus
1390 2655 1656 2727 paginare.
1715 2654 1841 2711 Sua:

216 2760 489 2819 provecue
509 2755 703 2801 a-tatis
721 2748 968 2802 meminit
991 2747 1314 2802 Ambrosius
1339 2765 1352 2801 :
1378 2746 1544 2810 Malo.
1565 2749 1838 2820 inquiens,

219 2841 471 2900 senilibus
491 2841 677 2895 verbis
701 2839 766 2893 de
790 2843 1026 2912 supernis
1061 2840 1212 2896 rebus
1261 2840 1582 2894 hallucinari
1631 2851 1796 2895 tecum
1819 2859 1840 2909 ;

217 2936 268 2992 id
289 2945 374 2992 est
396 2937 543 2991 levia
568 2949 641 2991 ac
667 2936 826 3005 longe
849 2934 1107 2990 inferiora
1134 2935 1280 3005 loqui
1307 2947 1360 2990 et
1391 2936 1654 2990 scribere.
1690 2937 1840 2992 Hanc

218 3028 394 3084 datam
422 3027 730 3100 epistolam
760 3043 790 3082 a
818 3043 948 3084 sene
998 3027 1290 3084 Ambrosio
1314 3043 1458 3083 anno
1496 3029 1714 3084 circiter
1735 3029 1839 3085 590

219 3131 368 3194 putat
399 3123 706 3179 Nourrius.

285 3218 344 3272 ln
370 3219 578 3274 eodem
599 3217 786 3272 studio
809 3226 1117 3272 consortem
1139 3215 1485 3272 Chromatius
1516 3216 1705 3272 habuit
1735 3217 1839 3272 lle-

1948 2021 2100 2076 pura,
2125 2015 2179 2059 ut
2221 2006 2282 2059 ab
2313 2006 2383 2060 eis
2411 2007 2463 2059 in
2493 2022 2715 2077 grwcum
2746 2023 2889 2061 versa
2917 2005 3072 2079 142
3101 2015 3197 2074 est,
3231 2007 3387 2061 editio
3429 2023 3546 2077 per-

1947 2108 2198 2164 maneret,
2229 2100 2489 2170 superﬂue
2515 2115 2612 2166 me,
2646 2099 2911 2155 Chromati
2928 2104 3285 2170 episcoporum
3328 2100 3554 2154 sanctis-

1946 2193 2073 2245 sime
2101 2203 2252 2262 atqne
2295 2192 2612 2258 doctissime,
2642 2191 2936 2264 impelleres
2965 2201 3019 2246 ut
3050 2191 3254 2247 hebrtea
3283 2191 3546 2246 volumina

1947 2283 2109 2338 latino
2160 2299 2390 2338 sermone
2434 2285 2786 2352 transferrem.
2828 2283 2920 2338 Ait
2952 2283 3151 2338 ibidem
3182 2284 3239 2340 S.
3275 2284 3455 2348 Pater,
3483 2297 3546 2338 se

1946 2397 2108 2453 nuper
2126 2381 2392 2443 scripsisse
2411 2380 2594 2434 libram
2619 2380 2681 2434 de
2703 2379 2908 2452 Optimo
2930 2395 3112 2450 genere
3130 2378 3504 2452 interpretandi
3526 2393 3546 2433 :

1947 2475 2088 2546 quod
2135 2474 2466 2542 Opusculum
2512 2473 2830 2542 epistolare,
2874 2472 3224 2527 Pammachio
3266 2485 3548 2540 nuncupa-

1946 2577 2080 2633 tum,
2129 2568 2192 2621 ad
2249 2583 2450 2621 annum
2505 2566 2633 2632 596,
2659 2565 2842 2636 judice
2882 2565 3270 2629 Tillemontio,
3312 2569 3544 2634 spectat.

1946 2661 2100 2717 Hunc
2127 2675 2255 2732 ergo
2300 2660 2522 2724 librum,
2551 2663 2642 2729 qui
2702 2675 2865 2731 nuper
2893 2660 3134 2728 scriptus
3180 2657 3401 2722 dicitur,
3451 2669 3548 2710 eo-

1945 2755 2068 2812 dem
2097 2772 2242 2810 anno
2276 2757 2355 2809 Vt‘l
2391 2757 2729 2825 insequente,
2761 2752 2940 2808 versio
2964 2760 3064 2809 τῶν
3087 2752 3543 2822 Paralipomenon

1943 2861 2232 2905 consecuta
2263 2858 2366 2904 est.

2018 2944 2144 2998 llaec
2167 2954 2290 2998 sunt
2311 2941 2594 3008 doctrinm,
2621 2959 2725 3013 qua
2750 2941 2979 2998 ﬂorebat
3007 2938 3374 3003 Chromatius,
3404 2952 3545 3009 prte-

1942 3036 2088 3091 clara
2139 3037 2494 3092 tesdmonia:
2550 3036 2835 3106 ipsumque
2888 3035 3151 3089 discimus
3206 3033 3542 3102 pra-cipuum

1941 3140 2223 3183 auctorem
2258 3127 2590 3200 Hieronymo
2615 3128 2802 3193 luisse,
2825 3137 2884 3181 ut
2911 3128 3166 3180 eximium
3200 3124 3381 3178 latitia:
3412 3137 3543 3177 ver-

1941 3221 2112 3277 sionis
2170 3222 2505 3276 voluminum
2543 3221 2894 3276 Hebraeorum
2949 3217 3342 3287 aggrederetur
3379 3228 3542 3284 opus,

217 3311 496 3368 liodorum
537 3311 716 3367 Altini
769 3313 1103 3382 episcopum.
1165 3312 1339 3367 Ambo
1383 3311 1602 3365 fuerunt
1650 3307 1907 3368 lliero-C
1943 3315 2229 3386 eidemque
2255 3313 2369 3384 jam
2420 3323 2602 3384 empto
2647 3329 2864 3367 manum
2918 3309 3161 3364 ultimam
3210 3309 3540 3376 imponeret.

219 3418 382 3476 nymo
403 3413 674 3459 auctores
703 3402 896 3458 eodem
947 3403 1169 3458 circiter
1199 3419 1366 3470 anno,
1397 3411 1454 3456 ut
1498 3416 1692 3456 novam
1731 3403 1836 3458 T0-

218 3500 320 3559 bia:
351 3503 678 3558 versionem
708 3501 933 3556 latinam
985 3502 1357 3557 elucubraret.
1387 3501 1681 3572 Utriusque
1713 3516 1837 3570 pre-

218 3607 330 3662 ces,
365 3594 869 3665 instigationesque
921 3595 1177 3664 patefacit
1221 3595 1583 3668 Hieronymus
1613 3597 1662 3649 in
1694 3598 1838 3665 ejus-

219 3689 340 3746 dem
386 3691 673 3746 versionis
711 3688 1072 3759 przefatione:
1123 3688 1311 3743 Mirari
1356 3706 1459 3744 non
1502 3690 1704 3755 desino,
1754 3689 1836 3744 in-

219 3785 436 3854 quiens,
496 3784 788 3838 exactionis
835 3795 1013 3837 vestrae
1049 3785 1376 3839 instantiam.
1425 3783 1651 3858 Exigitis
1676 3787 1833 3850 enim,

219 3886 274 3931 ut
301 3878 500 3932 librant
531 3875 785 3931 Chaldaeo
835 3893 1070 3930 sermone
1115 3877 1463 3946 conscriptum
1507 3878 1576 3930 ad
1617 3878 1835 3932 latinum

219 3973 413 4044 stylum
444 3976 680 4038 trahant,
714 3971 902 4025 librum
933 3971 1108 4041 utique
1132 3969 1396 4026 Tom/13....
1434 3969 1562 4026 Feci
1591 3972 1716 4025 satis
1748 3971 1836 4025 de-

219 4066 416 4121 siderio
439 4076 632 4120 vestro.

289 4158 412 4214 Non
454 4159 632 4213 multo
661 4167 784 4228 post
816 4165 1082 4227 tempore,
1114 4173 1260 4214 anno
1311 4158 1530 4214 circiter
1565 4157 1665 4214 591
1697 4157 1833 4230 (cal-

221 4253 376 4313 Culos
399 4253 743 4308 Tilleniontii
773 4250 993 4322 sequor)
1015 4253 1358 4322 postularunt
1396 4251 1559 4306 iidem
1591 4251 1834 4320 episcopi

220 4349 665 4403 commentarios
708 4346 762 4400 in
797 4347 1112 4415 prOphetias
1160 4345 1321 4407 Osee.
1356 4344 1586 4408 Amosii,
1633 4342 1836 4396 Zacha-

219 4441 339 4507 rite,
371 4452 428 4498 et
459 4439 765 4504 Malachiaa,
793 4439 1153 4508 suppeditatis
1181 4437 1426 4508 pecuniis
1467 4435 1533 4490 ad
1583 4445 1836 4505 sumptus

222 4531 562 4588 necessariis
590 4545 856 4601 :quormn
888 4531 1009 4585 loco
1039 4529 1186 4586 misit
1209 4527 1418 4584 eisdem
1451 4529 1832 4599 llieronymns,

220 4641 530 4698 eorumque
559 4626 875 4681 nominibus
904 4626 1238 4694 nuncupavit
1268 4623 1492 4678 latinam
1526 4623 1834 4676 versionem
1863 4655 1870 4662 -

1943 3408 2128 3463 Virum
2156 3410 2390 3463 excelsae
2422 3406 2618 3462 mentis
2635 3405 2752 3478 ipse
2803 3405 3166 3474 Hieronymus
3191 3399 3440 3456 celebrat
3487 3398 3542 3454 in

1939 3503 2219 3574 epitaphio
2264 3502 2549 3571 Nepotiani
2609 3502 2675 3554 ad
2727 3499 3082 3555 Heliodorum
3131 3511 3277 3550 anno
3322 3493 3545 3548 circiter

1940 3597 2046 3653 396
2068 3598 2302 3666 scripto;
2337 3595 2425 3650 ubi
2456 3595 2708 3666 legimus,
2745 3593 3065 3658 Eusebium,
3099 3587 3400 3644 Chromatii
3433 3586 3542 3641 fra-

1940 3703 2102 3760 trem,
2145 3692 2290 3747 diem
2344 3692 2592 3747 ultimmn
2641 3689 2950 3743 clausisse:
2996 3687 3048 3741 in
3083 3685 3309 3756 ejusque
3339 3680 3546 3737 dormi-

1940 3788 2087 3842 tione
2119 3785 2503 3842 Fortitudinem
2541 3784 2743 3849 utentis,
2775 3797 2937 3853 quam
2987 3778 3280 3835 Heliodoro
3325 3775 3545 3830 imitan-

1940 3879 2061 3934 dam
2093 3879 2366 3950 prOponit,
2400 3879 2680 3932 ostendisse
2709 3875 3108 3930 Chromatium.

2013 3973 2104 4026 IV.
2138 3972 2363 4027 Oriente
2391 3973 2606 4036 relicto,
2637 3973 2864 4026 Romam
2894 3971 3044 4025 venit
3074 3967 3322 4022 Rufinus.
3357 3964 3545 4019 Roma:

1940 4080 2062 4120 cum
2095 4066 2341 4135 degeret,
2372 4066 2620 4131 Macarii,
2652 4065 2752 4119 viri
2782 4063 2978 4118 litteris
3017 4059 3398 4123 addictissimi,
3428 4073 3548 4112 Ino-

1943 4161 2068 4215 nitis
2090 4159 2452 4230 precibusque
2481 4159 2748 4228 impulsus
2767 4199 2782 4224 ,
2811 4157 3062 4227 Origenis
3105 4154 3428 4224 Apologiam
3476 4168 3547 4208 ex

1939 4269 2118 4324 grarco
2167 4255 2330 4307 vertit
2362 4254 2412 4305 in
2461 4253 2685 4305 latinum
2730 4263 3076 4314 sermonem,
3111 4247 3392 4316 ediditque
3445 4245 3548 4300 sub

1942 4345 2223 4416 Pamphyli
2257 4344 2508 4415 Martyris
2534 4342 2773 4398 nomine.
2802 4341 2961 4410 Quod
3013 4355 3150 4410 opus
3182 4340 3548 4409 Hieronymus

1942 4441 1995 4495 in
2029 4440 2181 4494 libris
2214 4450 2402 4508 postea
2429 4437 2650 4506 scriptis
2695 4445 2883 4489 contra
2916 4432 3207 4497 Ruﬁnum,
3239 4437 3427 4501 aperte
3458 4443 3546 4484 re-

1940 4549 2140 4592 vocans
2190 4533 2332 4605 quod
2365 4542 2524 4588 antea
2575 4532 2873 4601 scripserat
2919 4531 2971 4584 in
3021 4526 3276 4598 Catalogo
3306 4526 3548 4580 virorum

1943 4630 2262 4696 illustrium,
2312 4628 2551 4683 Eusebio
2577 4623 2918 4682 Caesarcensi
2971 4620 3389 4694 adjodicandum
3418 4633 3551 4674 con-

220 4721 684 4781 Proverbiorllm.
713 4718 1086 4783 Ecclesiastis,
1109 4728 1165 4773 el
1201 4716 1411 4772 CanliCi
1463 4713 1834 4770 Οειιιιίοοΐυιη-
1867 4713 1917 4774 Ι)
1947 4726 2138 4791 tendit,
2171 4725 2255 4780 vel
2279 4724 2436 4779 alteri
2467 4739 2533 4778 ex
2561 4721 2815 4793 Origenis
2846 4717 3236 4782 sectatoribus;
3264 4714 3398 4786 quin
3432 4713 3552 4768 haec

220 4813 402 4873 Verba
436 4813 776 4870 sanctissimi
806 4813 1048 4868 doctoris
1079 4811 1196 4866 hrc
1220 4819 1348 4866 sunt
1380 4827 1394 4864 :
1425 4809 1833 4864 Commentarios

218 4911 273 4966 in
299 4911 462 4976 Osee,
495 4911 678 4972 Amos,
708 4918 755 4962 et
778 4907 1114 4971 Zachariam,
1138 4905 1457 4961 Malacltiam
1479 4921 1680 4977 quoque
1714 4921 1834 4974 pos-

221 5007 362 5060 citis.
413 5005 782 5073 Scripsissem,
813 5005 859 5057 si
889 5003 1112 5056 licuisset
1141 5017 1248 5072 prae
1279 5001 1588 5054 valetudine.
1625 4999 1834 5054 Mittitis

217 5099 414 5155 solatia
442 5107 804 5169 sumptum...
836 5094 1024 5166 Itaque
1048 5096 1205 5165 longa
1255 5093 1590 5167 a’grotatione
1616 5098 1831 5164 fractus,

217 5209 292 5247 ne
321 5198 526 5263 penitus
551 5189 653 5244 hoc
673 5205 812 5245 anno
833 5192 1122 5254 reticerem,
1155 5197 1205 5244 et
1232 5187 1374 5259 apud
1405 5204 1494 5242 vos
1539 5198 1708 5241 mutus
1759 5203 1836 5241 es-

218 5303 353 5353 sent,
377 5285 548 5340 tridui
579 5299 713 5353 opus
735 5284 933 5337 nomini
963 5293 1131 5338 vestro
1166 5281 1459 5336 consecrari
1484 5297 1503 5336 :
1527 5282 1838 5352 interpreta-

221 5385 412 5438 tionem
447 5381 688 5436 videlicet
717 5380 871 5432 trium
902 5379 1200 5435 Salomonis
1232 5377 1550 5434 voluminum
1573 5419 1590 5446 ,
1616 5377 1842 5433 Prover-

221 5460 448 5545 biorum,
477 5475 838 5536 Ecclesiastis,
862 5484 906 5529 et
935 5474 1157 5530 Cantici.

290 5573 664 5641 Nuncnpatos
681 5584 898 5639 quoque
914 5568 1229 5626 Chromatio
1257 5570 1490 5641 legimus
1511 5571 1682 5627 libros
1698 5571 1837 5625 duos

220 5663 767 5725 Commentariorum
808 5663 858 5718 in
888 5663 1216 5733 Prophetam
1237 5663 1510 5719 Habacuc.
1541 5663 1834 5734 Prologum

218 5758 341 5816 libri
373 5757 542 5832 pritni
591 5755 677 5810 his
709 5757 892 5813 verbis
943 5757 1226 5813 exorditur
1259 5757 1624 5830 Hieronymus
1672 5777 1684 5812 :
1722 5758 1840 5812 Pri-

221 5873 384 5925 mum,
419 5852 710 5908 Chromati
732 5852 1089 5925 episcoporum
1112 5853 1426 5924 doctissime,
1453 5855 1584 5906 scire
1600 5869 1693 5907 nos
1719 5869 1842 5906 con-

221 5946 380 6018 uenit,
415 5957 530 6005 etc.
581 5933 824 6002 Alterius
876 5932 1088 6002 initium
1118 5931 1240 6004 est:
1277 5939 1530 6011 Alterum,
1561 5947 1628 6000 mi
1671 5942 1840 5999 Chroe

1944 4819 2259 4891 persuaderi
2312 4816 2496 4889 opinio
2549 4816 2787 4886 potuerit
2825 4812 3029 4868 criticis
3081 4806 3551 4876 hominibus,qui

1946 4916 2206 4986 majorem
2238 4913 2356 4984 ejus
2384 4910 2670 4982 Apologia:
2705 4917 2916 4980 partem
2949 4922 3046 4978 pro
3069 4904 3380 4962 certissimo
3401 4901 3556 4957 Pam-

1945 5009 2094 5082 phyli
2153 5010 2411 5079 martyris
2463 5007 2576 5061 fetu
2629 5005 2854 5061 habent.
2907 5004 2961 5059 Id
3017 5001 3218 5057 factum
3276 5014 3411 5056 vero
3449 5014 3549 5055 an-

1946 5121 2017 5161 no
2047 5105 2174 5160 397.

2016 5199 2344 5270 Insequente
2383 5213 2552 5264 anno,
2583 5197 2754 5253 libros
2782 5199 2904 5276 rupi
2934 5199 3138 5274 ἀρχῶν,
3180 5192 3403 5249 laudato
3444 5190 3556 5246 Ma-

1940 5292 2091 5350 cario
2135 5293 2480 5357 consulente,
2513 5292 2647 5346 latio
2671 5290 2912 5346 reddidit
2962 5289 3104 5344 idem
3149 5287 3379 5342 Rufinus
3428 5300 3551 5341 cum

1945 5385 2294 5457 prml'atione,
2320 5386 2500 5455 inqua
2529 5384 2682 5440 miris
2710 5383 2958 5440 laudibus
2981 5382 3371 5452 Hieronymum
3392 5393 3554 5433 exor-

1945 5490 2037 5536 nat
2066 5497 2078 5534 :
2105 5487 2398 5551 monetque
2421 5479 2712 5546 lectorem,
2730 5480 2783 5534 in
2808 5493 2903 5534 sua
2938 5477 3102 5532 latina
3127 5473 3380 5530 versione
3401 5471 3549 5541 quod

1945 5575 1998 5630 itt
2043 5573 2158 5629 illis
2213 5573 2367 5628 libris
2417 5571 2784 5628 adulteratum
2838 5571 3193 5636 alienumque
3239 5571 3548 5636 potaverat,

1946 5670 2169 5724 omnino
2197 5667 2667 5737 prastermissum;
2699 5675 2792 5721 aut
2817 5661 3114 5721 secundum
3156 5673 3274 5713 eam
3299 5655 3548 5724 regulam

1948 5763 2220 5835 prolatum
2248 5775 2392 5826 esse,
2421 5776 2583 5832 quam
2613 5761 2682 5816 ab
2713 5759 2832 5830 ipso
2881 5756 3115 5824 Origene
3149 5752 3466 5816 frequenter
3498 5751 3550 5806 in

1948 5855 2162 5911 caneris
2189 5853 2447 5924 operibus
2500 5854 2783 5908 invenerat
2810 5855 3198 5906 constitutam;
3232 5856 3295 5896 ac
3320 5840 3425 5896 atia
3456 5842 3560 5900 de-

1949 5954 2097 6004 mum
2123 5952 2230 6002 non
2252 5957 2443 6018 pauca,
2471 5959 2593 6015 quae
2614 5940 2901 6000 obscurius
2929 5937 3073 5992 dicta
3097 5933 3165 5990 ab
3186 5941 3412 5989 auctore
3436 5934 3551 5992 tuae
