4084 6342
593 379 690 434 iii
1552 382 1638 436 DIC
1674 381 1732 437 S.
1775 379 2182 438 CIIROMATIO
2219 382 2434 439 EPISC.
2477 381 2921 451 AQUIIEIENSI
3745 393 3830 452 {ili

588 505 730 558 rant,
759 494 988 551 clariore
1017 509 1178 552 sensu
1212 498 1475 564 exposita.
1505 498 1642 552 Ihnc
1669 497 1868 566 jactum
1894 497 2182 552 discordiae
2211 498 2258 558 A
2288 498 2540 551 amicitice
2587 497 2885 553 custodire.
2935 495 3141 554 Novam
3191 497 3422 568 denique
3462 513 3664 556 sanatus
3702 502 3832 566 Pater

588 604 805 658 potttttm
847 601 950 656 εει,
983 607 1101 662 qua;
1152 592 1299 645 viros
1349 592 1732 660 amicissimos,
1770 587 2184 664 Hieronymum,

586 695 632 734 et
673 681 944 746 Rulintttn,
974 684 1201 738 nimium
1233 686 1526 739 concitavit
1559 703 1571 740 :
1611 684 1979 756 excitavitque
2009 682 2188 738 Chro-

585 775 837 839 matium,
879 774 1097 846 utrique
1133 776 1588 844 addictissimum,
1638 789 1694 831 ut
1746 778 1933 832 ambos
1982 775 2187 833 refecto

588 866 838 920 amiciti-is
867 867 1074 922 findere
1098 869 1431 923 conciliaret.

665 957 726 1012 γ.
756 959 974 1016 initium
1006 976 1107 1033 ego
1137 961 1369 1016 dissidiii
1406 977 1590 1028 narro,
1615 978 1728 1034 quo
1766 965 2023 1020 commoti
2067 965 2186 1018 latt-

587 1052 858 1108 datissimi
882 1055 982 1109 viri
1015 1055 1064 1109 in
1097 1053 1272 1125 jurgia
1306 1057 1541 1124 prolapsi
1565 1068 1710 1124 sunt,
1740 1073 1907 1127 seque
1957 1059 2189 1129 vulgatis

590 1147 840 1215 epistolis
863 1164 923 1202 ac
956 1147 1156 1204 libellis
1188 1160 1378 1204 mutuo
1419 1149 1817 1219 prosciderunt.
1847 1153 1964 1208 Jam
1998 1168 2186 1208 eorum

591 1249 839 1310 tep'tcrat
869 1251 1083 1295 mutuus
1104 1258 1258 1297 amor
1280 1244 1332 1298 in
1359 1243 1600 1309 Oriente;
1631 1260 1753 1299 cum
1786 1244 2036 1317 dogmata
2064 1245 2190 1301 Ori-

588 1336 758 1401 genis,
791 1351 912 1404 qua:
946 1351 1144 1408 magno
1171 1339 1499 1394 videbantur
1524 1342 1577 1394 in
1599 1343 1774 1411 pretio
1797 1341 1996 1397 habere
2026 1341 2185 1397 Joan-

591 1444 687 1482 nes
719 1428 1246 1501 Hicrosolymitanus
1277 1441 1332 1488 et
1375 1432 1629 1503 Rufinus,
1669 1437 1908 1490 averSari
1951 1447 2189 1505 coeperat

588 1521 949 1594 Hieronymus
975 1526 1144 1579 veluti
1178 1525 1298 1580 lidei
1321 1525 1646 1581 (lbristiana‘
1678 1528 1914 1582 inimica.
1939 1529 2190 1584 Aterbius

586 1619 810 1690 quidam
843 1621 1234 1690 insequebatur
1257 1639 1322 1677 eo
1348 1622 1565 1676 nurnine
1598 1621 1850 1678 Rulinum
1883 1624 2190 1696 ilierOSoly-

592 1715 692 1768 mis
727 1735 737 1766 τ
772 1715 1001 1785 ipseque
1046 1717 1281 1772 Sanctus
1315 1717 1498 1782 Pater,
1531 1718 1620 1787 qui
1678 1719 1846 1774 veluti
1900 1718 2191 1774 hzereticus

588 1823 653 1862 ex
697 1811 932 1863 amicitia
967 1809 1149 1864 Rufini
1176 1811 1543 1880 jtulicabatur,
1578 1828 1730 1865 suam
1778 1829 1958 1867 coram
1987 1815 2190 1882 palam-

2294 593 2556 647 librorum
2591 593 2652 646 de
2685 587 2966 662 Principiis
3016 593 3238 647 molitus
3284 602 3366 648 est
3409 594 3616 648 latinam
3659 601 3831 656 versio-

2293 704 2436 750 nem,
2471 700 2523 740 ut
2555 704 2690 757 quos
2735 699 2923 740 auctor
2965 688 3225 742 docuerat
3273 703 3520 750 errores,
3556 689 3759 759 diligens
3784 711 3832 754 ac

2294 780 2396 834 lida
2427 795 2563 834 nova
2591 781 2873 852 detegeret
2902 781 3303 852 interpretatio.
3327 781 3380 835 In
3407 781 3631 838 furorem
3649 774 3833 846 Rufinus

2289 877 2464 948 agitur
2491 897 2502 932 :
2528 876 2770 948 duosque
2794 876 3188 932 Invectivarum
3217 877 3386 934 libros
3407 879 3506 932 hoc
3526 878 3698 936 eodem
3722 897 3835 943 anno

2292 970 2344 1023 in
2379 971 2766 1042 Hieronymum
2800 969 3120 1027 eluenhrare
3153 973 3340 1041 cmpit,
3371 972 3554 1041 quibus
3583 988 3676 1028 non
3707 977 3835 1035 modo

2291 1064 2574 1130 epistolam
2602 1065 2665 1116 ad
2700 1063 3106 1118 Pammachiqu
3135 1074 3190 1121 et
3209 1063 3480 1119 Oceanum
3506 1064 3692 1132 datam,
3715 1069 3836 1136 cujus

2291 1161 2597 1230 exemplum
2644 1159 2710 1212 ab
2757 1162 2930 1213 amico
2984 1160 3298 1232 Aproniano
3343 1169 3639 1231 acceperat,
3666 1161 3836 1218 acriore

2291 1257 2500 1310 calamo
2529 1255 2765 1310 refutare
2794 1264 3052 1321 conatur;
3085 1271 3272 1308 verum
3303 1255 3466 1310 etiam
3497 1255 3661 1312 eximii
3689 1256 3838 1312 docto-

2294 1349 2370 1401 ris
2413 1346 2846 1402 Commentarios
2888 1348 2938 1402 in
2981 1363 3193 1402 sacram
3241 1347 3575 1417 Scripturam
3622 1348 3838 1408 aculeatis

2293 1440 2541 1497 censuris
2572 1442 2908 1513 perstringit.

2368 1535 2456 1591 VI.
2489 1535 2713 1590 Dolebat
2742 1533 3089 1590 Chromatius
3117 1533 3383 1605 Aquileia:
3411 1533 3700 1603 episeopus,
3726 1533 3839 1589 viros

2294 1628 2394 1684 Sibi
2429 1629 2813 1694 amicissimos,
2844 1637 3007 1698 rupto
3054 1628 3260 1684 fcedere
3285 1670 3298 1693 ,
3331 1627 3471 1698 quod
3499 1627 3649 1680 ambo
3676 1637 3736 1680 tot
3764 1643 3840 1683 an-

2296 1720 2380 1774 uis
2407 1736 2590 1775 amore
2618 1720 2936 1790 conjunctos
2968 1728 3248 1785 tenuerat,
3285 1720 3362 1775 ira
3398 1731 3658 1790 permotos
3687 1719 3730 1774 in
3754 1719 3842 1774 dis-

2296 1812 2433 1868 sidia
2461 1829 2638 1868 ruere.
2675 1813 2850 1868 Rulini
2876 1822 3111 1868 mentem
3159 1822 3214 1868 et
3237 1815 3507 1868 calamum
3530 1814 3632 1867 alio
3652 1830 3842 1869 conver-

585 1917 690 1971 quc
720 1903 965 1972 profiteri
1001 1905 1380 1959 orthodoxiatn
1419 1906 1608 1970 voluit,
1640 1905 1889 1976 dogmata
1916 1906 2183 1977 Origeuis,
2224 1905 2268 1965 Β
2298 1917 2411 1962 tere
2439 1907 2643 1962 studuit
2669 1928 2679 1961 :
2708 1909 3071 1978 imposuitque
3103 1909 3438 1978 provinciam
3469 1907 3662 1970 eidem,
3688 1919 3737 1963 ut
3761 1910 3843 1963 liu-

589 1995 747 2063 cujus
788 1995 1152 2052 eruditionem
1187 2012 1248 2051 ac
1282 1997 1516 2051 studium
1576 1998 1974 2069 Sr-ripturarum
1997 2042 2010 2064 ,
2041 2010 2194 2053 ante-

591 2101 750 2156 quam
784 2089 1034 2142 haeresim
1061 2087 1271 2156 plenius
1303 2101 1505 2159 nos~et,
1537 2091 1588 2143 in
1615 2090 1838 2159 juvenili
1886 2100 2044 2146 :etate
2075 2091 2188 2145 lau-

591 2180 750 2234 dibus
805 2193 1126 2246 ornaverat,
1175 2191 1364 2251 aperte
1419 2184 1748 2238 damnando.
1803 2184 1973 2238 Simul
2027 2185 2189 2240 etiam

591 2272 946 2344 Epiphanius,
983 2273 1074 2344 qui
1129 2274 1558 2347 Hierosolymam
1618 2284 1876 2338 venerat,
1925 2275 2188 2330 Joannem

586 2367 705 2428 eius
759 2364 910 2420 urbis
961 2366 1275 2434 episcopum
1311 2371 1684 2436 redarguerat,
1719 2377 1999 2439 propterea
2046 2371 2189 2441 quod

585 2457 931 2529 Origeuianae
958 2461 1223 2515 doctrina:
1258 2462 1616 2530 patmeinium
1653 2464 1998 2530 largiebatur,
2045 2463 2192 2519 fove-

588 2551 786 2622 batque
817 2553 1114 2607 amicitiam
1157 2569 1280 2607 cum
1342 2554 1555 2609 Ruliuo.
1604 2555 1675 2608 Ea
1709 2556 1831 2608 data
1880 2558 2188 2622 occasione,

583 2659 706 2699 cum
737 2659 968 2716 utroque
996 2647 1232 2717 jurgium
1272 2645 1427 2720 1&3
1459 2649 1646 2704 habuit
1671 2648 2074 2721 Hieronymus;
2099 2665 2191 2706 ve-

586 2754 704 2791 rmu
732 2756 838 2793 non
866 2740 1013 2810 cepit
1045 2742 1378 2797 incrementa
1403 2744 1709 2798 dissitlium.
1742 2743 2033 2798 Pristinam
2066 2759 2188 2799 cum

588 2831 785 2887 Rufino
845 2835 1165 2890 instauravit
1200 2839 1518 2903 amicitiam,
1570 2854 1634 2893 ac
1686 2839 1850 2892 ambo
1891 2840 2192 2908 junxerunt

586 2927 864 2984 dexteras.
900 2929 1026 2984 Ilzec
1059 2931 1172 3001 ipse
1222 2942 1409 2987 narrat
1434 2934 1613 2988 omnia
1654 2931 2015 3006 Hieronymus
2050 2934 2189 2990 libro

584 3021 649 3078 III
680 3033 867 3078 contra
905 3025 1182 3082 Rufinum.

661 3115 877 3173 Dissidii
925 3121 1133 3190 sopitos
1180 3120 1331 3189 ignes
1363 3118 1525 3176 latina
1558 3121 1793 3176 excussit
1838 3121 2094 3176 librorum
2127 3121 2191 3176 de

586 3207 868 3283 Principiis
897 3215 1098 3278 versio,
1131 3229 1290 3283 quam
1325 3212 1512 3268 Romae
1541 3214 1901 3268 adornaverat
1935 3213 2185 3269 Rufinus.

2295 1999 2426 2055 sebii
2459 2015 2688 2069 graecam
2723 1998 3001 2054 historiam
3032 1999 3082 2053 iu
3118 1999 3345 2054 latinum
3375 2015 3674 2056 sermonem
3705 2008 3843 2056 trans-

2293 2089 2482 2147 ferret.

2367 2183 2549 2238 Paruit
2589 2185 2830 2238 Ruliuus.
2878 2185 3048 2258 Digna
3097 2199 3220 2242 sunt
3265 2186 3842 2255 animadversionepptte

2294 2273 2508 2331 (ii-serit
2559 2278 2609 2331 in
2646 2279 2960 2347 prmiatione
2985 2300 2996 2332 :
3026 2278 3358 2345 Peritoruin,
3395 2279 3634 2347 inquiens
3659 2321 3671 2342 ,
3700 2278 3843 2330 dicunt

2294 2389 2402 2424 esse
2440 2373 2769 2438 mrdlcorum,
2801 2374 2886 2426 ubi
2926 2374 3194 2427 imminere
3233 2373 3441 2427 urbibus
3487 2373 3560 2426 vel
3601 2369 3843 2441 regionibus

2293 2467 2558 2536 generales
2604 2467 2822 2520 viderint
2870 2467 3098 2526 morbos.
3134 2468 3402 2535 providere
3431 2466 3630 2536 aliquod
3659 2462 3843 2516 medica-

2293 2561 2472 2620 menti,
2519 2561 2596 2615 vel
2642 2563 2810 2629 poculi
2859 2580 3017 2630 genus
3041 2604 3056 2629 ,
3089 2579 3188 2630 quo
3237 2561 3530 2632 prcemuniti
3561 2559 3762 2613 homines
3793 2553 3840 2607 ab

2292 2653 2582 2708 imminenti
2612 2655 2953 2722 defenduntur
2995 2654 3173 2708 exitio.
3224 2652 3376 2720 Quod
3411 2664 3464 2706 tu
3491 2667 3692 2720 quoque,
3720 2660 3841 2701 vene-

2294 2748 2454 2802 rande
2483 2757 2628 2820 pater
2656 2746 2939 2813 Clu-amati,
2967 2747 3236 2801 medicinae
3257 2763 3532 2816 exsequens
3561 2759 3723 2818 genus,
3745 2749 3841 2792 tem-

2297 2857 2420 2908 pore
2458 2859 2592 2908 quo,
2632 2841 2856 2912 diruptis
2902 2840 3074 2896 Italica
3120 2842 3356 2896 claustris
3403 2841 3463 2894 ab
3505 2840 3694 2893 Alarico
3735 2835 3839 2886 (iure

2293 2935 2583 2990 Comorum
2604 2980 2617 2998 ,
2647 2953 2701 2991 se
2743 2938 2957 3009 pestifer
3006 2938 3214 2990 morbus
3264 2937 3490 3008 infudit,
3521 2950 3564 2990 et
3593 2948 3742 3005 agros,
3769 2942 3837 2981 ar-

2295 3040 2483 3093 menta,
2513 3030 2648 3082 viros
2682 3027 2831 3101 longe
2863 3029 3064 3098 lateque
3093 3031 3336 3088 vastavit,
3372 3028 3575 3100 populis
3599 3044 3626 3079 α
3655 3021 3748 3078 Deo
3768 3017 3837 3074 tibi

2291 3122 2576 3175 commissis
2599 3122 2776 3192 feralis
2807 3122 2950 3176 exitii
2976 3122 3188 3188 aliquod
3209 3121 3488 3174 remedium
3512 3131 3742 3190 quarens,
3769 3123 3840 3181 per

2291 3215 2430 3281 quod
2449 3231 2604 3286 (egra:
2632 3225 2820 3269 mentes
2849 3217 2912 3268 ab
2943 3215 3227 3288 iugi-acutis
3257 3217 3379 3269 mali
3414 3209 3569 3287 1M
3588 3207 3841 3281 contagione

585 3302 733 3371 Opus
774 3305 946 3373 ipsum
993 3306 1239 3376 plerique
1286 3307 1752 3369 exsecrabantur,
1784 3306 1926 3376 quod
1979 3308 2099 3360 aliis
2133 3307 2184 3360 in
2216 3306 2256 3365 (Σ
2293 3306 2566 3360 subtracta:
2596 3305 2888 3360 melioribus
2920 3318 3186 3376 occupach
3228 3307 3411 3360 studiis
3457 3313 3750 3362 tenerentur.
3777 3301 3842 3350 ln-

583 3396 967 3454 ofI‘enalicqum
1001 3397 1122 3454 fore
1153 3401 1414 3454 timebant
1463 3420 1476 3456 :
1519 3402 1929 3472 argm-bantque
1959 3400 2186 3454 latinum

587 3489 606 3544 I
635 3499 968 3560 .terpretem.
993 3493 1142 3547 Tunc
1166 3511 1308 3548 ennn
1338 3493 1698 3566 Hieronymus
1725 3495 1801 3548 ait
1823 3495 1874 3547 in
1900 3493 2190 3564 Epitaphio

591 3583 859 3637 Mart-clla!
885 3586 948 3637 ad
986 3587 1340 3657 Princrpiatn,
1387 3586 1581 3640 Navrm
1610 3588 1815 3658 plenam
1844 3585 2192 3658 blasphemia-

584 3693 696 3728 rum
739 3676 994 3732 Rufinum
1049 3679 1281 3734 Romano
1321 3681 1551 3735 intulisse
1593 3681 1783 3749 portui.
1835 3678 2187 3733 Adversariu-

585 3785 728 3835 rum,
760 3771 904 3825 inter
949 3788 1084 3841 quos
1120 3791 1362 3827 memoro
1414 3780 1423 3823 l
1456 3773 1703 3828 υδυὺίιιιιι
1735 3773 2187 3838 Cremonensem,

587 3861 992 3917 Pauuuachium
1027 3873 1081 3919 et
1111 3864 1425 3920 Marcellam
1453 3909 1466 3932 ,
1518 3868 1770 3937 querelas
1800 3875 1858 3919 ut
1889 3865 2192 3920 declinaret

587 3955 676 4008 ille
703 3996 715 4016 ,
760 3953 1063 4026 Aquileiam
1114 3974 1340 4027 pergere
1391 3958 1674 4014 constituit
1713 3974 1725 4009 :
1769 3958 2190 4027 impetravitque

589 4064 615 4098 a
649 4049 843 4103 Siricio
879 4067 1012 4120 papa
1059 4052 1268 4106 litteras
1300 4051 1703 4107 ecclesiasticas
1731 4094 1746 4118 ,
1779 4053 1972 4118 quibus
2001 4049 2068 4105 de
2100 4065 2192 4106 or-

587 4139 826 4198 thodoxa
863 4147 914 4199 in
948 4145 1238 4217 longinqua
1271 4146 1737 4218 peregrinantium
1773 4146 1878 4201 fide
1909 4163 2004 4216 pro
2039 4160 2189 4201 more

585 4238 733 4291 illius
776 4239 876 4293 aevi
924 4251 973 4295 te
1009 4240 1292 4295 timonium
1349 4241 1700 4298 reddebatur.
1756 4240 1935 4296 Siricii
1995 4253 2190 4309 nempe

585 4334 906 4405 simplicitati
933 4335 1161 4392 illusisse
1189 4336 1462 4403 Rufinum,
1499 4335 1836 4408 Hieronymo
1863 4337 2058 4404 placet.

661 4426 807 4482 Obiit
852 4428 1080 4483 Siricius
1131 4444 1276 4484 anno
1319 4429 1460 4494 598,
1495 4429 1586 4486 die
1631 4429 1703 4484 26
1754 4429 2099 4488 novembris,
2133 4435 2191 4482 ut

589 4517 786 4587 Pagius
819 4520 1016 4590 alique
1050 4521 1280 4589 probant
1307 4539 1319 4575 :
1345 4522 1590 4591 adeoque
1619 4520 1780 4590 paulo
1817 4533 1978 4576 antea
2017 4520 2189 4574 Roma

588 4620 892 4665 secesserat
927 4612 1172 4667 Rufinus.
1224 4612 1529 4667 Mediolano
1563 4613 1878 4682 pertransit,
1911 4612 1998 4667 ubi
2034 4627 2189 4681 rege-

591 4704 680 4758 ls-t
715 4706 1012 4759 Ecclesiatu
1045 4706 1428 4776 Sitnpliciauus

589 4798 810 4852 brorum
836 4804 956 4876 περὶ
978 4803 1160 4877 ἀρχῶν
1189 4802 1463 4856 sententia
1486 4803 1836 4872 qua-stionem
1861 4817 1919 4856 se
1938 4800 2194 4857 habuisse

590 4907 711 4945 cum
748 4893 982 4947 Eusebio
1009 4896 1261 4959 superius
1295 4897 1530 4963 laudato,
1559 4899 1671 4966 ipse
1707 4907 1933 4952 testatur
1967 4895 2194 4952 Rutinus

588 4984 730 5038 Iihro
759 5001 773 5039 l
807 4984 1202 5041 Invectivartuu
1237 4990 1288 5044 in
1324 4989 1732 5062 Hieronymum.
1766 4991 2071 5062 Aquileiam
2102 4990 2194 5044 de-

591 5077 752 5146 uiqu-
805 5080 1052 5148 pervenit
1096 5092 1188 5136 aut
1234 5085 1424 5138 eodem
1474 5101 1617 5139 anno
1662 5085 1892 5140 cadente
1928 5085 2067 5151 598,
2102 5094 2196 5140 aut

591 5175 815 5229 ineunte
853 5185 1140 5247 raptoque
1168 5178 1292 5234 599.
1347 5179 1423 5235 De
1475 5181 1555 5234 his
1597 5181 1848 5236 omnibus
1893 5183 2093 5237 certior
2125 5180 2194 5238 ab

589 5271 779 5324 amicis
808 5270 982 5325 factus
1013 5272 1372 5345 Iliert-nymus
1396 5316 1410 5338 ,
1437 5275 1721 5344 epistolam
1755 5275 1992 5331 reddidit
2032 5277 2195 5331 Pam-

591 5365 808 5420 machio
833 5377 884 5422 et
917 5366 1166 5422 Oceano:
1195 5369 1246 5421 in
1278 5384 1448 5435 eaque
1476 5369 1783 5425 luculenter
1812 5371 2064 5440 exponit,
2085 5387 2194 5442 quo

589 5461 783 5530 legerit
829 5461 1012 5515 animo
1057 5461 1468 5533 Iatulaveritque
1511 5464 1794 5532 Origenem
1821 5507 1834 5528 ,
1869 5465 2190 5521 :emulnrum

591 5551 787 5607 refellit
817 5553 1157 5619 calumnias,
1187 5554 1452 5624 diluitque
1495 5557 1836 5626 suspiciones
1866 5557 2147 5612 hominum
2176 5598 2190 5623 ,

589 5647 965 5716 plurimosque
1008 5647 1258 5718 Origenis
1309 5659 1530 5703 errores
1578 5649 1773 5716 prodit.
1831 5651 1987 5705 Dedit
2027 5651 2188 5704 aliam

589 5738 804 5804 Rufino,
831 5758 990 5810 quem
1017 5742 1167 5812 gravi
1199 5744 1450 5810 set-loqui:
1483 5741 1739 5797 adniouet
1770 5743 1932 5814 Slyfo,
1961 5741 2106 5796 nolle
2129 5756 2190 5797 se

585 5833 834 5904 Origeuis
877 5851 1037 5891 causa
1090 5835 1318 5900 laudari,
1359 5833 1513 5905 cttjtts
1555 5837 1695 5889 mala
1743 5835 1995 5905 dogmata
2025 5848 2190 5888 estse-

592 5927 844 5990 crabatur
871 5945 886 5986 :
909 5939 1070 6002 atque
1111 5930 1282 6001 satius
1310 5944 1457 6004 esse,
1493 5931 1539 5987 si
1563 5929 1686 6003 jura
1715 5928 1842 5985 velit
1873 5929 2190 5990 instaurata:

2285 3398 2471 3468 jungis
2524 3395 2648 3450 mihi
2675 3439 2689 3463 ,
2725 3408 2776 3450 ut
2825 3399 3222 3452 ecclesiasticam
3272 3398 3567 3462 historiam,
3612 3409 3745 3467 quam
3783 3385 3840 3441 vir

2292 3490 2670 3544 eruditissimus
2730 3489 2980 3544 Eusebius
3040 3491 3378 3546 Ca’sareensis
3435 3506 3596 3560 ενι-(τεο
3650 3491 3842 3541 sermone

2293 3581 2620 3650 conscripsit,
2650 3582 2702 3635 in
2745 3583 2964 3636 latinum
2996 3594 3184 3636 vertam
3217 3586 3402 3655 :cujus
3436 3584 3642 3636 lectione
3678 3576 3841 3629 animus

2293 3675 2614 3729 audientium
2678 3678 2908 3740 vinctus,
2959 3679 3078 3728 dum
3136 3678 3374 3730 notitiam
3421 3693 3585 3730 rerum
3629 3678 3843 3744 gestarum

2292 3772 2492 3824 avidiu;
2529 3773 2686 3840 petit,
2717 3771 3016 3826 oblivionem
3065 3771 3446 3839 quodammodo
3492 3771 3720 3824 malorum
3754 3771 3844 3828 qua!

2293 3877 2609 3936 gererentur,
2643 3866 2917 3934 acciperet.
2949 3863 3288 3920 Provinciam
3321 3865 3622 3936 impositam
3651 3845 3844 3927 explevit

2295 3958 2543 4025 Rufiuu~,
2575 3960 2772 4014 additis
2819 3959 3139 4015 Eusebiaua:
3189 3957 3429 4014 hismrim
3468 3957 3664 4013 duobus
3703 3943 3842 4008 libris,

2294 4053 2512 4121 propri.)
2547 4063 2716 4106 marte
2745 4052 3092 4106 elucubratis.
3138 4051 3324 4122 Neque
3354 4064 3530 4107 tamen
3552 4093 3566 4116 ,
3593 4047 3705 4103 dum
3731 4041 3845 4097 hanc

2293 4155 2532 4212 Spartam
2565 4146 2885 4209 adornabat,
2909 4145 3092 4199 mitior
3113 4161 3236 4215 erga
3267 4146 3638 4218 Hieronymum
3661 4137 3844 4196 effectus

2293 4248 2376 4294 est
2404 4257 2416 4292 :
2445 4239 2638 4307 emptis
2665 4239 3064 4294 Iuvcetivarum
3111 4239 3264 4294 libris
3298 4239 3512 4294 insimul
3545 4228 3845 4293 conscriben-

2294 4333 2376 4387 dis
2408 4331 2713 4400 insudahat,
2747 4349 2883 4404 quos
2912 4349 3054 4386 anno
3081 4333 3179 4388 .lOl
3220 4331 3477 4403 vulgavit.
3791 4405 3802 4418 I
3831 4401 3843 4418 ⁸

2371 4428 2477 4482 VII.
2527 4428 2706 4483 Rufini
2739 4427 2898 4482 allata
2932 4428 3094 4483 verba
3132 4428 3363 4498 primam
3403 4423 3650 4483 exhibent
3682 4405 3845 4474 ΑΙθτῖεί

2293 4521 2594 4576 Gothorum
2646 4522 2789 4585 regis
2836 4520 3190 4592 irruptioncm
3228 4522 3278 4576 in
3314 4520 3558 4585 Italiam,
3585 4533 3640 4572 ac
3669 4511 3843 4573 Iunilius

2293 4628 2342 4670 et
2371 4631 2567 4669 annum
2600 4617 2929 4684 patefaciunt
2955 4658 2968 4678 ,
3004 4632 3112 4684 quo
3141 4614 3256 4683 ipse
3290 4615 3341 4669 in
3379 4613 3680 4669 EuSchiana:
3703 4603 3842 4684 ΙιῖείἿ⁸

1473 4726 1487 4762 :
1527 4706 1706 4776 ibique
1753 4706 1820 4760 de
1853 4705 2083 4774 quatiam
2130 4705 2188 4759 li-
2221 4706 2270 4764 Ι)
2300 4705 2392 4758 ria!
2427 4709 2731 4761 versiOurm
2767 4708 3131 4762 incumbebat.
3169 4707 3404 4778 Prosper
3430 4707 3481 4760 in
3510 4699 3739 4759 chronic"
3765 4681 3843 4741 Silii

2297 4801 2591 4855 consulibus
2639 4799 2890 4855 Stilicone
2938 4811 2982 4854 et
3027 4801 3340 4866 Aureliano,
3387 4801 3480 4871 qui
3519 4809 3698 4853 annum
3744 4787 3842 4836 :l‘fic

2295 4895 2605 4948 Citl'lalluntlz
2654 4896 2762 4950 400
2792 4905 3162 4961 aperuerunt,
3201 4893 3318 4948 huic
3366 4895 3525 4947 habet
3557 4871 3846 4972 verbach

2299 4985 2371 5039 thi
2405 4985 2614 5040 Italiam
2641 5030 2654 5051 ,
2685 4988 2892 5042 Alarico
2923 4994 2971 5039 ct
3013 4986 3304 5056 lladagaiso
3349 4985 3588 5044 ducibus,
3627 4970 3846 5047 ingressi:

2298 5080 2538 5149 iteunue
2567 5080 2668 5136 sub
2701 5080 2986 5135 consulatu
3036 5079 3250 5133 Arcadii
3285 5079 3320 5132 γ
3353 5089 3399 5131 ct
3433 5073 3644 5132 Honorii
3672 5068 3704 5121 Υ
3730 5064 3845 5115 ³ηί¹⁰

2293 5173 2492 5228 Christi
2540 5174 2645 5230 43.32
2684 5174 2936 5228 Adversus
2986 5173 3182 5227 Gothos
3223 5173 3565 5236 vehementer,
3621 5157 3844 5236 utrius‘l"?

2296 5268 2457 5336 partis
2487 5268 2636 5322 clude
2663 5311 2676 5333 ,
2723 5267 3000 5320 Pollentia:
3031 5267 3173 5337 (quae
3208 5265 3439 5336 Liguria:
3471 5233 3704 5334 oppidum
3733 5233 3844 5306 eri")

2296 5373 2580 5432 pugnatum
2621 5372 2726 5426 est;
2758 5361 3121 5432 migravitque
3169 5362 3218 5416 in
3277 5359 3576 5416 Pannonias
3618 5345 3841 5432 AlaricIIS:

2296 5455 2654 5526 Irrtqilionem
2687 5456 2972 5524 Ratiagaisi
3007 5456 3164 5509 simul
3193 5471 3314 5510 cum
3351 5454 3557 5508 Μηνίου
3593 5464 3685 5503 non
3716 5421 3842 5508 Ι)⁷¹¹¹(’ἰ

2297 5549 2626 5604 inficiantur.
2660 5549 2853 5605 Putant
2885 5550 2996 5614 alii,
3027 5550 3300 5604 Alarieum
3331 5565 3472 5604 anno
3508 5547 3592 5601 lfll
3631 5531 3843 5626 provecto

2298 5645 2349 5698 in
2378 5645 2682 5699 Pannonias
2709 5655 3042 5712 regressum,
3080 5645 3274 5698 iterum
3303 5645 3615 5712 insequente
3635 5635 3758 5686 anno
3786 5627 3842 5712 ¹τς

2297 5741 2508 5809 rupisse
2547 5741 2599 5794 in
2630 5739 2857 5793 Italiam.
2883 5737 3120 5806 Pugnant
3153 5753 3367 5809 quoque
3397 5738 3460 5791 ad
3483 5699 3840 5809 Pollentiamad

2293 5801 2495 5888 anitum
2524 5833 2630 5889 405
2656 5831 2912 5888 differunt
2938 5801 3021 5885 :et
3045 5801 3190 5887 anno
3212 5801 3459 5902 sequenti
3485 5829 3675 5898 illigant
3695 5801 3842 5902 find“:

2291 5927 2423 6003 gaisi
2445 5927 2771 6002 ingressum,
2792 5930 2849 5981 ut
2865 5934 2916 5980 et
2931 5925 3047 5997 ipse
3073 5924 3322 5998 regiones
3350 5922 3515 5979 Italiae
3532 5892 3841 5992 pertentareio

3994 2287 3995 2304 i

3993 2471 3995 2490 l
