4084 6342
231 336 337 400 its

1090 342 1526 402 DILUCIDATIO
1567 341 1872 410 ALTERA,
1915 341 2267 399 BERNARDI
2304 342 2395 400 DE
2435 341 2709 400 RUBEIS.

3433 343 3569 406 '4“

300 459 411 518 Sed
466 465 730 520 unanimi
779 473 964 518 contra
1023 463 1311 520 Baronium
1361 478 1631 520 consensu
1686 464 1856 535 prima
1889 467 1934 525 Α
1964 465 2234 517 reviset-am
2254 480 2275 530 ;
2305 464 2460 517 simul
2485 473 2536 518 et
2559 465 2684 534 quia
2713 473 2815 516 tant
2848 464 2988 532 ﬁngi
3015 464 3210 520 itineris
3233 465 3378 520 labor
3409 467 3571 538 fragi—

229 559 433 613 Alarici
490 559 741 632 irruptio
772 559 838 614 ad
871 575 1069 614 annum
1119 556 1322 613 ChriSti
1365 559 1472 615 400
1507 557 1618 627 jam
1666 555 1855 611 referri

229 653 388 707 solet.
426 653 590 711 lianc
639 654 956 711 .loruandes
982 654 1048 710 de
1080 654 1264 710 Rebus
1293 653 1496 709 Geticis
1526 668 1644 722 cap.
1671 653 1743 708 29
1776 653 1856 707 his

229 746 411 802 verbis
443 745 728 803 describit
757 770 769 804 :
798 748 928 804 Mox
953 759 1008 802 ut
1032 764 1152 822 ergo
1169 749 1425 819 antefatus
1456 747 1695 800 Alaricus
1718 762 1857 800 erea-

229 851 311 892 tus
358 848 433 892 est
487 856 623 907 rex,
665 859 783 895 cum
827 843 934 896 suis
981 841 1298 907 deliberans,
1325 840 1486 896 suasit
1539 856 1636 893 suo
1682 839 1857 894 labore

224 949 455 1001 qurerere
484 952 739 1007 regnum,
768 953 923 1008 quam
951 936 1134 990 alienis
1165 952 1254 1005 per
1286 936 1445 990 otium
1475 933 1741 1007 subjacere
1766 951 1784 988 :
1806 939 1854 986 et

223 1033 433 1094 sumpto
451 1027 725 1096 exercitu,
749 1046 840 1100 per
868 1027 1194 1093 Pannonias,
1227 1027 1478 1083 Stilicone
1497 1037 1545 1080 et
1576 1027 1854 1081 Aureliano

222 1119 570 1194 consulibus,
608 1131 657 1174 et
694 1138 786 1192 per
824 1122 1073 1177 Sirmium
1122 1121 1304 1177 dextro
1344 1121 1502 1176 latere
1539 1119 1685 1191 quasi
1731 1119 1852 1172 viris

221 1227 444 1264 vacuam
492 1213 717 1267 intrauit
750 1213 982 1268 Italiam.
1029 1213 1210 1269 Prima
1253 1213 1490 1267 formem
1541 1211 1657 1282 ejus
1695 1226 1849 1280 passa

220 1311 300 1358 est
329 1301 576 1360 Venetia
607 1307 869 1370 inferior,
904 1324 1062 1378 quam
1095 1318 1282 1377 postea
1318 1307 1650 1377 provinciam
1683 1305 1852 1360 Foro-

214 1395 522 1465 julieusem
574 1398 836 1454 dixerunt
883 1417 896 1454 :
933 1401 1114 1471 ibique
1159 1415 1250 1455 rex
1293 1399 1504 1456 Gothus
1547 1415 1732 1470 agros.
1764 1415 1851 1451 ar-

217 1495 381 1540 menta
399 1527 424 1554 ,
458 1489 629 1555 riros,
664 1489 817 1563 longe
844 1491 1043 1562 lateque
1073 1492 1307 1556 uastauit,
1343 1492 1648 1564 populisque
1677 1508 1707 1543 a
1735 1487 1848 1545 Deo

216 1584 513 1636 commissis
526 1582 852 1640 Chrotnatio
865 1585 1249 1657 feraleexitium
1272 1585 1640 1641 minitabatur.
1663 1585 1847 1654 Itaque

216 1689 356 1728 anno
393 1672 517 1731 400
555 1676 782 1732 latinam
826 1677 1067 1734 historize
1096 1679 1482 1734 ecclesiastica!
1515 1680 1582 1734 ab
1614 1679 1846 1734 Eusebio

216 1770 558 1839 conscripta
591 1771 989 1840 adornandum,
1016 1771 1332 1845 injungente
1360 1772 1700 1839 Chromatio,
1724 1787 1845 1828 ver-

217 1863 427 1917 sionem
458 1866 717 1936 suscepit
745 1865 996 1935 Ruﬁnus,
1025 1869 1445 1938 complevitque.

769 1981 925 2062 145
956 1981 1186 2038 CAPUT
1216 1981 1312 2040 XI.

216 2063 288 2118 De
314 2067 564 2136 Origeuis
583 2065 901 2136 damnatione
927 2088 939 2123 :
962 2075 1169 2136 ipseque
1193 2072 1394 2125 Ruﬁnus
1419 2076 1465 2124 iu
1492 2077 1676 2124 crimen
1704 2086 1844 2124 voca-

274 2139 373 2198 tus,
393 2131 689 2198 italogiam
701 2135 894 2198 scribit.
914 2131 1210 2198 Origeniana
1223 2137 1448 2198 dogmata
1465 2141 1661 2188 damnat
1677 2138 1842 2188 Theo-

273 2195 446 2305 philus
470 2195 822 2270 Alexandriae,
852 2195 1133 2274 Anastasius
1158 2195 1342 2274 lituus),
1369 2201 1625 2272 Venerius
1648 2201 1839 2274 Medio-

292 2271 368 2305 altt
392 2298 412 2305 -
452 2257 773 2305 Chromatius
811 2260 1066 2305 Aquileiae.
1093 2260 1324 2305 Drmems
1362 2277 1553 2305 causam
1580 2266 1838 2305 τίιςιιηριιιι

292 2260 368 2306 ani
392 2298 412 2323 ,
425 2321 437 2324 _
452 2257 773 2311 Chromatius
786 2257 1066 2324 A’Aquileite.
1093 2257 1339 2322 Origenis'
1362 2277 1554 2312 causam
1580 2263 1838 2324 distinguit

276 2321 502 2389 pontifex
531 2334 740 2389 seeos:
779 2322 968 2386 Ruﬁni,
1009 2337 1159 2389 quem
1193 2321 1357 2389 divino
1390 2335 1615 2389 reservat
1633 2321 1833 2389 judicio.

274 2381 583 2450 Hieronymi
611 2381 1106 2450 dictat-exponuntur.
1133 2388 1209 2436 Ab
1235 2388 1410 2437 eodem
1436 2387 1609 2439 Ruﬁno
1633 2381 1837 2450 'abjudi-

273 2451 410 2495 catur
439 2443 661 2516 libellus
695 2443 947 2516 palinodia':
985 2452 1077 2498 sub
1114 2451 1221 2512 ejus
1262 2452 1455 2501 nomine
1485 2443 1728 2516 vulgatus.
1758 2451 1834 2501 De

275 2518 486 2560 auctore
511 2510 748 2572 ejusdem
773 2514 1088 2573 conjecture.

285 2613 326 2669 Ι.
367 2615 604 2672 iamdiu
659 2626 803 2672 mota
861 2618 916 2673 in
969 2617 1192 2676 Oriente
1242 2621 1527 2676 adversum
1584 2622 1832 2694 Otigenis

216 2707 526 2764 doctrinam
584 2711 936 2781 quaestione.
991 2713 1396 2772 damnationem
1446 2717 1564 2786 ejus
1609 2717 1831 2788 urgebat

216 2801 560 2872 Theophilus
598 2804 1002 2862 Alexandrinus
1047 2825 1060 2862 :
1094 2807 1394 2880 eademque
1432 2813 1616 2866 Romae
1655 2813 1825 2882 agita-

217 2898 370 2953 batur
399 2909 600 2968 causa,
637 2901 727 2955 cui
758 2900 921 2956 latina
943 2903 1124 2958 Vorslo
1154 2903 1410 2958 librorum
1435 2905 1498 2960 de
1521 2905 1821 2979 Principiis.

216 3007 227 3040 ρ
253 3007 370 3045 nam
406 2991 649 3047 Ruﬁnus
673 2995 1004 3060 ctenl'eceral,
1035 3011 1220 3050 ausam
1250 2998 1494 3052 dederat.
1530 2999 1649 3068 l,.-se
1672 2999 1824 3053 Ruli~

217 3101 312 3136 nus
340 3085 654 3140 Vocabatur
687 3087 738 3140 lit
767 3089 991 3142 crimen.
1020 3087 1175 3143 Tunc
1195 3090 1405 3144 adducti
1432 3101 1581 3144 testes
1608 3091 1826 3163 (Hiero-

215 3181 356 3249 nymi
393 3180 585 3234 verbis
620 3187 746 3233 utor
778 3181 829 3234 in
863 3177 1152 3251 Epitapbio
1175 3182 1470 3253 Marcellis)
1497 3183 1584 3253 qui
1613 3183 1760 3255 prius
1789 3199 1818 3237 tl

1963 557 2141 610 liorem
2167 574 2246 612 me
2269 559 2438 612 reddit
2463 558 2532 612 ad
2563 559 2821 614 iterandos
2849 561 3068 625 labores,
3102 561 3292 616 litteris
3318 561 3446 615 meis
3476 578 3566 616 stt-

1961 651 2252 716 tisfaccrem
2275 650 2591 706 Beatitudini
2613 661 2715 706 tute
2731 668 2750 707 :
2775 669 2880 707 non
2903 661 2954 705 ut
2977 652 3041 707 de
3061 663 3236 710 sancta
3261 664 3428 709 meme
3450 664 3562 719 tuo,

1958 761 2074 815 quae
2100 749 2233 801 velut
2256 747 2518 816 quoddam
2542 746 2640 801 Dei
2662 748 2950 801 sacrarium
2974 747 3174 817 aliquid
3199 749 3430 817 iniquum
3456 764 3560 805 non

1959 837 2160 908 recipit,
2191 839 2447 892 maculam
2469 838 2778 910 suspicionis
2801 839 3179 912 abstergerem;
3207 841 3298 895 sed
3323 848 3377 892 ut
3398 855 3563 894 aemu-

1957 931 2021 984 lis
2049 932 2322 986 adversum
2354 949 2432 985 me
2463 932 2860 997 oblatrantibus,
2899 934 3140 988 baculum
3168 933 3442 1005 quemdam
3473 936 3564 990 tibi

1957 1026 2290 1095 confessionis
2314 1041 2457 1090 mete,
2488 1043 2588 1096 quo
2609 1027 2961 1099 abigerentur,
2993 1027 3250 1094 offerrem.
3288 1027 3409 1082 ltldit
3431 1043 3561 1099 ergo

1955 1115 2080 1171 ﬁdei
2120 1133 2233 1171 sure
2256 1119 2682 1187 expmititinem,
2713 1120 2913 1185 quidve
2941 1123 3141 1175 sentiat
3182 1122 3360 1176 verbis
3381 1121 3560 1176 diser-

1955 1209 2179 1264 ti‘simis
2209 1211 2446 1264 declarat
2476 1212 2543 1267 de
2574 1211 2863 1279 Trinitate,
2897 1214 2964 1267 de
2994 1214 3155 1269 Verbi
3183 1215 3274 1270 Dei
3306 1214 3559 1270 lnearnu-

1955 1306 2121 1363 tione.
2156 1296 2230 1357 de
2253 1302 2702 1368 Resurrectione,
2735 1305 2804 1361 de
2833 1305 3054 1360 Judicio
3077 1307 3301 1371 diaboli,
3331 1307 3400 1361 de
3426 1308 3559 1363 Ani-

1953 1411 2158 1452 marum
2188 1399 2400 1468 origine
2427 1415 2438 1451 :
2475 1413 2642 1467 seque
2668 1398 2889 1455 demum
2918 1399 3187 1469 Origeuis,
3224 1399 3381 1472 ιω
3400 1401 3556 1472 cujus

1951 1504 2115 1556 opera
2146 1490 2393 1559 quaedam
2424 1490 2588 1544 latine
2620 1491 2966 1556 reddiderat,
2997 1493 3355 1562 interpretem
3387 1493 3555 1564 proﬁ-

1951 1592 2114 1649 tetur,
2151 1601 2256 1638 non
2290 1585 2658 1645 defensorem.

2021 1676 2084 1732 ll.
2130 1677 2351 1732 Interim
2397 1679 2734 1750 Theophilus
2775 1679 3174 1736 Alexandrinus
3215 1682 3386 1737 libros
3421 1682 3549 1736 Ori-

1946 1772 2097 1841 genis
2127 1772 2491 1827 interdixerat
2523 1773 2807 1838 tidelibns,
2846 1773 3098 1844 idemque
3131 1775 3314 1828 Romae
3341 1774 3554 1844 praestio

1875 1860 1920 1920 B
1950 1871 2089 1918 terat
2134 1867 2469 1919 Anastasius.
2525 1865 2832 1935 Utrumque
2879 1867 3140 1922 discimus
3190 1883 3253 1922 ex
3299 1867 3546 1936 ejusdem

1949 1959 2217 2028 pontificis
2248 1961 2478 2030 epistola
2507 1961 2576 2014 ad
2607 1961 3010 2034 Simplicianum
3037 2004 3051 2026 ,
3093 1963 3281 2031 utique
3337 1962 3546 2017 Medio-

1948 2051 2224 2107 lancnsem
2255 2052 2570 2123 episc0pum
2590 2096 2604 2120 ,
2631 2070 2792 2122 quam
2829 2055 3138 2109 Dominicus
3167 2055 3466 2116 Vallarsius
3494 2056 3546 2110 in

1942 2159 2040 2199 Sua
2063 2145 2172 2200 diti
2197 2145 2510 2218 Hieronymi
2537 2163 2758 2217 operum
2787 2148 3090 2203 Veronensi
3121 2149 3361 2204 editione
3387 2156 3545 2204 antea

1943 2239 2198 2294 ineditam
2231 2241 2434 2310 primus
2461 2241 2718 2311 vulgavit.
2753 2243 2880 2296 Haec
2913 2241 3148 2312 legimus
3176 2262 3187 2296 :
3221 2243 3544 2316 Theophilus

1940 2338 2104 2403 frater
2126 2343 2175 2387 et
2197 2336 2523 2407 coepiscopns
2553 2343 2729 2390 noster
2757 2336 2895 2388 circa
2923 2335 3109 2390 salutis
3141 2337 3409 2389 commoda
3437 2352 3540 2390 non

1938 2425 2122 2479 desinit
2153 2427 2400 2499 uigilare,
2433 2444 2496 2482 ne
2531 2428 2626 2481 Dei
2648 2429 2870 2500 populus
2893 2474 2901 2486 .
2928 2444 3018 2499 per
3045 2427 3275 2482 diversas
3299 2428 3540 2482 ecclesias

1941 2518 2212 2592 Origenem
2238 2520 2469 2592 legendo,
2515 2523 2569 2575 in
2613 2537 2825 2591 magnas
2851 2522 3082 2574 incurrat
3109 2519 3527 2592 blasphemas...

1936 2612 2049 2667 Nos
2097 2614 2309 2685 (etiam)
2357 2615 2409 2668 in
2457 2614 2581 2668 urbe
2623 2613 2788 2667 Roma
2828 2615 3054 2685 positi...
3101 2631 3164 2668 ne
3202 2614 3314 2684 quis
3357 2622 3540 2671 contra

1932 2719 2241 2780 praeeptum
2265 2708 2400 2779 legat
2422 2712 2532 2762 aazc
2555 2724 2672 2778 quae
2697 2708 2950 2774 diximus,
2971 2708 3397 2762 damnavimus...
3429 2705 3542 2761 Hoc

1933 2812 2240 2872 prteceptum
2289 2811 2535 2865 tenentes,
2586 2801 2721 2855 illud
2765 2801 3019 2870 quidquid
3057 2811 3132 2854 est
3181 2800 3302 2868 ﬁdei
3349 2809 3541 2855 nostra?

1931 2895 2267 2960 contrarium,
2307 2895 2368 2947 ab
2409 2895 2634 2964 Origene
2669 2893 2931 2962 quondam
2972 2895 3244 2966 scriptum,
3281 2894 3542 2964 judicavi-

1930 3003 2044 3040 mus
2069 3004 2101 3040 a
2131 2987 2275 3042 nobis
2300 2988 2550 3052 alienum,
2583 2997 2734 3056 atque
2763 2988 3019 3058 punitum.
3048 2987 3387 3054 Simpliciaui
3419 2987 3538 3041 obi-

1932 3088 2040 3132 tum
2079 3080 2499 3135 Mediolanensia
2537 3088 2884 3136 monumenta
2913 3079 2997 3132 die
3029 3080 3093 3135 18
3124 3079 3156 3133 k
3177 3079 3384 3133 utendas
3413 3095 3529 3146 sep-

1930 3172 2135 3226 tembris
2180 3173 2306 3226 anni
2345 3171 2452 3228 400
2495 3173 2821 3243 t-ousignant
2863 3190 2875 3225 :
2919 3171 3065 3226 unde
3106 3172 3243 3226 data!
3289 3171 3535 3240 epistola!

215 3271 408 3330 Ruﬁno
435 3288 490 3329 et
516 3275 748 3330 asset-lis
767 3275 975 3343 eruditi,
999 3281 1048 3331 et
1069 3290 1242 3346 postea
1265 3279 1331 3332 ab
1355 3279 1593 3333 haeretica
1613 3284 1818 3350 fuerant

1931 3275 2136 3335 tempus
2160 3265 2369 3320 deﬁniri
2395 3266 2506 3336 jam
2545 3274 2741 3324 totest.

211 3379 385 3420 errore
430 3365 716 3436 correpti:
759 3377 960 3422 ostensa
1003 3369 1280 3423 multitudo
1327 3371 1675 3443 deceptorum,
1728 3374 1818 3442 qui

212 3460 376 3516 latine
424 3477 628 3517 t'chos
673 3462 841 3517 libros
889 3479 1074 3533 parum
1121 3467 1264 3520 cauti
1311 3467 1561 3536 legebant
1600 3488 1611 3522 :
1663 3469 1820 3542 impia

211 3567 428 3624 quoque
467 3557 598 3631 περὶ
644 3557 832 3632 ἀρχῶν
861 3557 1058 3628 ingesta
1085 3559 1366 3624 volumina,
1401 3575 1515 3629 qtttt'
1551 3566 1820 3617 cutem/am

211 3662 366 3699 manu
395 3646 596 3717 scorpii
629 3653 645 3716 (
675 3648 727 3699 id
761 3663 838 3702 ρει
875 3648 1053 3703 Rttlini
1079 3651 1099 3722 )
1129 3654 1563 3706 monstrabantur.
1602 3654 1675 3708 No
1705 3659 1814 3709 cri-

210 3753 353 3803 men,
385 3739 429 3791 .~i
459 3738 610 3809 quod
635 3747 802 3806 esset,
831 3741 1058 3796 inultum
1087 3753 1356 3811 maneret,
1381 3747 1533 3799 acciti
1555 3759 1679 3802 sunt
1707 3747 1814 3802 Rn-

209 3846 349 3884 tnatn
381 3831 737 3902 frequentibus
769 3833 953 3888 litteris
1004 3835 1232 3890 Ittcretici
1287 3839 1428 3910 (hoc
1469 3843 1816 3910 appellantur

209 3928 429 3983 nomine
463 3927 715 3992 Ruﬁnus,
749 3939 803 3984 et
835 3931 1095 4003 asscclm)
1123 3949 1320 4005 :neque
1351 3938 1520 3991 venire
1541 3939 1673 3992 ausi.
1701 3940 1814 3995 lmo

207 4031 405 4076 tantum
429 4035 668 4078 romanae
689 4023 827 4079 urbis
849 4027 1120 4098 (ejusdem
1157 4030 1471 4102 Hieronymi
1496 4034 1659 4087 verba
1685 4045 1811 4088 sunt

207 4115 346 4171 libro
387 4115 452 4172 Ill
497 4125 693 4174 contra
739 4115 991 4176 Ruﬁnum
1044 4139 1192 4177 num.
1238 4124 1331 4197 21)
1371 4126 1634 4199 judicium
1679 4130 1814 4198 fugit

1999 3380 2199 3434 Eodem
2242 3395 2386 3434 anno
2423 3379 2474 3434 in
2515 3380 2722 3452 synodo
2759 3378 3117 3434 Alexandrina
3158 3393 3185 3431 a
3225 3377 3532 3446 Theophila

1922 3481 2214 3528 convocata
2275 3474 2575 3528 Soletunior
2640 3473 2842 3542 prodiit
2893 3473 3144 3543 Origeuis
3202 3472 3520 3537 damnatio,

1921 3583 2080 3632 quam
2113 3567 2412 3636 Eneyclicm
2442 3566 2742 3620 Paltestinis
2766 3577 2813 3620 et
2837 3566 3041 3638 Cypriis
3060 3566 3317 3635 episcopis
3341 3565 3530 3619 inseri-

1922 3672 2026 3729 ptac
2055 3662 2510 3730 emuplectuutur.
2541 3660 2797 3729 Vulguvit
2825 3675 2912 3713 eas
2943 3660 3192 3714 laudatus
3229 3659 3529 3714 Vallat-sius

1919 3770 1981 3807 ex
2017 3754 2397 3823 antiquissimo
2420 3755 2608 3809 codice
2633 3767 2735 3806 ms.
2763 3753 3153 3807 Mediolanensi
3179 3750 3526 3806 bibliotheca:

1918 3846 2314 3912 Attiliroisiattm,
2348 3849 2478 3901 olim
2507 3847 2562 3904 S.
2593 3846 2912 3901 Columbam
2939 3846 3223 3902 Boltiensis
3249 3863 3260 3899 :
3288 3845 3524 3899 vocatis-

1917 3957 2021 4011 que
2067 3943 2132 3995 ad
2184 3957 2411 3996 examen
2458 3943 2731 3996 nonnullis
2772 3941 3203 4005 difﬁcultatibus,
3247 3939 3528 3995 contradi-

1917 4043 2101 4087 centes
2148 4043 2204 4088 ut
2250 4034 2503 4088 videntur
2548 4035 2920 4104 chronologite
2959 4034 3197 4089 calculos
3239 4033 3514 4087 conciliat.

1916 4123 2036 4177 Pari
2069 4125 2268 4180 ardore
2289 4126 2342 4179 in
2374 4125 2663 4195 Origenem
2692 4137 2997 4179 commotus
3025 4125 3366 4193 Anastasius,
3398 4124 3524 4179 Ori-

1914 4217 2143 4286 geuiana
2179 4218 2500 4285 proscripsit
2531 4217 2782 4285 dogmata
2803 4259 2815 4280 ,
2849 4216 3218 4272 damnationis
3248 4218 3522 4273 sententia

1914 4310 2078 4362 missa
2112 4307 2177 4362 ad
2213 4308 2502 4363 Venerium
2532 4352 2543 4365 .
2581 4311 2667 4375 qui
2705 4309 3064 4377 Simpliciano
3095 4310 3146 4361 in
3180 4308 3365 4362 sedem
3401 4309 3516 4362 Me-

1911 4399 2283 4454 diolanensetu
2312 4399 2572 4454 suffectus
2602 4401 2797 4454 fuerat.
2832 4400 2884 4452 id
2916 4400 3030 4466 ipse
3055 4407 3286 4453 testatur
3316 4400 3368 4453 in
3402 4400 3519 4466 epi-

207 4487 507 4557 lttgresSus,
539 4491 844 4562 occupavit,
875 4495 1247 4568 vastabatque.

1931 4492 2072 4558 uola,
2098 4508 2255 4562 quam
2281 4508 2422 4547 anno
2447 4492 2544 4547 401
2577 4491 2642 4546 ad
2669 4492 2930 4547 Joannem
2956 4491 3513 4561 Hierosolymitauutn

276 4579 433 4640 Fidei
467 4601 584 4638 sua!
609 4627 624 4651 ,
665 4601 825 4657 quam
857 4589 1132 4660 denigrari
1163 4608 1306 4663 aegre
1340 4593 1604 4651 sentiebat
1631 4639 1644 4663 ,
1681 4613 1806 4666 pro-
1838 4662 1842 4666 Α

1931 4585 2059 4641 chit
2094 4604 2106 4639 :
2139 4586 2254 4651 Qua
2287 4603 2344 4640 re
2368 4586 2516 4648 moti.
2551 4585 2821 4656 inquiens,
2855 4585 3061 4656 qualem
3086 4583 3358 4657 epistolam
3387 4584 3519 4656 (uti-

201 4673 365 4729 lisam
394 4677 728 4747 apologiam,
760 4693 882 4735 cum
912 4681 1136 4737 Romam
1166 4689 1369 4741 accitus
1397 4688 1667 4758 proﬁcisci
1694 4703 1800 4746 non
1836 4662 1842 4720 Ι

1931 4689 2030 4735 uur
2061 4681 2298 4736 editione
2327 4680 2472 4735 Petri
2498 4679 2842 4751 Constantii)
2884 4683 2951 4734 ad
2982 4677 3230 4732 Fratrem
3260 4689 3309 4732 et
3336 4681 3511 4750 coepi-

198 4772 466 4838 potuerit,
493 4781 590 4824 aut
615 4771 872 4836 noluerit.
897 4776 1250 4849 attuleritque
1276 4783 1707 4852 excusationem,
1733 4785 1800 4840 ad
1904 4791 2116 4847 scopum
2155 4786 2388 4830 nostrum
2447 4773 2718 4828 Venerium
2767 4773 3084 4847 diligentiori
3121 4789 3243 4826 cura
3287 4777 3513 4845 perscri-

195 4863 549 4922 Anastasium
577 4881 862 4924 romanum
892 4874 1203 4940 pontiﬁcem
1229 4875 1378 4931 misit
1408 4877 1634 4933 Ruﬁnus
1656 4899 1668 4933 :
1693 4879 1800 4934 Au-

1931 4880 2048 4922 ttam
2086 4869 2312 4936 paruitas
2348 4876 2525 4922 nostra
2559 4868 2921 4927 transmiserit.
2956 4882 3022 4920 ex
3060 4864 3282 4920 subditis
3323 4868 3514 4936 poteris

195 4959 322 5024 divi,
347 4961 542 5032 inquit,
558 4964 826 5033 quasdam,
847 4977 962 5018 cum
978 4971 1116 5037 apttd
1132 4966 1512 5026 Beatitudinem
1527 4984 1668 5027 tuam
1683 4989 1803 5029 con-

1933 4960 2258 5029 omprobare.
2294 4959 2461 5016 Periit
2487 4961 2600 5025 illa,
2633 4968 2728 5014 aut
2757 4961 2887 5013 latet
2915 4957 3093 5012 adhuc
3129 4959 3180 5012 in
3216 4957 3513 5014 bibliothe-

195 5056 470 5110 lrobersias
493 5057 598 5110 sive
619 5053 745 5126 ﬁde,
762 5058 868 5111 sive
883 5059 945 5114 de
962 5060 1082 5115 aliis
1103 5064 1275 5118 nescio
1291 5064 1471 5135 quibus
1497 5069 1796 5136 qntvstioni-
1901 5065 2088 5106 carm“
2119 5052 2330 5107 Γοιίιιίεδο

194 5149 289 5202 bus
337 5163 740 5218 romtnoverent,
765 5155 920 5208 etiam
962 5159 1060 5209 mei
1095 5161 1316 5214 nominis
1347 5163 1530 5232 fecisse
1570 5165 1789 5218 mentio-

189 5257 332 5295 nem.
355 5241 424 5297 Et
448 5256 538 5297 tua
555 5245 759 5313 quidem
784 5246 1064 5313 Sanctitas,
1084 5252 1220 5305 velut
1243 5252 1304 5305 ab
1326 5254 1449 5326 ipsis
1467 5255 1792 5313 incunabulis

189 5348 280 5402 per
293 5335 656 5390 ecclesiastica:
676 5339 971 5394 traditionis
986 5344 1192 5414 regulas
1206 5346 1457 5413 instituta,
1485 5349 1546 5402 de
1562 5351 1785 5418 absente,

187 5425 387 5495 sibique
407 5425 530 5482 bene
550 5435 595 5482 el
621 5430 672 5484 in
693 5430 797 5500 ﬁde
816 5441 864 5486 et
884 5433 937 5488 in
958 5435 1208 5490 charitate
1230 5436 1328 5493 Dei
1350 5440 1572 5513 cognito.
1595 5441 1793 5496 calam-

189 5518 452 5575 niantibus
491 5537 596 5576 non
640 5528 1042 5582 accommodavit
1079 5531 1332 5584 auditum.
1383 5535 1458 5586 Ad
1503 5552 1580 5588 me
1619 5544 1789 5592 tamen

188 5612 432 5678 quoniam
476 5615 716 5686 appetita?
762 5619 1156 5675 existimationis
1191 5635 1319 5680 mea:
1363 5628 1504 5694 fama
1543 5631 1788 5698 pervenit,

185 5719 393 5775 acquum
425 5711 601 5778 putavi
629 5718 684 5762 ut
713 5711 955 5780 quoniam
987 5714 1095 5783 ipse
1119 5727 1235 5788 post
1262 5720 1474 5792 triginta
1496 5721 1601 5789 fere
1623 5737 1787 5780 annos

186 5797 488 5868 parentibus
510 5800 742 5857 redditus
768 5819 880 5858 sum
902 5822 920 5871 ;
950 5817 996 5861 et
1018 5808 1210 5864 durum
1231 5814 1356 5867 satis
1379 5819 1530 5883 atque
1551 5815 1787 5871 inhuma-

186 5903 315 5954 num
345 5901 472 5961 erat,
518 5895 562 5948 si
600 5905 704 5949 tam
734 5899 835 5956 cito
864 5897 1145 5958 desererent
1187 5921 1295 5975 eos,
1341 5923 1470 5978 quos
1507 5917 1611 5963 tam
1639 5911 1788 5971 tarde

205 4205 321 4277 ipse
352 4205 624 4278 Ruﬂnns;
660 4221 715 4266 ut
744 4214 909 4286 magis
939 4214 1258 4272 obsidionem
1283 4219 1625 4278 barbaricam.
1657 4239 1810 4293 quam

208 4311 401 4368 pacata:
426 4304 572 4358 urbis
593 4306 815 4360 voluerit
837 4311 1137 4363 sententiam
1159 4312 1427 4366 sustinere.
1453 4314 1648 4368 Alarici
1673 4319 1811 4369 irru-

208 4395 443 4461 ptioncm
481 4395 770 4469 intelligit,
816 4401 905 4470 qui
945 4411 1107 4471 agros
1139 4402 1556 4472 Aquileienses,
1600 4406 1806 4463 Italiam

1972 5166 2117 5219 lianc
2151 5169 2200 5219 in
2243 5165 2530 5235 Origencm
2573 5166 2736 5219 latam
2778 5167 3104 5219 sententiam
3139 5165 3511 5220 damnationis

1895 5257 2085 5313 eodem
2113 5274 2236 5313 cum
2265 5259 2552 5312 Anastasio
2578 5269 2630 5314 et
2661 5259 2896 5314 Venerio
2918 5260 3306 5328 comprobasse
3327 5257 3505 5312 Chro-

1897 5352 2117 5405 matium
2148 5352 2543 5420 .iquileieuscm
2571 5353 2791 5422 spiritu,
2821 5351 3249 5406 lttculcutissitue
3275 5359 3508 5404 testatur

1898 5446 2261 5518 liieroayznus
2292 5445 2430 5498 libro
2458 5446 2497 5500 ll
2528 5455 2716 5501 eontra
2747 5445 3023 5510 Ruﬁnum,
3057 5461 3206 5499 nutu.
3237 5443 3326 5496 22.
3356 5441 3505 5496 Beati

1896 5537 2160 5610 EpiscOpi.
2197 5537 2468 5607 inquiens.
2501 5539 2834 5601 Anastasius,
2865 5547 2913 5592 et
2943 5536 3285 5604 TlteOpltilas,
3323 5543 3367 5586 et
3399 5532 3502 5585 Vc-

1891 5632 2087 5694 nerius,
2127 5640 2173 5684 et
2219 5627 2570 5695 Chromatius,
2605 5643 2659 5684 er
2689 5631 2854 5684 omnis
2895 5639 2998 5681 tam
3047 5626 3297 5688 Orientis,
3343 5640 3498 5692 quam

1893 5723 2182 5778 Occidentis
2222 5721 2604 5776 Calholicorum
2648 5724 3010 5793 Synodus.....
3057 5720 3173 5787 pari
3213 5721 3493 5782 sententia,

1887 5819 2010 5889 quia
2038 5818 2151 5889 pari
2177 5823 2227 5870 et
2256 5818 2468 5888 spiritu,
2504 5819 2646 5872 illum
2673 5811 3032 5888 (Origeuetn)
3065 5809 3366 5861 Ita'rt'ticum
3396 5809 3490 5867 de-

1889 5915 2125 5973 nuntiant
2157 5915 2384 5985 populis.
