4084 6342
583 319 693 382 815
1549 321 1642 378 DE
1680 316 1740 378 S.
1778 318 2188 377 CHROMATIO
2225 317 2442 377 EPISC.
2483 315 2927 388 AQUILEIENSI
3758 317 3846 378 “6

657 435 746 494 Ill.
787 435 916 495 Rrec
944 437 1184 496 Joannes
1217 436 1741 508 Hierosolymitanus
1772 450 1894 490 cum
1937 436 2180 503 accepis-
2213 436 2258 496 Α
2289 430 2567 486 Romanus
2597 431 2855 498 pontifex.
2911 427 3216 500 Approbat,
3262 427 3310 482 si
3355 426 3576 483 Ruﬁnus
3615 428 3844 499 interpres

585 540 691 597 set,
719 531 1064 588 Anastasium
1087 532 1324 587 consulit
1347 547 1441 601 per
1463 531 1776 600 epistolam,
1803 545 1931 584 num
1958 529 2186 584 Ruﬁnus

586 625 660 681 ob
681 639 872 680 versos
896 641 928 682 e
950 642 1135 696 graeco
1166 626 1220 682 in
1253 627 1478 681 latinum
1502 639 1814 680 sermonem
1842 639 1989 694 saepe
2010 625 2185 679 dictos

585 718 758 776 libros
779 719 844 775 de
865 717 1175 794 Principiis,
1200 719 1542 775 damnandus
1563 718 1743 774 esset?
1769 716 1966 773 Reddit
1987 717 2184 773 Joanni

583 813 870 882 epistolam
898 830 1042 868 anno
1067 813 1166 871 401
1199 813 1540 878 Anastasius,
1568 812 1659 880 qtii
1684 810 1934 882 Origeuis
1963 826 2182 867 cauSam

580 902 868 975 distinguit
911 920 940 958 a
976 920 1144 960 causa
1183 903 1384 967 Ruﬁni,
1429 913 1482 958 et
1528 903 1666 958 lianc
1709 903 1898 958 divino
1940 911 2187 958 reservnt

577 995 805 1064 judicio.
855 995 1132 1051 Pontiﬁcis
1168 1006 1406 1051 mentem
1433 1012 1498 1050 ex
1530 993 1775 1065 ejusdem
1807 995 2040 1064 epistola
2069 995 2185 1050 col-

579 1086 713 1158 ligo,
743 1102 906 1159 quam
939 1103 1136 1143 severo
1168 1088 1302 1142 inito
1329 1087 1578 1142 examine
1609 1087 1802 1142 Petrus
1832 1085 2185 1142 Constantius

581 1183 772 1237 tomol
802 1183 1163 1254 Epistolarum
1196 1197 1546 1238 romanorum
1573 1185 1892 1253 pontilicum
1923 1184 2181 1252 illustrat,

580 1271 808 1328 Joannis
848 1272 1097 1329 Garnerii
1136 1273 1378 1329 editione
1406 1290 1473 1328 ac
1509 1276 1780 1330 sententia
1820 1275 2056 1342 rejectis.
2095 1275 2185 1331 Sic

582 1365 750 1421 habet
783 1381 916 1422 vero
945 1383 1094 1422 num.
1122 1366 1157 1422 ‘2
1192 1380 1244 1422 et
1277 1370 1310 1424 5
1343 1385 1356 1422 :
1391 1367 1644 1439 Rufinus,
1674 1368 1738 1424 de
1767 1385 1867 1439 quo
1896 1385 1976 1423 me
2001 1385 2186 1423 constt-

581 1460 688 1515 lere
713 1462 958 1532 dignatus
988 1480 1062 1525 es,
1103 1464 1428 1518 conscientiae
1463 1479 1571 1518 sine
1608 1464 1834 1518 divinam
1861 1464 2012 1519 liabet
2039 1465 2183 1517 arbi-

578 1562 713 1608 tram
760 1553 1124 1627 Majestatem,
1169 1556 1313 1628 apud
1360 1573 1516 1626 quam
1553 1573 1606 1612 se
1648 1557 1851 1630 integro
1901 1557 2186 1612 devotionis

586 1647 767 1718 officio
787 1649 898 1717 ipse
918 1648 1127 1716 viderit,
1152 1650 1380 1720 qualiter
1403 1649 1577 1704 debeat
1597 1650 1905 1720 approbare.
1940 1649 2184 1720 Origenes

581 1751 777 1804 autem,
808 1743 961 1812 cujus
986 1744 1041 1796 in
1074 1751 1306 1797 nostram
1335 1743 1567 1815 linguam
1597 1745 1881 1813 composita
1907 1746 2178 1811 derivavit,

2288 528 2510 582 damnet
2539 525 2852 590 Auctorem,
2883 524 3112 594 ejusque
3142 523 3325 592 iniqua
3357 524 3600 594 dogmata
3627 541 3845 582 exsecre-

2289 629 2414 675 tur:
2449 619 2736 674 anathema
2772 617 2901 682 fert,
2936 619 2979 673 si
3005 617 3846 688 dogmatibusOrigenianislatine

2293 715 2520 771 redditis
2552 729 2880 768 consensum
2911 721 3152 782 prmstet.

2363 809 2561 863 Eadem
2611 807 2776 860 utitur
2824 805 3149 860 Anastasius
3178 806 3481 860 oeconomia
3513 821 3654 861 num.
3685 808 3743 874 5,
3772 807 3848 864 ubi

2289 903 2522 974 primum
2549 902 2862 972 multiplicis
2884 905 3086 957 erroris
3110 902 3334 954 damnat
3360 899 3641 971 Origenem
3665 920 3675 955 :
3700 901 3849 972 deque

2287 996 2467 1051 Ruﬁni
2509 996 2840 1050 conscientia
2865 1037 2879 1060 ,
2923 995 3261 1064 consilioque
3291 1009 3351 1049 se
3380 995 3554 1048 minus
3596 995 3850 1052 sollicitum

2289 1093 2489 1162 pratliet
2519 1110 2530 1122 ·
2567 1091 2729 1157 Absit,
2765 1090 2961 1160 inquit,
3007 1087 3105 1142 hoc
3135 1087 3199 1142 ab
3247 1087 3499 1143 Ecclesia:
3526 1087 3758 1143 Romana:
3781 1107 3850 1144 ca-

2288 1187 2479 1240 tholica
2509 1186 2810 1254 disciplina.
2847 1183 3147 1255 Numquam
3188 1185 3416 1252 profecto
3449 1185 3669 1248 eveniet,
3703 1185 3849 1256 aliqua

2289 1291 2342 1334 ut
2375 1282 2484 1334 haec
2511 1279 2788 1352 (Origenis
2819 1279 3096 1350 dogmata)
3125 1280 3464 1332 admittnmus
3509 1280 3722 1347 ratione,
3756 1296 3850 1352 quia

2277 1374 2404 1444 jure
2433 1373 2712 1442 meritoque
2737 1373 3066 1426 damnamus.
3118 1371 3446 1444 QuaprOpter
3495 1371 3586 1425 illa
3627 1381 3725 1425 toto
3755 1373 3850 1426 orbe

2289 1466 2482 1521 Christi
2510 1465 2606 1520 Dei
2635 1466 2800 1520 nostri
2825 1466 3024 1535 diffusa
3057 1465 3382 1536 providentia
3414 1467 3626 1535 probare
3650 1465 3850 1538 dignabi-

2287 1572 2394 1627 tur,
2425 1562 2661 1632 accipere
2707 1577 2799 1614 nos
2851 1561 3063 1614 omnino
3106 1577 3211 1615 non
3253 1577 3408 1633 posse
3449 1577 3560 1630 qum
3601 1559 3850 1615 Ecclesium

2289 1657 2567 1718 maculent,
2607 1655 2849 1726 probatos
2891 1670 3056 1709 mores
3097 1664 3345 1718 evertant,
3377 1670 3529 1708 aures
3555 1654 3848 1709 circumstan-

2289 1750 2420 1802 tium
2435 1749 2725 1814 vulnerent,
2739 1751 2942 1822 jurgia,
2963 1751 3090 1814 iras,
3111 1749 3556 1818 dissensionesque
3575 1747 3846 1818 disponant:

585 1843 739 1887 antea
789 1844 836 1888 et
876 1834 990 1903 quis
1035 1834 1193 1900 fuerit
1223 1876 1238 1902 ,
1288 1844 1338 1890 et
1384 1837 1435 1888 in
1485 1852 1601 1907 qua:
1655 1837 1958 1904 processerit
2011 1837 2181 1902 verba,
2218 1843 2266 1901 B
2292 1860 2411 1914 qua:
2439 1854 2565 1898 sunt
2592 1844 2930 1899 exsecranda
2962 1844 3213 1914 Origenis
3238 1845 3555 1914 dogtnatum
3587 1842 3734 1897 veluti
3769 1856 3848 1912 ge-

588 1939 823 1983 nostrum
867 1931 1194 1999 prapositum
1235 1931 1414 1986 nescit.
1458 1931 1615 2000 Quod
1652 1947 1772 1985 vero
1801 1933 1865 1985 sit
1895 1933 2059 1985 animi
2087 1935 2188 1987 mei

587 2022 839 2088 studium,
875 2021 1028 2095 1&7
1056 2040 1170 2076 cum
1196 2032 1286 2078 tua
1315 2026 1587 2092 paulisper
1613 2043 1770 2094 super
1798 2025 1896 2080 boc
1924 2029 2188 2097 conferant

589 2114 899 2172 Sanctitate.
931 2117 1047 2172 Hoc
1063 2119 1226 2191 igitur
1247 2131 1414 2174 mente
1427 2121 1660 2190 concepi,
1685 2121 1822 2192 quod
1845 2121 1984 2176 urbis
2001 2133 2191 2176 nostra)

584 2209 794 2283 pOpuIis
822 2211 888 2265 de
913 2212 1180 2268 translatis
1209 2213 1452 2284 Origenis
1473 2215 1630 2269 lectio
1650 2217 1892 2286 patefecit
1915 2232 1936 2270 :
1964 2216 2190 2286 quadam

585 2306 732 2376 puris
779 2305 1031 2360 mentibus
1071 2311 1209 2363 velut
1244 2307 1432 2364 nebula
1473 2312 1720 2366 ctecitatis
1759 2313 1952 2384 injecta
1977 2354 1992 2376 ,
2035 2313 2190 2381 ﬁdem

584 2400 957 2472 Apostolorum
1001 2413 1049 2458 et
1098 2403 1364 2475 Majorum
1408 2407 1686 2461 traditione
1729 2407 2014 2477 firmatam,
2057 2406 2193 2462 velut

581 2493 741 2548 deviis
767 2496 1111 2562 anfractibus,
1144 2497 1292 2551 illum
1321 2497 1546 2552 voluisse
1575 2500 1878 2556 dissolvere.
1915 2500 2027 2556 Hoc
2059 2509 2145 2556 est
2176 2520 2190 2556 :

581 2587 743 2642 aliam
775 2589 1026 2659 Origenis
1049 2606 1269 2646 causam
1299 2607 1421 2647 esse
1443 2592 1623 2658 docet,
1654 2595 1816 2648 aliam
1850 2595 2050 2650 Ruﬁni.
2086 2595 2194 2650 Hu-

581 2678 674 2750 jus
710 2681 1062 2736 conscientia:
1106 2682 1247 2752 apud
1284 2684 1546 2739 arbitram
1581 2685 1818 2740 divinam
1856 2687 2191 2757 Majestatem

588 2773 893 2827 notissimrc
919 2774 1336 2846 relinquendum
1367 2779 1653 2834 consilium
1683 2791 1871 2836 censet
1897 2823 1911 2846 ,
1939 2796 2046 2852 quo
2075 2783 2195 2836 lati-

591 2880 716 2920 nam
731 2867 982 2936 Origeuis
1006 2867 1514 2938 interpretationem
1529 2881 1821 2929 exsecutus
1844 2877 2031 2942 fuerit;
2052 2875 2194 2932 unde

586 2957 849 3030 judicium
874 2960 940 3015 de
962 2960 1160 3017 Ruﬁno
1186 2963 1417 3019 sustinet
1439 2966 1777 3022 Anastasius.
1804 2969 1935 3036 Quae
1959 2985 2196 3040 sequun—

590 3061 682 3106 tur
710 3051 778 3106 de
805 3053 1063 3125 Origene,
1097 3054 1239 3110 hunc
1269 3073 1492 3113 sensum
1517 3059 1752 3115 cﬁ‘eruut
1788 3080 1801 3116 :
1828 3063 1964 3117 Cum
1993 3078 2193 3134 sc0pus

593 3153 780 3200 noster
809 3145 880 3201 sit
908 3149 977 3203 de
1016 3149 1240 3205 nomine
1278 3151 1478 3219 Ruﬁni,
1518 3153 1584 3208 de
1613 3170 1722 3224 quo
1753 3170 1861 3210 uno
1900 3172 1930 3212 a
1974 3167 2025 3213 te
2063 3173 2193 3214 con-

593 3237 772 3293 sultus
799 3253 951 3306 sum;
1000 3242 1170 3296 nostri
1218 3243 1379 3313 liujns
1420 3245 1622 3300 idcirco
1654 3249 1916 3319 propositi
1963 3267 2068 3306 non
2111 3231 2266 3307 estC

592 3332 886 3404 indagare,
929 3336 1052 3404 quis
1104 3338 1366 3408 Origenes
1418 3339 1596 3396 fuerit.
1654 3343 1807 3410 Quod
1863 3354 2040 3401 tamen
2091 3347 2196 3402 mei

591 3424 757 3479 animi
788 3425 1023 3483 studium
1045 3471 1062 3496 ,
1101 3430 1223 3500 quis
1259 3431 1486 3488 aﬁ‘ectus
1513 3451 1636 3506 erga
1665 3453 1822 3506 cum,
1852 3455 1975 3510 qua:
2003 3441 2072 3496 de
2103 3442 2197 3496 illo

594 3521 869 3574 sententia
897 3521 1004 3588 sit,
1043 3526 1230 3592 paucis
1269 3527 1534 3596 aperiam.
1576 3530 1836 3586 Patefecit
1866 3550 2098 3605 nanque
2128 3535 2196 3591 de

596 3610 751 3667 libris
780 3612 899 3681 ejus
931 3616 1210 3672 translatis
1237 3617 1398 3674 lectio
1422 3662 1438 3688 ,
1481 3622 1658 3691 ipsum
1692 3626 1926 3682 voluisse
1949 3670 1964 3694 ,
1999 3628 2196 3698 injecta

596 3705 749 3775 puris
777 3708 1050 3763 mentibus
1079 3711 1342 3767 carcitatis
1385 3716 1578 3772 nebula
1607 3758 1623 3785 ,
1660 3717 1820 3774 ﬁdem
1851 3719 2154 3777 dissolvere
2181 3765 2195 3788 ,

597 3812 760 3867 quam
795 3797 972 3854 ﬁrmat
1002 3800 1391 3872 Apostolorum
1416 3822 1481 3862 ac
1505 3808 1767 3879 Majorum
1794 3813 2030 3870 traditio.
2061 3815 2196 3869 Hinc

596 3890 707 3958 ille,
744 3908 902 3964 quem
933 3899 1252 3954 Anastasius
1283 3901 1444 3956 docet
1473 3903 1710 3958 voluisse
1743 3905 1904 3961 ﬁdem
1939 3907 2197 3963 christia-

603 3999 724 4039 nam
750 3985 1068 4056 dissolvere,
1092 3988 1359 4059 Origenes
1380 4004 1486 4061 est,
1513 4011 1620 4050 non
1641 3996 1902 4065 Ruﬁnus;
1930 4000 2031 4055 lioc
2051 4002 2195 4056 enim

599 4079 722 4136 loco
770 4082 936 4138 veluti
989 4087 1183 4155 raptim
1215 4129 1229 4151 ,
1277 4097 1333 4143 et
1375 4097 1527 4144 extra
1578 4094 1956 4161 propositum,
2003 4094 2199 4150 Joanni

603 4171 1097 4249 Hierosolymitano
1148 4180 1453 4252 signiﬁcat,
1505 4185 1632 4254 quid
1687 4187 1802 4256 ipse
1850 4187 1918 4243 de
1966 4187 2198 4261 Origene

599 4270 819 4326 sentiat.

672 4367 1043 4428 Intermissum
1075 4372 1144 4428 de
1166 4373 1362 4430 Ruﬁno
1392 4376 1590 4446 repetit
1621 4378 1924 4434 orationem
1957 4395 2107 4434 num.
2140 4380 2198 4448 4,

601 4459 832 4526 Discere,
867 4465 1139 4533 inquiens,
1171 4467 1267 4521 hoc
1297 4468 1411 4522 loco
1439 4470 1579 4535 libet,
1611 4470 1738 4541 quid
1769 4483 1888 4543 agat
1919 4473 1976 4526 in
2007 4471 2202 4526 Roma-

597 4571 720 4609 nam
747 4555 978 4627 linguam
1006 4558 1105 4612 ista
1145 4559 1420 4631 (Origenis
1457 4563 1718 4618 librorum
1750 4579 1782 4619 a
1815 4565 2009 4620 Ruﬁno
2036 4567 2200 4622 ador-

599 4649 748 4722 nata)
770 4651 1083 4705 translatio?
1104 4652 1381 4708 Pontiﬁcis
1402 4655 1668 4724 judicium
1696 4660 1912 4728 accipe:
1934 4661 2196 4732 Approbo,
2231 4638 2276 4696 D

597 4742 641 4796 si
667 4753 874 4796 accusat
914 4745 1218 4813 Auctorem,
1261 4757 1309 4801 et
1353 4750 1725 4804 exsecrandum
1752 4753 1950 4823 factum
1993 4757 2200 4824 papulis

598 4836 792 4906 prodit,
816 4846 868 4890 ut
876 4838 1039 4910 jnstis
1058 4839 1263 4894 laudent
1285 4841 1418 4895 odiis
1437 4851 1687 4912 teneatur,
1715 4861 1866 4916 quem
1881 4849 2199 4919 jamdudum

600 4929 741 5000 fama
765 4932 1167 4987 constrinxerat.
1198 4933 1259 4990 Si
1288 4951 1407 4990 vero
1439 4934 1703 5009 lnterpres
1733 4948 1995 4996 tantorum
2035 4945 2200 4998 malo-

599 5039 715 5075 rum
746 5039 1052 5079 consensum
1076 5037 1308 5098 praestat,
1339 5037 1389 5083 et
1425 5030 1640 5102 legenda
1669 5034 1842 5104 prodit
1870 5035 1924 5088 in
1949 5037 2154 5108 populis
2180 5053 2199 5092 :

601 5115 736 5170 nihil
761 5117 908 5171 aliud
931 5120 1013 5174 sui
1038 5137 1193 5192 Opera
1221 5123 1412 5179 laboris
1443 5127 1716 5193 exstruxit,
1751 5128 1852 5182 nisi
1883 5139 1936 5183 ut
1972 5132 2198 5202 propria:

599 5207 756 5262 veluti
782 5211 968 5264 mentis
995 5213 1212 5268 arbitrio
1244 5216 1372 5284 lucc,
1405 5234 1521 5286 qua:
1557 5222 1692 5287 sola,
1720 5238 1835 5292 qua:
1863 5223 2052 5295 prima,
2083 5241 2198 5293 qua:

596 5302 738 5374 apud
775 5304 1055 5361 catholicos
1101 5305 1423 5365 Christianos
1467 5328 1585 5368 vera
1632 5315 1736 5384 ﬁde
1769 5318 1885 5389 jam
1922 5317 2107 5372 exinde
2133 5319 2195 5373 ab

597 5399 858 5469 Apostolis
889 5403 941 5455 in
962 5400 1059 5456 hoc
1085 5419 1244 5472 usque
1269 5415 1469 5475 tempus
1492 5417 1711 5476 tenetur,
1735 5411 2020 5480 inopinatis
2045 5413 2196 5467 titulo

595 5493 895 5548 assertionis
925 5492 1046 5567 (seu
1090 5496 1245 5550 titulo
1277 5514 1430 5554 nova;
1483 5517 1579 5569 per
1623 5502 1912 5574 Origenem
1965 5505 2195 5561 invecta:

594 5581 884 5657 doctrinae)
913 5598 1178 5644 everteret.
1212 5589 1316 5647 Ubi
1353 5594 1602 5663 Origeuis
1641 5597 1925 5667 dogmata,
1971 5613 2092 5668 qua:
2137 5599 2191 5652 in

597 5675 761 5732 latina
795 5679 973 5736 Ruﬁni
1005 5683 1257 5740 versione
1289 5686 1674 5756 prodebantur,
1708 5691 1913 5760 absque
1941 5692 2046 5744 ulla
2079 5706 2195 5744 am-

595 5770 729 5842 bage
758 5773 953 5830 iterum
983 5776 1208 5833 damnat
1248 5783 1586 5838 Anastasius.
1637 5784 1816 5838 Ruﬁni
1865 5801 1996 5839 vero
2047 5783 2194 5838 nulla

592 5862 819 5936 apparet
849 5870 1093 5928 absoluta
1126 5856 1529 5930 eontlemnatio.
1568 5870 1925 5947 l-lypotlietice
1957 5874 2194 5946 loquitur

2292 1956 2447 1995 nera.
2483 1939 2600 2006 Qua
2625 1956 2680 1993 re
2706 1941 2862 2003 moti,
2892 1940 3095 2009 qualem
3139 1939 3413 2010 epistolam
3457 1939 3527 1991 ad
3571 1935 3782 1992 Fratrem
3811 1945 3850 1990 et

2291 2034 2662 2108 Coepiswpum
2692 2045 2926 2089 nostrum
2967 2033 3242 2088 Venerium
3270 2032 3589 2103 diligentiori
3627 2048 3738 2086 cura
3759 2047 3850 2097 per-

2291 2131 2535 2201 scriptum
2569 2130 2796 2195 paruitas
2828 2138 3005 2183 nostra
3032 2127 3398 2190 transmiserit,
3440 2142 3504 2180 ea:
3542 2125 3742 2180 subditis
3779 2139 3850 2189 po-

2294 2223 2414 2276 teris
2445 2224 2794 2294 comprobare.
2824 2222 2903 2277 Ad
2939 2221 3231 2276 Venerium
3263 2220 3427 2275 inissa
3455 2219 3670 2288 epistola
3691 2219 3853 2273 dicitur

2294 2318 2643 2387 diligentiore
2671 2317 2852 2372 studio
2879 2318 3203 2387 perscripta,
3237 2327 3293 2370 ut
3315 2324 3575 2385 appareat
3599 2313 3850 2370 discrimen

2295 2430 2324 2468 a
2357 2415 2612 2469 breviore
2641 2413 2831 2475 altera,
2863 2429 3023 2482 quam
3075 2411 3141 2466 ad
3188 2411 3594 2478 Simpliciauum
3643 2407 3850 2462 dederat.

2301 2505 2462 2579 148
2491 2505 2546 2559 ln
2579 2514 2808 2575 utraque
2838 2519 2970 2559 vero
2993 2503 3306 2558 damnatum
3330 2501 3638 2573 Origeuem,
3666 2499 3853 2570 ejusque

2297 2601 2584 2656 lectionem
2621 2600 2871 2654 ﬁdelibus
2899 2599 3277 2657 interdictam.
3311 2597 3532 2654 scimus.

2369 2695 2449 2750 Ad
2480 2693 2728 2748 Rulinum
2762 2693 2940 2748 redit:
2976 2691 3126 2748 Unde
3167 2691 3349 2765 igitur,
3384 2691 3666 2761 inquiens,
3705 2687 3856 2743 habeat

2297 2804 2466 2843 secum
2493 2789 2581 2841 ille
2607 2790 2696 2856 qui
2728 2787 3015 2852 transtulit,
3051 2797 3317 2855 servetque
3343 2784 3441 2840 sibi
3473 2785 3603 2838 lianc
3630 2783 3854 2838 conscien-

2299 2883 2444 2946 tiam,
2480 2898 2582 2935 non
2609 2882 2874 2953 superﬂua
2903 2881 3080 2934 laboro
3118 2879 3417 2948 formidine,
3448 2895 3604 2947 neque
3644 2877 3770 2931 inani
3805 2876 3855 2928 ti-

2297 2992 2440 3030 more
2466 2975 2742 3030 sollicitor.
2761 2974 2830 3028 At
2859 2972 3287 3028 sollicitudinem
3315 2987 3470 3027 suam
3500 2985 3680 3027 contra
3703 2969 3855 3037 Orige-

2299 3069 2459 3124 niana
2510 3078 2815 3122 commenta
2871 3068 3049 3137 pergit
3092 3065 3344 3122 Pontifex
3399 3065 3712 3120 declarare:
3750 3061 3856 3116 Mihi

2300 3173 2458 3229 certe,
2492 3163 2768 3230 inquiens,
2792 3179 2917 3216 cura
2947 3177 3050 3215 non
3080 3161 3262 3227 deerit,
3289 3159 3561 3230 Evangelii
3582 3158 3724 3228 ﬁdem
3744 3157 3856 3210 circa

2300 3273 2437 3310 meos
2466 3255 2724 3310 custodire
2767 3255 2984 3326 papulas
3014 3271 3033 3309 :
3062 3265 3335 3326 partesque
3383 3253 3614 3320 corporis
3659 3251 3748 3305 mei
3786 3265 3856 3319 per

2299 3351 2468 3424 spatia
2499 3350 2698 3406 diversa
2725 3361 3000 3414 terrarum,
3029 3357 3281 3418 quantum
3308 3363 3536 3419 possunt,
3570 3345 3735 3399 litteris
3759 3358 3856 3396 con-

2301 3443 2493 3509 venire,
2523 3459 2586 3496 ne
2613 3459 2714 3512 qua
2741 3441 2977 3511 profante
2997 3441 3444 3510 interpretationis
3466 3442 3607 3512 origo
3635 3437 3851 3508 subrepat,

2299 3554 2415 3608 qua:
2440 3537 2648 3592 devotas
2679 3547 2890 3597 mentes,
2921 3535 3154 3588 immissa
3197 3537 3280 3588 sui
3321 3533 3562 3605 caligine,
3591 3532 3854 3601 labefactare

2300 3640 2536 3686 conetur.
2569 3629 2836 3684 Pastorali
2863 3629 3043 3683 ofﬁcio
3067 3627 3284 3683 functus
3309 3627 3398 3681 ille
3420 3625 3613 3690 fuerat,
3636 3633 3735 3677 tum
3759 3620 3854 3676 Ori-

2299 3724 2455 3794 genis
2487 3723 2772 3778 lectionem
2805 3719 3208 3783 interdicendo,
3258 3729 3368 3775 tum
3411 3717 3718 3789 Origeniana
3743 3713 3851 3781 dog-

2302 3827 2444 3871 mata
2475 3815 2891 3871 Condemnando
2918 3833 2931 3870 :
2956 3814 3230 3884 simulque
3261 3813 3598 3882 invigilabat,
3631 3826 3688 3864 ne
3712 3807 3852 3876 caligo

2304 3924 2398 3979 per
2431 3909 2649 3962 latinam
2681 3910 2985 3963 versionem
3009 3907 3251 3961 immissa
3275 3905 3500 3961 devotas
3521 3903 3854 3974 simplicesquo

2304 4010 2517 4056 mentes
2539 4001 2920 4056 laliclacmrct:
2952 4000 3086 4055 llinc
3116 4000 3248 4054 illud
3284 4015 3503 4071 quoque,
3537 3996 3718 4068 inquit,
3745 3990 3853 4065 quod

2300 4097 2526 4152 ercuisse
2553 4095 2754 4166 gaudeo
2782 4105 2950 4149 tacere
2977 4112 3078 4148 non
3107 4094 3273 4166 potui,
3326 4093 3716 4148 beatissimorum
3741 4086 3854 4160 prin-

2301 4191 2468 4263 cipum
2495 4201 2787 4243 nostrorum
2807 4204 3046 4242 manasse
3064 4205 3331 4260 responsa,
3351 4187 3535 4258 quibus
3557 4181 3854 4250 unusquisque

2304 4280 2416 4338 Deo
2443 4284 2665 4337 serviens
2702 4283 2765 4334 ab
2798 4281 3039 4354 Origenis
3085 4281 3303 4335 lectione
3351 4291 3611 4335 revocetur
3633 4293 3651 4332 :
3677 4276 3853 4329 damna-

2303 4387 2510 4446 tumque
2529 4377 2778 4431 sententia
2807 4375 3120 4447 principum,
3147 4390 3296 4443 quem
3318 4371 3470 4427 lectio
3491 4388 3653 4426 rerum
3671 4366 3851 4442 profana

2304 4471 2610 4544 prodiderit.
2642 4471 2907 4533 Priorem,
2934 4484 3092 4539 quam
3129 4468 3366 4522 tulerant
3404 4466 3723 4536 Theophilus
3746 4457 3851 4515 Ale-

2305 4563 2626 4626 xandrinus,
2652 4575 2706 4617 et
2732 4561 3052 4617 AnaStasins
3083 4575 3215 4631 papa
3260 4559 3673 4623 inhibitionem,
3702 4561 3851 4610 secuta

2304 4669 2432 4714 sunt
2457 4658 2680 4713 Honorii
2703 4668 2757 4712 et
2781 4656 2998 4711 Arcadii
3028 4669 3314 4725 responsa,
3337 4671 3460 4726 qua:
3485 4661 3653 4708 tamen
3679 4644 3853 4704 excide-

2306 4763 2470 4818 runt,
2522 4761 2612 4805 aut
2659 4750 2896 4806 nondum
2946 4750 3092 4805 edita
3145 4749 3330 4804 latent.
3385 4746 3662 4803 Probabile
3701 4742 3852 4796 censet

2303 4847 2686 4912 Constantius,
2719 4844 2952 4915 Origene
2999 4859 3029 4898 a
3079 4841 3382 4912 Theopliilo
3429 4842 3650 4911 ejusque
3684 4828 3851 4907 synodo

2304 4940 2674 4998 Alexandrina
2703 4939 2993 5003 damnato,
3043 4937 3443 5006 iuterdicmque
3482 4935 3703 5005 Operam
3739 4925 3852 4981 illius

2302 5035 2560 5099 lectione,
2588 5041 2644 5088 ιιι
2673 5033 2867 5087 fortius
2893 5032 3220 5100 Origenisuc
3245 5029 3692 5087 abs-terrerentur,
3718 5021 3852 5085 impc-

2302 5127 2455 5183 rialia
2489 5127 2687 5192 edicta,
2727 5140 2848 5196 qua:
2896 5123 3305 5195 postulaverant.
3351 5120 3634 5177 orthodoxi
3678 5115 3848 5172 Patres.

2302 5220 2410 5275 lata
2442 5221 2464 5274 l
2465 5220 2631 5275 uisse.

2374 5313 2631 5382 Sequitur
2657 5309 2975 5366 Anastasius
3001 5325 3014 5364 :
3049 5308 3322 5364 Hactenus
3348 5308 3612 5365 sententia!
3639 5315 3748 5358 mete
3767 5299 3850 5369 fore

2301 5423 2386 5460 ma
2416 5406 2681 5476 processit.
2714 5403 2796 5457 Ac
2819 5404 2864 5456 si
2895 5404 3138 5469 diceret;
3185 5405 3451 5460 hactenus
3499 5399 3621 5473 quid
3661 5395 3848 5452 sentiam

2303 5501 2552 5567 exposui.
2597 5499 2690 5554 Ait
2732 5498 2950 5551 demum
2994 5513 3142 5554 nunt.
3176 5499 3247 5552 6:
3278 5498 3430 5564 Quod
3462 5508 3508 5551 te
3535 5510 3642 5550 rero
3666 5485 3781 5558 vulgi
3803 5480 3851 5534 de

2303 5596 2496 5664 Ruﬁno
2524 5595 2731 5666 querela
2761 5590 3025 5650 sollicitat.
3047 5604 3101 5646 ut
3130 5593 3381 5665 quosdam
3404 5591 3566 5664 magis
3589 5574 3852 5652 suspicioni-

2301 5688 2394 5742 bus
2446 5685 2805 5759 persequaris,
2851 5687 2985 5738 hanc
3028 5695 3172 5738 tuam
3213 5685 3505 5756 Opinionem
3553 5675 3855 5742 constringam

2303 5782 2492 5836 divina:
2522 5782 2754 5835 lectionis
2783 5779 3037 5850 exemplo,
3084 5781 3216 5833 sicut
3255 5779 3504 5851 scriptum
3528 5784 3638 5830 est:
3667 5769 3776 5824 Non
3799 5761 3860 5846 sic

2303 5875 2455 5928 homo
2482 5882 2536 5926 ttt
2568 5871 2728 5939 Deus,
2761 5887 2878 5923 nam
2910 5867 3047 5924 Deus
3090 5869 3225 5925 uidet
3271 5871 3324 5927 in
3371 5863 3544 5936 corde,
3571 5865 3712 5920 ltomo
3747 5854 3858 5912 videi
