4084 6342
207 351 307 408 ιη

1061 348 1502 408 DILUCIDATIO
1536 351 1839 419 ALTERA,
1883 350 2233 406 BERNARDI
2273 350 2362 407 DE
2402 350 2678 409 RUBEIS.

3424 357 3530 415 ιιδ

200 467 250 518 in
278 465 432 537 facie.
465 462 752 520 Joannem
786 464 998 520 scilicet
1027 472 1213 519 monet
1242 464 1585 529 Anastasius,
1620 480 1689 520 ne
1715 474 1822 517 tam
1853 465 1901 523 Α
1931 459 2001 515 Et
2027 462 2081 514 id
2113 462 2358 518 Romanis
2397 464 2607 519 auribus
2634 464 2845 536 ingeris,
2878 464 3018 536 quod
3046 466 3357 520 translatum
3395 476 3532 523 totus

201 558 361 613 facile
391 558 597 613 livoris
628 569 684 613 et
718 558 938 613 invidiae
966 558 1098 613 velit
1137 573 1233 613 eos
1273 568 1559 627 δυερεοιοε
1600 558 1825 623 habere,

200 654 289 723 qui
312 651 502 706 Ruﬁni
526 652 763 706 latinam
788 651 1197 708 translationem
1220 653 1489 708 vocabant
1515 653 1568 708 in
1595 654 1823 721 crimen,

200 759 320 801 cum
356 745 503 799 livor
540 745 826 799 internum
850 745 920 799 sit
946 745 1145 799 malum
1174 745 1345 799 Solius
1370 745 1462 801 Dei
1487 746 1659 801 oculis
1680 760 1830 801 com-

200 852 419 910 pertum
459 855 473 892 :
516 837 739 909 Itaque,
776 837 965 893 Frater
994 839 1316 905 charissime,
1351 841 1491 894 omni
1537 842 1830 914 suspicione

196 935 446 1007 seposita,
484 936 747 999 Ruﬁnum
778 937 989 1009 propria
1016 947 1183 990 mente
1208 938 1483 1008 perpende,
1515 936 1559 991 si
1590 934 1828 1009 Origenis

199 1028 338 1084 dicm
384 1031 441 1083 in
489 1029 724 1085 latinum
753 1032 1043 1098 transtulit,
1095 1042 1141 1086 et
1192 1032 1468 1104 probavit:
1495 1048 1586 1085 nec
1636 1030 1828 1103 (enim)

200 1125 471 1181 dissimilis
505 1144 540 1181 a
572 1145 665 1183 reo
694 1138 793 1193 est,
818 1129 907 1199 qui
933 1129 1119 1183 alienis
1143 1129 1278 1184 vitiis
1304 1137 1512 1201 prce-tat
1535 1142 1822 1183 assensum.

199 1217 689 1284 Quemadmodum
720 1221 865 1275 enim
889 1237 1039 1276 nunt.
1068 1222 1125 1285 4,
1148 1222 1501 1276 conscientia:
1528 1220 1703 1276 Rutini
1732 1237 1828 1276 ne-

197 1316 404 1383 gotium
434 1328 615 1368 omne
648 1313 905 1381 reliquit:
939 1330 1003 1370 ac
1053 1314 1368 1386 priusquam
1421 1315 1489 1371 de
1538 1315 1629 1370 illo
1672 1315 1831 1386 quid-

197 1405 337 1477 piam
390 1404 678 1475 deﬁniat,
729 1407 941 1463 discere
985 1408 1166 1475 cupit,
1214 1418 1567 1464 auctoremue
1610 1416 1830 1464 accuset

197 1499 353 1570 cujus
383 1501 677 1570 interpres
710 1501 842 1564 fuit,
893 1518 959 1557 an
1013 1518 1230 1558 errores
1277 1502 1396 1573 ejus
1436 1503 1829 1573 complectatur

197 1608 429 1649 assensu
459 1613 476 1649 :
519 1599 596 1651 ita
624 1606 678 1651 et
709 1612 851 1652 nunc
881 1598 1128 1652 hortatur
1151 1597 1445 1665 Joannem,
1480 1606 1540 1652 ut
1572 1597 1640 1651 ab
1678 1598 1825 1653 omni

197 1691 529 1758 susliicione
558 1692 724 1756 liber,
754 1690 820 1747 ad
868 1691 1261 1761 explorandum
1312 1691 1487 1745 Rufini
1537 1691 1826 1747 consilium

197 1783 443 1841 enitatur
482 1801 497 1837 :
532 1781 687 1838 Illud
715 1794 883 1839 tamen
935 1794 1103 1837 tenere
1147 1794 1193 1839 te
1238 1784 1411 1856 cupio,
1456 1785 1531 1838 ita
1570 1784 1745 1839 haberi
1793 1802 1824 1839 a

1932 556 2071 609 orbis
2110 558 2351 629 expavit?
2385 558 2485 611 Aut
2514 567 2651 612 certe
2680 559 2725 611 si
2756 558 2873 613 ideo
2916 558 3295 630 interpretaris,
3328 571 3383 614 ut
3414 578 3532 615 eum

1932 650 2227 704 lrwreticum
2256 667 2469 723 arguas,
2504 650 2634 705 nihil
2656 650 2719 704 de
2741 667 2910 722 grwco
2950 662 3133 716 mutes,
3161 663 3208 707 et
3240 653 3335 708 hoc
3359 654 3532 727 ipsum

1933 753 2151 800 testare:
2167 749 2306 817 quod
2345 746 2745 811 prudentissime
2770 746 2925 817 Papa
2937 746 3242 803 Anastasius
3266 750 3316 803 in
3342 750 3534 819 episto-

1932 837 2006 905 la,
2034 858 2191 911 quam
2217 850 2395 896 contra
2423 852 2470 897 te
2498 842 2673 896 scribit
2698 843 2766 897 ad
2794 841 3113 914 Episwpum
3141 842 3534 910 Joannem,suo

1932 950 2165 989 sermone
2189 936 2488 1003 complexus
2523 945 2598 991 est
2629 952 2647 990 :
2675 952 2754 990 me
2780 936 3024 1003 liberans,
3048 938 3137 1008 qui
3163 936 3219 991 id
3259 938 3392 1007 feci;
3420 948 3467 992 et
3490 946 3537 993 te

1932 1044 2173 1099 arguens,
2203 1030 2293 1099 qui
2320 1029 2491 1098 facere
2515 1030 2750 1084 noluisti.
2780 1028 3309 1087 Condemnationem
3339 1031 3538 1101 innuit,

1932 1136 2053 1191 quae
2105 1120 2297 1191 legitur
2338 1120 2391 1176 in
2437 1121 2674 1193 Epistola
2724 1123 3019 1187 Anastasii,
3052 1140 3157 1179 non
3201 1125 3535 1195 absolutam,

1930 1214 2026 1269 sed
2079 1214 2513 1287 hypotheticam.
2547 1216 2653 1272 Sed
2699 1217 2751 1271 in
2783 1233 2850 1273 eo
2891 1217 2962 1272 ab
3011 1218 3303 1275 Anastasio
3353 1217 3543 1277 differt

1932 1308 2332 1381 Hieronymus;
2357 1311 2501 1381 quod
2546 1312 2637 1366 ille
2671 1310 2937 1381 judicium
2968 1314 3273 1382 suspendit.
3302 1313 3538 1370 factam-

1932 1420 2037 1474 quc
2069 1420 2096 1457 a
2122 1404 2320 1459 Ruﬁno
2353 1406 2401 1459 in
2432 1406 2552 1476 ejus
2577 1408 2927 1464 conscientia:
2955 1410 3243 1465 consilium
3270 1410 3540 1480 interpre-

1935 1499 2194 1553 tationem
2230 1498 2491 1552 transfert
2528 1515 2541 1553 :
2570 1498 2709 1556 hanc
2740 1500 2908 1557 vertit
2939 1501 3303 1574 Hieronymus
3330 1502 3384 1558 in
3417 1517 3538 1559 ma-

1930 1593 2037 1649 lam
2082 1606 2311 1662 partem,
2336 1609 2399 1649 ac
2427 1609 2635 1665 pronus
2668 1604 2753 1651 est
2784 1595 2838 1650 in
2880 1595 3145 1667 judicium
3196 1597 3354 1653 mala:
3401 1612 3537 1655 con-

1931 1700 2195 1743 solemne.

2003 1781 2068 1839 V.
2119 1784 2391 1842 Libellum
2448 1788 2743 1857 palinodia:
2808 1790 3020 1860 profert
3087 1807 3153 1847 ex
3213 1790 3541 1849 bibliotheca

198 1882 385 1935 nostris
434 1882 687 1953 partibus
721 1882 775 1952 (a
816 1888 1006 1935 nostra
1056 1880 1313 1951 regione,
1356 1890 1409 1935 et
1456 1880 1587 1935 urbe
1632 1880 1825 1951 Roma)
1858 1867 1906 1928 Β
1936 1875 2190 1933 Vaticana
2221 1881 2603 1952 depromptum
2637 1882 2904 1939 Henricus
2932 1885 3179 1942 Norisius
3202 1885 3345 1943 libro
3372 1902 3390 1943 ι
3421 1887 3545 1943 Πίε-

197 1978 425 2032 alienum
457 1977 553 2046 (ac
583 1977 865 2043 dissitum,
898 1976 1161 2046 Aquileia:
1192 1991 1424 2045 namque
1448 1974 1826 2029 connnoraba-

197 2071 327 2140 tur),
358 2082 415 2125 ut
446 2070 582 2141 quid
612 2080 758 2144 agat,
801 2080 844 2124 et
870 2069 958 2123 ubi
987 2070 1074 2134 sit,
1101 2086 1189 2123 nec
1216 2069 1347 2123 scire
1385 2070 1670 2141 cupiamus.
1717 2068 1825 2125 Nec

196 2166 340 2220 enim
372 2180 439 2220 se
474 2164 629 2220 velle
661 2164 730 2218 de
764 2173 943 2218 mente
971 2172 1027 2217 et
1069 2162 1299 2217 consilio
1346 2162 1464 2232 ejus
1509 2164 1729 2217 anxium
1772 2171 1827 2218 et

196 2259 505 2313 sollicitum
528 2273 684 2322 esse,
704 2256 959 2328 superius
977 2256 1221 2311 dixerat:
1248 2254 1369 2328 Ipse
1386 2256 1604 2325 denique
1619 2256 1824 2324 viderit;

196 2354 281 2408 ubi
306 2354 475 2425 possit
504 2351 753 2408 absolvi:
784 2367 889 2406 non
921 2367 948 2404 a
984 2352 1089 2406 lata
1120 2350 1413 2416 sententia,
1436 2348 1591 2418 cujus
1613 2349 1822 2404 nullum

197 2457 307 2504 tota
341 2449 397 2502 in
429 2446 678 2517 epistula
710 2444 1031 2517 vestigium;
1065 2444 1159 2500 sed
1187 2460 1216 2499 a
1250 2443 1676 2514 suspicionibus,
1705 2459 1825 2513 qua:

198 2546 263 2603 de
293 2547 392 2600 illo
424 2544 778 2599 ferebantur.

265 2638 357 2694 IV.
402 2637 558 2693 Nihil
600 2637 773 2708 igitur
809 2636 931 2704 jure
961 2644 1015 2691 et
1058 2636 1255 2692 merito
1292 2634 1567 2707 designari
1609 2642 1823 2705 potest,

199 2732 343 2804 quod
367 2732 562 2786 Ruﬁni
597 2730 1007 2785 damnationem
1050 2740 1205 2784 sonet
1238 2730 1290 2784 in
1329 2728 1560 2799 epistola
1596 2732 1825 2783 Anasta-

199 2830 372 2883 siana.
404 2826 607 2898 Neque
641 2841 740 2895 pro
771 2823 1117 2877 anathemate
1150 2824 1201 2877 in
1237 2823 1411 2891 ipsum
1444 2823 1553 2876 lato
1598 2821 1825 2891 allegari

200 2921 389 2978 eadem
415 2918 663 2987 epistola
693 2917 854 2972 debet
879 2915 1197 2989 149mm
1214 2914 1461 2971 Carnerii
1493 2914 1823 2980 editionem;

200 3031 319 3071 cum
337 3018 520 3087 ipsum
540 3015 847 3069 admoneat
863 3012 1235 3077 Constantius,
1254 3012 1433 3079 plures
1446 3009 1710 3063 arbitratu
1727 3023 1826 3062 suo

204 3116 543 3169 mutationes
585 3108 899 3171 induxisse,
942 3105 1318 3173 lectioneSque
1349 3103 1525 3157 varius
1574 3102 1639 3156 ad
1691 3117 1828 3171 pric-

202 3217 531 3277 Conceptam
566 3202 887 3274 opinionem
921 3200 1385 3257 accommodasse.
1429 3197 1563 3252 ilinc
1598 3212 1749 3259 vero,
1782 3195 1825 3249 si

1932 1973 2087 2026 torire
2108 1973 2428 2045 Pelagianae,
2452 1978 2630 2047 capite
2646 1980 2701 2044 3,
2718 1994 2828 2045 quo
2848 1978 3075 2034 Ruﬁnus
3097 1994 3322 2037 errores
3348 1980 3542 2051 partim

1929 2064 2027 2119 abs
2058 2081 2116 2120 se
2147 2078 2409 2135 assertos,
2442 2071 2634 2140 partim
2670 2071 2773 2126 sibi
2808 2072 3104 2143 imputatos
3143 2072 3339 2143 ejurat.
3394 2073 3546 2129 Hanc

1930 2159 2107 2230 ipsum
2139 2162 2409 2219 cecinisse
2463 2165 2800 2233 palinodiam
2847 2177 3001 2237 putat
3049 2168 3176 2232 ille,
3204 2167 3391 2223 Roma:
3422 2175 3549 2239 post

1929 2255 2137 2310 obitum
2166 2256 2439 2314 Anastasii
2462 2274 2643 2315 coram
2672 2261 2997 2318 Imtocentio
3033 2262 3076 2330 1,
3110 2263 3203 2334 qui
3234 2263 3288 2319 in
3316 2262 3436 2335 ejus
3466 2264 3548 2320 lo-

1931 2362 2053 2403 cum
2079 2350 2377 2421 sedemque
2406 2368 2551 2408 anno
2574 2353 2676 2409 401
2714 2355 2975 2412 suffectus
3005 2367 3109 2413 est.

2005 2442 2197 2498 Libelli
2232 2446 2451 2501 titulum
2500 2449 2710 2520 accipe,
2741 2447 2856 2504 Inc.
2889 2462 3100 2523 propter
3130 2452 3305 2520 ﬁdem.
3349 2450 3544 2509 Priora

1931 2536 2095 2592 verba
2120 2548 2250 2593 sunt
2277 2538 2538 2612 :Pmpter
2557 2543 2931 2598 venerationem
2963 2555 3261 2600 sanctorum
3288 2546 3540 2613 locorum,

1933 2629 1984 2684 Η
1994 2632 2453 2703 ierosolymarum,
2496 2644 2543 2689 et
2587 2634 2868 2700 Bethleem,
2901 2640 3132 2693 venimus
3162 2654 3180 2693 :
3210 2649 3255 2693 et
3286 2638 3545 2694 intellexi-

1931 2740 2046 2779 mus
2079 2729 2249 2795 plures
2278 2731 2463 2797 fratres
2493 2729 2547 2783 in
2579 2728 2724 2785 nobis
2752 2731 3123 2798 scandalizari,
3151 2749 3209 2786 eo
3223 2732 3363 2801 quod
3384 2730 3544 2787 audi-

1932 2818 2112 2876 rerint.
2144 2834 2235 2872 nos
2264 2819 2430 2873 multa
2465 2818 2729 2886 haeretica,
2764 2832 2809 2877 et
2833 2838 2950 2893 qua:
2972 2833 3152 2877 contra
3181 2824 3339 2893 ﬁdem
3363 2823 3544 2879 Eccle-

1931 2910 2023 2964 sia:
2048 2911 2279 2977 veniunt,
2323 2914 2577 2983 proﬁteri.
2612 2916 2796 2987 Itaque
2826 2913 2937 2970 Deo
2984 2926 3237 2983 praesente
3269 2927 3543 2987 testamur,

1932 3019 2046 3069 qme
2068 3004 2209 3073 infra
2224 3006 2327 3059 scri
2332 3017 2421 3077 pta
2444 3017 2561 3062 sunt
2583 3024 2677 3062 nos
2693 3025 2756 3063 ex
2773 3019 2920 3081 parte
2937 3010 3159 3063 sensisse
3181 3026 3270 3079 per
3284 3026 3542 3078 errorem,

1931 3107 1979 3151 et
2010 3099 2250 3165 prtesenti
2296 3108 2523 3172 tempore
2556 3102 2901 3157 condemnare
2934 3118 2952 3157 :
2979 3103 3086 3157 alia
3112 3113 3314 3168 autem,
3346 3104 3401 3159 in
3426 3104 3544 3173 qui-

1933 3190 2025 3245 bus
2058 3194 2192 3261 [ιιΙερο
2222 3193 2562 3261 infamamur,
2597 3212 2691 3250 nec
2728 3196 2922 3250 dixisse
2963 3213 3054 3250 nec
3082 3196 3294 3263 dicere;
3321 3207 3368 3251 et
3418 3214 3545 3252 cono

204 3273 529 3358 damnatum
592 3273 845 3353 Ruﬁnum
894 3295 946 3350 in
995 3304 1128 3350 testu
1190 3290 1573 3361 disputationis
1628 3289 1831 3343 dixerit
1859 3273 1905 3337 C
1938 3290 2120 3350 traria,
2149 3302 2263 3352 qua:
2290 3286 2345 3340 in
2382 3288 2502 3341 aliis
2554 3290 2897 3360 suspicamur,
2944 3291 3175 3362 posuisse
3214 3302 3364 3362 atque
3393 3291 3545 3345 dam-

205 3394 610 3466 Hieronymus,
646 3388 863 3444 mitiore
894 3402 1058 3443 sensu
1084 3385 1435 3456 expmieudus
1465 3395 1545 3439 est
1577 3383 1643 3437 ad
1675 3397 1829 3437 nien-

206 3496 315 3544 tetn
363 3486 688 3548 Anastasii,
716 3481 811 3553 qui
844 3480 1110 3552 judicium
1144 3494 1304 3535 omne
1335 3480 1387 3533 in
1414 3477 1581 3533 hocce
1614 3474 1833 3546 negotio

207 3597 546 3650 suspensum
588 3579 789 3633 voluit.

278 3674 370 3728 Ait
402 3674 500 3728 ille
554 3670 700 3725 libro
740 3684 796 3723 ιιι
825 3680 1016 3724 contra
1065 3664 1316 3721 Rnﬁnmn
1363 3682 1512 3720 num.
1547 3662 1655 3719 15:
1695 3662 1836 3731 Quo-

210 3770 364 3824 modo
395 3765 693 3836 susceperit
718 3762 878 3818 Italia
905 3769 987 3831 (ut
1014 3762 1243 3817 Rufinus
1264 3760 1529 3831 jactabat)
1558 3759 1698 3829 quod
1731 3758 1834 3813 Ilo-

210 3882 296 3921 ma
343 3862 704 3935 contempsit?
736 3859 981 3929 EpiscOpi
1008 3859 1342 3925 susceperint,
1370 3856 1509 3928 quod
1538 3858 1679 3911 sedes
1708 3873 1837 3926 apo-

211 3961 399 4015 stolica
417 3954 831 4013 condemnavit?
847 3954 971 4009 Haec
991 3952 1197 4023 profert
1219 3952 1277 4006 S.
1306 3953 1467 4007 Pater
1484 3953 1549 4007 de
1570 3950 1834 4021 Apologia

211 4069 377 4125 quam
402 4051 711 4109 Anastasio
733 4048 1004 4104 obtulerat
1030 4047 1281 4101 Rufinus.
1308 4048 1378 4103 At
1405 4047 1549 4101 enim
1582 4046 1835 4099 damnata

213 4148 417 4204 dicitur
467 4144 781 4216 Apologia,
830 4144 956 4216 quia
1006 4153 1316 4213 contempta
1362 4159 1375 4197 :
1416 4156 1643 4211 eamque
1699 4155 1835 4210 papa

214 4244 551 4301 Anastasius
592 4240 799 4296 idcirco
850 4239 1203 4308 contempsit,
1244 4238 1369 4307 quia
1409 4236 1461 4290 in
1506 4233 1734 4305 epistola
1769 4232 1835 4287 ad

214 4341 493 4398 Joannem
523 4336 1082 4407 Hierosolymitanum
1112 4333 1315 4389 nullam
1345 4331 1464 4402 ejus
1505 4330 1836 4384 mentionem

217 4434 449 4505 ingerit,
476 4446 583 4486 nec
615 4430 781 4483 ullam
822 4427 1069 4497 ejusdem
1111 4427 1381 4481 rationem
1416 4424 1617 4478 habere
1645 4421 1835 4475 voluit.

288 4526 388 4582 llla
416 4537 643 4594 quoque
685 4521 996 4592 Hieronymi
1027 4520 1194 4574 verba
1240 4516 1593 4588 objiciuntur,
1625 4529 1745 4585 quae
1774 4512 1840 4568 li-

219 4620 318 4677 bro
345 4636 386 4675 ιι
414 4626 616 4672 cootra
653 4614 904 4668 Ruﬁnum
933 4612 1159 4683 legimus
1188 4626 1335 4665 num.
1370 4610 1436 4665 15
1468 4627 1479 4662 :
1525 4608 1587 4664 Si
1632 4624 1731 4661 non
1766 4606 1839 4661 vis

1935 3398 2104 3436 nasse.
2140 3382 2297 3456 150
2362 3382 2678 3455 Sequuntur
2740 3384 3181 3441 anathematismi
3252 3386 3541 3444 duodecim

1935 3475 2135 3546 quibus
2176 3480 2500 3548 Urigeniana
2550 3478 2796 3535 doctrina
2848 3480 3186 3549 repudiatur,
3217 3491 3272 3539 et
3312 3494 3447 3538 ortae.
3473 3498 3541 3539 ex

1936 3585 2002 3625 eo
2034 3569 2180 3625 fonte
2202 3569 2531 3626 damnantur
2555 3571 2796 3629 haereses
2823 3573 2973 3629 Pauli
3004 3574 3371 3641 Samosateni,
3404 3575 3539 3643 Arii,

1936 3663 2267 3732 Apollinaris
2297 3675 2347 3720 et
2381 3665 2621 3723 Pbmini.
2658 3666 2915 3738 Idemque
2961 3667 3161 3724 desinit
3204 3669 3424 3725 libellus
3455 3668 3544 3728 his

1938 3758 2121 3814 verbis
2156 3777 2169 3813 τ
2208 3758 2361 3814 Finis
2394 3762 2457 3815 de
2486 3761 2591 3831 ﬁde
2620 3760 2685 3816 de
2709 3762 2915 3817 nomine
2942 3762 3141 3833 Ruﬁni.

2012 3852 2285 3908 Libellum
2315 3853 2567 3908 eumdem
2600 3856 2838 3926 vulgavit
2865 3855 3102 3912 Joannes
3126 3856 3428 3915 Garnerius
3460 3858 3545 3914 in-

1939 3954 2022 4001 ter
2064 3962 2229 4015 Opera
2279 3945 2428 4000 Marii
2481 3946 2835 4014 Mercatoris,
2865 3950 3111 4019 epistolae
3139 3951 3208 4006 ab
3256 3953 3546 4008 Anastasio

1938 4037 2005 4091 ad
2052 4038 2318 4093 Joannem
2371 4039 2925 4112 Hierostilymitauum
2976 4044 3114 4097 datae
3170 4043 3542 4115 subjunctum.

1939 4129 2129 4185 Priora
2172 4132 2334 4185 verba
2387 4131 2466 4186 sic
2515 4131 2815 4187 efferuntur
2849 4150 2863 4187 :
2896 4133 3122 4203 Pr0pler
3168 4136 3545 4191 venerationem

1940 4234 2231 4277 sanctorum
2265 4223 2517 4292 locorum,
2555 4224 2967 4298 Hierosolymam
3004 4239 3053 4283 et
3095 4227 3357 4285 Bethleem
3405 4232 3547 4285 veni-

1941 4336 2075 4384 mus,
2110 4330 2158 4373 ct
2188 4321 2537 4375 intelleximus
2572 4322 2745 4393 plures
2777 4326 2962 4391 fratres
3008 4324 3061 4377 in
3107 4326 3251 4378 nobis
3281 4327 3546 4381 scandalio

1938 4413 2071 4467 sari.
2103 4412 2228 4468 Haec
2260 4414 2378 4467 sine
2406 4413 2570 4467 dubio
2610 4429 2738 4467 sana
2772 4414 2932 4469 lectio
2973 4425 3056 4470 est
3090 4434 3102 4471 :
3137 4431 3314 4485 neque
3344 4432 3547 4474 convc-

1942 4508 2185 4562 nientem
2229 4506 2463 4577 aliquem
2510 4522 2734 4563 sensum
2792 4508 3023 4564 reddere
3069 4520 3249 4580 potest
3294 4510 3548 4581 superior

1942 4602 2106 4656 let-tio
2160 4599 2467 4655 Norisiana.
2515 4598 2718 4656 Verum
2761 4600 2926 4657 etiam
2976 4605 3167 4658 eodem
3220 4605 3337 4660 haec
3382 4605 3549 4660 verba

218 4716 410 4769 audire
443 4710 689 4766 Fratrem
714 4669 1023 4770 monenteni,
1048 4706 1231 4759 audias
1259 4703 1570 4777 Episcopum
1597 4701 1840 4757 condem-
1866 4669 1920 4729 D
1949 4697 2047 4767 legi
2095 4695 2257 4752 modo
2310 4697 2361 4750 in
2394 4695 2515 4765 ipso
2564 4696 2754 4753 codice
2782 4696 3070 4764 Vaticano,
3098 4716 3258 4770 quem
3304 4698 3554 4756 Norisius

219 4818 481 4873 nantem;
519 4806 762 4870 itemque
788 4800 895 4855 alia
940 4800 991 4854 iu
1024 4799 1311 4867 Epitaphiu
1357 4796 1624 4853 Marcellae
1656 4795 1842 4851 Vidua:

219 4917 379 4956 num.
416 4898 483 4956 10
512 4915 525 4951 :
552 4895 723 4951 Acciri
744 4894 1092 4966 frequentibus
1117 4892 1300 4946 litteris
1325 4891 1549 4946 haeretici
1566 4888 1842 4961 (Rufinum

220 5005 279 5052 et
317 4992 573 5048 asseclas
618 4986 895 5058 intelligit)
943 4996 999 5041 ut
1024 5002 1080 5041 se
1133 4984 1497 5053 defenderent,
1528 4984 1699 5038 venire
1744 5000 1846 5037 non

218 5098 346 5145 sunt
376 5086 500 5140 ausi
527 5100 548 5139 :
593 5091 838 5150 tantaque
862 5081 935 5135 vis
963 5079 1288 5135 conscientia:
1317 5079 1414 5140 fuit
1432 5122 1444 5139 .
1470 5090 1525 5133 ut
1566 5078 1729 5148 magis
1757 5076 1850 5130 ab-

221 5194 396 5237 sentes
414 5175 688 5241 damnari,
706 5192 860 5247 quam
882 5182 1155 5243 praesentes
1172 5172 1386 5242 coargui
1408 5172 1699 5226 maluerint.
1717 5172 1849 5238 Qua:

223 5274 443 5337 omnia,
491 5281 548 5327 et
580 5269 626 5325 si
670 5284 774 5339 qua
805 5268 953 5338 paria
995 5277 1144 5333 sunt,
1176 5265 1225 5320 id
1260 5283 1426 5320 unum
1476 5264 1781 5336 signiﬁcant
1834 5280 1847 5318 :

224 5367 475 5437 Origene
498 5377 597 5433 per
630 5361 973 5415 Anastasium
998 5360 1277 5419 damnato.
1303 5373 1398 5413 eos
1428 5371 1620 5411 omnes
1650 5355 1854 5423 pariter

224 5464 596 5519 anathemate
627 5455 911 5524 perculsos
939 5454 1149 5519 haberi,
1179 5452 1272 5521 qui
1301 5451 1579 5509 erret-ibus
1606 5449 1723 5519 ejus
1752 5449 1853 5503 im-

227 5555 421 5631 plicati
448 5560 675 5615 essent;
700 5548 841 5620 quod
867 5548 1244 5617 susliicabatur
1274 5550 1342 5603 de
1380 5546 1575 5600 Ruﬁno
1601 5557 1654 5600 et
1701 5558 1850 5599 asse-

227 5654 335 5707 clis
367 5650 743 5716 Hieronymus
797 5642 944 5697 Ilanc
972 5642 1088 5712 ejus
1118 5651 1352 5697 mentem
1384 5640 1637 5708 aperiunt
1669 5636 1852 5702 verba,

230 5766 360 5820 qua:
406 5745 551 5798 libro
580 5754 618 5793 ιι
639 5737 804 5793 citato
835 5747 1022 5792 contra
1072 5737 1323 5791 Rufinum
1362 5734 1553 5790 eodem
1607 5747 1756 5786 num.
1790 5730 1857 5786 15

229 5845 505 5912 leguntur
537 5851 550 5887 :
586 5832 689 5887 Cur
721 5830 1066 5885 translaturus
1108 5830 1373 5894 liceretica,
1413 5828 1466 5881 in
1509 5825 1854 5895 defensionem

230 5948 426 6000 eorum
453 5924 729 6006 prwmittis
759 5924 907 5996 quasi
939 5920 1231 5998 Martyris(
1260 5918 1542 5994 Pamphyli
1569 5916 1590 5991 )
1619 5916 1805 5973 librum
1832 5915 1858 5971 .’

1946 4790 2215 4855 adhibuit,
2249 4800 2480 4849 testatur
2522 4792 2841 4850 Dominicus
2872 4794 3170 4851 Vallarsins
3194 4798 3336 4869 apud
3369 4796 3552 4855 Balle-

1947 4888 2097 4941 rinos
2129 4886 2349 4943 Fratres
2382 4906 2397 4943 :
2427 4887 2626 4957 quibus
2654 4888 3091 4959 postulantibus,
3121 4890 3368 4947 codicem
3400 4908 3556 4949 eum-

1948 4979 2095 5046 dem,
2128 4980 2255 5036 dum
2304 4980 2492 5037 Roma:
2550 4982 2954 5049 diversaretur,
3001 4982 3417 5056 diligentissime
3467 4985 3554 5042 in-

1948 5074 2147 5143 Spexit.
2172 5073 2460 5141 Quomodo
2489 5090 2622 5145 ergo
2651 5076 2791 5130 hunc
2816 5076 3060 5132 libellum
3093 5080 3378 5150 scripserit
3405 5079 3559 5136 Ruﬁ~

1954 5182 2055 5221 nus
2084 5167 2266 5223 Roma:
2297 5182 2479 5223 coram
2503 5168 2821 5224 [utiocentio
2851 5170 3130 5241 pontilice,
3156 5182 3215 5228 ut
3245 5176 3298 5229 in
3329 5176 3556 5243 gratiam

1955 5260 2101 5316 sedis
2124 5260 2439 5330 apostolica:
2462 5260 2702 5316 rediret?
2722 5260 2915 5318 Libelli
2939 5272 3132 5319 auctor
3152 5266 3378 5331 dicitur,
3400 5282 3554 5335 prop-

1956 5365 2031 5409 ter
2060 5356 2433 5409 venerationem
2462 5366 2757 5411 sanctorum
2788 5358 3019 5415 locorum
3050 5361 3268 5417 venisse
3310 5360 3561 5416 Hieroso-

1957 5447 2147 5520 lymam
2187 5458 2234 5503 et
2264 5446 2523 5503 Bethleem
2553 5468 2573 5505 :
2605 5452 2787 5521 ibique
2826 5469 3042 5509 errores
3066 5454 3261 5523 partim
3292 5462 3558 5523 assertos,

1959 5549 2155 5611 partim
2186 5541 2480 5612 imputatos
2504 5544 2917 5612 contlemnasse,
2950 5556 3008 5601 ut
3036 5546 3168 5599 satis
3191 5545 3450 5600 fratribus
3482 5546 3558 5603 fa-

1959 5644 2112 5693 ceret
2139 5638 2230 5707 qui
2274 5639 2587 5696 scandalum
2617 5642 2983 5712 patiebantur.
3011 5638 3138 5697 Haec
3169 5638 3364 5693 Ruﬁno
3390 5642 3562 5713 Aqui-

1960 5732 2155 5790 leiensi
2190 5734 2341 5790 nullo
2364 5734 2523 5791 modo
2556 5738 2911 5793 conveniunt.

2034 5827 2140 5883 Alii
2168 5827 2277 5884 duo
2306 5827 2487 5885 Ruﬁni
2520 5840 2815 5886 occurrunt
2855 5830 2907 5882 in
2941 5825 3201 5893 Epistolis
3226 5824 3337 5881 divi
3368 5825 3566 5887 Hiero-

1963 5920 2131 5994 nymi.
2163 5921 2316 5979 Alter
2346 5932 2451 5991 cst,
2483 5921 2551 5979 dc
2572 5937 2680 5994 quo
2717 5922 2775 5980 S.
2814 5918 2979 5978 Pater
3005 5917 3061 5975 in
3083 5917 3314 5990 epistola
3344 5919 3416 5977 ad
3449 5920 3569 5986 Ru-
