4084 6342
219 244 318 300 ιὲι

1092 244 1535 309 DlLUCIDATlO
1575 245 1882 314 ALTERA,
1922 245 2274 325 BERNARDI
2313 236 2401 303 DE
2444 244 2712 305 RUBEIS.

3448 246 3554 315 tet-2

217 370 347 419 cisse
379 366 740 422 damnatione
764 368 1059 438 dogmatunt
1092 366 1363 439 Origenis;
1394 366 1518 423 inde
1561 369 1856 438 sumpserit
1884 378 1935 437 Α
1961 369 2161 424 vincere
2207 370 2261 423 in
2304 370 2436 423 bono
2477 370 2670 425 malum
2703 387 2721 425 .'
2749 372 2837 424 sed
2878 371 2998 445 quia
3040 372 3253 428 minaris
3295 374 3575 436 interitum,

215 475 413 513 ansiim
462 460 728 516 libellum
778 460 1083 526 scribendi,
1133 460 1186 515 in
1235 478 1341 532 quo
1392 460 1703 530 Hieronymi
1755 462 1849 515 du-

215 556 394 609 CIt'itta
443 566 879 628 proponeretur,
912 565 1071 625 atque.
1119 556 1389 611 (-ot'itratia
1422 558 1672 625 (ittglllt‘tltl
1719 573 1849 613 aua-

216 647 467 703 tbemate
523 651 1001 720 percellerentur?
1058 650 1311 705 Fortasse
1359 669 1588 719 namque
1637 653 1849 707 cen‘uit

213 744 433 797 oti-usus
469 741 715 807 Auctor,
754 760 857 797 non
887 744 1045 798 aliter
1087 742 1474 815 Hieronymum
1513 745 1638 798 satis
1669 744 1848 815 fecisse

212 836 477 897 Aterltio,
515 852 689 907 quam
736 852 830 906 per
863 837 1101 893 libellum
1138 837 1447 905 palinodite,
1480 838 1531 891 in
1560 856 1666 908 quo
1698 838 1844 891 datu-

214 928 358 981 natio
408 928 735 1000 dogmatttm
788 929 1026 1003 Origenis
1084 931 1476 985 contineretur.
1530 930 1663 984 llitte
1718 946 1846 983 vero

211 1020 463 1088 proclive
496 1020 637 1085 fuit,
670 1021 907 1077 libellum
956 1021 1206 1076 eumdem
1242 1033 1352 1075 tum
1397 1021 1725 1093 Hieronymo
1752 1022 1848 1075 ad-

211 1112 405 1177 scribi,
443 1122 504 1166 ut
541 1114 597 1166 itt
629 1111 834 1168 C'ulice
859 1112 1107 1168 Bultiensi
1132 1130 1144 1179 ;
1170 1126 1277 1167 tum
1307 1115 1518 1179 littlino,
1541 1116 1657 1170 sive
1683 1116 1842 1185 Aqui-

212 1205 410 1263 leiensi
436 1249 452 1271 ,
490 1210 625 1263 sive
673 1208 942 1278 discipqu
989 1208 1337 1279 Hieronymi,
1371 1218 1429 1264 ut
1458 1209 1508 1263 in
1541 1210 1662 1264 aliis
1695 1210 1846 1264 codi-

210 1300 396 1355 cibus.

857 1392 1089 1450 CAPUT
1128 1394 1245 1449 XII.

210 1506 429 1571 Ruptum
492 1508 641 1558 dolet
680 1511 809 1559 inter
850 1508 1199 1571 Hieronynmm
1228 1516 1279 1558 et
1316 1507 1542 1558 Rufinum
1583 1510 1843 1559 amicitiam

272 1573 626 1634 Augustinus.
649 1572 998 1631 Hieronymum
1025 1573 1081 1619 ad
1101 1573 1347 1621 silentium
1368 1572 1591 1621 hortatur
1611 1573 1845 1622 Chroma-

270 1636 394 1687 tius.
449 1635 638 1693 Ruﬁno
683 1637 737 1697 iu
792 1634 1181 1697 Aquileiensium
1235 1636 1631 1697 presbyterorum
1682 1636 1844 1687 album

270 1699 501 1757 ascripto
528 1698 687 1750 favet.
715 1695 831 1747 Cum
856 1695 1039 1745 eodem
1064 1695 1652 1748 Rulino‘colitamicitiam
1678 1699 1841 1747 Pauli-

270 1775 370 1810 nos
413 1760 665 1809 Nolanus.
697 1758 994 1819 Chromatio,
1028 1759 1300 1810 Gaudentio
1339 1760 1568 1808 Brixiano
1591 1797 1603 1818 ,
1632 1760 1839 1822 aliisque

268 1833 538 1883 nuncupat
561 1823 770 1877 RUULLLKS
792 1835 943 1884 Opera
965 1836 1068 1871 sua.
1096 1823 1302 1875 Joannis
1333 1824 1661 1881 tibrysostomi
1677 1862 1689 1881 ,
1715 1825 1839 1872 sede

271 1885 831 1953 Constantino;iolitana
849 1886 1113 1953 deturbati,
1136 1899 1326 1933 emtsam
1350 1887 1397 1933 in
1416 1886 1686 1936 Occidente
1708 1896 1836 1935 stre-

267 1962 377 1999 nue
407 1956 613 1998 tutatur
641 1948 958 1999 Chromatius.

281 2055 322 2108 Ι.
359 2054 600 2109 interim
636 2054 854 2123 scriptis
882 2054 1076 2109 libellis
1128 2054 1356 2110 Rulinus
1392 2066 1444 2110 et
1474 2055 1839 2128 Hieronymus

206 2147 561 2218 pugnabant.
600 2145 749 2200 Dutrs
778 2146 867 2199 ille
896 2145 1286 2201 invectivaruut
1315 2146 1504 2212 libros,
1532 2164 1666 2217 quos
1697 2164 1839 2201 anno

206 2242 314 2297 599
374 2242 698 2310 inceperat,
725 2241 965 2310 vulgavit
1004 2258 1146 2294 anno
1179 2240 1306 2308 401,
1336 2254 1524 2297 contra
1569 2242 1839 2316 Hierony-

208 2351 388 2389 mum.
432 2334 608 2388 Hisce
639 2334 875 2387 nondom
910 2335 1061 2387 lectis
1081 2376 1093 2398 ,
1120 2334 1213 2389 sed
1243 2351 1309 2390 ex
1340 2350 1434 2390 ore
1474 2346 1678 2392 tantum
1705 2339 1841 2391 ami-

207 2446 404 2487 eorum
452 2434 534 2485 er
580 2439 736 2499 parte
788 2429 988 2483 auditis
1038 2431 1177 2483 edita
1232 2432 1521 2500 respondet
1571 2432 1626 2487 S.
1679 2432 1841 2487 Pater

208 2539 361 2578 anno
406 2523 747 2592 insequente
794 2522 1093 2590 Apologia,
1144 2523 1193 2575 in
1224 2522 1365 2577 duos
1398 2525 1599 2594 pariter
1640 2525 1841 2580 tributa

208 2615 410 2671 libros.
456 2614 767 2684 Epistolam
800 2615 1039 2681 repo~uit
1070 2614 1298 2670 Ruﬁnus
1327 2634 1337 2669 :
1369 2618 1644 2688 simulque
1686 2618 1839 2673 iuve-

209 2710 492 2763 CIivarum
533 2707 711 2763 libros
741 2710 907 2772 misit,
940 2709 1136 2780 quibus
1167 2711 1387 2765 tertium
1418 2714 1673 2782 opposuit
1697 2714 1841 2783 Apo-

210 2802 375 2872 logia:
409 2802 620 2856 librum
658 2802 1040 2873 Hieronymus.

283 2894 539 2965 Ruptum
573 2895 718 2946 inter
758 2894 875 2947 illus
918 2895 1139 2950 dolebat
1169 2898 1459 2952 amicitiam
1486 2901 1836 2971 Augustinus.

211 2985 527 3041 Aculeatos
566 2985 742 3039 Rutini
775 2987 947 3040 libros
980 2987 1318 3059 perstringit,
1351 2990 1621 3062 simulque
1648 3008 1840 3049 suaves

211 3078 390 3134 animi
434 3078 527 3132 sui
562 3093 758 3133 sensus
794 3080 1119 3151 Hieronymo
1147 3083 1370 3151 exponit
1406 3084 1455 3136 in
1489 3084 1712 3153 epistola
1745 3087 1834 3152 75,

1954 463 2051 515 nisi
2088 472 2319 528 tactura,
2354 464 2665 533 respondere
2697 464 2998 532 cotttpellor,
3032 483 3093 519 ne
3136 467 3309 520 videar
3338 471 3556 523 tacendo

1953 558 2146 612 crimen
2174 576 2480 633 agnoscere,
2513 570 2558 612 et
2605 558 2864 614 lenitatem
2896 575 3059 614 meam
3104 560 3257 615 mala:
3290 565 3555 617 conscien-

1954 652 2037 705 titc
2067 655 2271 727 signum
2320 656 2700 724 interpreteris.
2732 653 3011 708 Abstinuit
3057 656 3315 726 deinceps
3349 656 3553 727 jurgio,

1952 749 2266 818 Scriptttqttc
2305 748 2665 821 Hieronymus
2702 768 2713 802 :
2748 766 3078 819 quamquam
3113 750 3232 803 data
3268 751 3559 806 occ;isione

1951 856 2057 893 non
2098 843 2215 895 sine
2247 854 2561 911 centeutptu
2604 842 2671 896 de
2713 844 2909 898 liulino
2956 844 3176 910 scribit,
3222 846 3336 900 sive
3376 845 3558 901 adhuc

1951 940 2113 985 vtam
2144 946 2359 1003 agente,
2389 936 2505 990 sive
2534 934 2755 990 denato.

2024 1024 2108 1078 lll.
2146 1027 2307 1081 Suam
2342 1026 2536 1080 Hulino
2566 1030 3033 1095 communionem,
3058 1039 3113 1085 et
3138 1030 3433 1085 amicitiam
3460 1048 3543 1088 ne-

1947 1118 2093 1186 gavit
2143 1135 2412 1187 nunquam
2465 1118 2834 1187 Chromatius,
2887 1123 3171 1193 ipsumque
3221 1122 3411 1176 habuit
3462 1141 3554 1177 co—

1948 1207 2154 1279 luitque
2183 1210 2324 1265 inter
2345 1212 2542 1265 charos
2571 1214 2934 1283 Aquileiensis
2962 1215 3227 1269 Ecclesia!
3265 1220 3556 1287 presbyte-

1948 1318 2061 1355 ros.
2098 1301 2228 1356 Rem
2256 1303 2393 1357 hanc
2424 1306 2580 1372 pluit)
2611 1304 2781 1360 fusius
2807 1308 3047 1372 declaro,
3082 1325 3241 1379 quam
3274 1309 3547 1366 Henricus

1948 1392 2196 1447 Nurisius
2228 1393 2519 1449 inliciatur.
2554 1397 2855 1453 Monaszico
2886 1400 3138 1455 addictus
3166 1402 3415 1458 instituto
3439 1403 3553 1457 liu-

1951 1486 2112 1547 l‘tuus.
2172 1489 2445 1557 simulque
2495 1490 2689 1556 laicus,
2743 1503 2865 1560 post
2909 1493 3176 1564 baptisma
3231 1507 3549 1568 susceptum

1947 1580 2200 1634 discessit
2232 1580 2481 1649 Aquileia
2522 1600 2666 1644 anno
2693 1584 2792 1639 571
2829 1598 2919 1640 aut
2967 1601 3253 1658 sequente.
3298 1590 3546 1646 Nomium

1947 1676 2234 1744 presbyter
2265 1677 2509 1732 initiatus
2550 1677 2728 1734 fuerat
2762 1681 2912 1749 juxta
2941 1684 3180 1737 calculos
3209 1684 3546 1741 Tillemontii

1876 1783 1916 1843 Β
1945 1782 2090 1820 anno
2117 1768 2244 1830 586.
2279 1785 2386 1838 quo
2422 1774 2619 1837 ipsum,
2654 1782 2708 1831 et
2745 1774 3156 1845 Hicitntymutn,
3190 1787 3352 1848 atque
3384 1780 3545 1834 Mela-

1945 1863 2090 1914 niatu
2144 1862 2324 1916 invisit
2371 1864 2769 1936 Hierosolymis
2819 1879 2872 1921 et
2920 1868 3196 1923 Bethleem
3244 1869 3548 1934 Palladius,

1944 1953 2219 2009 Lausiaeie
2261 1956 2502 2011 historia:
2552 1962 2779 2013 Auctor.
2816 1962 2907 2015 Sic
2952 1963 3096 2017 enim
3151 1964 3227 2019 ait
3274 1968 3450 2035 Capite
3478 1968 3551 2020 δε

1944 2047 2075 2101 Cum
2104 2049 2328 2104 Melania
2363 2054 2581 2107 seniore
2607 2055 2732 2108 vixit
2760 2057 2914 2109 ezium
2946 2059 3330 2127 nobilissimus,
3358 2071 3408 2115 et
3441 2081 3551 2115 tuo-

1944 2139 2087 2193 ribus
2126 2142 2446 2209 simillimus,
2472 2153 2518 2197 et
2548 2147 2861 2215 fortissimus
2904 2147 3162 2218 Ruﬁnus,
3212 2170 3275 2205 ex
3318 2153 3557 2225 Aqutltia

1944 2234 2150 2288 civitate
2191 2234 2383 2302 Italiar,
2427 2239 2809 2315 πρεσϐυτερίου
2851 2244 2923 2304 εἰς
2954 2242 3171 2319 ὕστερον
3211 2248 3553 2314 καταξιωθεὶς,

1944 2330 2031 2397 qui
2061 2340 2238 2397 postea
2268 2333 2456 2403 dignus
2486 2344 2558 2388 est
2578 2333 2783 2388 habitus
2807 2337 3202 2410 presbyteratu;
3228 2358 3328 2409 quo
3356 2359 3458 2395 non
3485 2355 3559 2397 cst

1944 2421 2176 2477 inventus
2206 2424 2337 2478 inter
2374 2426 2605 2480 homines
2633 2446 2723 2482 nec
2750 2430 2973 2497 doctior,
3002 2450 3090 2485 nec
3124 2435 3318 2487 mitior.

2020 2512 2073 2566 lit
2104 2514 2334 2583 epistola
2365 2515 2423 2572 S.
2462 2520 2744 2589 ilpipbanii
2775 2524 2839 2575 ad
2867 2522 3135 2579 Joannem
3161 2525 3557 2597 Hierosolymi-

1949 2615 2132 2661 tanum
2156 2609 2305 2675 data,
2336 2619 2391 2665 et
2427 2630 2454 2664 ει
2486 2612 2821 2685 Ηίργοηγιηυ
2855 2616 3024 2671 latine
3059 2620 3300 2687 reddita,
3334 2639 3455 2692 quae
3488 2625 3554 2677 ad

1946 2718 2149 2755 annum
2194 2702 2300 2758 594
2337 2717 2570 2775 spectat,
2610 2708 2966 2779 presbyterum
3013 2710 3269 2781 Ruﬁnum
3314 2716 3561 2785 appella-

1952 2806 2063 2850 tum
2097 2797 2348 2868 legimus.
2384 2799 2565 2877 lpsum
2595 2800 2828 2858 fortasse
2851 2802 3088 2859 Joannes
3113 2848 3126 2871 ,
3157 2821 3185 2860 a
3219 2824 3327 2877 quo
3360 2825 3557 2879 magno

1947 2893 1997 2946 itt
2035 2898 2210 2962 pretio
2240 2896 2572 2965 habebatur,
2611 2900 2991 2972 presbyterum
3035 2904 3289 2959 initiavit.
3322 2907 3555 2961 Ordina-

1946 2993 2059 3039 tuut
2096 3003 2224 3042 vero
2273 2989 2429 3044 titulo
2472 2990 2811 3058 lilonasterii,
2855 2996 3035 3050 nullus
3066 2996 3258 3053 dubito
3288 3016 3300 3053 :
3331 3016 3436 3069 qua
3469 3017 3554 3055 ra-

1946 3082 2093 3135 tione
2124 3081 2379 3137 landatus
2411 3085 2750 3154 Epiphanius
2776 3089 2826 3141 in
2857 3090 3049 3144 eadem
3080 3092 3312 3161 epistola
3345 3096 3555 3156 scribit.

212 3172 353 3228 alias
376 3171 476 3237 15,
510 3187 660 3224 anno
688 3172 909 3225 circiter
936 3171 1044 3228 404
1066 3178 1289 3244 scripta.
1321 3174 1494 3241 inquit
1520 3175 1663 3230 enim
1692 3193 1839 3230 num.
1871 3184 1915 3248 ρ
1950 3174 2326 3231 Paulinianum
2371 3179 2693 3235 Monachum
2724 3182 2782 3236 S.
2818 3182 3133 3255 Hieronymi
3177 3187 3401 3242 fratrem
3434 3205 3462 3242 a
3498 3205 3557 3242 se

212 3265 245 3320 6
270 3284 283 3319 ;
312 3263 523 3318 Nescio
560 3278 678 3335 qua:
705 3264 895 3335 scriptu
928 3264 1178 3318 maledica
1208 3265 1416 3337 (Ruﬁni
1448 3267 1839 3323 Invectivarum

210 3359 373 3431 libri)
420 3374 587 3428 super
617 3368 704 3410 tuo
735 3358 937 3412 nomine
965 3360 1033 3411 ad
1064 3358 1296 3430 Africam
1343 3371 1705 3430 pervenerunt.
1744 3367 1841 3415 Ac-

212 3453 453 3521 cepimus
490 3462 686 3515 tamen,
717 3450 853 3520 quod
885 3449 1129 3522 dignatus
1154 3468 1205 3505 es
1238 3453 1452 3517 mittere,
1485 3455 1591 3508 illis
1632 3472 1843 3527 respon-

213 3547 345 3602 dens
372 3544 697 3599 maledictis.
744 3545 860 3609 Quo
901 3547 1142 3612 perlecta,
1177 3549 1361 3618 fateor,
1398 3550 1611 3603 multum
1656 3551 1842 3605 dolui:

211 3642 351 3697 inter
386 3651 502 3693 tam
537 3639 726 3691 cltaras
758 3639 1142 3708 familiaresque
1174 3658 1421 3711 personas
1443 3686 1455 3703 ,
1492 3643 1686 3697 cunctis
1715 3661 1844 3713 pene

213 3733 486 3790 Erclesiis
520 3734 792 3786 notissimo
816 3734 1058 3787 amicitia:
1084 3735 1289 3787 riuculo
1323 3738 1612 3805 copulatus,
1645 3747 1841 3790 tantum

213 3827 417 3882 malum
449 3827 719 3880 exstitisse
741 3827 1139 3881 discordiae”...
1170 3826 1300 3894 Quis
1334 3828 1489 3899 153
1512 3830 1707 3884 amicus
1739 3847 1840 3883 non

215 3923 564 3993 formidetur,
591 3921 736 3989 quasi
758 3922 965 3989 futurus
994 3922 1255 3984 inimicus,
1283 3925 1326 3975 si
1354 3925 1519 3995 potuit
1548 3925 1679 3979 inter
1716 3923 1840 3978 Hie-

212 4031 507 4087 ronymum
533 4024 581 4069 et
609 4013 857 4083 Ruﬁnum
894 4026 989 4067 hoc
1012 4014 1150 4084 quod
1184 4016 1477 4086 plangimus
1510 4018 1748 4071 exoriri?
1778 4018 1840 4072 Et

213 4126 375 4167 num.
425 4111 537 4165 i0:
583 4108 696 4161 Hoc
735 4125 979 4178 magnum
1026 4118 1073 4161 et
1103 4110 1244 4163 triste
1292 4110 1597 4163 miraculum
1627 4118 1729 4176 est,
1778 4126 1841 4164 ea:

215 4206 476 4260 amicitiis
509 4201 703 4256 talibus
750 4206 819 4254 ad
854 4200 949 4254 has
980 4201 1280 4255 inimicitias
1308 4202 1639 4268 perrenisse:
1667 4204 1838 4255 lwtum

214 4292 351 4358 erit,
383 4298 435 4343 et
476 4292 642 4341 multo
670 4290 860 4358 majus,
896 4303 961 4340 ea:
986 4287 1273 4341 inimicitiis
1316 4286 1503 4340 talibus
1541 4286 1610 4339 ad
1655 4288 1836 4357 pristi-

214 4400 346 4438 nam
373 4381 712 4436 concordiam
752 4380 1034 4433 revertisse.

290 4479 360 4533 ll.
396 4476 643 4531 Mitiores
675 4475 888 4529 animos
932 4473 1262 4544 Hieronymo
1304 4474 1557 4543 ingerere
1588 4475 1839 4529 studebat

213 4569 585 4627 Chromatius
634 4567 997 4637 Aquileiensis

213 4664 488 4727 obtinuit,
523 4671 581 4715 ut
614 4662 773 4715 ambo
801 4662 955 4716 novis
987 4662 1326 4716 abstinerent
1367 4663 1581 4731 scriptis
1602 4705 1615 4729 ,
1649 4664 1843 4732 quibus

214 4758 466 4813 invicem
502 4756 924 4811 lacesserentur.
969 4757 1227 4809 Rutilium
1259 4767 1589 4824 prteseutem
1609 4759 1845 4813 auctori-

213 4863 334 4909 tate
370 4867 472 4907 sua
507 4851 766 4919 urgebat,
795 4861 853 4905 ut
874 4851 1052 4922 iurgio
1085 4852 1243 4907 linem
1287 4853 1591 4922 imponeret
1627 4874 1638 4907 :
1668 4872 1843 4926 neque

211 4963 362 5003 sane
405 4958 733 5015 responsum
769 4946 915 4999 dedit
961 4946 1029 5000 ad
1061 4947 1277 5000 tertium
1312 4947 1587 5017 Apologia:
1622 4949 1835 5013 librum,

211 5057 389 5112 quem
428 5039 794 5108 Hieronymus
818 5039 1146 5108 vulgaverat.
1185 5039 1402 5098 Litteris
1430 5041 1588 5094 etiam
1615 5041 1681 5095 ad
1717 5042 1836 5095 Hie-

212 5147 529 5205 ronymum
572 5130 732 5195 datis,
784 5130 941 5185 liuent
984 5132 1217 5185 obtinuit
1255 5134 1623 5198 simultatum,
1673 5150 1835 5203 quem

212 5226 719 5286 vehementissime
748 5228 988 5295 turbabat.

291 5326 442 5380 Rem
478 5324 645 5389 ipsum
690 5331 937 5376 testalam
981 5322 1198 5391 reliquit
1237 5321 1621 5378 Sanetissimus
1652 5324 1746 5379 Vir
1775 5325 1838 5378 li-

208 5420 322 5475 bro
358 5432 423 5471 ut
442 5424 638 5470 cotttra
663 5414 916 5469 Ruﬁnum
955 5432 1101 5469 nunt.
1136 5416 1201 5483 2,
1243 5417 1330 5471 tibi
1356 5433 1573 5472 causam
1609 5418 1836 5489 profert,

206 5522 533 5585 propterea
560 5509 732 5578 quitdt,
764 5512 1192 5563 eouttmtnitioue
1231 5512 1531 5566 ilht‘omatii
1566 5514 1829 5583 neglecta,

207 5607 431 5663 librum
481 5603 734 5656 eumdem
780 5603 1178 5670 (εοιιδι-νὶμδθι-ἰι
1226 5622 1238 5657 :
1276 5602 1512 5670 Testem,
1562 5607 1835 5673 inquiens,

207 5700 412 5754 inuoco
449 5696 655 5759 Jesum,
684 5713 764 5749 me
787 5698 861 5749 ad
897 5698 1344 5753 commonitionem
1376 5697 1436 5752 S.
1480 5696 1643 5769 Papa
1674 5696 1839 5751 Chro-

207 5792 378 5851 matii
414 5792 642 5846 soluisse
670 5793 895 5855 reticere,
934 5801 979 5844 et
1008 5791 1165 5861 ﬁnem
1195 5790 1369 5862 facere
1399 5791 1721 5847 simultatum
1740 5834 1754 5860 ,
1788 5806 1839 5848 et

1949 3268 2332 3340 presbyterum
2382 3283 2768 3327 consecratum
2817 3276 2884 3327 ad
2944 3276 3126 3331 divina
3179 3278 3230 3333 in
3290 3280 3558 3337 (laetu-bin

1949 3360 2366 3417 Betlileemitico
2404 3366 2661 3434 mysteria
2702 3368 3061 3435 celebranda;
3096 3386 3162 3424 eo
3195 3372 3339 3441 quod
3386 3376 3552 3429 sancti

1945 3456 2225 3525 presbyteri
2256 3454 2602 3527 Hieronymus
2632 3468 2677 3512 et
2719 3457 3041 3527 Vincentius,
3070 3476 3279 3536 propter
3309 3482 3557 3521 ret-eruu-

1946 3548 2084 3602 diam
2119 3559 2163 3602 ct
2194 3550 2535 3605 humilitatem
2566 3553 2759 3606 nollent
2786 3554 2955 3608 debita
2987 3558 3181 3611 nomini
3202 3576 3296 3612 suo
3318 3576 3556 3616 exercere

1944 3643 2226 3710 sacriﬁcia.
2278 3643 2354 3700 De
2405 3647 2569 3699 variis
2623 3645 3044 3703 Ordinationunt
3103 3651 3273 3707 titulis
3332 3652 3440 3709 late
3493 3670 3555 3710 ac

1946 3736 2208 3806 praeclare
2239 3738 2347 3807 agit
2385 3736 2732 3795 ChziSIianus
2777 3741 2960 3810 Lupus
3003 3744 3054 3797 iti
3101 3748 3247 3799 notis
3281 3747 3345 3799 ad
3391 3764 3554 3803 rano-

1945 3848 2069 3888 nem
2100 3832 2133 3887 6
2163 3834 2381 3888 concilii
2415 3832 2903 3890 Chalcedonensis.

2018 3927 2143 3982 Post
2174 3944 2377 3983 annum
2412 3928 2518 3985 398
2548 3930 2805 3985 reducem
2850 3931 3104 3987 Rufinum
3144 3935 3196 3989 in
3236 3937 3471 4009 patriam
3500 3948 3557 3993 et

1946 4018 2139 4073 urbem
2194 4022 2541 4091 Aquileiam,
2600 4026 2937 4095 Aquileiensi
2996 4029 3148 4083 clero
3197 4040 3347 4085 extra
3402 4047 3557 4105 septa

1944 4113 2262 4169 Monasterii
2295 4130 2645 4187 aggregatunt
2678 4136 2703 4173 a
2733 4118 3056 4176 Chromatio
3078 4166 3090 4187 ,
3126 4126 3387 4197 colligere
3422 4145 3552 4199 p05—

1944 4219 2136 4260 suntus
2165 4222 2231 4262 ex
2259 4208 2541 4263 Gennadio
2571 4222 2790 4266 vetusto
2821 4214 3091 4284 scriptore
3120 4258 3132 4281 ,
3166 4219 3257 4288 qui
3283 4223 3460 4289 Capite
3489 4223 3551 4275 17

1944 4298 2012 4353 de
2073 4299 2210 4353 Viris
2270 4299 2429 4372 154
2488 4302 2793 4358 illustribus
2853 4305 3108 4361 Rufinum
3173 4309 3552 4380 Aquileiensem

1943 4393 2292 4463 presbyterum
2327 4405 2502 4449 vitent.
2538 4395 2592 4450 ld
2627 4395 2904 4454 inliciatur
2936 4401 3205 4469 Norisius,
3242 4405 3401 4475 Cujus
3434 4406 3551 4462 [nec

1944 4487 2107 4541 verba
2160 4498 2287 4541 sunt
2333 4488 2517 4543 librot
2559 4490 2814 4545 Historia:
2866 4492 3198 4565 Pelagiana},
3231 4499 3409 4567 capite
3456 4500 3490 4552 ‘2
3535 4518 3546 4553 :

1050 4584 1063 4619 :
1111 4568 1271 4638 idque
1325 4568 1693 4624 admonitione
1744 4584 1837 4622 sua
1867 4588 1920 4651 D
1950 4578 2129 4651 Neque
2183 4590 2297 4652 post
2353 4581 2575 4635 reditum
2616 4600 2647 4636 a
2695 4582 2994 4640 Cltromatio
3038 4590 3267 4643 antistite
3303 4590 3354 4643 in
3395 4608 3549 4645 suum

1945 4673 2139 4726 clerum
2170 4674 2423 4743 ascriptus
2453 4676 2651 4729 ridetur
2680 4692 2698 4731 :
2729 4679 2909 4731 ctenim
2952 4679 3110 4751 paulo
3148 4694 3261 4751 post
3292 4683 3411 4738 inde
3439 4684 3550 4740 dis-

1943 4769 2115 4832 cessit,
2150 4767 2410 4822 Orientem
2435 4771 2764 4842 repetiturus.
2802 4771 2933 4826 Falli
2968 4784 3096 4843 puto
3127 4775 3313 4831 Virttnt
3347 4778 3555 4835 doctis-

1943 4861 2164 4916 simum.
2197 4862 2445 4933 Aquileia
2489 4872 2618 4919 ante
2661 4880 2861 4920 annum
2901 4865 3007 4922 407
3042 4868 3370 4927 discessisse
3402 4872 3558 4928 Ruti-

1944 4969 2097 5019 lttlll,
2131 4954 2351 5024 probari
2381 4972 2486 5009 non
2519 4964 2716 5025 potest,
2750 4971 2809 5011 ut
2841 4960 2982 5014 intra
3013 4960 3327 5018 dicendum.
3348 4964 3549 5020 Verum

1942 5049 2106 5101 etiam
2137 5048 2332 5103 ascribi
2361 5050 2593 5105 clericos
2620 5068 2739 5106 aevo
2771 5053 2863 5106 ilio
2894 5054 3142 5123 potuisse
3181 5059 3416 5129 alicujus
3455 5062 3549 5116 Ec.

1942 5142 2125 5197 clesite
2156 5143 2298 5208 albo,
2329 5143 2458 5213 quin
2496 5144 2697 5200 ibidem
2730 5158 3147 5217 permanentem
3175 5154 3357 5208 sedem
3388 5157 3551 5210 habea

1943 5244 2085 5302 rent,
2114 5236 2354 5291 ostendit
2387 5237 2773 5295 Tillemontins
2802 5244 3054 5314 exemplo
3086 5246 3300 5303 Paulini
3326 5249 3543 5315 Nolani,

1939 5331 2029 5402 qui
2066 5330 2119 5385 in
2152 5332 2380 5401 epistola
2412 5334 2464 5397 5,
2496 5335 2633 5389 alias
2661 5335 2752 5402 45,
2786 5338 2853 5391 ad
2878 5339 3153 5411 Alypium,
3192 5360 3342 5398 num.
3378 5342 3433 5409 4,
3458 5360 3544 5396 re-

1942 5422 2043 5497 (ert
2074 5441 2086 5477 :
2118 5423 2463 5478 Ambrosium
2509 5426 2800 5482 Mediolani
2838 5432 3154 5486 Antistitem
3193 5452 3285 5488 suo
3323 5450 3380 5489 se
3408 5434 3548 5487 clero

1943 5514 2206 5569 vindicare
2234 5515 2474 5581 voluisse,
2505 5528 2557 5571 ut
2588 5521 2681 5572 etsi
2716 5522 2931 5577 dirersis
2956 5525 3081 5578 loris
3115 5526 3351 5595 degeret,
3385 5525 3548 5595 ipsius

1942 5613 2203 5683 presbyter
2229 5622 2538 5668 censeretur.

2017 5701 2106 5757 iV.
2157 5702 2343 5773 Neque
2382 5705 2558 5759 solum
2592 5707 2962 5771 Chromatius,
3000 5724 3192 5762 verum
3238 5710 3401 5762 etiam
3439 5712 3550 5778 ple-

1946 5794 2107 5867 rique
2165 5792 2496 5852 sanctissimi
2554 5800 2674 5866 viri,
2728 5802 2819 5873 qui
2873 5798 2975 5857 hac
3036 5809 3200 5858 actate
3249 5798 3545 5870 ﬂorebant,
