4084 6342
585 272 696 330 ωδ

1560 272 1652 330 DE
1691 273 1753 331 S.
1791 269 2200 331 CHROMATIO
2237 272 2450 333 EPISC.
2494 271 2929 343 AQUILEIENSI
3763 279 3852 338 lib

587 390 1030 449 communionem
1073 390 1271 448 Ruﬁno
1310 390 1755 449 Ecclesiasticam
1794 392 2185 462 largiebantur,
2219 400 2272 461 Α
2298 393 2581 457 Paulinus.
2618 404 2676 448 ut
2712 392 2876 449 dubia
2908 392 3178 458 solveret,
3218 404 3342 462 quas
3374 389 3673 447 communis
3713 394 3853 451 amici

588 486 658 541 ab
687 486 973 542 Anastasio
1000 487 1315 543 damnatum
1347 488 1572 544 minime
1597 487 1882 558 putabant,
1909 486 2191 542 fovebant-

587 595 694 650 que
730 594 853 635 cum
885 582 1009 652 ipso
1050 581 1369 637 amicitiam.
1416 581 1697 636 Habentur
1746 579 1961 635 Paulini
1998 578 2191 635 Nolani

603 673 856 743 epistola:
890 674 1077 743 plures
1105 673 1173 729 ad
1219 674 1416 745 ipsum.
1451 672 1564 728 Hoc
1602 673 1723 728 loco
1760 688 1877 727 eam
1903 672 2065 728 liceat
2097 690 2193 728 ex-

588 767 851 839 pendere,
892 784 1014 839 quaa
1047 768 1190 840 apud
1223 768 1537 824 Lebruuum
1565 766 1657 834 28,
1697 767 1832 822 alias
1872 766 1930 833 9,
1959 768 2027 821 ad
2060 765 2191 821 Sul-

593 863 792 934 picium
820 863 1069 919 Severum
1093 864 1216 919 data
1248 874 1353 931 est,
1380 878 1451 919 ex
1479 878 1583 934 qua
1614 862 1873 917 discimus
1903 879 1915 914 :
1951 870 2065 915 tum
2088 860 2190 916 Se-

588 972 779 1014 verum
835 957 1071 1013 Paulino
1122 957 1395 1029 quoddam
1440 957 1659 1012 misisse
1707 957 2191 1011 commonitorium

590 1053 825 1125 plurium
849 1052 1258 1118 difficultatum,
1283 1069 1419 1124 quas
1438 1054 1489 1108 in
1512 1053 1755 1109 Historia
1778 1053 1944 1109 Sacra
1963 1052 2193 1109 texenda

590 1145 918 1213 offenderat,
946 1146 1163 1213 sibique
1186 1162 1254 1202 ea
1267 1146 1439 1217 pediri
1471 1146 1697 1217 optabat
1723 1164 1736 1202 :
1763 1155 1874 1201 tmn
1905 1148 1974 1202 ab
2000 1148 2193 1202 eodem

591 1238 822 1295 Paulino
844 1239 1327 1295 commonitorium
1359 1240 1501 1295 idem
1532 1240 1913 1295 transmissum
1947 1240 2013 1294 ad
2046 1239 2194 1293 Ruﬁ-

591 1350 744 1401 num,
777 1344 835 1389 ut
860 1334 975 1405 ipse
1002 1350 1101 1406 pro
1123 1350 1208 1400 ea,
1238 1351 1343 1405 qua
1379 1334 1645 1404 pollebat,
1668 1334 1979 1390 eruditione
2007 1334 2195 1390 Severi

592 1428 946 1484 difﬁcultates
980 1429 1330 1499 explanaret.
1372 1429 1452 1483 Ita
1504 1445 1636 1484 vero
1682 1429 2019 1499 amplissimo
2053 1428 2198 1483 cele-

591 1522 712 1579 brat
731 1522 986 1579 Ruﬁuutn
1014 1524 1196 1595 elogio
1222 1542 1235 1578 :
1265 1522 1525 1579 Prtelerea
1549 1533 1718 1577 autem
1729 1524 1957 1597 jussisti,
1983 1524 2197 1576 nimium

592 1615 857 1688 opulenter
877 1617 969 1671 tibi
994 1623 1057 1672 de
1082 1634 1310 1691 paupere
1338 1627 1429 1671 tuo
1455 1615 1744 1683 blandiens,
1783 1626 1836 1669 ut
1863 1631 1980 1687 quia
2018 1616 2081 1669 de
2104 1634 2199 1670 an-

588 1712 798 1774 nalibus
839 1729 940 1766 non
969 1712 1122 1766 unius
1144 1712 1332 1786 gentis,
1363 1713 1454 1767 sed
1473 1712 1671 1785 generis
1698 1710 1913 1765 humani
1940 1716 2195 1783 fugerent,

2293 497 2535 542 tuentem
2564 486 2915 557 animumque
2942 485 3238 542 vexabant.

2364 579 2431 636 ν.
2466 579 2701 649 Operam
2740 579 2833 635 ille
2863 595 3042 645 suam,
3074 581 3348 650 vitamque
3381 579 3681 636 insumebat
3704 581 3751 636 in
3776 581 3857 639 lio-

2294 674 2461 730 miliis
2486 672 2743 745 Origenis
2770 673 2825 729 in
2853 673 3076 729 Sacram
3109 673 3445 744 Scripturam
3489 673 3620 729 latio
3650 676 3856 732 redden-

2292 770 2400 835 dis,
2428 771 2661 842 aliisque
2706 770 2930 841 proprio
2968 778 3144 826 marte
3171 770 3566 828 concinnandis
3608 773 3860 829 elucubra-

2296 865 2577 931 tionibus,
2633 881 2768 935 quas
2823 864 2955 921 viris
3014 866 3262 931 eximiis,
3322 882 3551 937 quorum
3616 867 3860 924 fruebatur

2294 960 2529 1014 amicitia
2585 968 2640 1015 et
2688 960 3109 1025 consuetudine,
3168 960 3538 1031 nuncupabat.
3580 959 3859 1019 Cltromatio

2295 1051 2631 1121 Aquileiensi
2659 1054 2915 1109 hontilias
2943 1053 2995 1108 in
3024 1053 3219 1108 librttm
3260 1052 3426 1109 JOsue
3458 1053 3625 1109 latine
3650 1055 3861 1111 redditas

2296 1146 2513 1215 obtulit,
2546 1147 2832 1219 ipsumque
2864 1148 2916 1203 in
2944 1148 3175 1219 epistola
3203 1149 3592 1219 uuncapatoria
3619 1165 3731 1218 qua:
3751 1151 3861 1207 falso

2298 1239 2351 1292 in
2385 1238 2617 1309 vulgatis
2662 1239 2996 1312 Hieronymo
3022 1240 3388 1311 adjudicatur,
3440 1240 3524 1295 his
3554 1240 3727 1297 verbis
3749 1242 3863 1297 allo-

2297 1330 2483 1400 quitur
2517 1349 2529 1385 :
2563 1331 2702 1397 Quia
2731 1348 2857 1404 ergo
2902 1345 2948 1387 et
2979 1343 3054 1400 tu,
3088 1351 3117 1387 ο
3145 1334 3215 1387 mi
3242 1350 3438 1403 semper
3476 1334 3763 1389 venerabilis
3787 1353 3863 1404 pa-

2298 1434 2373 1479 ter
2406 1423 2689 1489 Chromati,
2724 1428 2953 1499 injungis
2978 1438 3023 1481 et
3056 1428 3297 1499 prarcipis
3328 1428 3492 1493 nobis,
3529 1438 3582 1481 ut
3608 1428 3790 1498 aliquid
3808 1429 3863 1482 ad

2298 1518 2694 1588 aedificationem
2740 1528 2788 1573 et
2844 1521 3275 1575 constructionem
3316 1518 3425 1573 divi
3480 1519 3786 1574 tabernaculi
3813 1538 3865 1576 ex

2303 1610 2604 1667 Crazcorum
2646 1613 2825 1685 opibus
2854 1624 2903 1668 et
2940 1614 3102 1684 copiis
3129 1614 3501 1683 conferamus;
3542 1616 3864 1671 oratiunculas

2299 1707 2370 1763 26
2400 1708 2450 1761 in
2482 1706 2661 1763 Jesum
2699 1706 2864 1775 Nave,
2892 1726 3020 1778 quas
3050 1726 3112 1763 ea:
3141 1719 3368 1779 tempore
3395 1709 3449 1762 in
3474 1707 3705 1764 Ecclesia
3742 1726 3866 1779 pero—

593 1822 686 1879 ego
731 1805 970 1860 videlicet
997 1806 1144 1876 quasi
1170 1806 1386 1877 peritior
1417 1805 1750 1860 edocerem...
1795 1806 2030 1859 Attamen
2058 1803 2196 1876 quod
2229 1815 2276 1875 Β
2302 1801 2431 1854 ravit
2459 1799 2803 1855 Adamantius
2829 1817 3003 1865 senex,
3027 1818 3090 1856 ea:
3113 1818 3282 1874 grtvco
3305 1802 3464 1857 latine
3488 1802 3580 1857 tibi
3603 1820 3690 1872 pro
3709 1803 3866 1858 virium

593 1898 657 1953 de
684 1914 793 1951 meo
821 1916 922 1953 non
954 1898 1131 1965 habui,
1165 1900 1228 1952 de
1252 1898 1433 1968 fratris
1463 1897 1695 1951 unanimi
1735 1896 2055 1967 apulentiore
2082 1898 2197 1950 tlte-

594 2010 749 2048 sauro
778 1994 965 2063 petivi;
989 2004 1039 2048 et
1069 1993 1234 2064 ipsam
1262 1994 1647 2047 annotationem
1668 2034 1684 2059 ,
1712 2009 1867 2059 quam
1905 1990 2201 2046 Commoni-

596 2086 717 2141 torii
739 2086 845 2142 vice
875 2087 1115 2153 miseras,
1149 2086 1332 2141 litteris
1360 2087 1487 2141 meis
1514 2087 1765 2152 inditam,
1795 2084 1964 2140 direxi
1992 2086 2061 2139 ad
2087 2084 2192 2138 liu-

597 2179 763 2249 ﬁnum
805 2179 1182 2253 presbyterum,
1229 2191 1423 2234 sanctae
1462 2178 1707 2234 Melania:
1744 2180 1970 2251 spiritali
2005 2178 2060 2233 in
2096 2179 2199 2232 vita

599 2273 860 2338 comitem,
892 2290 1008 2328 vere
1037 2284 1272 2328 sanctum
1301 2283 1346 2327 et
1373 2273 1456 2345 pie
1477 2272 1704 2335 doctum,
1739 2280 1788 2325 et
1814 2271 1875 2325 ob
1896 2270 1995 2325 hoc
2020 2271 2200 2323 intima

597 2366 727 2420 mihi
754 2365 1030 2433 affectione
1049 2368 1409 2438 conjunctum.
1443 2365 1504 2421 Si
1540 2365 1629 2419 ille
1653 2363 1771 2433 ltus,
1805 2380 1921 2435 qua:
1948 2364 2127 2418 nterito
2155 2374 2202 2418 te

596 2472 892 2531 permovent
917 2461 980 2515 de
1013 2476 1273 2514 annorum
1300 2460 1406 2514 sive
1444 2474 1721 2531 regnorum
1753 2473 1856 2511 non
1888 2466 2203 2528 congruente

596 2554 822 2617 calculo,
856 2553 1051 2606 hiantis
1100 2552 1333 2607 historia:
1375 2568 1559 2606 causas
1602 2568 1706 2606 non
1745 2549 1997 2615 ediderit,
2030 2549 2115 2617 qui
2152 2559 2203 2603 et

593 2645 919 2701 scholasticis
944 2657 990 2700 et
1014 2646 1332 2701 salutaribus
1359 2645 1544 2700 litteris
1583 2644 1781 2716 (sacris
1809 2653 1865 2699 et
1904 2644 2200 2698 humanio-

600 2741 776 2812 ribus)
810 2757 979 2813 grtrce
996 2744 1159 2815 juxta
1188 2759 1250 2795 ac
1274 2741 1435 2795 latine
1465 2741 1607 2795 dives
1632 2749 1741 2807 est,
1776 2756 1953 2795 vereor
1974 2757 2037 2795 ne
2062 2741 2205 2811 apud

600 2835 763 2889 alium
818 2836 872 2890 in
922 2836 1005 2890 his
1054 2835 1349 2908 regionibus
1406 2832 1662 2907 (Italiaa)
1716 2838 1912 2906 frustra
1964 2834 2203 2905 requira-

603 2944 736 2983 mus.

674 3022 877 3079 Meutio
909 3022 1162 3079 Melania:
1186 3021 1422 3080 senioris
1443 3065 1458 3091 ,
1489 3038 1612 3079 cum
1645 3038 1749 3093 qua
1783 3022 2090 3093 spiritalem
2124 3022 2205 3076 vi-

602 3125 711 3174 tam
745 3118 798 3174 iu
827 3118 1064 3191 .Egypto
1085 3128 1140 3175 et
1162 3118 1563 3191 Hiemsolymis
1589 3119 1770 3190 plures
1797 3132 1969 3173 annos
1994 3126 2203 3173 transe-

2302 1910 2533 1948 mearum
2564 1894 2815 1965 parvitate
2858 1894 3099 1948 disserui.
3132 1894 3312 1967 Ipsum
3356 1895 3721 1952 Chromatium
3743 1912 3868 1953 com-

2301 1997 2460 2059 parat
2485 1988 2767 2052 Beseleeli,
2798 2003 2957 2058 quem
2995 1986 3181 2043 Divina
3217 1988 3501 2059 Scriptura
3528 1989 3691 2044 Exodi
3719 1990 3868 2059 capite

2302 2097 2432 2136 xxxi
2462 2091 2691 2150 narrat,
2746 2083 3028 2153 impletum
3062 2084 3228 2139 fuisse
3260 2083 3471 2154 Spiritu
3500 2084 3591 2138 Dei
3622 2085 3866 2154 sapientia,

2302 2185 2349 2229 et
2374 2176 2735 2248 intelligentia,
2769 2185 2816 2229 et
2841 2177 3055 2231 scientia
3070 2178 3121 2232 in
3147 2180 3286 2233 ontni
3309 2194 3462 2251 opere
3486 2178 3553 2235 ad
3578 2180 3869 2236 exstructio-

2305 2284 2432 2325 nem
2461 2269 2820 2325 tabernaculi.

2376 2363 2652 2429 lleraclio,
2692 2380 2853 2435 quem
2899 2368 3113 2435 fratrem
3151 2366 3416 2436 appellat,
3466 2375 3787 2438 nuncupatos
3812 2367 3868 2423 ab

2304 2457 2497 2514 eodem
2528 2457 2724 2513 Ruﬁno
2758 2460 3027 2515 habemus
3044 2459 3482 2516 Commentarios
3508 2461 3739 2531 ejusdem
3766 2460 3869 2517 Ori-

2304 2552 2459 2621 geuis
2504 2552 2559 2607 iu
2605 2553 2902 2622 Epistolam
2948 2555 3015 2609 ad
3052 2554 3326 2610 Romanos
3364 2556 3530 2610 latine
3590 2556 3867 2610 translatos.

2306 2646 2362 2701 In
2394 2649 2758 2718 peroratione,
2792 2664 2954 2718 quam
2980 2663 3261 2719 perperam
3292 2648 3622 2719 Hieronymo
3645 2649 3866 2704 tributam

2307 2742 2359 2797 iu
2378 2741 2607 2812 vulgatis
2624 2741 2951 2797 editionibus
2966 2744 3163 2798 evincit
3178 2742 3488 2798 Cotelerius
3514 2758 3581 2798 ex
3601 2756 3722 2796 is.
3743 2740 3869 2796 codi-

2306 2839 2481 2905 cibus,
2514 2854 2650 2907 opus
2679 2838 2824 2894 aliud
2847 2848 3133 2905 memorat,
3159 2838 3301 2905 quod
3324 2838 3629 2907 postulante
3645 2836 3867 2893 Gauden-

2309 2934 2386 2989 tio
2430 2932 2691 3004 episeopo
2736 2932 2990 2988 Brixiano
3034 2946 3325 3003 aggressus
3358 2932 3579 2986 fuerat:
3615 2929 3729 2984 Post
3766 2930 3867 2995 hoc,

2310 3027 2579 3097 inquiens,
2625 3042 2748 3080 sane
2777 3035 2919 3080 vocat
2958 3042 3050 3081 nos
3080 3042 3231 3099 Opus,
3257 3024 3395 3098 quod
3424 3026 3545 3080 olim
3571 3025 3762 3097 quidem
3797 3023 3866 3076 in-

2300 3122 2542 3193 junclum
2575 3128 2669 3185 est,
2710 3118 2798 3174 sed
2842 3136 2973 3173 nunc
2994 3137 3026 3173 a
3055 3117 3120 3175 Β.
3149 3118 3444 3173 Gaudentio
3493 3119 3719 3191 episcOpo
3744 3114 3869 3171 vehe-

601 3224 754 3286 gerat
784 3212 1041 3281 Rufinus,
1086 3214 1321 3269 reditum
1353 3213 1598 3284 ejusdem
1631 3213 1985 3284 pientissitna:
2025 3210 2201 3266 viduae
2230 3217 2277 3280 ί]
2310 3214 2529 3267 mentius
2547 3223 2873 3286 perurgetur,
2906 3212 3179 3268 Clementis
3203 3214 3395 3268 scilicet
3423 3215 3623 3267 romani
3650 3211 3867 3284 epismpi,

602 3307 656 3362 in
687 3305 899 3361 Italiam
949 3306 1196 3364 indit-are
1237 3306 1471 3363 videtur.
1506 3306 1561 3361 In
1606 3317 1874 3377 sequente
1914 3321 2047 3361 sane
2087 3303 2202 3377 epi-

601 3403 741 3457 stola
791 3399 857 3455 ad
907 3402 1160 3456 eumdem
1211 3401 1457 3457 Seserum
1497 3400 1664 3485 data,.
1693 3399 1882 3454 laudes
1930 3400 2051 3469 ejus
2088 3414 2204 3454 am-

606 3499 852 3569 plissime
879 3500 1229 3569 persequitur
1266 3498 1531 3553 Paulinus
1566 3515 1577 3549 :
1611 3497 1894 3567 ipsamque
1925 3504 2111 3551 narrat
2140 3512 2205 3551 ex

610 3590 937 3646 Hierusalem
968 3602 1082 3664 post
1102 3592 1324 3663 quinque
1348 3593 1513 3646 lustra
1541 3603 1849 3645 remeantem
1872 3607 1933 3646 se
1957 3591 2205 3661 hospicio

604 3683 881 3752 excepisse.
914 3682 1013 3739 Ubi
1046 3699 1220 3738 annos
1251 3682 1441 3753 viginti
1476 3684 1723 3754 quinque
1752 3682 2206 3738 commorationis

606 3777 1122 3848 llierosolymitanae
1150 3787 1402 3833 numerat
1435 3779 1553 3843 ille,
1588 3787 1800 3847 septem
1833 3789 2015 3834 autem
2042 3792 2206 3849 supra

605 3872 795 3944 viginti
827 3873 1099 3929 Palladius
1129 3875 1182 3929 iti
1216 3873 1453 3929 Historia
1485 3873 1771 3931 Lausiaca.

679 3967 933 4023 Redit-im
959 3968 1205 4025 Melaniae
1235 3985 1379 4024 anno
1401 3970 1507 4025 402
1530 3970 1741 4038 illigant
1764 3969 2004 4026 editores
2033 3971 2208 4027 Bene-

608 4061 794 4119 dictini
818 4063 1053 4134 Operuin
1084 4062 1142 4118 S.
1172 4063 1457 4131 Augustini
1488 4072 1641 4119 tonio
1698 4063 1739 4118 ll
1778 4064 1829 4118 in
1862 4064 2202 4135 praefatione,

608 4151 900 4212 Lebrunus
944 4159 995 4211 in
1042 4171 1179 4213 nOVa
1225 4161 1462 4226 Operum
1510 4156 1570 4213 S.
1624 4156 1833 4212 Paulini
1873 4157 2065 4213 Nolani
2101 4158 2211 4213 edi-

608 4252 775 4319 tione,
810 4260 867 4306 et
897 4249 1281 4306 Tilletnnntius
1310 4261 1435 4307 nota
1462 4252 1498 4305 2
1530 4252 1580 4304 iu
1619 4249 1799 4305 Vitam
1832 4250 1891 4307 S.
1934 4248 2203 4306 Melaniae.

608 4344 833 4416 Pagium
866 4345 1249 4401 adversantem
1284 4347 1559 4407 novimus,
1594 4344 1749 4416 cujus
1781 4345 2053 4401 sententia
2082 4354 2204 4399 est:

608 4437 865 4492 Ruﬁnum
901 4437 1059 4492 simul
1089 4455 1210 4493 eoin
1243 4438 1494 4504 Melania,
1536 4444 1651 4492 tum
1685 4439 1787 4492 iter
1825 4438 1879 4491 in
1925 4437 2206 4493 Orientem

604 4533 940 4602 suscepisse.
969 4542 1081 4587 tum
1113 4533 1165 4587 in
1191 4532 1403 4588 Italiam
1426 4530 1777 4601 remigrasse.
1803 4530 2013 4586 Prioris
2035 4531 2210 4585 Chro-

2304 3308 2659 3376 apostolorum
2697 3308 2896 3361 comitis
2936 3315 2983 3359 et
3026 3308 3369 3369 successoris,
3422 3306 3487 3360 de
3543 3305 3868 3380 Recognitionc

2307 3398 2447 3465 libri,
2480 3409 2534 3453 ut
2572 3399 2627 3453 in
2673 3399 2893 3453 latinum
2928 3407 3306 3453 vertantur.....
3345 3399 3499 3466 Quod
3542 3401 3678 3453 sime
3713 3396 3868 3452 Domi-

2306 3513 2402 3550 nus
2428 3496 2643 3566 implere
2675 3496 2983 3567 permiserit,
3030 3494 3312 3549 redibimus
3340 3494 3406 3549 ad
3430 3496 3549 3549 illos
3575 3490 3868 3565 (Atlaniantii

2308 3588 2477 3642 libros
2510 3588 2762 3643 versione
2791 3587 2958 3641 latina
2988 3586 3311 3657 vulgandos)
3341 3598 3386 3640 et
3412 3587 3481 3639 ad
3516 3598 3603 3641 tua
3623 3584 3864 3646 desideria,

2310 3696 2361 3739 ut
2392 3686 2444 3738 in
2476 3683 2822 3738 Numerorum
2860 3694 2909 3738 et
2940 3683 2991 3736 in
3036 3681 3423 3737 Deuteronomii
3448 3682 3621 3743 libros,
3656 3680 3753 3735 Deo
3770 3696 3866 3752 per-

2309 3780 2559 3844 mittente,
2598 3778 2773 3850 aliqua
2815 3778 3067 3831 dicamus.
3116 3776 3318 3831 Morem
3368 3778 3535 3847 gessit
3578 3776 3863 3837 Gaudentio,

2309 3871 2470 3927 ﬁdem
2504 3886 2655 3925 suam
2692 3878 2879 3940 postea
2911 3870 3160 3925 Iterat-lin
3192 3871 3544 3925 liberaturus.
3574 3871 3661 3926 Ait
3691 3884 3801 3923 vero
3822 3866 3862 3919 iu

2310 3968 2538 4037 prologo
2568 3965 3021 4036 Recognitionuni
3053 3981 3067 4017 :
3100 3964 3212 4019 Tibi
3233 3966 3457 4035 quidem,
3481 3962 3742 4030 Gaudenti,
3768 3976 3862 4015 nos-

2310 4072 2507 4117 trorum
2537 4061 2692 4116 decus
2727 4062 2929 4131 insigne
2969 4062 3357 4119 doctorum...“
3412 4081 3562 4131 opus,
3602 4060 3725 4133 quod
3762 4057 3862 4113 aliut

2310 4156 2615 4210 veneranda:
2652 4153 2912 4208 memoriae
2949 4154 3092 4225 virgo
3142 4155 3307 4209 Silvia
3352 4157 3658 4227 injunxerat,
3696 4162 3744 4206 ut
3777 4148 3861 4203 (Ile-

2312 4257 2531 4303 mentem
2559 4258 2748 4302 nostra:
2775 4247 2965 4319 lingua:
2993 4247 3345 4314 redderemus,
3368 4261 3412 4302 et
3444 4261 3497 4303 tu
3531 4249 3747 4317 deinceps
3760 4247 3857 4317 jure

2311 4342 2643 4398 htereditario
2670 4344 2932 4411 poscebas,
2957 4343 3071 4397 licet
3115 4344 3303 4399 multas
3327 4355 3443 4416 post
3482 4362 3662 4403 moras.
3692 4339 3856 4394 tandem

2313 4436 2596 4506 aliquando
2634 4437 2974 4491 restituimus.
3033 4434 3088 4491 In
3146 4440 3311 4493 citata
3384 4447 3720 4507 peroratione
3761 4436 3855 4503 ροει

2313 4533 2737 4587 commentarios
2784 4532 2836 4586 in
2878 4532 3170 4601 epistolam
3201 4532 3269 4589 ad
3316 4533 3609 4599 Romanos,
3649 4526 3853 4600 Origenis

604 4624 925 4697 nugraphiae
949 4626 1176 4681 calculis
1203 4627 1624 4696 acquiescimus,
1646 4639 1783 4694 quos
1797 4625 2013 4696 egregie
2034 4625 2206 4695 pluri-
2233 4622 2287 4682 D
2316 4624 2591 4681 volumina
2620 4635 2891 4691 recenset,
2923 4642 3045 4696 quae
3076 4627 3245 4682 latino
3285 4641 3539 4683 Sermone
3583 4628 3853 4695 interpreta-

605 4718 709 4774 bus
736 4721 1080 4789 argumentis
1113 4718 1396 4773 vindicant
1416 4734 1478 4774 ac
1502 4732 1755 4773 asserunt
1778 4718 1971 4773 Petrus
2002 4727 2059 4774 et
2087 4718 2210 4774 Hie-

607 4830 874 4886 ronymus
917 4813 1143 4869 Fratres
1173 4812 1429 4868 Balleriui
1456 4853 1469 4878 ,
1509 4811 1816 4883 presbyteri
1853 4812 2009 4885 155
2040 4812 2215 4868 Vero-

609 4920 814 4963 nenses
845 4906 988 4961 libro
1020 4921 1037 4961 l
1064 4905 1524 4961 Observationum
1564 4906 1618 4960 in
1656 4922 1821 4975 opera
1849 4905 2071 4961 Henrici
2100 4905 2212 4961 No-

610 5000 729 5056 risii
757 5000 935 5068 capite
962 4997 1019 5066 2,
1054 5014 1204 5054 num.
1231 4997 1285 5054 5.
1311 4998 1449 5056 Hinc
1477 4998 1740 5054 Paulinus
1770 5000 2034 5071 praedicto
2062 4998 2213 5053 Ruﬁ-

610 5108 741 5148 num
785 5098 1020 5147 exornat
1062 5090 1245 5162 elogio
1285 5100 1409 5162 post
1450 5106 1676 5162 magnos
1715 5091 1766 5145 in
1812 5091 1987 5161 ipsum
2023 5089 2212 5146 Romae

609 5184 875 5240 tumultus
905 5182 1229 5238 concitatos.
1258 5183 1490 5239 Accedit
1528 5183 1874 5239 coulirmatio
1899 5199 1966 5239 ex
1997 5182 2209 5255 epocha

604 5278 929 5350 conscriptas
958 5292 991 5333 a
1023 5277 1265 5348 Sulpicio
1292 5276 1500 5334 Severo
1533 5278 1788 5335 Historiae
1813 5277 2018 5345 Sacrae,
2044 5294 2207 5349 quam

604 5372 806 5429 ducere
835 5372 1019 5427 animo
1056 5382 1383 5443 conceperat
1412 5388 1573 5441 usque
1603 5372 1657 5426 in
1687 5372 1989 5427 Sliltconem
2016 5388 2205 5427 consu-

600 5468 723 5535 lem,
751 5475 809 5523 ut
830 5467 907 5522 ait
933 5464 1072 5521 libro
1099 5465 1363 5528 secundo.
1391 5481 1589 5521 annum
1614 5467 1828 5522 scilicet
1849 5466 2050 5523 Christi
2078 5466 2206 5523 400.

601 5558 716 5617 Hoc
744 5559 908 5632 igitur
938 5575 1083 5616 anno
1114 5558 1405 5615 historiam
1432 5576 1583 5615 suam
1610 5562 1913 5617 adornabat
1941 5562 2203 5629 Severus,

602 5673 832 5730 eamque
856 5675 965 5713 uno
998 5658 1086 5714 vel
1125 5657 1301 5714 altero
1342 5666 1463 5725 post
1500 5674 1644 5713 anno
1676 5659 1952 5713 absnlvit:
1983 5658 2207 5713 eodem-

600 5768 709 5823 que
732 5754 954 5809 circiter
987 5764 1235 5823 tempore
1262 5750 1651 5808 difficultatum
1673 5793 1689 5821 ,
1722 5768 1859 5824 quas
1893 5752 2208 5807 offendebat

598 5843 860 5916 Severus,
877 5848 1362 5905 commonitorium
1384 5857 1669 5920 acceptum
1691 5848 1842 5906 misit
1860 5847 1926 5903 ad
1949 5845 2205 5903 Ruﬁnum

2313 4724 2396 4771 tus
2420 4717 2534 4786 jam
2566 4716 2780 4772 fuerat:
2825 4716 3085 4773 Homilias
3110 4721 3215 4773 sive
3245 4717 3610 4774 Oratiunculas
3642 4718 3689 4771 in
3721 4713 3850 4769 Genec

2308 4809 2427 4876 sim,
2458 4817 2504 4863 et
2546 4810 2599 4863 in
2650 4808 3012 4866 Exodum.....
3048 4823 3095 4866 et
3128 4814 3181 4867 in
3213 4814 3405 4867 librum
3447 4812 3730 4869 Levitici....
3754 4804 3851 4860 etin

2308 4899 2491 4956 Iesum
2518 4901 2687 4971 Nave,
2717 4914 2766 4959 et
2814 4905 2870 4959 in
2912 4905 3165 4959 Judicum
3203 4906 3407 4969 librant,
3433 4920 3476 4962 et
3507 4908 3561 4960 in
3588 4900 3851 4978 trigesimum

2309 5009 2531 5065 sextum,
2556 5009 2601 5053 et
2628 5000 2682 5054 in
2704 5002 3025 5074 trigesimum
3045 5003 3343 5069 septimum,
3369 5016 3413 5055 et
3436 5003 3733 5074 trigesimum
3746 5000 3851 5047 octa-

2310 5107 2425 5144 vum
2454 5094 2735 5163 psalmum.
2781 5094 2899 5148 Alia
2927 5094 3050 5164 ejus
3092 5110 3258 5165 opera
3300 5095 3528 5151 Paulino
3555 5095 3759 5151 Nolano,
3783 5080 3851 5138 Ur-

2310 5185 2425 5240 seio
2464 5186 2667 5252 abbati,
2717 5195 2773 5242 et
2816 5188 3029 5244 Donato
3058 5200 3393 5261 nuncupata,
3436 5189 3609 5262 capite
3640 5186 3851 5255 seqlleﬂw

2312 5280 2755 5336 memorabimus.

2390 5373 2550 5446 156
2581 5373 2665 5429 Vl.
2701 5374 2781 5430 Ad
2824 5373 3201 5431 Chromatium
3250 5386 3497 5433 nostrum
3541 5375 3671 5433 redit
3694 5357 3849 5423 orati".

2310 5469 2464 5539 cujus
2486 5470 2801 5524 sollicitudo
2826 5484 2923 5539 per
2950 5473 3065 5527 haec
3094 5480 3333 5541 tempora
3355 5473 3587 5528 maxime
3605 5455 3794 5524 emicuit
3810 5452 3850 5505 in

2310 5564 2457 5635 gravi
2481 5578 2643 5619 causa
2672 5564 2898 5620 Joannis
2939 5567 3343 5639 Chty~ostumi,
3371 5570 3499 5624 sede
3520 5553 3855 5623 Cottstanlillo‘

2313 5658 2555 5727 politaua
2607 5674 2703 5729 per
2752 5659 2858 5714 vim
2891 5674 2954 5714 ac
3000 5660 3254 5731 iujuriam
3301 5661 3594 5717 deturbati.
3644 5646 3852 5712 Eudoxus

2310 5753 2561 5823 superba:
2620 5755 2982 5825 imperatricis
3041 5756 3427 5826 instigatinue,
3491 5771 3554 5812 ac
3617 5752 3856 5829 Theophili

2315 5844 2670 5904 Alexandrini
2699 5856 2756 5905 et
2782 5850 3191 5921 eonjuratorum
3213 5851 3589 5922 episcoporum
3618 5848 3757 5907 malis
3786 5871 3853 5914 aro
