4084 6342
198 283 301 344 ηδ

1037 281 1477 343 DILUCIDATIU
1519 285 1825 349 ALTERA,
1869 283 2214 344 BERNARDI
2260 285 2348 344 DE
2388 287 2660 346 llUBl‘IlS.

3402 299 3507 356 426

195 403 355 470 tibus,
391 402 723 461 damnatum
755 404 1156 462 sanctissimum
1198 405 1377 460 virum
1420 422 1564 459 anno
1603 405 1707 460 405
1752 402 1806 458 in
1835 411 1888 470 Α
1913 403 2126 460 cadium
2178 405 2332 479 157
2367 407 2838 463 transmittendas.
2894 407 3123 466 Fuerint
3156 411 3388 468 fortasse
3443 416 3512 469 ad

194 496 656 571 pseudo-synodo
704 499 884 554 habita
934 501 986 554 itt
1032 500 1294 555 suburbio
1333 499 1692 555 ChalcedOnis
1739 498 1806 553 ad

194 589 494 658 Quercum,
546 593 774 650 decreto
812 609 910 649 suo
940 592 1206 650 Arcadius
1243 593 1516 666 Augustus
1561 593 1809 649 exsulare

190 681 367 756 jussit.
424 684 648 756 Ingenti
697 698 854 743 terra:
893 700 1047 764 tnntu
1080 686 1245 754 facto,
1274 701 1338 742 ac
1372 687 1528 756 plebe
1558 686 1624 741 ad
1667 685 1809 741 sedi-

194 780 395 836 tionem
431 793 731 854 vergente,
753 785 821 838 ab
848 783 1046 840 exsilio
1079 793 1372 840 revocatus
1399 794 1503 839 est.
1536 784 1813 854 lmpoten-

193 878 296 928 tem
322 871 474 927 haud
499 875 722 929 remisit
752 874 887 929 irant
916 875 1184 942 Eudoxio,
1213 875 1391 933 donec
1415 876 1613 932 iterum
1640 877 1692 931 in
1714 892 1808 946 sy-

190 967 331 1025 nodo
358 967 854 1041 Constantinopoli
895 986 1041 1026 anno
1071 971 1179 1028 404
1217 972 1496 1028 celebrata
1525 973 1594 1027 ab
1618 972 1810 1028 adver-

190 1065 345 1121 sariis
371 1080 686 1136 oppressus
714 1066 766 1120 iti
807 1067 1062 1123 exsilium
1102 1065 1530 1139 Chrysostomus
1557 1066 1809 1138 deporta-

191 1164 308 1212 tur:
356 1170 470 1226 quo
525 1157 886 1228 perdurante,
949 1160 1358 1215 sanctissimum
1421 1159 1544 1213 vita:
1591 1174 1809 1214 cursum

190 1253 601 1309 oonSuntmavit
652 1253 743 1310 die
796 1254 861 1309 14
900 1253 1232 1326 septembris
1271 1255 1399 1309 anni
1441 1253 1569 1309 407.
1613 1253 1810 1310 Sedem

190 1362 350 1420 porro
383 1348 582 1403 eximii
618 1348 869 1419 prmsulis
894 1349 945 1403 in
972 1349 1223 1404 exsilium
1246 1350 1350 1405 acti
1392 1349 1675 1420 occupavit
1708 1348 1817 1419 pti-

191 1458 330 1500 tttum
365 1444 660 1510 Arsacias,
689 1454 801 1499 tum
835 1444 1068 1500 Atticus.

256 1536 405 1594 Sede
433 1553 533 1592 sua
566 1554 694 1594 cum
724 1538 926 1608 injttstc
955 1537 1215 1608 depulsus
1239 1538 1490 1593 exsilium
1512 1541 1818 1610 patiebatur

191 1629 651 1703 Cltrysostomus,
702 1631 913 1686 litteras
949 1631 1103 1686 dedit
1139 1630 1206 1686 ad
1245 1630 1618 1687 Innocentium
1653 1631 1705 1699 l,
1730 1649 1818 1687 ro-

190 1742 410 1783 manum
444 1726 793 1794 pontilicem,
825 1726 916 1794 qni
943 1725 1236 1782 Anastasio
1253 1742 1398 1782 anno
1418 1726 1517 1783 401
1556 1727 1820 1782 suffectus

1910 503 2087 571 ipsum
2119 504 2576 576 Chrysostomum
2608 505 2750 561 datin
2792 509 2888 579 (b).

1981 594 2214 663 Operam
2245 597 2333 650 ille
2366 599 2585 652 rescivit
2609 598 2664 654 in
2691 599 3084 672 exsilio,quam
3112 619 3207 674 pro
3232 622 3328 660 sita
3345 622 3510 663 causa

1910 689 2328 762 diligentissime
2353 703 2648 750 navaverat
2670 695 3042 767 Aquileiensis
3073 701 3392 770 episc0pus,
3420 703 3511 771 qui

1909 784 2147 853 amplum
2179 783 2385 841 idcirco
2418 788 2484 842 ab
2510 787 2704 843 eodem
2731 786 3124 862 Chrysostomo
3154 794 3390 864 elogium
3412 834 3426 858 ,
3456 803 3514 851 et

1911 877 2108 932 multas
2140 888 2323 949 grates
2367 894 2511 934 anno
2537 879 2645 937 406
2676 893 3007 938 consecutus
3036 894 3140 938 est.
3174 887 3257 940 Ait
3289 890 3433 941 enim
3460 887 3513 943 in

1913 969 2110 1026 litteris
2139 971 2205 1026 ad
2251 971 2427 1042 ipsum
2465 973 2649 1032 datis:
2682 975 2985 1032 Clarissima
3028 980 3271 1050 ferventis
3313 991 3418 1035 tua:
3455 997 3516 1035 ac

1913 1064 2127 1120 sincera:
2152 1066 2424 1122 cltatitatis
2453 1069 2574 1123 tuba
2600 1069 2670 1122 ad
2691 1087 2783 1124 nos
2817 1087 2978 1141 usque
3011 1089 3196 1126 sonum
3229 1090 3381 1128 suum
3409 1075 3517 1146 dif-

1915 1158 2074 1229 fudit.
2103 1197 2117 1211 .
2145 1198 2158 1212 .
2188 1200 2201 1215 .
2237 1158 2350 1215 Nec
2387 1162 2481 1215 hos
2503 1205 2516 1229 ,
2552 1162 2670 1218 licet
2694 1165 2894 1235 alioqui
2925 1165 3211 1238 tam-longe
3239 1169 3490 1240 disjuneti
3507 1212 3519 1231 ,

1915 1250 2084 1303 minus
2115 1266 2270 1320 quam
2303 1251 2336 1303 ii
2365 1252 2454 1322 qui
2479 1252 2670 1307 adsunt
2693 1253 3188 1310 vehementissimam
3215 1269 3368 1328 atque
3399 1260 3520 1332 igne

1918 1343 2118 1414 plenam
2143 1342 2476 1410 cltaritalem,
2502 1346 2854 1419 sinceramque
2884 1358 2931 1401 et
2966 1351 3160 1420 ingenti
3193 1352 3426 1406 libertate
3453 1369 3516 1406 ac

1919 1437 2115 1507 ﬁducia
2163 1439 2431 1508 perfusam
2464 1439 2733 1514 linguam,
2766 1451 2918 1512 atque
2959 1443 3347 1498 adamantinam
3389 1463 3517 1500 cou-

1919 1533 2196 1588 tentionem
2226 1535 2551 1602 exploratam
2577 1531 2843 1589 habemus.
2870 1535 3085 1590 Gratias
3113 1537 3225 1606 agit
3247 1537 3521 1606 amplissi-

1921 1642 2038 1682 mas
2071 1643 2165 1696 pro
2194 1627 2543 1697 diligentiore
2569 1628 2772 1695 studio,
2803 1630 2946 1698 quod
2977 1647 3166 1702 magna
3194 1634 3359 1686 animi
3385 1649 3519 1688 con-

1922 1721 2162 1776 tentione
2205 1723 2256 1775 in
2301 1721 2419 1791 ejus
2460 1723 2747 1790 pra'stabat
2793 1739 2952 1778 causa
2982 1742 2995 1778 :
3024 1725 3307 1796 ipsumque
3338 1739 3521 1798 rogat,

191 1819 363 1876 fuerat
403 1819 498 1875 die
529 1818 566 1874 4
607 1819 946 1885 decembris,
987 1829 1082 1874 aut
1126 1835 1270 1874 anno
1317 1820 1638 1891 insequente
1685 1819 1814 1890 402,
1849 1825 1895 1885 Β
1923 1821 1981 1868 ut
2020 1813 2064 1868 si
2111 1814 2378 1869 tabellarii
2423 1826 2753 1881 occurrant,
2781 1817 2870 1886 qui
2915 1816 2981 1872 ad
3025 1817 3146 1886 ejus
3175 1818 3521 1876 solitudinem

190 1913 274 1970 die
301 1914 372 1969 27
401 1914 634 1984 aprilis,
668 1924 724 1968 ut
755 1913 878 1968 aliis
897 1913 1100 1986 placet.
1137 1912 1372 1968 Litteras
1402 1913 1620 1969 easdem
1646 1913 1817 1968 rcl‘ert

192 2006 470 2063 Palladius
505 2007 565 2062 in
603 2007 822 2078 dialogo
865 2006 931 2061 de
965 2005 1082 2061 Vita
1112 2007 1357 2075 ejusdem
1396 2007 1812 2079 Chrysostomi:

191 2099 512 2170 simileSqne
544 2111 781 2156 teSlatttr
804 2098 880 2172 (η)
909 2099 1143 2170 scriptas
1164 2100 1232 2154 ab
1261 2115 1327 2155 eo
1355 2099 1524 2156 luisse
1551 2099 1620 2153 ad
1653 2099 1815 2154 Vene-

192 2193 324 2251 rium
345 2196 665 2268 cpiswpum
687 2193 1002 2260 Mediolani,
1032 2205 1079 2248 et
1099 2195 1166 2248 ad
1189 2193 1543 2250 Chromatium
1571 2194 1818 2264 Aquileia:

192 2293 514 2364 episc0pum.

261 2383 432 2455 Opem
472 2383 884 2456 Chrysostonto
917 2402 1016 2455 pro
1053 2402 1149 2441 sua
1180 2388 1507 2443 auctoritate
1537 2403 1602 2445 ac
1647 2387 1820 2460 digni-

195 2488 304 2537 tate
349 2481 668 2536 collaturus
709 2480 1084 2544 lanoccntius,
1135 2483 1352 2538 litteras
1402 2484 1468 2538 ad
1522 2483 1818 2540 Honorium

196 2573 602 2644 imperatorem
638 2573 810 2629 misit.
844 2574 941 2629 llis
989 2575 1222 2647 Augusti
1251 2577 1414 2646 pietas
1449 2586 1590 2631 mota
1633 2576 1822 2649 (verba

198 2681 321 2728 sunt
353 2669 623 2741 Palladii)
650 2669 798 2740 jubet
842 2669 1261 2724 Occidentalium
1295 2671 1554 2743 synodum
1595 2673 1748 2742 cogi:
1777 2678 1825 2726 et

201 2780 314 2819 cum
353 2781 522 2818 unam
563 2763 726 2817 simul
768 2764 1073 2817 sententiam
1115 2765 1376 2832 tulissent,
1410 2780 1522 2819 eam
1561 2763 1629 2819 ad
1676 2779 1825 2818 suam

205 2860 451 2930 pietatem
489 2858 712 2930 referri.
735 2857 1114 2930 Congregatos
1141 2871 1331 2915 narrat
1357 2861 1502 2916 idem
1544 2860 1828 2916 Palladius

207 2954 383 3012 Italiae
411 2956 745 3026 episcOpos.
807 2955 992 3010 [laniat
1022 2955 1265 3029 synodus
1296 2957 1476 3010 habita
1522 2965 1626 3011 est.
1658 2955 1830 3012 Orant

207 3064 336 3106 vero
393 3051 600 3104 Patres
660 3049 1004 3116 supplicibus
1055 3050 1122 3104 ad
1181 3050 1571 3116 imperatorem
1627 3049 1830 3106 oblatis

209 3143 441 3210 libellis,
470 3142 614 3198 velit
646 3144 766 3213 ipse
795 3141 950 3198 fratri
983 3160 1082 3200 suo
1113 3152 1170 3198 et
1201 3143 1415 3212 imperii
1446 3145 1834 3209 consorti,Ar-

211 3235 376 3291 cadio
406 3235 750 3298 rescribere,
787 3245 843 3290 ttt
863 3235 1057 3306 jubeat
1082 3237 1354 3310 synodum
1395 3237 1513 3292 ﬁeri
1545 3237 1838 3294 'l‘liessalo-
1865 3230 1911 3293 C

213 3328 392 3394 nicm;
427 3343 547 3398 quo
575 3328 793 3383 facilius
819 3338 1050 3400 utraque
1079 3346 1210 3398 pars
1231 3329 1476 3385 Orientis
1494 3340 1550 3385 et
1575 3331 1845 3385 Occiden-

217 3424 284 3480 tis
312 3435 538 3481 certum
575 3439 641 3479 ac
688 3424 1052 3479 indubitatum
1099 3424 1169 3481 de
1198 3425 1428 3480 Joannis
1459 3424 1844 3496 Chrysostomi

217 3529 386 3573 causa
437 3517 718 3587 judicium
749 3518 908 3572 lerat.
944 3517 1286 3573 Sanctissimi
1313 3519 1409 3573 viri
1454 3534 1676 3574 causam
1707 3529 1850 3594 stre-

221 3625 331 3666 nue
382 3609 678 3665 tutabatur
729 3608 1102 3674 Chromatius,
1163 3612 1322 3680 cujus
1378 3611 1671 3678 epistolam
1740 3627 1845 3667 una

221 3719 349 3761 cum
395 3702 609 3758 litteris
641 3703 852 3757 romani
906 3702 1190 3773 pontificis
1219 3703 1419 3775 delegit
1456 3703 1755 3770 llonorius,
1794 3713 1853 3759 ut

226 3813 322 3856 eas
351 3797 422 3852 ad
455 3795 760 3852 Arcadium
793 3796 1062 3852 mitteret.
1097 3797 1224 3852 lltec
1265 3796 1335 3851 ad
1368 3813 1574 3853 annum
1601 3798 1705 3853 405
1729 3813 1851 3867 per-

226 3892 434 3948 tinent.
471 3892 566 3945 Ait
595 3904 730 3944 vero
761 3889 1035 3945 Honorius
1065 3890 1117 3946 itt
1151 3890 1384 3961 epistola
1415 3890 1481 3946 ad
1516 3892 1809 3947 Arcadium
1837 3914 1851 3948 :

233 3985 501 4052 Quantam
537 3984 678 4038 enim
712 3985 780 4038 sit
827 3983 1241 4040 Occidentalium
1281 3988 1345 4042 de
1364 3985 1571 4042 Joanne
1609 3987 1853 4058 episcopo

229 4080 520 4143 sententia,
568 4095 632 4133 ea:
681 4079 918 4134 omnibus
963 4080 1220 4152 epistolis,
1258 4096 1371 4149 qua:
1411 4081 1480 4134 ad
1523 4097 1602 4134 me
1647 4080 1856 4148 scriptte

232 4185 380 4240 sunt,
425 4175 566 4228 duas
610 4173 856 4244 subjunxi
884 4216 898 4238 ,
931 4191 1088 4230 unam
1129 4174 1394 4239 Romani,
1435 4176 1657 4230 alteram
1692 4175 1855 4246 Aqui-

236 4268 455 4324 leiensis
479 4268 732 4340 episcOpi.

307 4363 586 4416 Romana:
630 4360 893 4416 Ecclesiae
933 4362 1118 4432 legati,
1159 4362 1344 4417 litteris
1373 4361 1600 4434 acceptis
1634 4361 1858 4433 impera-

239 4459 376 4514 toris
427 4455 687 4520 Honorii,
732 4455 1055 4523 Innocentii,
1091 4466 1137 4512 et
1177 4455 1432 4511 Italorum
1475 4456 1859 4524 episcoporum,

243 4552 547 4607 Chronuttii
607 4551 983 4622 Aquileiensis,
1029 4562 1076 4608 et
1145 4550 1348 4606 Venerii
1414 4549 1861 4617 Mediolanensis,

1919 1918 2010 1964 aut
2033 1909 2210 1966 exsilii
2240 1911 2420 1965 locum
2451 1911 2720 1975 venerint,
2750 1911 2817 1966 de
2833 1925 2930 1966 sna
2960 1912 3273 1968 valetudine
3298 1914 3523 1970 scribat.

1920 2001 2038 2057 Scis
2067 2003 2235 2070 enim,
2267 2003 2438 2074 inquit
2457 2046 2470 2068 ,
2501 2017 2751 2075 quantum
2774 2004 2894 2059 ltinc
2924 2008 3206 2076 voluptatis
3229 2010 3527 2082 percepturi

1919 2098 2114 2163 simus,
2147 2114 2265 2151 cum
2301 2099 2364 2151 de
2398 2096 2668 2151 hominunt
2709 2109 2815 2152 tam
2849 2098 3096 2155 ardenter
3123 2119 3215 2155 nos
3243 2105 3528 2158 amantium

1921 2209 2169 2265 prospera
2198 2192 2490 2248 valetudine
2521 2193 2750 2246 crebrius
2792 2194 2860 2246 ad
2902 2211 2994 2248 nos
3023 2193 3290 2262 a/feratur.
3325 2195 3527 2252 Infecta

1922 2303 2016 2352 rc,
2045 2287 2206 2358 legati
2239 2287 2551 2353 redierunt;
2585 2287 2918 2357 impediente
2949 2287 3279 2360 Tlteopbilo,
3311 2307 3378 2346 ne
3400 2306 3530 2359 syn-

1922 2381 2060 2439 odus
2106 2383 2503 2449 celebraretur,
2546 2383 2597 2436 in
2642 2399 2778 2451 qua,
2812 2383 3042 2438 detectis
3084 2385 3224 2440 dolis
3274 2385 3426 2454 ejus,
3467 2386 3532 2442 li-

1925 2475 2090 2545 quido
2136 2475 2398 2545 patuisset
2440 2475 2750 2530 innocentia
2793 2476 3198 2548 Cltl‘ySOSlmiti.
3245 2479 3445 2534 Misero
3477 2491 3533 2536 et

1927 2569 2117 2638 iniquo
2147 2569 2475 2624 sanctissimi
2504 2569 2610 2624 viri
2640 2569 2836 2625 exsilio
2867 2586 3016 2626 mors
3039 2571 3200 2625 linem
3236 2573 3493 2642 imposuit
3518 2591 3533 2630 :

1927 2665 2161 2734 egregiae
2192 2679 2321 2718 vero
2348 2661 2650 2719 Cltromatii
2688 2664 2861 2719 nostri
2895 2681 3024 2736 erga
3045 2666 3218 2735 ipsum
3255 2666 3538 2724 charitatis

1927 2769 1985 2817 et
2007 2759 2398 2816 sollicitudinis
2431 2775 2724 2828 numquam
2755 2758 2970 2816 excidet
2995 2761 3281 2816 memoria.

2521 2874 2752 2933 CAPUT
2794 2877 2933 2933 Xlll.

1931 2973 2140 3024 Mortem
2165 2970 2269 3020 obit
2295 2966 2619 3028 Chromatius,
2644 2971 2783 3032 cujus
2806 2984 2960 3031 ape-ra
2988 2979 3334 3022 recensentur.
3356 2974 3539 3026 Sedem

1996 3033 2370 3096 Aquileiensem
2398 3033 2701 3096 Augustinus
2727 3035 3029 3096 conscendit.
3071 3033 3295 3096 Aquileia
3330 3038 3542 3087 disCodit

1995 3093 2214 3160 Btillnus.
2240 3095 2463 3160 (Reliqua
2485 3093 2630 3160 hujus
2649 3093 2823 3158 capitis
2843 3093 3143 3156 omittuntur,
3163 3109 3272 3160 qua:
3295 3099 3362 3148 ad
3387 3099 3540 3152 Cltro-

1995 3156 2196 3210 matium
2211 3155 2305 3208 nan
2328 3155 2608 3220 pertinent.)

2014 3241 2056 3298 l.
2088 3241 2498 3304 Sanctissimatn
2521 3240 2758 3311 denique
2779 3242 2970 3306 vitam,
2998 3242 3323 3314 laboresque
3345 3246 3545 3302 multos

1947 3336 2345 3406 prarclarosque
2395 3350 2490 3406 pro
2533 3333 2777 3389 Ecclesia
2824 3335 3076 3389 universa
3119 3346 3174 3392 et
3212 3337 3549 3406 Aquileicnsi

1944 3427 2292 3484 Chromatius
2322 3429 2754 3493 consummavit,
2783 3427 2942 3497 cujus
2972 3435 3234 3485 memoria
3273 3430 3362 3486 die
3395 3432 3431 3487 2
3457 3432 3554 3488 de-

1947 3523 2185 3580 cembris
2211 3523 2411 3578 colitur
2449 3524 2501 3577 in
2544 3521 2805 3578 Ecclesia:
2839 3522 3016 3578 fastis.
3049 3523 3186 3578 Viue
3215 3524 3335 3592 ejus
3367 3527 3557 3582 termi-

1951 3633 2076 3673 num
2109 3616 2222 3688 ligit
2249 3615 2526 3672 Uandulus
2555 3630 2700 3671 anno
2726 3614 2932 3670 Christi
2960 3616 3090 3671 407.
3110 3617 3260 3672 lianc
3286 3619 3550 3689 epochani

1951 3710 2176 3766 indicari
2222 3724 2252 3764 a
2294 3709 2524 3764 Pattlino
2567 3707 2778 3764 Nolano
2821 3709 2874 3762 in
2916 3709 3146 3779 epistola
3193 3710 3259 3765 ad
3296 3710 3550 3769 Rufinum

1951 3804 2103 3870 data,
2140 3804 2276 3859 infra
2307 3802 2596 3858 dicendum
2629 3811 2735 3858 est.
2765 3802 3031 3860 Tenuisse
3059 3802 3433 3863 Chromatium
3462 3809 3560 3864 ad-

1952 3897 2032 3952 dit
2072 3895 2355 3952 Dandnltts
2401 3895 2704 3952 Ecclesium
2739 3895 3005 3966 Aquileia:
3026 3939 3040 3963 ,
3073 3899 3224 3952 annis
3251 3899 3317 3956 18
3337 3902 3452 3971 jam
3498 3920 3560 3957 ea:

1955 3989 2307 4045 invasionibus
2343 3987 2695 4043 Barbarorum
2725 3989 3013 4058 plurimum
3040 3987 3206 4043 Italia
3233 3993 3557 4062 perturbata.

1959 4081 2138 4136 Prima
2170 4081 2381 4136 scilicet
2403 4082 2520 4135 vice
2547 4079 2797 4135 Alaricus
2825 4095 2971 4135 anno
2996 4081 3125 4147 400,
3151 4082 3350 4154 irrupit
3376 4087 3428 4140 in
3457 4087 3564 4142 Ita-

1958 4175 2120 4240 liam,
2164 4173 2321 4242 longe
2365 4173 2584 4242 lateque
2617 4172 2843 4226 vastatis
2886 4174 3032 4241 agris
3073 4173 3563 4244 Aquileiensibus:

1962 4281 2140 4338 neque
2182 4266 2413 4321 recessit
2452 4265 2504 4319 in
2536 4265 2902 4327 Pannoniam,
2937 4265 3038 4319 nisi
3081 4275 3203 4335 post
3230 4284 3463 4338 pugnam
3497 4274 3565 4328 ad

1964 4361 2314 4427 Pollentiam,
2351 4357 2586 4430 Liguria:
2632 4356 2913 4428 oppidum.
2955 4358 3215 4415 Eatndetn
3251 4373 3438 4430 postea
3481 4383 3568 4420 re.

1963 4455 2181 4528 gionem
2213 4468 2357 4507 anno
2384 4450 2512 4520 404,
2545 4461 2638 4506 aut
2668 4451 2990 4520 insequente
3032 4453 3265 4508 tentavit
3295 4455 3564 4527 lladagai-

1965 4566 2060 4607 sus
2080 4592 2095 4616 ,
2140 4549 2277 4603 alter
2305 4547 2605 4602 Gothorum
2651 4561 2749 4602 rex
2771 4586 2787 4613 ,
2830 4546 2920 4617 qui
2965 4546 3148 4602 multis
3179 4551 3407 4606 vastatis
3437 4552 3572 4610 locis

241 4659 403 4718 atque
426 4646 680 4705 aliorum.
712 4661 909 4699 necnon
938 4647 1333 4701 commonitorio
1371 4645 1560 4718 synodi
1587 4646 1742 4700 totius
1767 4643 1868 4699 0c-
1897 4639 1944 4701 D
1971 4645 2236 4703 occubuit
2281 4644 2334 4697 in
2363 4642 2620 4700 Thuscia.
2656 4643 2729 4697 De
2757 4641 2991 4697 secunda
3025 4641 3227 4699 Alarici
3270 4645 3574 4719 irrttptione

242 4742 479 4798 cidentis
505 4784 520 4807 ,
567 4738 790 4810 publica
823 4740 1113 4796 evectione
1163 4740 1696 4810 ConstantinOpolim
1737 4754 1865 4810 pro—

248 4836 384 4893 l‘ecti
427 4842 578 4888 sunt.
613 4833 719 4886 llas
748 4830 1045 4889 Cltromatii
1076 4834 1337 4905 epistolas
1369 4843 1496 4904 puto
1525 4835 1595 4889 ab
1641 4831 1752 4889 illis
1789 4831 1873 4888 di-

248 4943 474 4993 versas,
499 4941 635 4998 quas
661 4938 926 4981 meatui-at
950 4927 1245 4995 Honorius,
1273 4943 1377 4981 una
1395 4943 1517 4983 cum
1544 4927 1658 4984 suis
1683 4927 1750 4983 ad
1773 4927 1873 4984 Ar-

334 5135 419 5213 (a)
470 5133 905 5213 Ha_t_idqnaquam
952 5143 1167 5213 testatur
1210 5131 1489 5213 Palladius
1551 5131 1890 5213 scriptaeab

257 5201 482 5269 Joanne
525 5207 931 5276 ChrysUstomo
976 5207 1170 5260 similes
1203 5205 1464 5276 epistolas
1506 5202 1571 5276 ad
1621 5201 1890 5257 Venerium

259 5275 779 5341 MetlicilattetiSeni,
825 5285 880 5331 et
926 5278 994 5330 ad
1027 5275 1382 5332 Chromatium
1435 5275 1888 5341 Aquileiensem:

260 5353 372 5410 sed
401 5352 841 5422 Cbrysostontus
883 5350 1001 5416 ipse
1029 5359 1145 5422 est.
1177 5349 1269 5416 qui
1323 5347 1394 5400 ita
1435 5346 1652 5422 scribit,
1687 5349 1893 5416 episto-

264 5429 388 5483 lam
439 5419 598 5480 suam
639 5419 938 5485 claudens;
989 5421 1066 5475 uti
1111 5435 1219 5475 non
1264 5434 1373 5472 uno
1421 5434 1486 5473 ex
1525 5420 1702 5487 capite
1740 5428 1892 5472 recte

265 5495 506 5564 conjicit
535 5508 601 5548 ac
631 5491 924 5564 persuadet
952 5491 1305 5564 Constantius
1334 5490 1390 5564 in
1423 5489 1706 5564 Notatioue
1731 5505 1890 5558 quant

267 5561 507 5635 sultjieit
534 5566 602 5619 ad
636 5561 797 5635 hunc
840 5563 1204 5635 locum,inter
1227 5561 1504 5635 ‘Epistolas
1539 5562 1893 5635 Romanorum

271 5633 618 5711 pontiﬁcum,
653 5634 900 5711 _col_._g787
930 5634 1191 5711 editionis
1225 5633 1402 5711 Paris.
1445 5634 1575 5711 Vide
1627 5633 1892 5711 integram

274 5701 444 5771 illius
460 5709 720 5779 cpismlae
742 5706 1120 5778 Chrysoetntni
1146 5706 1449 5779 clausulam
1481 5701 1898 5779 int_er_Veterum

275 5784 330 5840 Τ
333 5774 640 5844 estimonia,
675 5792 796 5844 qua:
834 5774 1206 5849 congessimus
1256 5776 1308 5831 in
1341 5774 1521 5833 fronte
1558 5774 1719 5845 hujus
1746 5775 1900 5830 volu-

281 5856 461 5918 minis
493 5865 622 5924 post
645 5850 1023 5922 prtt'falionettt.

584 5947 865 6009 PATBOL.
912 5945 1058 6006 XX.

1974 4755 2098 4796 mox
2122 4736 2416 4809 agendum.

2049 4833 2317 4890 Nonnulla
2341 4832 2554 4902 vulgata
2583 4830 2832 4886 feruntur
2862 4830 3146 4900 apuscula,
3171 4848 3291 4901 qua:
3312 4833 3575 4891 Chroma-

1983 4929 2059 4984 tio
2091 4927 2252 4983 tribui
2286 4926 2487 4982 solent.
2518 4925 2711 4980 Plures
2741 4925 2810 4979 ab
2831 4939 2897 4980 eo
2919 4925 3074 4980 datas
3105 4925 3171 4980 ad
3204 4925 3578 4988 Innocentium

2068 5131 2141 5202 (b)
2169 5131 2247 5185 Ex
2279 5129 2364 5184 bis
2385 5129 2608 5202 Palladii
2638 5129 2842 5202 verbis,
2876 5129 3017 5202 unde
3043 5132 3264 5199 conjieit
3291 5135 3364 5188 De
3388 5136 3590 5194 Rnbcis

1994 5200 2146 5278 datas
2188 5206 2406 5278 fortasse
2447 5218 2475 5278 a
2523 5200 2924 5278 Chromatio__ad
2960 5203 3132 5278 ipsum
3161 5202 3586 5278 Chrysostomunt

1993 5272 2227 5337 litteras,
2257 5273 2527 5345 colligebat
2553 5273 2805 5345 superius
2827 5272 3180 5340 Fontaninns,
3206 5272 3327 5345 cap.
3357 5279 3412 5339 5,
3437 5295 3587 5334 nmn.

1995 5347 2050 5407 6,
2096 5362 2199 5400 non
2229 5343 2297 5398 ad
2329 5343 2631 5399 Honorium
2674 5343 2998 5398 solummodo
3018 5389 3034 5408 ,
3066 5345 3157 5399 sed
3197 5343 3286 5400 ad'
3311 5349 3590 5404 Arcadium

1993 5433 2198 5488 quoque
2222 5419 2518 5488 Augustum
2543 5417 2739 5470 litteras
2768 5414 2970 5488 dedisse
2991 5416 3342 5472 Chromatium
3366 5421 3420 5473 in
3439 5436 3596 5477 causa

1997 5487 2457 5559 Cltrysostottti,_lil
2502 5487 2679 5559 ipsum
2721 5503 2844 5541 cum
2878 5487 3184 5542 Fontanino
3223 5491 3390 5543 sentit
3429 5493 3594 5547 etiam

1999 5557 2310 5615 Ceilliertts.
2346 5557 2479 5612 "ist.
2505 5557 2690 5614 Cénér.
2718 5559 2808 5612 des
2830 5559 3050 5613 Auteurs
3067 5559 3277 5619 Sacrés,
3302 5571 3434 5624 etc.,
3461 5570 3595 5618 tom.

2002 5632 2080 5695 X,
2110 5633 2271 5696 chap.
2301 5630 2354 5686 '5.
2390 5629 2420 5702 ᾗ
2445 5630 2512 5686 γ.
2542 5630 2742 5698 Quidni
2770 5630 2836 5682 ad
2861 5638 3175 5696 utrumque.
3203 5630 3270 5682 ad
3303 5630 3597 5688 Arcadium

2006 5718 2202 5773 netnpe
2227 5713 2279 5755 et
2305 5702 2371 5755 ad
2404 5702 2878 5772 Chrysostomum,
2910 5715 2974 5754 ea
3002 5702 3292 5754 occasione
3319 5703 3606 5772 scripserit

2008 5774 2334 5832 Chromatius
2348 5773 2373 5827 ?

3010 5933 3086 5994 14
