4084 6342
511 355 614 412 151

1488 345 1576 405 DE
1615 348 1675 406 S.
1715 343 2121 402 CllROMATIO
2161 345 2375 402 EPlSC.
2408 343 2851 414 AQUILEIENSI

3715 339 3822 398 433

519 466 1000 540 llieronymianum
1052 473 1108 522 et
1161 464 1494 522 Gcllonense
1541 464 1682 533 apud
1744 461 2069 518 Dacherinm
2098 503 2112 527 ,
2143 461 2306 524 Adie
2348 462 2378 513 εἴ
2429 461 2560 514 Maii
2594 462 2718 516 anni
2763 461 3078 530 insequentis
3123 459 3264 528 589,
3311 473 3375 516 ac
3424 456 3589 515 etiam
3620 457 3822 525 Legem

518 563 868 620 Labbeanum
922 571 975 615 ct
1025 560 1340 616 Auctarium
1374 558 1715 620 Usuaidi,ct
1767 557 1927 611 Beda:
1977 555 2117 625 apud

516 657 726 714 laudati
752 656 996 712 Bollandi
1024 656 1460 709 Continuatores.
1508 650 1834 706 Valentinum
1857 693 1870 715 ,
1895 665 2119 720 corrup-

522 762 580 805 to
609 750 824 805 scilicet
866 747 1128 803 Valeriani
1171 746 1388 802 nomine
1430 745 1690 800 exhibent
1736 743 2118 815 Martyrologia

522 845 947 914 Anltlerpieuse,
995 851 1051 898 ct
1085 840 1314 903 Babaui,
1363 855 1392 893 a
1445 839 1784 895 Florentinio
1826 840 1986 894 citata
2017 880 2032 899 ,
2067 849 2123 894 et

521 937 959 993 Ricbenoviense
988 952 1025 991 ιι
1069 937 1137 989 ab
1166 935 1376 991 ei-dem
1408 933 1778 988 Bollandiauis
1820 934 2118 1003 vulgatum.

592 1031 674 1088 Ad
703 1047 904 1086 annmn
953 1030 1134 1085 obitus
1163 1028 1307 1100 quod
1351 1029 1576 1092 attinet,
1610 1044 1672 1082 ac
1717 1026 2120 1082 successionem

523 1125 812 1182 LItromatii
843 1126 893 1180 in
923 1125 1117 1180 Sedem
1153 1122 1582 1192 Aquileiensem,
1614 1123 1684 1176 ita
1712 1120 2044 1176 disserebam
2069 1121 2120 1174 in

523 1219 890 1276 Mounmentis
935 1219 1115 1289 capite
1148 1219 1235 1285 10,
1270 1235 1421 1273 ιιιιιιι.
1462 1220 1512 1274 1.
1553 1238 1570 1270 ι
1611 1218 1724 1274 lloc
1751 1235 1888 1272 anno
1913 1217 2124 1272 cadente

520 1319 662 1386 ⁸588,
700 1318 781 1373 vel
827 1317 990 1370 etiam
1037 1317 1241 1370 ineunte
1280 1333 1421 1370 anno
1461 1316 1600 1379 589,
1635 1315 1972 1370 diversatum
2004 1328 2125 1368 eSse

525 1411 852 1466 Ambrosium
878 1409 1131 1486 Aqutlejce
1161 1407 1440 1463 novimus:
1471 1407 1614 1463 unde
1645 1407 1956 1477 conjectura
1985 1405 2126 1460 sumi

516 1515 734 1576 potest,
763 1520 882 1558 eam
918 1507 968 1559 in
1005 1503 1203 1560 Ilibem
1237 1503 1541 1573 profectum
1565 1518 1687 1558 esse
1716 1501 2122 1556 sanctissimum

518 1597 818 1652 antistitem
863 1595 932 1649 ad
963 1598 1078 1650 novi
1123 1597 1352 1670 episcopi
1393 1595 1852 1651 consecrationem.
1888 1595 2125 1649 Primum

517 1707 620 1748 nos
649 1691 809 1746 docet
841 1689 1100 1746 Paulinus
1128 1693 1180 1744 iu
1211 1690 1491 1746 Ambrosii
1525 1691 1640 1746 Vita
1662 1733 1675 1755 ,
1711 1706 1858 1743 num.
1893 1690 1982 1754 21,
2019 1688 2128 1743 Ea:-

518 1787 710 1840 stfncto
725 1781 983 1849 Maximo,
1010 1784 1284 1852 inquiens,
1302 1784 1472 1852 posito
1489 1782 1780 1837 Theodosio
1806 1779 2128 1849 Imperatore

2222 569 2306 608 six
2341 553 2417 607 De
2447 553 2750 615 Ha-reticis.
2780 556 2813 608 6
2840 553 2958 608 Kal.
2987 553 3328 620 Decembris,
3363 567 3458 607 seu
3493 552 3578 604 die
3602 549 3673 605 26
3706 548 3824 603 Νο-

2221 647 2460 701 vembris.
2489 645 2625 702 llinc
2655 661 2786 702 Vero
2813 646 3017 714 colligit
3051 645 3418 709 Foiitanimts,
3451 641 3826 697 Theodosium

2222 755 2368 794 anno
2395 739 2500 795 588
2541 740 2805 810 Aquileia:
2852 741 3164 794 substitisse
3196 739 3286 794 die
3332 738 3404 792 26
3452 736 3826 808 Septembris,

2221 833 2527 905 eodemque
2555 850 2700 890 anno
2730 842 3006 890 versatum
3047 849 3169 890 esse
3197 832 3485 889 Mediolani
3515 831 3603 888 die
3633 831 3699 888 10
3723 830 3828 888 Oc-

2225 929 2421 983 tobris.

2302 1040 2319 1072 ι
2352 1020 2468 1090 Quo
2496 1022 2672 1091 spatio
2700 1023 2961 1091 temporis
3008 1023 3293 1088 interiecto
3320 1021 3650 1078 Ambrosius
3690 1023 3826 1094 (Viri

2223 1113 2368 1168 docti
2399 1115 2560 1168 verba
2581 1113 2753 1185 sunt),
2787 1115 3038 1169 exstincto
3071 1114 3320 1178 Maximo,
3344 1121 3515 1184 posita
3535 1113 3826 1170 Theodosio

2225 1207 2549 1277 Imperatore
2605 1207 2935 1274 Mediolani,
2979 1217 3038 1264 ut
3080 1211 3153 1264 ait
3209 1209 3498 1275 Pauli-tus,
3532 1210 3827 1280 Aquileiam

2229 1304 2577 1370 properavit:
2608 1301 2744 1355 alias
2773 1302 2823 1355 in
2853 1303 3111 1356 alterutra
3141 1302 3308 1368 urbe,
3336 1318 3444 1356 non
3473 1303 3671 1357 litteris
3693 1347 3706 1366 ,
3732 1303 3827 1358 sed

2227 1406 2412 1447 coram
2445 1393 2507 1446 de
2549 1392 2812 1464 Rescripta
2842 1394 2896 1448 in
2935 1394 3252 1449 Christianos
3299 1393 3591 1450 Mediolani
3622 1395 3826 1465 vulgato

2229 1484 2370 1555 apud
2424 1488 2720 1555 Augustum
2771 1487 3188 1556 espostulasset.
3224 1507 3244 1541 ι
3278 1487 3413 1542 Τιιιιι
3463 1489 3830 1544 consulendos

2229 1579 2487 1633 admooet
2541 1579 2943 1634 Sammauraeos
2981 1581 3248 1636 Auctores
3303 1581 3687 1636 Admonitionis
3732 1598 3828 1650 pro

2231 1669 2422 1723 ordine
2443 1670 2798 1738 epistolarum
2829 1675 3000 1728 sancti
3033 1673 3307 1728 Ambrosii
3339 1673 3367 1746 ᾗ
3399 1674 3494 1735 11,
3527 1674 3715 1739 εἰοιιιιε
3737 1675 3828 1730 de-

2232 1777 2377 1816 mum
2425 1761 2540 1817 ait:
2599 1783 2618 1814 ι
2671 1763 2805 1818 Cum
2857 1774 3039 1820 autem
3084 1765 3164 1838 (ιιι
3208 1765 3468 1835 vidimus)
3530 1763 3827 1819 Valerianus

525 1878 838 1943 Mediolani,
864 1879 1134 1932 Ambrosio
1161 1895 1276 1932 itero
1299 1880 1538 1948 episcopo
1558 1879 1838 1932 constituto
1857 1876 2128 1947 Aquileia;

2238 1860 2419 1913 abierit
2459 1861 2540 1914 dic
2567 1859 2674 1916 260
2715 1860 3020 1916 Novembris
3049 1879 3068 1929 ;
3115 1862 3240 1917 hinc
3279 1874 3568 1926 eousmrc,
3601 1861 3830 1918 Ambro-

519 1971 669 2027 dedit
698 1973 812 2040 ipse
843 1972 1170 2026 Ambrosius
1198 1970 1264 2024 ad
1312 1971 1696 2040 imperatorem
1726 1969 2044 2038 epistolam,
2074 1969 2126 2022 in

519 2065 763 2120 editione
795 2063 1098 2119 Noorriana
1120 2063 1220 2125 40,
1254 2074 1310 2116 ιιι
1339 2065 1512 2131 ipsum
1545 2079 1574 2117 a
1608 2062 1877 2119 sententia
1909 2077 2132 2117 revoca-

519 2170 606 2214 ret
639 2159 700 2212 de
734 2176 1002 2232 synagoga
1027 2158 1251 2228 quadam
1275 2155 1584 2211 Juda’orum
1615 2157 1682 2210 ab
1711 2157 1965 2227 episeopo
1997 2156 2130 2211 Cas-

519 2255 592 2308 lri
621 2250 870 2308 Callinici
917 2252 1331 2314 rcmdilicanda,
1361 2251 1536 2321 deque
1582 2250 1857 2306 Monachis
1910 2251 1998 2318 qui
2049 2253 2129 2319 fa-

521 2364 645 2402 num
685 2345 1170 2401 Valentinianorum
1200 2343 1580 2399 [hereticorum
1602 2387 1618 2412 ,
1651 2345 1720 2399 ab
1758 2344 1822 2397 iis
1849 2355 2132 2398 contume-

520 2441 592 2498 lia
658 2441 937 2512 provocati
1009 2439 1411 2505 iuCenderant,
1469 2440 1736 2510 supplicio
1807 2437 2128 2492 alticicndis.

531 2538 695 2609 Atqui
738 2545 891 2592 certo
935 2536 1239 2606 colligimus
1281 2551 1346 2590 cx
1375 2535 1578 2590 Codice
1607 2533 1986 2587 Tlieodosiano
2008 2573 2021 2593 ,
2055 2533 2134 2601 ip-

523 2648 646 2687 sum
703 2635 1003 2702 Augustum
1033 2629 1402 2686 Theodosium
1437 2629 1674 2684 nondmn
1708 2628 1790 2682 die
1820 2645 1891 2682 xu
1928 2627 2045 2698 (seu
2077 2629 2130 2697 λ)

526 2725 656 2781 Kal.
689 2725 926 2780 Octobris
967 2725 1096 2793 (hoc
1144 2734 1227 2779 est
1273 2724 1361 2778 die
1391 2723 1462 2780 20
1509 2735 1598 2776 aut
1650 2722 1720 2776 22
1769 2718 2131 2791 Septembris)

525 2819 655 2874 anni
703 2819 809 2874 ’588
855 2819 1178 2873 discessisse
1226 2817 1518 2884 Aquileia:
1571 2817 1858 2887 ipsumque
1905 2832 1956 2870 \‘l
2003 2813 2130 2867 Idus

527 2913 759 2986 ejusdem
782 2912 1100 2982 mensisjam
1127 2912 1492 2968 Mediolanum
1524 2911 1758 2976 venisse,
1786 2926 1887 2980 qua
1917 2907 1969 2963 in
2000 2909 2132 2963 urbe

523 3025 703 3081 usque
745 3008 811 3063 ad
842 3007 1040 3063 Maium
1082 3005 1423 3076 insequentis
1455 3005 1582 3058 anni
1624 3013 1996 3059 commoratus
2025 3011 2128 3058 est.

520 3103 716 3174 Itaque
745 3102 1066 3158 Ambrosius
1095 3118 1232 3156 anno
1277 3099 1492 3154 cadente
1517 3097 1653 3162 588,
1681 3098 1766 3151 vel
1797 3099 2003 3152 ineunte
2023 3138 2037 3162 ,
2071 3113 2133 3150 ac

522 3197 749 3264 inctepto
768 3195 906 3262 589,
948 3193 1208 3249 manebat
1259 3191 1566 3263 Aquileiae:
1612 3191 1792 3257 ibique
1845 3191 2129 3261 allegatam

2234 1954 2375 2010 sinm
2403 1965 2551 2018 ante,
2577 1971 2682 2009 non
2709 1965 2829 2025 post
2855 1956 3058 2011 obitmn
3093 1954 3367 2010 Valeriani
3396 1955 3685 2022 Aquileiam
3715 1969 3828 2028 pro-

2235 2051 2462 2117 fectum;
2499 2048 2728 2120 ideoque
2757 2050 2915 2103 aliam
2962 2050 3022 2103 ob
3069 2067 3282 2104 causam
3307 2092 3320 2114 ,
3353 2067 3513 2121 quam
3566 2051 3636 2105 ob
3667 2049 3828 2107 Citra-

2235 2143 2450 2195 matinm
2486 2141 2766 2198 Valeriano
2787 2146 3174 2215 subrogandum
3196 2189 3209 2210 ,
3239 2147 3327 2217 qui
3361 2147 3594 2201 nondum
3624 2163 3689 2203 ex
3733 2148 3829 2204 hac

2235 2233 2343 2288 vita
2374 2235 2716 2302 migraverat.
2758 2256 2776 2288 s

2308 2327 2528 2383 Minime
2574 2341 2733 2396 puto,
2773 2331 2997 2401 spatium
3048 2333 3332 2401 temporis,
3373 2346 3483 2402 quo
3531 2330 3828 2402 Aquileiam

2238 2421 2549 2488 properavit
2578 2419 2920 2489 Ambrosius,
2947 2422 3074 2476 illud
3104 2424 3331 2493 intelligi
3361 2425 3502 2493 quod
3539 2425 3680 2478 inter
3702 2425 3829 2478 diem

2235 2512 2304 2566 26
2336 2511 2651 2585 Septembris
2699 2514 2885 2581 tltixit,
2919 2532 2982 2571 ac
3021 2516 3155 2569 diem
3189 2517 3255 2572 10
3285 2515 3564 2572 Octobris:
3589 2519 3829 2589 adeoque

2237 2617 2346 2662 tota
2380 2624 2639 2663 corruere
2679 2609 2896 2664 videtur
2938 2609 3229 2664 Fontanini
3277 2612 3649 2666 ratiocinatio.
3685 2610 3832 2667 Sam-

2237 2703 2458 2757 maurmi
2491 2703 2745 2759 Editores
2774 2704 3006 2773 Oper-um
3032 2705 3202 2759 sancti
3234 2704 3542 2771 Ambrosii,
3580 2720 3715 2774 quos
3737 2705 3832 2760 hac

2235 2796 2303 2852 de
2333 2813 2392 2853 re
2439 2797 2806 2852 eonsulendos
2835 2799 3017 2866 jubet,
3045 2808 3304 2868 quantum
3337 2813 3525 2852 eorum
3558 2815 3625 2853 ex
3657 2799 3830 2853 verbis

2236 2892 2519 2961 intelligo,
2561 2910 2666 2947 non
2710 2892 3090 2947 adversantur.
3134 2912 3152 2944 s
3197 2891 3557 2948 Statuendum
3610 2892 3825 2962 itaque,

2238 2987 2538 3058 (inquiunt)
2579 2988 2712 3042 lianc
2757 2988 3031 3059 epistolam
3075 2988 3200 3059 (xu,
3247 2977 3410 3057 supra
3452 2988 3829 3056 memoratam)

2237 3090 2355 3134 tunc
2379 3081 2621 3152 temporis
2647 3081 2810 3135 fuisse
2859 3081 3151 3148 scriptam,
3181 3096 3302 3136 cum
3336 3081 3622 3151 proﬂ'gato
3672 3081 3830 3136 Maxi-

2237 3191 2327 3230 mo
2349 3217 2362 3240 ,
2397 3173 2755 3229 Mediolanum
2798 3175 2952 3228 rediit
2979 3175 3296 3244 imperator.
3330 3174 3491 3244 Atqui
3519 3191 3585 3230 ex
3637 3173 3829 3229 Codice

524 3289 677 3345 dedit
707 3289 774 3342 ad
822 3289 1213 3360 imperatorem
1259 3285 1628 3341 Theodosium
1662 3284 1972 3354 epistolam,
2004 3284 2129 3338 "me
2155 3271 2200 3334 C
2234 3270 2617 3324 Tbeodosiano
2647 3270 3005 3340 intelligitur,
3038 3271 3288 3324 eumdem
3337 3269 3403 3323 12
3435 3267 3564 3324 Kal.
3605 3270 3829 3324 Octobris

524 3385 710 3438 animo
757 3382 1106 3452 perpendens
1156 3381 1428 3436 Baronius
1459 3381 1525 3434 ad
1554 3395 1755 3434 annum
1802 3380 1942 3440 3E8.
1978 3394 2129 3431 nmn.

524 3475 596 3532 84
627 3477 705 3530 sic
729 3475 837 3530 ait:
871 3475 1026 3542 Quod
1063 3486 1236 3528 autem
1269 3474 1591 3528 detineretur
1623 3472 1923 3528 Ambrcsius
1972 3471 2133 3542 Aqui-

527 3571 642 3624 leitc
663 3611 678 3635 ,
709 3584 828 3622 cum
874 3568 1077 3621 nullum
1103 3567 1204 3620 hoc
1235 3577 1462 3637 tempore
1490 3567 1742 3620 memoria
1770 3567 1837 3619 sit
1886 3566 1956 3620 ibi
2001 3566 2136 3619 cele-

526 3663 727 3716 bratum
778 3662 940 3732 fuisse
967 3660 1285 3714 concilium:
1315 3660 1549 3729 equidem
1582 3659 1821 3713 exist-imo
1843 3701 1857 3726 ,
1888 3659 2015 3712 illuc
2053 3673 2134 3710 es-

525 3773 582 3810 se
611 3754 898 3824 profectum
929 3770 994 3808 ex
1042 3769 1183 3807 more
1213 3752 1283 3805 ad
1325 3753 1441 3806 novi
1487 3753 1800 3806 creationem
1846 3750 2089 3804 antistitis
2115 3790 2130 3816 ,

524 3864 639 3900 cum
659 3846 904 3915 defuncto
930 3843 1219 3899 Valeriano
1234 3848 1348 3918 ejus
1362 3845 1588 3899 civitatis
1611 3845 1878 3916 episcOpo,
1897 3844 1950 3897 in
1974 3843 2131 3915 162

525 3942 698 3995 locum
741 3943 852 4012 ejus
903 3948 978 3994 cst
1017 3938 1330 4009 subrogatus
1379 3948 1592 3992 sanctus
1622 3935 1980 3992 Chromatius.
2015 3939 2129 3990 Non

522 4032 740 4087 inanem
772 4040 900 4100 puto
938 4030 1330 4098 conjecturam.
1372 4049 1391 4082 s

602 4123 751 4180 Hanc
773 4122 949 4192 rejicit
973 4123 1396 4193 archiepiscopus
1415 4123 1722 4194 Ancyranus
1741 4164 1756 4188 ,
1779 4119 1960 4176 Justus
1988 4117 2134 4175 Fon-

527 4221 770 4285 taninus;
801 4218 1028 4290 ejusque
1057 4216 1282 4288 vestigia
1332 4218 1527 4285 premit
1562 4216 1720 4269 Joan.
1755 4215 2017 4283 Joscplius
2044 4213 2134 4268 Li-

527 4312 632 4364 ruti
680 4310 730 4364 in
777 4309 956 4376 Opere
1001 4308 1168 4361 citato
1216 4306 1454 4376 (Notizie
1502 4306 1639 4360 delle
1696 4306 1807 4359 Vite
1852 4307 1914 4359 cd
1965 4305 2134 4373 Opere

527 4408 701 4461 scritte
719 4403 803 4458 da'
829 4401 1075 4457 Letterati
1100 4402 1184 4456 del
1211 4399 1409 4469 Friuli)
1434 4400 1485 4452 in
1509 4399 1630 4454 Vita
1659 4398 1982 4454 Chromatii.
2008 4399 2134 4453 ll:ec

527 4514 664 4556 vero
694 4496 858 4552 tradit
885 4497 976 4550 ille
1008 4496 1059 4548 in
1096 4493 1327 4546 Historia
1361 4491 1642 4546 Litteraria
1691 4492 2010 4560 Aquileiensi
2041 4491 2133 4546 Li-

531 4593 634 4648 bro
663 4606 742 4654 Ill,
774 4589 952 4655 capite
978 4589 1031 4646 5.
1067 4601 1217 4640 nom.
1249 4584 1306 4645 2,
1336 4585 1550 4638 scilicet
1583 4602 1595 4638 :
1638 4584 1685 4637 1ο
1716 4583 1832 4638 Vita
1869 4585 2132 4650 migrasse

2239 3365 2348 3436 (die
2391 3365 2462 3418 22
2508 3362 2871 3435 Septembris)
2921 3381 3058 3418 anno
3105 3363 3212 3419 588
3260 3362 3498 3417 nondum
3543 3365 3827 3419 recessisse

2236 3459 2516 3526 Aquileia:
2549 3461 2582 3513 6
2609 3476 2725 3514 rero
2751 3457 2882 3513 ldus
2931 3458 3174 3527 ejusdem
3209 3459 3414 3514 mensis
3445 3459 3702 3515 Octobris
3729 3458 3827 3526 (die

2238 3551 2328 3621 10)
2353 3551 2462 3617 jam
2491 3550 2705 3605 venisse
2734 3550 3132 3605 Mediolanum:
3163 3567 3264 3621 qua
3305 3551 3356 3604 in
3387 3551 3523 3606 urbe
3556 3568 3718 3620 usque
3764 3550 3825 3604 ad

2236 3643 2439 3698 Maium
2468 3645 2723 3714 sequentis
2759 3644 2880 3697 anni
2905 3652 3273 3698 commoratus
3303 3653 3405 3699 est.
3439 3645 3515 3698 Ex
3547 3645 3742 3716 quibus
3769 3643 3824 3697 li-

2233 3747 2392 3808 quet,
2423 3737 2519 3792 hoc
2549 3739 2662 3809 ipso
2691 3738 2958 3792 interi-allo
2981 3747 3228 3794 sanctum
3264 3736 3588 3806 prtcsulem,
3622 3738 3709 3807 qui
3741 3752 3825 3792 ne-

2232 3835 2503 3904 g0tiorum
2524 3849 2746 3889 suorum
2771 3849 2930 3888 causa
2955 3834 2998 3886 A
3012 3834 3240 3905 )uileiam
3261 3849 3315 3887 se
3333 3833 3647 3894 contulerat,
3675 3845 3826 3901 Super

2236 3929 2520 3984 memorati
2564 3928 2728 3984 edicti
2763 3927 3115 3984 revocatione
3145 3926 3435 3998 scripsisse
3479 3926 3550 3982 ad
3586 3925 3823 3982 Theodo-

2235 4023 2398 4078 sium.
2434 4039 2453 4076 ι

2310 4113 2410 4169 Ubi
2442 4112 2769 4168 intervallum
2797 4112 2930 4166 illud
2973 4121 3320 4182 compulasse
3347 4110 3597 4182 intelligo
3635 4109 3823 4165 doetis-

2235 4208 2405 4263 simos
2433 4206 2580 4262 viros
2605 4223 2634 4258 a
2657 4205 2742 4258 die
2775 4204 2841 4260 10
2868 4205 3102 4260 Octobris
3128 4206 3252 4260 anni
3275 4206 3380 4263 583
3413 4217 3696 4276 postquam
3727 4204 3824 4260 lle-

2235 4301 2514 4355 diolanum
2547 4297 2709 4354 rediil.
2735 4298 3065 4368 imperator,
3091 4299 3159 4354 ad
3187 4298 3390 4353 Maium
3415 4300 3541 4353 anni
3568 4300 3824 4369 insequen-

2236 4395 2317 4450 tis.
2348 4393 2787 4462 Interpretationi
2825 4392 2981 4466 163
3005 4403 3204 4449 nostra:
3232 4393 3408 4448 lavent
3435 4392 3649 4448 Paulini
3675 4393 3824 4447 verba

2237 4489 2290 4542 in
2320 4488 2443 4542 \‘ita
2465 4484 2636 4542 sancti
2659 4486 2954 4541 Ambrosii.
2980 4488 3068 4542 Ait
3100 4487 3208 4551 ille,
3233 4504 3384 4542 num.
3414 4487 3488 4541 22
3514 4504 3528 4540 :
3565 4486 3824 4543 Exstincto

2240 4582 2504 4647 Maximo,
2533 4580 2700 4652 posito
2735 4579 3026 4634 Theodosio
3060 4579 3385 4646 Mediolani,
3415 4579 3691 4634 Ambrosio
3720 4593 3826 4633 rero

532 4692 784 4737 sanctum
817 4678 1162 4732 Valerianum
1209 4675 1242 4730 6
1271 4675 1394 4729 Kal.
1431 4675 1754 4741 Decembris,
1787 4691 1884 4730 seu
1928 4675 2016 4730 die
2058 4676 2129 4730 26
2158 4675 2210 4734 D
2236 4677 2470 4748 cpiscOpo
2491 4675 2769 4729 constituto
2792 4675 3046 4744 Aquileia:
3070 4673 3463 4746 (animadverte
3485 4672 3821 4728 Ambrosium

529 4769 886 4833 Novembris;
916 4768 974 4822 2⁸
1007 4767 1302 4821 Maximum
1349 4765 1660 4837 Tyrannum
1714 4766 1778 4820 ad
1813 4768 2035 4823 tertium
2063 4769 2133 4823 ab

528 4865 777 4938 Aquileia
828 4861 1064 4933 lapidem
1117 4878 1253 4915 anno
1299 4860 1404 4915 588
1433 4859 1701 4914 devictum
1734 4861 1901 4915 fuisse
1939 4861 1972 4915 5
2003 4861 2128 4917 Kal.

530 4960 792 5030 Augustas
817 4996 833 5020 ,
862 4969 957 5008 seu
987 4952 1080 5008 die
1109 4951 1178 5006 27
1207 4951 1334 5007 Julii
1362 4995 1374 5012 ,
1405 4951 1560 5021 juxta
1585 4952 1822 5007 hlaeium
1858 4954 1908 5008 in
1953 4955 2129 5010 Fastis

527 5053 868 5112 Labbeauis:
899 5066 1057 5105 secus
1110 5065 1240 5102 vero
1269 5048 1301 5103 6
1352 5047 1479 5104 Kal.
1515 5048 1862 5120 Septembris,
1900 5067 1996 5108 seu
2042 5053 2132 5109 die

524 5151 596 5206 27
631 5144 878 5215 Augusti,
915 5156 965 5197 ut
999 5143 1166 5197 habet
1191 5144 1476 5208 Socrates;
1500 5145 1561 5198 5°
1590 5145 1752 5200 lloste
1780 5148 1929 5210 roso,
1965 5147 2132 5215 Aqui-

525 5244 646 5298 leia:
678 5235 1044 5293 Theodosium
1091 5235 1401 5303 aliquandiu
1434 5237 1778 5292 substitisse:
1814 5256 1934 5293 nam
1971 5240 2054 5294 lex
2100 5257 2130 5295 χ

529 5337 595 5391 de
622 5328 954 5404 ίηβνηδαηάίδ
983 5327 1046 5380 iis
1075 5343 1188 5394 (Ῑηαῖ
1215 5329 1310 5382 δἐι)
1340 5327 1594 5398 Tyt'annis
1621 5340 1736 5384 acta
1758 5333 1988 5398 fuerant,
2033 5333 2133 5387 ibi-

525 5427 650 5482 dem
700 5422 824 5478 data
857 5428 944 5474 est
980 5421 1013 5473 6
1047 5417 1152 5473 Kal
1207 5417 1472 5486 Octobris,
1502 5436 1596 5475 seu
1647 5423 1734 5478 die
1773 5424 1843 5480 20
1875 5427 2128 5496 Septem-

520 5518 677 5581 bris;
709 5513 773 5568 40
805 5511 933 5567 Post
979 5510 1238 5563 sexdecim
1269 5526 1392 5562 mox
1445 5511 1552 5566 dies
1572 5555 1588 5575 ,
1618 5513 1816 5582 Legem
1858 5518 2090 5574 similem
2113 5564 2127 5588 ,

515 5629 592 5667 vn
626 5611 678 5664 in
708 5606 908 5662 (lodice
940 5603 1354 5668 Tlteodosiano,
1387 5603 1671 5662 Mediolani
1703 5609 1862 5664 latam
1899 5611 2064 5668 l'uiSse
2089 5615 2120 5670 6

519 5704 650 5758 Idus
701 5700 936 5756 Οειοὺιῖδ
967 5740 983 5766 ,
1035 5714 1132 5754 seu
1179 5697 1386 5750 1100111ιῆ
1445 5699 1531 5752 (lit?
1580 5701 1827 5769 (Ejusdem
1879 5707 2116 5772 "leugis;

515 5798 574 5850 5⁸
601 5794 826 5850 .£ade:u
867 5793 919 5847 in
949 5792 1082 5848 urbe
1114 5790 1504 5846 Mediolancnsi
1535 5793 1603 5846 ab
1662 5797 1779 5867 ipso
1807 5799 2120 5854 Theodosio

513 5891 696 5946 datam
726 5885 924 5954 Legem
955 5899 1065 5940 xvn
1099 5881 1178 5938 De
1208 5881 1500 5951 llrereticis,
1531 5887 1563 5940 6
1584 5886 1767 5943 Nonas
1806 5888 1992 5956 Maias,
2022 5906 2117 5945 seu

2231 4769 2337 4826 dici
2368 4773 2720 4827 eonstitutmn
2752 4770 3022 4840 Aquileite
3054 4779 3334 4840 postquam
3367 4768 3661 4824 Mediolani
3695 4765 3826 4837 posi—

2231 4875 2317 4919 tos
2341 4877 2457 4919 erat
2477 4862 2869 4932 Theodosius),
2896 4863 2949 4918 in
2976 4863 3222 4933 partibus
3249 4862 3495 4918 Orientis
3521 4865 3574 4917 in
3599 4861 3822 4930 quodam

2228 4958 2458 5014 castello
2495 4973 2525 5011 a
2570 4956 2900 5012 Christianis
2929 4956 3062 5010 viris
3116 4973 3381 5028 synagoga
3425 4954 3740 5011 Juda’orum
3775 4959 3826 5007 et

2229 5052 2375 5105 lucus
2409 5049 2888 5104 Valentinianornm
2910 5060 3254 5105 concremata
3284 5059 3480 5104 sunt...
3506 5050 3614 5103 Sed
3639 5049 3707 5104 de
3735 5049 3826 5100 litt-

2232 5144 2469 5212 jnsmodi
2503 5143 2646 5198 facto
2677 5158 2862 5198 comes
2893 5143 3131 5199 Orientis
3176 5142 3241 5196 ad
3284 5143 3671 5213 imperatorem
3699 5141 3825 5196 rela-

2235 5235 2437 5290 tionem
2477 5237 2697 5302 direxit,
2741 5252 2843 5307 qua
2873 5246 3095 5306 accepta
3142 5235 3438 5303 imperator
3468 5244 3821 5306 praeceperat,

2235 5344 2287 5386 ut
2321 5349 2592 5404 synagoga
2638 5333 2706 5387 ab
2734 5335 2993 5402 episeopo
3040 5332 3142 5386 loci
3189 5331 3687 5388 reaedilicaretur...
3724 5328 3821 5386 Sed

2231 5426 2393 5496 hujus
2447 5427 2700 5498 [ir-.ecepti
2758 5435 2916 5483 tenor
2970 5443 3092 5482 cum
3151 5425 3217 5479 ad
3275 5439 3436 5480 aures
3493 5425 3824 5494 pervenisset

2231 5521 2556 5576 venerabilis
2603 5522 2704 5575 viri
2753 5521 3014 5576 Ambrosii
3045 5521 3308 5593 episcOpi,
3348 5518 3555 5574 direxit
3577 5519 3646 5574 ad
3674 5522 3825 5585 impe-

2227 5624 2447 5668 ratorem
2498 5615 2811 5683 epistolam,
2845 5615 2968 5684 quia
3019 5615 3135 5682 ipse
3183 5615 3238 5667 in
3289 5623 3515 5685 temmre
3565 5625 3822 5666 excurrere

2225 5725 2327 5760 non
2359 5718 2599 5776 poterat:
2629 5724 2732 5778 qua
2785 5708 2932 5760 illum
2961 5707 3245 5771 convenit,
3286 5718 3346 5760 ut
3384 5705 3434 5760 id
3471 5705 3614 5774 quod
3645 5705 3711 5756 ab
3739 5717 3824 5754 eo-

2222 5799 2344 5854 dem
2374 5808 2635 5854 statutum
2695 5800 2904 5868 fuerat,
2937 5814 3305 5856 revocaretur.
3348 5818 3368 5852 ι
3422 5797 3544 5868 Quo
3594 5813 3662 5854 ex
3711 5796 3820 5850 loco

2223 5895 2509 5962 perspicue
2561 5894 2898 5952 addiscimus
2921 5936 2934 5958 ,
2968 5892 3310 5957 Theodosio,
3346 5901 3470 5964 past
3525 5887 3819 5963 Aquileiam
