4084 6342
287 368 382 424 453

1139 370 1583 428 DILUCIDATIO
1622 373 1925 442 ALTERA,
1966 374 2319 434 BERNARDI
2357 380 2447 436 DE
2485 380 2765 439 RUBEIS.

3491 392 3600 448 454

284 484 526 541 relictam
557 487 678 556 jam
715 490 895 558 posito
927 489 1248 556 Mediolani,
1280 489 1350 546 de
1381 491 1679 565 Synagoga:
1712 494 1899 549 ineen-
1925 499 1972 557 Λ
2002 495 2093 550 dio
2123 497 2513 552 consulcudam
2545 513 2671 553 esse
2697 500 2993 555 cathedram
3019 501 3184 570 Petri,
3214 514 3260 558 et
3290 507 3447 576 ﬁdem
3472 525 3604 578 apo-

284 580 370 636 dio
399 583 705 637 certiorem
737 584 934 639 factum
961 583 1126 639 lni~se
1153 601 1182 638 a
1213 588 1414 640 comite
1441 585 1710 642 Orientis:
1736 597 1896 658 atque

284 685 412 731 tunc
458 677 822 732 Ambrosium
872 677 1130 748 Aquileiae
1177 681 1531 734 etmstitutum
1577 682 1780 734 litteras
1828 680 1894 735 ad

285 769 684 841 imperatorem
738 771 956 828 dedisse
995 772 1062 826 de
1109 773 1459 828 revocutione
1503 773 1687 829 edicti.
1721 773 1896 828 Locus

282 879 413 930 ergo
466 863 808 934 relinquitur
845 864 1057 920 Βινοιιὶἰ
1085 866 1420 934 eonjecturze
1443 908 1456 931 ,
1492 877 1549 920 ut
1591 868 1752 920 etiam
1781 876 1894 938 post

279 955 413 1008 diem
449 955 523 1010 26
573 955 891 1029 Novembris
933 957 1203 1013 Valeriani
1248 958 1640 1025 emortualem,
1672 959 1724 1013 in
1773 975 1892 1013 eam

278 1049 468 1104 urbem
505 1051 838 1106 Ambrosius
889 1054 1190 1122 perrexerit
1213 1097 1227 1120 ,
1257 1053 1628 1110 Chromatiqu
1666 1055 1892 1110 ordina-

277 1152 434 1197 turus
463 1142 816 1212 episctipum.
843 1145 1109 1200 Cteterutn
1144 1147 1341 1217 Legem
1391 1149 1644 1216 superius
1673 1149 1890 1202 citatam

279 1253 327 1292 vt
362 1236 427 1292 de
457 1237 798 1303 inﬁrmandis
827 1239 937 1304 his,
967 1249 1099 1302 etc.,
1131 1241 1311 1295 datam
1342 1241 1604 1312 Aquileiae
1627 1284 1640 1306 ,
1673 1242 1895 1297 exhibet

273 1327 312 1385 C
337 1330 461 1385 vdes
492 1330 945 1398 Theodosianus,
981 1348 1086 1388 nou
1122 1335 1187 1389 12
1219 1333 1342 1389 Kal.
1383 1335 1644 1399 Octobris,
1680 1348 1734 1390 ut
1771 1337 1895 1390 lidi-

274 1435 422 1480 t0res
454 1427 822 1481 Satnmaurzei
854 1427 1084 1494 habent;
1115 1445 1293 1500 neque
1319 1430 1352 1484 6
1378 1429 1500 1485 Kal.
1533 1430 1800 1497 Octobris,
1836 1439 1896 1485 ut

273 1517 620 1574 Funtaniuus
654 1519 846 1576 all'ert:
875 1522 970 1576 sed
1026 1521 1093 1577 10
1134 1520 1260 1576 Kal.
1299 1521 1568 1591 Octobris,
1600 1522 1893 1580 Theodosio

277 1609 336 1665 ΙΙ
370 1623 419 1667 et
445 1611 684 1682 Cynegio
716 1613 886 1677 Cosso,
911 1629 1054 1669 anno
1084 1613 1212 1670 588.

344 1709 437 1764 Vl.
486 1710 800 1764 Chromatii
850 1712 1018 1766 nostri
1067 1710 1338 1782 Opnscula
1393 1713 1601 1782 primus
1649 1713 1891 1780 vulgavit

273 1801 433 1862 Joau.
489 1802 794 1859 Sic/tardus
843 1821 946 1858 una
993 1819 1116 1860 cum
1151 1805 1464 1877 Symmachi
1499 1821 1652 1876 papae
1681 1805 1889 1876 Apolo-

1999 591 2182 645 stolico
2213 608 2302 647 ore
2342 591 2607 648 laudatam
2641 610 2660 648 :
2689 609 2747 648 se
2778 611 2998 649 rursum
3026 597 3122 661 ait,
3167 598 3426 656 cathedra:
3459 601 3604 658 Petri

1997 688 2353 740 communione
2381 689 2669 741 consociati
2694 705 2711 754 ;
2736 705 2798 744 ac
2824 689 3041 746 demum
3072 693 3254 748 subdit
3291 710 3304 748 :
3334 695 3478 751 Absit
3506 701 3604 752 hoc

1996 800 2029 835 a
2061 783 2294 836 Romana
2340 783 2463 845 fide.
2519 783 2634 837 Non
2667 800 2799 853 ergo
2841 801 2900 840 se
2931 788 3297 861 Hieronymus
3340 789 3604 846 hominem

1997 873 2295 930 Romanum
2327 879 2540 930 vocavit
2568 894 2627 932 ea
2659 876 2834 932 Solum
2868 880 3098 946 ratione,
3135 884 3259 953 quia
3285 882 3489 939 Latina!
3511 901 3604 941 seu

2002 967 2350 1022 Occidentalis
2385 969 2631 1024 Ecclesia:
2657 969 2811 1025 homo
2837 983 2990 1027 esset.

2070 1064 2262 1118 Testes
2291 1065 2444 1118 alltlil
2486 1062 2748 1119 Gelasium
2783 1065 3112 1138 Cyzicenum.
3157 1069 3299 1125 libro
3329 1085 3347 1125 ι
3378 1071 3602 1127 concilii

1997 1154 2199 1211 Nicmui
2227 1198 2240 1220 ,
2293 1156 2344 1210 in
2385 1156 2748 1220 Pral'ntione,
2797 1158 2980 1214 Patres
3026 1159 3261 1217 A'ica’na:
3303 1163 3490 1234 synodi
3520 1179 3596 1230 tt,

1997 1250 2226 1306 Actione
2257 1265 2273 1304 ι
2300 1291 2316 1316 ,
2362 1263 2416 1305 et
2448 1249 2692 1306 Photium
2721 1297 2735 1319 ,
2780 1250 2984 1310 Codice
3015 1271 3252 1320 Lxxxix,
3289 1257 3376 1326 qni
3409 1258 3602 1313 Roma-

1999 1362 2119 1400 nttm
2144 1344 2329 1399 dixere
2363 1345 2632 1414 Ruﬁnum.
2668 1349 2747 1400 Au
2779 1363 2908 1402 vero
2935 1351 3272 1403 Conveniens
3316 1351 3471 1406 fuerit
3507 1367 3604 1407 co-

1998 1455 2116 1492 rum
2154 1439 2584 1496 testimonium?
2614 1440 2668 1494 ln
2705 1439 2896 1494 Graeco
2926 1451 3074 1496 textu
3101 1443 3379 1515 Cyziceni,
3423 1445 3600 1501 Niem-

1996 1546 2300 1599 norumquc
2334 1531 2555 1586 Patrum
2589 1533 2708 1602 lego
2731 1533 2987 1589 llnliuum
3019 1537 3373 1615 πρεσϐύτερον
3403 1536 3599 1612 Ῥώμης

1995 1628 2346 1699 presbyterum
2397 1626 2575 1681 Roma!
2607 1645 2624 1682 :
2655 1642 2775 1698 qua:
2805 1644 2972 1684 Voces
3017 1631 3260 1687 imlicant
3283 1675 3297 1698 ,
3337 1632 3595 1688 Ruﬁnum

1999 1723 2068 1775 ab
2101 1721 2208 1776 illis
2236 1721 2504 1775 creditum
2555 1722 2845 1776 Romanum
2872 1738 2890 1776 :
2919 1739 3021 1776 non
3053 1722 3296 1778 Latinum
3315 1767 3329 1789 ,
3357 1737 3403 1780 et
3444 1724 3600 1780 Occi-

1997 1814 2216 1869 dentalis
2246 1813 2490 1869 Ecclesia?
2519 1815 2899 1886 pre~hyterum
2931 1817 3193 1871 duntaxat
3223 1833 3238 1883 ;
3270 1819 3365 1874 sed
3399 1818 3601 1874 Roma-

273 1897 453 1968 gelico
482 1939 496 1962 ,
547 1915 615 1952 ex
644 1900 991 1953 veluslissimo
1015 1900 1193 1954 codice
1217 1900 1322 1955 sub
1349 1900 1450 1954 hoc
1475 1899 1633 1954 liltIlO
1663 1917 1676 1953 ε
1727 1899 1892 1954 (ῙῘινο-
1924 1903 1970 1963 Β
1998 1926 2123 1963 num
2151 1909 2320 1977 patria
2348 1920 2394 1963 et
2423 1918 2559 1963 ortu.
2581 1910 2704 1976 Quo
2735 1911 2898 1965 etiam
2932 1925 3123 1965 errore
3149 1912 3380 1965 fortasse
3407 1918 3602 1980 captus

274 1993 416 2044 matii
438 1991 738 2046 doctissimi
759 1992 992 2062 ερὶδεομί
1017 1991 1266 2057 Romani,
1295 2004 1427 2056 etc.,
1460 1993 1710 2060 Basilem,
1745 1993 1888 2064 apud

274 2087 539 2141 Adamum
575 2087 807 2142 Petrum
833 2128 847 2153 ,
886 2103 1075 2143 mense
1104 2089 1298 2144 Martio
1334 2089 1491 2152 1518,
1524 2090 1687 2144 iu-b'.
1740 2089 1890 2144 Dilli-

272 2183 532 2238 caltatctn
586 2184 791 2254 ingerit
839 2185 1132 2255 appellatio
1183 2185 1426 2240 Romani.
1482 2187 1716 2241 Patriam
1770 2187 1889 2252 ejus

271 2281 496 2350 putabat
545 2280 851 2350 signiﬁcari
901 2279 1088 2336 Sixtus
1150 2281 1430 2337 Senensis.
1507 2281 1885 2337 Chromatium

279 2383 441 2425 vocat
501 2371 803 2444 Hispanum
850 2373 1126 2428 Daudulus
1175 2391 1188 2427 :
1238 2385 1293 2428 at
1340 2375 1454 2428 ullo
1494 2375 1614 2430 sine
1662 2375 1890 2444 probato

273 2467 406 2521 vade
430 2471 712 2522 asscritur
732 2468 778 2523 si
803 2484 868 2523 ve
895 2469 1162 2524 Romanus
1182 2471 1375 2541 patria,
1405 2471 1527 2526 sive
1552 2473 1760 2525 natione
1793 2469 1890 2524 Ili-

273 2577 490 2630 spamts.
525 2561 799 2617 Baronitts
825 2605 839 2628 ,
873 2564 926 2617 in
959 2564 1350 2636 Martyrologio
1374 2604 1390 2629 ,
1423 2565 1489 2619 ad
1521 2565 1664 2620 diem
1697 2565 1768 2620 2‘2
1794 2564 1891 2621 Ju-

275 2655 376 2713 nii.
408 2665 464 2708 et
490 2653 527 2708 Ξ
560 2655 883 2710 Decembris
909 2697 923 2720 ,
967 2657 1020 2711 iit
1055 2658 1198 2712 umis
1220 2701 1234 2724 ,
1265 2661 1560 2724 observat,
1602 2661 1890 2730 Aquileiam

275 2744 473 2801 dictam
533 2747 838 2818 aliquando
893 2749 1169 2804 civitatem
1229 2749 1516 2804 Romanam
1565 2769 1581 2806 :
1642 2752 1891 2822 adeoque

277 2838 667 2894 Chromatium
721 2840 904 2894 vocari
944 2841 1249 2912 episconum
1300 2843 1590 2898 Romanum
1619 2887 1633 2910 ,
1666 2845 1890 2914 perinde

275 2945 398 2986 esse
444 2948 506 2985 ac
559 2932 886 3003 Episcopum
940 2934 1341 3004 Aqttileiensem.
1399 2937 1771 3004 Quesncllus,
1821 2937 1889 2992 ad

278 3026 569 3092 epistolam
597 3039 768 3079 cmx
800 3027 972 3080 sancti
1004 3025 1222 3093 Leonis,
1257 3026 1284 3099 §
1315 3029 1381 3092 4;
1417 3027 1612 3097 Pagius
1639 3071 1653 3095 ,
1687 3029 1753 3084 ad
1792 3045 1893 3084 an-

279 3135 406 3173 num
438 3119 548 3176 596
574 3162 589 3185 ,
629 3136 780 3174 num.
816 3122 886 3186 7;
934 3121 1326 3178 Tiltemontius
1353 3165 1368 3189 ,
1431 3126 1486 3178 in
1520 3126 1891 3182 Monumentis

281 3210 492 3267 llister.
521 3213 767 3277 Eccles.,
795 3222 941 3269 tomo
974 3215 1066 3281 XI,
1101 3219 1302 3271 dictum
1334 3217 1627 3272 Romanum
1654 3221 1887 3285 docent,

281 3305 384 3360 hoc
417 3319 502 3360 est
534 3306 856 3361 catholicum
883 3348 898 3373 ,
949 3309 1034 3363 vel
1081 3313 1244 3364 etiam
1293 3313 1586 3382 episcopum
1640 3311 1892 3370 Ecclesiae

283 3397 521 3452 Romano
546 3401 599 3452 in
625 3401 842 3468 imperio
869 3402 1068 3468 posiae.
1101 3403 1202 3456 Tot
1235 3403 1382 3458 inter
1412 3405 1759 3473 conjecturas
1792 3407 1894 3461 mi-

287 3491 339 3548 hi
368 3493 530 3548 etiam
574 3509 698 3562 qute
729 3497 896 3548 menti
943 3513 1077 3551 meae
1105 3498 1372 3552 inciderat
1401 3541 1414 3564 ,
1448 3501 1696 3570 proferre
1741 3501 1892 3557 licuit

284 3586 338 3641 in
391 3586 751 3642 Monumentis
803 3587 1048 3644 Ecclesia:
1110 3593 1490 3660 Aquileiensis,
1547 3595 1727 3663 capite
1783 3597 1889 3662 10,

281 3696 430 3735 num.
463 3683 522 3746 2,
554 3691 614 3736 ttt
645 3697 846 3751 nempe
875 3698 940 3738 eo
974 3685 1245 3738 vocabulo
1272 3687 1442 3755 patria
1479 3687 1778 3743 Chromalii
1811 3689 1893 3744 itt-

285 3775 584 3839 dicaretur,
621 3792 798 3844 eaque
830 3776 990 3832 fuerit
1021 3777 1311 3833 Concordia
1337 3822 1351 3845 ,
1391 3781 1458 3835 de
1488 3797 1591 3852 qua
1621 3783 1697 3838 sic
1727 3783 1890 3838 habet

289 3867 490 3925 Plinius
526 3868 689 3924 Libro
720 3886 796 3931 ut.
821 3871 1000 3942 capite
1033 3874 1130 3926 18:
1163 3873 1380 3928 Colonia
1408 3874 1722 3938 Concordia,
1759 3875 1892 3931 Flu-

288 3977 396 4016 men
427 3973 476 4016 et
513 3962 710 4017 Portus
743 3963 1040 4018 Rontatium
1068 3982 1086 4030 ;
1133 3965 1380 4034 adeoque
1407 3967 1755 4022 Chromatius
1785 3969 1890 4024 dici

285 4060 460 4129 potius
481 4057 748 4114 debuerit
778 4058 1044 4113 Romatitts
1072 4103 1085 4123 ,
1120 4077 1216 4114 seu
1246 4061 1552 4118 Romatinus
1579 4064 1751 4132 patria
1783 4105 1796 4127 ,
1827 4079 1890 4118 ac

285 4150 479 4206 deinde
507 4152 784 4222 episcOpns
815 4152 1199 4222 Aquileiensis.

349 4244 491 4299 Jttsti
524 4243 818 4298 Foutaniui
846 4243 1120 4312 post/ruma
1164 4244 1400 4299 Historia
1429 4244 1703 4300 Litteraria
1735 4248 1893 4318 Aqui-

285 4335 488 4391 leiensis
520 4337 701 4390 lueetn
732 4336 867 4390 vidit
894 4339 1037 4407 typis
1069 4338 1328 4391 llotnanis
1361 4354 1506 4391 anno
1542 4339 1697 4392 l'MQ.
1749 4338 1889 4409 lnje-

284 4439 422 4481 etam
468 4425 856 4480 difﬁcultatem
887 4429 1149 4496 expendit
1178 4428 1320 4482 libro
1351 4445 1430 4488 tu.
1461 4433 1640 4497 capite
1657 4430 1713 4494 4,
1741 4447 1888 4484 nmn.

283 4521 334 4586 2,
377 4537 541 4592 quam
580 4521 651 4574 ita
679 4521 818 4574 Solvi
850 4521 1052 4576 debere
1084 4530 1237 4590 putat
1271 4564 1285 4587 ,
1331 4533 1385 4575 ut
1421 4521 1688 4576 Romanus
1715 4523 1892 4577 dictus

285 4615 450 4672 luerit
473 4613 836 4669 Chromatius
864 4657 878 4679 ,
915 4616 1015 4669 hoc
1056 4625 1138 4670 est
1186 4614 1385 4671 Latinio
1426 4633 1515 4670 seu
1547 4617 1894 4672 Occitlcntalis

1994 2001 2242 2064 Photius,
2271 2001 2527 2057 Ruﬁnum
2556 2013 2712 2056 vocat
2737 2009 2831 2058 τοῦ
2857 2001 3128 2075 Ῥωμαίου.
3164 2008 3229 2056 At
3261 2004 3457 2058 mirttm
3490 2017 3600 2058 non

1993 2105 2182 2161 esset,
2235 2095 2456 2151 Grmcos
2485 2095 2797 2165 Scriptores
2842 2112 3068 2151 vocasse
3116 2096 3373 2152 Ruﬁnum
3406 2096 3602 2152 Roma-

1993 2205 2135 2247 nttm.
2169 2189 2268 2240 hoc
2297 2199 2381 2242 est
2429 2189 2667 2254 latinum,
2710 2197 2765 2243 et
2809 2189 3153 2242 Occiclentalis
3186 2188 3433 2244 Ecclesitz
3474 2191 3604 2244 tcri-

1992 2290 2190 2352 ptorem
2218 2299 2236 2334 :
2268 2281 2412 2334 subit
2438 2290 2675 2335 attamen
2703 2279 2945 2347 mirati",
2977 2281 3119 2348 apud
3146 2281 3295 2348 ipsos
3325 2281 3596 2336 Occidenv

1993 2375 2128 2428 tales
2156 2375 2337 2429 vocari
2375 2373 2749 2429 Chromatium
2788 2374 3100 2441 Romanum,
3135 2374 3186 2429 id
3219 2385 3304 2430 est
3342 2373 3596 2431 Latinum

1992 2477 2044 2522 et
2080 2468 2444 2523 Occidentalis
2478 2467 2739 2522 Ecclesia:
2771 2467 3111 2537 episcopum.

2064 2559 2461 2614 Testimonium
2513 2559 2787 2630 denique,
2843 2561 3012 2614 Velttli
3057 2560 3594 2629 locupletissimum,

1991 2651 2214 2708 aﬂ't-rlur
2254 2653 2435 2709 Albini
2491 2661 2856 2722 cognomento
2895 2652 3106 2708 Aleuini
3135 2694 3149 2719 ,
3178 2653 3350 2723 quiin
3393 2651 3595 2708 Libello

1992 2755 2169 2798 contra
2201 2746 2437 2799 htercsim
2481 2743 2672 2799 Felicis
2704 2745 2943 2799 nondum
2983 2744 3132 2799 edito
3159 2787 3174 2812 ,
3206 2757 3600 2814 asservatoque

1993 2836 2135 2891 inter
2162 2837 2442 2893 Palatinos
2467 2836 2828 2892 Bibliotheca:
2863 2837 3140 2891 Vatieaute
3169 2837 3424 2904 Codices,
3459 2837 3602 2892 inter

1991 2931 2214 2986 Patrum
2259 2931 2576 2986 Latinorum
2609 2932 2774 2995 dicta,
2817 2931 3117 3004 Augustini,
3142 2930 3360 2996 IsidOti,
3385 2941 3443 2988 et
3465 2930 3600 2986 Leo-

1991 3025 2070 3078 nis
2096 3067 2111 3090 ,
2142 3023 2300 3078 all‘ert
2330 3026 2494 3079 etiam
2529 3022 2815 3078 Chromatii
2857 3025 3188 3079 sententiam
3239 3025 3324 3078 his
3369 3025 3555 3080 verbis
3583 3043 3599 3080 :

1994 3116 2324 3172 Chromatius
2370 3136 2570 3191 quoque
2613 3133 2807 3174 sanctae
2837 3119 3086 3174 Romamn
3111 3117 3358 3174 Ecclesia:
3385 3121 3602 3175 antistes

1993 3213 2046 3266 in
2078 3211 2300 3278 Libello,
2331 3231 2481 3284 quem
2507 3213 2572 3268 de
2592 3223 2706 3268 octo
2735 3213 3152 3268 Rcatitudint’bus
3180 3214 3463 3285 inscripsit,
3489 3226 3598 3269 etc.

1918 3299 2453 3362 CAttiutatlt'et'let'e
2511 3319 2728 3375 przrstat
2775 3305 3074 3361 Cltromatii
3133 3307 3302 3362 verba
3357 3323 3479 3376 qua:
3532 3308 3602 3362 ab

1997 3400 2198 3455 Albino
2227 3415 2324 3455 seu
2368 3398 2602 3454 Alcuino
2631 3400 2912 3465 citantur,
2963 3400 3015 3453 iu
3067 3399 3330 3467 prtedicto
3373 3411 3605 3456 exstare

1997 3493 2233 3560 Lihello,
2275 3510 2433 3564 quem
2465 3494 2630 3549 edidit
2654 3491 2953 3549 Siehardus
2983 3511 2995 3548 :
3023 3493 3089 3548 ad
3121 3494 3423 3566 eademque
3460 3495 3601 3553 hanc

1995 3587 2215 3657 appingi
2247 3603 2274 3638 a
2306 3586 2575 3642 Siehardo
2602 3599 2784 3641 notam
2817 3587 2868 3641 in
2902 3586 3048 3641 Libri
3085 3586 3330 3654 margine
3359 3605 3372 3641 :
3399 3587 3601 3645 Citatur

1957 3735 1960 3738 _
1997 3680 2082 3733 hic
2114 3677 2256 3732 locus
2285 3683 2349 3735 ab
2376 3679 2566 3733 Albino
2600 3692 2778 3734 contra
2823 3678 3054 3734 Felicem
3101 3696 3165 3735 ea:
3188 3679 3476 3735 Cltromatii
3511 3680 3607 3735 Li-

1995 3772 2130 3828 bcllo
2162 3774 2225 3826 de
2254 3772 2383 3826 Octo
2405 3771 2843 3829 Beatitudinibus.
2892 3773 3025 3828 lline
3058 3789 3190 3828 vero
3228 3774 3599 3845 colligendum

1996 3875 2083 3921 est
2108 3909 2120 3930 ,
2148 3883 2211 3922 ex
2255 3868 2357 3920 hoc
2389 3867 2600 3922 Alcnini
2635 3868 2775 3933 loco,
2807 3883 2911 3922 non
2941 3866 3050 3922 alio
3077 3882 3141 3922 ex
3177 3865 3383 3924 Codice
3420 3867 3602 3922 Chro-

1998 3961 2225 4014 matium
2258 3960 2311 4014 in
2352 3963 2591 4030 Operam
2625 3961 2744 4030 ejus
2775 3961 3016 4016 editione
3061 3975 3092 4014 a
3120 3960 3386 4018 Siehardo
3415 3961 3602 4033 appel-

1998 4054 2163 4107 latum
2188 4055 2480 4126 episcopum
2507 4055 2819 4109 Romanum.

2071 4149 2176 4205 Sed
2209 4149 2378 4203 hocce
2405 4150 2690 4213 voeabula,
2718 4159 2811 4203 aut
2841 4150 3022 4204 verbis
3055 4151 3162 4205 illis
3187 4159 3384 4204 sancta:
3412 4149 3605 4205 Roma-

1997 4257 2079 4295 na:
2113 4239 2360 4296 Ecclesite
2400 4242 2612 4293 antistes
2655 4241 2704 4293 id
2744 4257 2906 4294 umtm
2949 4241 3257 4306 signiﬁcare
3309 4241 3599 4296 Alcuiuum

1999 4333 2286 4395 voluisse,
2340 4333 2483 4402 quod
2533 4331 2883 4386 Chromatius
2923 4333 3087 4386 fuerit
3131 4330 3509 4398 Occidentalis,
3558 4342 3608 4386 et

1998 4426 2204 4482 Latitue
2247 4426 2490 4483 Ecclesia:
2526 4429 2737 4482 antistes
2783 4427 3032 4499 quidam,
3083 4429 3262 4481 minus
3301 4426 3604 4483 verisimile

1999 4521 2237 4576 videtur.
2287 4520 2401 4576 Cttr
2432 4523 2546 4591 pari
2579 4522 2737 4575 titulo
2777 4523 3153 4590 Augustinum,
3193 4532 3249 4576 ct
3286 4519 3555 4576 Isidorum
3581 4563 3598 4588 ,

1999 4615 2118 4669 sine
2149 4615 2317 4668 dubio
2359 4615 2580 4669 Latinos
2612 4624 2667 4670 et
2690 4614 3068 4670 Occidentales
3095 4617 3413 4686 episcopos,
3463 4630 3604 4686 quo-

291 4712 537 4767 Ecclesia:
567 4721 715 4776 pater
740 4753 752 4776 ,
787 4720 832 4763 ct
875 4713 1168 4780 episcopus.
1219 4711 1730 4780 luterpretationem
1776 4728 1894 4766 am-
1919 4701 1971 4761 D
1999 4725 2118 4762 rum
2165 4709 2474 4764 testimonia
2512 4709 2779 4781 decerpit,
2819 4725 2926 4764 non
2957 4709 3294 4781 insigniverit
3319 4710 3342 4764 ?
3372 4711 3604 4765 Alcuino

289 4806 542 4875 plectitur
567 4801 799 4858 Joannes
827 4801 1086 4875 Iosephus
1117 4802 1304 4857 Liruli.
1333 4803 1390 4858 In
1423 4815 1743 4874 argumenta
1767 4820 1888 4875 qua:

294 4896 450 4970 164
463 4895 1352 4966 proferuntur,anitnadversiones
1365 4895 1714 4951 addo.’l‘estis
1730 4913 1891 4952 voca-

289 5001 375 5047 tur
396 5003 624 5047 Sant-tus
647 4989 1036 5063 Hieronymus,
1056 4991 1146 5060 qui
1175 4993 1225 5045 iu
1245 4992 1473 5060 epistula
1506 4992 1571 5045 ad
1595 4992 1889 5047 Damasum

289 5086 383 5159 (xv
413 5085 466 5140 iu
501 5085 747 5140 editione
773 5084 1096 5156 Veronensi)
1120 5085 1195 5139 ait
1230 5103 1242 5138 :
1293 5083 1570 5139 Novellum
1597 5103 1629 5138 a
1654 5103 1731 5140 tne
1756 5127 1770 5150 ,
1799 5086 1893 5139 ho-

289 5181 419 5232 mine
453 5178 694 5232 Romano
718 5218 733 5241 ,
767 5193 948 5231 nomen
976 5179 1200 5248 exigitur
1226 5193 1244 5232 :
1286 5179 1338 5232 iu
1369 5193 1434 5232 ea
1477 5179 1687 5232 scilicet
1713 5219 1726 5238 .
1769 5193 1893 5246 quae

289 5281 413 5329 tunc.
440 5273 512 5328 de
545 5288 652 5326 uua
681 5314 696 5337 ,
749 5272 831 5325 vel
887 5272 1064 5325 tribus
1094 5272 1142 5324 in
1177 5272 1286 5326 Deo
1315 5271 1710 5341 llypostasibus
1753 5282 1895 5326 mola

288 5363 463 5421 luerat
499 5367 554 5418 in
579 5364 804 5418 Oriente
829 5364 1228 5417 controversia.
1283 5363 1458 5418 Minus
1502 5374 1687 5433 aptmn
1723 5363 1896 5418 videri

288 5467 469 5529 potest
493 5457 830 5524 exemplum.
863 5454 934 5510 Se
959 5455 1164 5524 quippe
1193 5454 1486 5509 Romanum
1518 5456 1758 5525 appellat
1802 5455 1896 5509 Ito-

288 5553 474 5606 minent
508 5550 898 5618 Ilieronymtts,
955 5561 1064 5602 noo
1095 5562 1156 5600 ea
1187 5547 1364 5600 solum
1402 5551 1613 5600 ratione
1644 5546 1766 5614 quia
1798 5563 1892 5599 na-

289 5657 368 5700 tus
396 5646 451 5698 in
488 5641 770 5698 Occidente
792 5681 806 5703 ,
853 5656 917 5695 ac
947 5639 1130 5694 latina:
1173 5638 1367 5710 lingua:
1408 5640 1570 5692 homo
1599 5646 1716 5691 erat
1749 5655 1761 5689 :
1797 5652 1891 5692 ve-

290 5756 407 5795 rum
442 5735 571 5806 quia
606 5734 844 5789 maxime
873 5734 1133 5788 Romanae
1161 5733 1435 5787 cathedra:
1462 5731 1714 5786 addictus
1740 5740 1860 5786 erat
1879 5775 1896 5799 ,

290 5843 356 5888 ac
397 5829 528 5885 ﬁdei
583 5827 862 5897 professor
901 5843 1064 5897 quam
1115 5827 1168 5882 in
1217 5842 1281 5882 ea
1321 5825 1624 5898 quaestione
1654 5825 1898 5881 Romana

293 5917 456 5978 ﬁdes
487 5918 764 5978 tradebat.
817 5914 969 5977 Unde
997 5919 1336 5985 prtetuiserat
1364 5953 1377 5979 .
1415 5919 1516 5972 sibi
1553 5915 1604 5971 lu
1638 5931 1704 5969 eo
1732 5914 1896 5970 dissi~

1998 4802 2292 4872 synchroni
2326 4800 2630 4857 Galliarum
2652 4844 2666 4866 ,
2701 4815 2754 4858 et
2778 4801 3086 4858 Germaniae
3112 4804 3353 4872 episcopi
3379 4803 3430 4857 in
3456 4802 3600 4875 Syn-

1995 4895 2152 4950 odica
2208 4897 2276 4950 ad
2317 4895 2580 4950 Prwsules
2612 4895 2884 4970 Hispanico
2911 4907 3090 4952 contra
3131 4895 3362 4954 Felicem
3403 4909 3450 4954 et
3480 4896 3600 4953 Eli-

2002 4988 2270 5058 pandum,
2321 5005 2440 5059 qum
2488 4999 2666 5045 exstat
2716 4993 2765 5044 in
2815 4993 3049 5046 concilio
3091 4989 3605 5054 Francotordiensi.

2002 5095 2124 5136 cum
2162 5080 2349 5134 Patres
2380 5082 2637 5136 Ecclesiae
2669 5083 2879 5138 Latium
2907 5097 2956 5139 et
3001 5084 3374 5141 Occidentalis
3414 5085 3604 5140 lliero—

2001 5190 2216 5245 nymum
2243 5185 2296 5229 et
2327 5174 2701 5246 Augustinum,
2728 5190 2779 5234 et
2814 5178 3181 5234 Cassiodorum
3215 5181 3472 5249 allegent,
3505 5194 3601 5234 eos

2002 5284 2111 5321 non
2148 5269 2428 5337 appellant
2469 5270 2730 5327 Romanos
2758 5315 2772 5338 ,
2801 5284 2893 5328 aut
2923 5271 3176 5329 Ecclesia:
3204 5275 3454 5328 Romam:
3493 5273 3606 5341 epi-

1999 5376 2179 5426 copas,
2206 5369 2252 5414 ct
2280 5360 2464 5416 Patres
2495 5379 2514 5416 :
2543 5379 2652 5432 quo
2672 5376 2864 5433 postea
2889 5366 3044 5420 titulo
3065 5365 3416 5420 Pascltasinm
3444 5364 3603 5437 165

2003 5451 2318 5516 diactmum,
2364 5465 2419 5509 et
2451 5455 2776 5524 Gregorium
2822 5459 3070 5528 Magnum
3105 5458 3446 5526 insignium:
3495 5457 3605 5511 Pa-

2004 5545 2241 5601 schasius
2269 5556 2462 5601 sancta:
2488 5549 2736 5605 Romana:
2759 5550 3011 5605 Ecclesia:
3031 5550 3279 5602 diaconus
3301 5549 3319 5615 (
3353 5547 3605 5615 inquien-

2006 5640 2136 5710 tes).
2181 5652 2223 5693 et
2253 5639 2530 5709 Gregorius
2563 5661 2700 5712 papa
2733 5646 3018 5700 Romanus.
3070 5641 3208 5709 Quid
3254 5648 3339 5692 est
3385 5656 3600 5696 rursum

2003 5734 2149 5806 quod
2171 5735 2384 5788 titulum
2399 5745 2598 5789 sancttc
2615 5737 2864 5792 Romana:
2878 5733 3126 5790 Ecclesia:
3145 5731 3394 5784 antistitis
3417 5733 3604 5786 minus

2002 5825 2162 5882 obvio
2194 5841 2359 5882 sensu
2386 5827 2721 5895 adhibuerit,
2745 5829 2812 5882 ad
2846 5829 3080 5881 lectores
3117 5821 3474 5889 decipiendos
3507 5826 3604 5894 api

2004 5917 2253 5970 tissime?
