4084 6342
504 373 613 430 ιόὄ

1474 369 1564 426 οε
1597 369 1657 427 8.
1699 363 2106 424 CIIBOMATIO
2147 363 2366 422 EPISC.
2410 362 2851 434 AQUILEIENSI

3700 363 3803 422 ιω

502 499 508 534 ι
575 491 750 548 Nolim
803 505 906 562 ego
955 489 1258 560 suspicari,
1305 488 1550 556 ejusdem
1608 486 1752 541 tituli
1813 494 2095 539 auctorem
2125 481 2536 552 Aquentibus:
2570 482 2755 555 Itaque
2805 497 2922 536 cum
2971 499 3073 537 non
3117 499 3228 539 esse
3269 484 3419 539 illam
3475 481 3670 538 Filium
3711 479 3804 537 Dei

503 588 673 642 fuisse
704 586 1016 641 Alcuinum.
1055 584 1106 639 Is
1147 583 1340 655 legerit
1382 583 1434 636 in
1467 580 1762 635 Codicibus
1789 588 1883 632 aut
1911 588 2105 632 sancta

503 682 757 738 Romani:
803 679 1055 734 Ecclesia:
1094 679 1394 743 antistitem,
1436 677 1531 729 aut
1573 675 1873 744 episcopum
1906 673 2100 728 Ramn-

502 795 652 833 nutn.
684 778 804 846 Quo
834 776 949 830 iuro
968 775 1132 830 verba
1157 772 1490 826 intellrxerit
1513 783 1699 834 sensu,
1721 781 1827 822 non
1844 767 2102 822 dixerim.

515 873 780 941 Equidem
812 883 1020 942 septem
1056 870 1130 923 illi
1166 868 1431 936 episcopi,
1459 867 1550 932 qui
1579 865 1631 919 ic
1666 864 1918 919 Ecclesia
1949 862 2107 916 Late-

506 968 750 1027 raueusi.
771 981 868 1020 sua
893 965 1121 1035 quisque
1146 977 1241 1032 per
1267 961 1415 1015 vices
1441 959 1706 1014 redeunte
1740 954 2106 1022 hebdomade,

505 1061 766 1134 mysteria
790 1057 1162 1122 celebrabant,
1197 1055 1460 1125 appellari
1488 1054 1629 1123 apud
1658 1054 1956 1122 scriptorcs
1978 1063 2109 1104 cau-

502 1161 804 1209 suevernnt
819 1150 1046 1221 episcopi
1061 1148 1280 1202 Romani
1288 1190 1300 1207 .
1319 1148 1586 1216 pontiﬁces
1605 1146 1846 1208 Romani,
1863 1143 2109 1198 [laniante

513 1247 758 1301 Ecclesia
783 1243 1031 1315 episcopi,
1049 1242 1283 1312 episcopi
1309 1241 1605 1297 cardinales
1639 1239 1887 1294 Romana'
1917 1236 2107 1291 Eccle-

507 1343 618 1400 sia).
649 1336 969 1409 liujusmodi
995 1336 1384 1407 episcoporum
1411 1333 1805 1402 mentioprima
1832 1330 2109 1400 reperitur

504 1433 650 1507 apud
705 1433 1002 1488 Baronium
1061 1431 1128 1486 ad
1160 1443 1366 1485 annum
1419 1428 1542 1484 769.
1595 1427 1677 1483 Au
1716 1441 1850 1496 ergo
1888 1440 1954 1480 es
1988 1425 2110 1480 istis

507 1543 649 1583 unus
691 1529 1037 1584 existimatus
1081 1525 1253 1581 luerit
1279 1523 1667 1579 Chromatius?
1700 1524 1777 1576 An
1819 1521 2110 1592 imperitus

507 1622 843 1691 ignarusque
875 1618 1157 1684 librarius,
1189 1631 1315 1672 cum
1353 1611 2112 1670 anitnadrertcrethroma-

509 1719 642 1772 tium
685 1719 784 1772 abs
831 1717 1170 1782 liieronymo
1219 1714 1404 1769 vocari
1435 1727 1627 1785 papam
1656 1711 1998 1767 renerabilem
2054 1711 2107 1765 in

511 1814 736 1881 prologo
765 1811 889 1864 libri
922 1823 961 1864 lt
990 1808 1524 1864 Commentariorum
1552 1808 1607 1860 in
1639 1807 1962 1876 prophetam
1997 1805 2106 1860 Hit-

2206 575 2482 630 διάη...
2511 574 2624 629 Nos
2649 590 2768 630 vero
2802 576 3024 630 Κουιηηὶ
3060 576 3276 630 dicimus
3303 578 3460 631 unius
3500 575 3805 631 substantia

2206 685 2321 722 cum
2360 667 2518 723 Patre
2547 670 2694 723 illum
2739 683 2866 724 esse.
2918 671 3302 742 ilignissimam
3350 671 3543 740 accipe
3592 671 3806 727 demum

2208 765 2414 820 laudati
2441 764 2711 820 Ruinartii
2734 767 3264 821 animadversionem
3295 769 3494 822 ibidem
3518 783 3534 822 :
3560 765 3618 821 Is
3644 777 3812 822 autem

2210 874 2317 912 nias
2346 857 2683 929 (C'ililOiiCOS
2704 860 2932 914 vocandi
2969 861 3266 927 ilotnanos)
3318 861 3645 930 potissimum
3671 861 3811 913 initu-

2209 953 2325 1011 lait,
2352 969 2466 1006 cum
2499 953 2717 1008 Barbari
2753 954 2958 1007 Ariona?
2978 963 3126 1009 serite
3150 954 3347 1009 addicti
3379 954 3677 1025 provincias
3712 952 3812 1008 Rm

2212 1047 2351 1100 muni
2368 1047 2572 1118 imperii
2600 1047 2952 1101 dettastat'uut.
2989 1047 3146 1102 Vocis
3176 1059 3308 1119 ergo
3333 1047 3694 1102 Romanarum
3722 1058 3812 1118 pro

2209 1139 2489 1195 Catholicis
2517 1155 2670 1195 usum
2707 1158 2734 1194 a
2758 1151 2964 1195 remota
3000 1141 3265 1197 habemus.
3288 1152 3478 1197 mtate.
3516 1133 3676 1197 Etas
3702 1142 3814 1200 haec

2209 1236 2467 1289 convenit
2486 1250 2606 1288 cum
2633 1243 2899 1305 tempore,
2920 1249 3026 1304 quo
3041 1233 3390 1290 Chromatius
3404 1233 3812 1303 Aqtiileicnsem

2209 1327 2430 1396 regebat
2457 1327 2783 1390 Ecclesium,
2800 1335 2858 1381 ut
2873 1339 2935 1380 ex
2953 1325 3202 1382 Lucifero
3223 1328 3536 1382 Culariiano
3555 1335 3700 1396 patet
3724 1335 3813 1384 :ae

2211 1431 2428 1474 rursum
2445 1416 2548 1475 sub
2565 1419 2951 1490 ipsoChromat
2964 1422 3015 1476 io
3036 1422 3812 1493 irruptionesGotltnrtttn,qtli

2213 1517 2411 1570 Ariana
2437 1516 2524 1570 Ide
2549 1516 2731 1571 iniecti
2751 1527 2931 1583 erant,
2959 1517 3012 1570 itt
3044 1516 3319 1572 Venetiam
3340 1531 3405 1574 ao
3428 1517 3639 1573 Italiam
3671 1518 3814 1574 ilices

2213 1611 2380 1680 pisse,
2397 1623 2485 1669 uot
2499 1627 2585 1664 um
2601 1621 2703 1666 est.
2722 1611 2920 1678 Quidni
2937 1609 3495 1682 ergotlbrotnntiusin
3513 1623 3682 1666 recite
3695 1609 3813 1669 Ιίὐεὶ

2212 1706 2666 1775 protestationem
2686 1706 2848 1774 Operi
2862 1720 2959 1760 suo
2973 1708 3277 1762 inscribere
3299 1721 3358 1762 se
3376 1706 3612 1761 voluerit
3628 1705 3814 1777 episco-

2214 1817 2333 1872 pum
2351 1799 2662 1865 Romanum,
2679 1801 2732 1856 id
2747 1812 2826 1855 est
2840 1800 3260 1866 CdlltOliCllln,\’ei
3283 1800 3530 1856 Ecclesia!
3549 1795 3813 1870 Romam

511 1907 699 1968 hacne.
731 1914 788 1961 et
814 1907 1174 1974 episcoporum
1203 1904 1583 1958 sanctissimum
1603 1903 1658 1957 in
1691 1898 2018 1955 Prmlstiotte
2040 1899 2106 1954 ad
2141 1887 2186 1947 Β
2215 1894 2265 1948 id
2286 1901 2367 1949 esi
2391 1895 3236 1967 eatitolicmepiscapnm?Quidni
3257 1897 3436 1963 potius
3455 1897 3544 1964 qui
3563 1897 3813 1966 sequior!

513 1999 761 2054 Latinam
802 2007 901 2054 τῶν
950 1997 1402 2065 Paralipomenon
1447 1996 1778 2060 Versionem,
1812 1992 2113 2048 crediderit

515 2095 692 2158 ipsum
739 2101 1014 2146 summum
1069 2090 1406 2158 pontiﬁcem,
1439 2090 1667 2160 ejusque
1690 2088 1867 2158 Opera
1905 2087 2112 2143 exscri-

514 2182 670 2250 beus,
704 2183 868 2237 titulo
895 2181 1238 2251 iusigniverit
1274 2183 1500 2254 episcopi
1527 2180 1766 2249 Romani,
1801 2190 1891 2235 aut
1922 2191 2112 2235 sancite

513 2277 764 2332 Romana!
795 2275 1042 2330 Ecclesiae
1073 2275 1364 2330 antistitis?

583 2372 654 2426 At
687 2370 828 2426 idem
851 2371 1040 2425 titulus
1061 2370 1212 2425 nullo
1234 2369 1372 2424 vitio
1402 2368 1634 2425 laboret.
1669 2367 1747 2422 An
1779 2368 1882 2423 alia
1911 2377 2113 2438 prmSio

513 2466 678 2520 luerit
719 2464 1070 2519 Verisimilior
1114 2463 1535 2531 interpretatio?
1583 2459 1934 2517 Theodericus
1984 2460 2114 2515 Rui-

513 2569 649 2621 uart,
677 2558 730 2612 in
759 2567 888 2611 nuta
921 2557 990 2612 49
1019 2555 1084 2610 ad
1115 2557 1415 2611 Historiam
1457 2555 1857 2624 persecutionis
1901 2553 2113 2607 Vanda-

514 2650 637 2704 licte
659 2651 920 2704 observat
956 2668 970 2704 :
1009 2649 1358 2703 Rotnatwrnin
1393 2648 1600 2701 nomine
1629 2646 1924 2700 Catholicae
1953 2647 2116 2718 inisse

515 2742 810 2813 designatos
837 2751 948 2796 tuin
985 2741 1048 2796 ab
1075 2742 1331 2796 ntereticis
1359 2743 1508 2810 ipsis,
1543 2752 1597 2794 nt
1630 2742 1681 2794 in
1720 2742 1815 2795 hoc
1841 2741 1976 2806 loco,
2007 2750 2113 2794 tum

514 2837 669 2889 etiam
695 2851 726 2889 α
755 2833 1020 2890 σαιὴνιῑίσίο
1043 2835 1357 2888 httcl'aribns.
1393 2833 1570 2889 Locus
1600 2844 1683 2889 est
1719 2830 1854 2888 libro
1886 2845 1925 2892 t.
1957 2847 2110 2887 nunt.

517 2931 606 2993 14,
628 2929 718 2984 ubi
744 2923 973 2984 locat-di
1000 2928 1286 3000 presbyteri
1313 2929 1494 2982 Ariani
1514 2926 1672 2981 verba
1698 2933 1826 2980 sunt
1851 2927 1915 2981 ad
1937 2927 2114 2981 Theo-

517 3019 763 3078 dericum
799 3024 948 3092 regis
983 3023 1150 3076 illium
1180 3037 1192 3075 :
1227 3022 1288 3076 Si
1310 3021 1488 3093 gladio
1514 3023 1790 3092 pemneris
1827 3020 2117 3091 (Aristogit-

514 3120 702 3187 stem),
751 3119 996 3187 incipient
1045 3129 1162 3170 eum
1205 3113 1429 3172 κονιωπὶ
1483 3126 1760 3187 martyrem
1807 3114 2110 3186 pra-dicare.

513 3213 889 3268 Mabilionium
923 3213 1054 3266 citat
1087 3213 1190 3264 hac
1217 3211 1287 3266 de
1317 3227 1374 3265 re
1403 3209 1768 3265 disserentem
1813 3211 1866 3264 in
1913 3207 2114 3264 ἰδιωτε-

2214 2000 2376 2047 tetate
2403 1991 2580 2064 Opera
2614 1994 2860 2062 ejusdem
2889 1994 3260 2058 exscribebat,
3293 1993 3344 2047 in
3387 1993 3506 2063 ejus
3531 1992 3655 2047 iidel
3684 1997 3816 2061 prte-

2214 2085 2432 2143 conium
2475 2087 2840 2158 appellaverit
2871 2089 3050 2157 ipsum
3080 2090 3378 2159 episcopum
3419 2087 3734 2152 Rontonnm,
3761 2095 3816 2142 et

2215 2182 2355 2237 hanc
2384 2183 2804 2252 appellationem
2834 2182 3000 2237 veluti
3033 2183 3155 2253 ejus
3185 2185 3460 2253 propriam
3493 2182 3815 2237 retinuerint

2215 2277 2485 2346 sequioris
2513 2277 2691 2331 aetatis
2722 2275 2949 2342 notarii,
2976 2286 3065 2330 aut
3089 2275 3495 2345 exscriptoresi

2287 2369 2444 2440 Apud
2477 2371 2704 2425 Paulum
2747 2371 3044 2426 Diaconum
3099 2369 3238 2425 libro
3269 2383 3344 2433 tv,
3386 2369 3564 2438 capite
3597 2369 3690 2434 5i,
3728 2367 3813 2422 ubi

2216 2462 2449 2518 duorum
2486 2463 2918 2534 patriarchrum
2966 2463 3431 2530 Aquileiensium,
3485 2462 3813 2517 schismatici

2219 2557 2402 2626 unius,
2429 2572 2492 2613 e
2521 2558 2748 2613 alterius
2791 2557 3049 2612 catholici
3091 2555 3284 2626 synodi
3327 2555 3535 2624 quinta:
3581 2569 3816 2610 metune-

2218 2652 2353 2705 nieat
2377 2652 2739 2712 veneratoris.
2773 2650 2972 2706 electio
3001 2658 3270 2713 narratur,
3301 2648 3378 2703 sic
3397 2649 3660 2717 legimus:
3688 2666 3706 2698 ι
3729 2645 3816 2701 llis

2217 2746 2413 2802 diebus
2437 2746 2608 2816 (attito
2635 2746 2856 2800 circiter
2885 2744 3036 2814 007),
3063 2744 3324 2797 defuncto
3352 2742 3566 2797 Severo
3596 2743 3818 2812 l‘satriar.

2217 2838 2342 2905 cita,
2373 2840 2656 2894 ordinatur
2681 2838 2913 2893 Joannes
2943 2837 3109 2891 Abans
3141 2836 3446 2905 patriarcha
3493 2836 3545 2888 in
3590 2831 3817 2903 Aquileia

2219 2943 2380 2987 celere
2403 2947 2528 2986 eum
2551 2946 2818 2984 remenso
2845 2928 2983 2999 regis
3006 2925 3541 2998 (Langobardorum)
3557 2936 3612 2981 et
3632 2925 3817 2982 Gisniii

2220 3027 2384 3081 Ducis
2411 3045 2423 3079 :
2451 3026 2504 3080 in
2525 3023 2730 3078 Gradus
2751 3039 2966 3094 quoque
2996 3019 3279 3076 ordinatus
3311 3031 3393 3076 est
3422 3021 3673 3076 Romanis
3690 3018 3814 3074 Catt-

2217 3119 2469 3174 didianus
2515 3119 2745 3174 antiSIes
2900 3116 3228 3172 Candidiano
3269 3128 3485 3184 quoque
3526 3112 3816 3178 defuncto,

2221 3213 2361 3282 apud
2388 3212 2594 3267 Gratias
2617 3209 2903 3267 ordinatur
2927 3209 3232 3282 patriarcha
3264 3208 3611 3280 Epiphanius
3756 3203 3819 3264 ab

514 3309 665 3362 tione
693 3309 757 3361 ad
784 3307 1083 3369 Litumiam
1112 3305 1640 3368 Gallic-attainmum.
1663 3305 1749 3358 ii.
1781 3303 1908 3371 Ejus
1925 3303 2112 3372 accipe
2139 3287 2187 3350 Ε
2220 3308 2490 3379 aptat-opis
2517 3309 2606 3379 ηηί
2632 3317 2785 3362 eram
2808 3307 2900 3360 mo
2928 3305 3190 3360 Romanis.
3224 3325 3242 3358 ι
3270 3305 3516 3372 Hujusce
3539 3305 3649 3359 vim
3678 3303 3821 3360 vocis

515 3402 680 3456 verba
724 3419 735 3454 :
775 3417 796 3452 ι
846 3399 1120 3454 Catholici
1171 3400 1310 3467 apud
1352 3395 1677 3467 Gregorium
1726 3397 2110 3451 Tttrouensem

513 3498 855 3565 episcopum,
886 3495 1106 3548 Noniani
1135 3507 1243 3548 non
1269 3494 1438 3547 seruet
1477 3492 1634 3547 dicti.
1675 3491 1829 3547 Unus
1859 3491 2008 3544 locus
2028 3497 2116 3543 est

515 3592 569 3646 in
599 3592 738 3646 libro
767 3597 805 3645 ι.
841 3591 905 3643 de
931 3589 1113 3644 Gloria
1138 3585 1448 3658 Martyrum,
1473 3588 1650 3657 capita
1672 3585 1763 3647 25.
1795 3585 1882 3638 ubi
1907 3585 2115 3654 Grego-

511 3683 628 3739 ritts
657 3698 826 3755 agens
859 3682 932 3737 de
958 3682 1177 3736 violatis
1205 3690 1303 3750 per
1329 3680 1623 3736 ittcreticos
1653 3673 1954 3732 Lusitania:
1989 3675 2112 3730 ion-

514 3781 680 3844 tibtts,
713 3789 768 3834 et
795 3779 864 3833 de
893 3778 1100 3834 caelesti
1129 3777 1370 3831 vindicta
1399 3778 1452 3831 in
1495 3775 1814 3834 violatores.
1844 3774 1958 3828 hanc
1986 3773 2115 3826 sub-

514 3874 590 3926 dit
619 3890 632 3925 :
662 3871 889 3941 Denique
914 3869 1312 3943 Theodegisilus
1353 3869 1512 3942 hujus
1559 3881 1652 3921 rea:
1699 3868 1947 3940 regionis,
1996 3881 2113 3919 cum

511 3964 719 4019 vidisset
749 3964 842 4017 hoc
869 3963 1172 4016 miraculum
1201 3962 1337 4032 quod
1368 3963 1421 4016 in
1450 3960 1531 4015 his
1564 3961 1781 4014 sacratis
1820 3953 1928 4012 Deo
1957 3959 2114 4024 {anti-

513 4060 608 4114 bus
639 4059 929 4132 gerebatur,
951 4058 1193 4128 cogitavit
1223 4057 1357 4110 intra
1385 4071 1438 4110 se
1467 4056 1662 4119 dicens,
1693 4055 1819 4124 quin
1847 4054 2114 4124 ingenium

511 4163 586 4209 est
651 4151 1001 4207 Rantanarutn
1067 4151 1362 4223 (Romanos
1427 4150 1810 4203 rnimrocitant
1877 4147 2114 4202 homines

510 4257 704 4303 nostra:
728 4245 1042 4318 religionis).
1067 4255 1125 4299 ut
1145 4246 1221 4299 ita
1247 4245 1468 4308 accidat,
1489 4253 1535 4297 et
1563 4257 1666 4296 non
1693 4250 1773 4297 est
1803 4240 1897 4296 Dei
1925 4241 2110 4296 uirtus.

512 4340 663 4397 Idem
710 4341 763 4396 in
810 4335 1053 4412 ejusdem
1083 4338 1206 4393 libri
1250 4339 1429 4407 capite
1456 4333 1546 4396 80.
1581 4335 1752 4391 refert
1785 4333 2110 4390 miraculum

509 4435 566 4490 in
590 4434 712 4490 fidei
740 4433 1056 4487 christianos
1082 4431 1534 4501 approbationem
1564 4429 1766 4484 factum
1801 4429 1854 4482 in
1889 4429 2114 4498 presby-

510 4536 629 4581 tero
660 4526 934 4580 eatbolico
973 4524 1237 4579 adversus
1262 4519 1645 4593 presbyterum
1694 4519 1954 4574 Arianum
1983 4535 1994 4570 :
2021 4519 2115 4588 qui

511 4620 822 4676 catholicus
870 4619 1162 4689 presbyter
1204 4627 1396 4670 nostra:
1441 4616 1705 4686 religionis
1754 4629 1782 4667 a
1819 4612 2113 4683 Gregorio,

2217 3404 2578 3473 esposnimus
2595 3403 2646 3456 in
2667 3402 2872 3455 nostris
2887 3400 3271 3464 Monumentis,
3290 3401 3472 3466 rapite
3492 3397 3581 3461 3'5.
3599 3387 3816 3454 nttm.3.

2220 3496 2513 3551 Ruinartus
2549 3496 2667 3548 loco
2714 3496 2900 3560 citato,
2948 3504 3075 3548 nota
3121 3493 3241 3557 199,
3269 3493 3335 3546 ad
3381 3493 3526 3547 iumc
3560 3494 3740 3548 locum
3769 3492 3818 3548 in

2223 3590 2458 3644 llistoria
2489 3587 2886 3654 persecutionis
2918 3584 3416 3652 Vandalicm,libro
3446 3595 3499 3646 ν,
3537 3597 3689 3640 ιιιιιιι.
3718 3585 3816 3641 18:

2224 3702 2242 3736 ι
2275 3685 2414 3749 Quas
2443 3680 2764 3754 (Barbaros)
2796 3683 3259 3751 quantiscumque
3308 3681 3630 3733 muneribus
3672 3678 3818 3735 iove-

2219 3777 2296 3833 ris
2432 3777 2507 3831 illi
2535 3775 2680 3830 aliud
2722 3776 2995 3838 nesciunt.
3030 3775 3135 3830 nisi
3164 3775 3418 3830 invidere
3447 3773 3702 3829 Romanis
3723 3789 3742 3828 :
3764 3783 3816 3830 et

2218 3881 2477 3942 quantum
2507 3871 2572 3924 ad
2605 3884 2792 3925 eorum
2822 3872 3016 3924 attinet
3061 3870 3425 3934 voluntatem,
3472 3877 3695 3937 Semper
3727 3880 3815 3922 cu-

2222 3965 2376 4033 piunt
2404 3962 2754 4035 splendorem
2805 3971 2862 4018 et
2901 3973 3075 4030 genus
3127 3961 3350 4016 Romani
3380 3962 3606 4015 nominis
3646 3962 3815 4016 obnu-

2221 4057 2417 4122 bilare,
2472 4071 2574 4112 nec
2617 4056 2782 4109 ullum
2838 4053 3191 4108 Romanorum
3233 4054 3458 4109 omnino
3500 4054 3816 4110 desiderant

2218 4153 2436 4206 vivere:
2472 4170 2488 4201 ι
2517 4151 2595 4203 sic
2614 4149 2832 4203 disserit
2860 4165 2872 4200 :
2911 4146 3035 4201 Post
3066 4147 3234 4200 varias
3267 4145 3621 4200 Barbarorum
3650 4147 3816 4219 irrup-

2219 4247 2401 4312 tiones,
2425 4260 2538 4296 cum
2566 4245 2620 4297 in
2654 4243 2908 4314 plerisque
2946 4242 3173 4312 imperii,
3213 4243 3537 4310 potissimum
3570 4241 3815 4296 Occiden-

2219 4339 2338 4394 talis
2363 4335 2660 4409 provinciis,
2696 4335 2914 4390 Barbari
2945 4337 3102 4389 simul
3129 4344 3176 4390 et
3215 4336 3417 4402 antiqui
3459 4339 3666 4409 populi,
3696 4354 3816 4408 quas

2217 4433 2350 4487 alios
2383 4429 2604 4485 Romani
2635 4428 3056 4499 subjugatterant,
3091 4428 3336 4500 permixti
3369 4439 3536 4482 essent
3555 4445 3574 4494 ;
3607 4445 3718 4484 mos
3742 4431 3813 4484 in-

2220 4525 2381 4578 ιάιιιὶι
2419 4533 2474 4576 ιιι
2500 4523 2586 4575 isti
2627 4517 2875 4584 Romani,
2911 4520 3004 4574 alii
3041 4519 3264 4574 Barbari
3303 4519 3705 4589 appellarentur
3733 4553 3812 4577 ..ι.

2225 4615 2572 4670 Theodericus
2626 4613 3056 4688 Ostrogotltarum
3108 4615 3160 4667 in
3205 4613 3365 4668 Italia
3403 4631 3496 4668 rex
3537 4615 3677 4688 leges
3731 4631 3816 4684 pro

512 4687 1126 4767 Romanorumveroeb
1154 4707 1429 4761 haereticis
1451 4706 1777 4775 appellatur.
1804 4702 1919 4757 imo
1945 4705 2112 4758 etiatn
2140 4687 2192 4747 D
2219 4707 2485 4774 Bai-boris,
2509 4709 2650 4761 idest
2678 4687 2970 4780 suwigentis
3001 4706 3314 4772 hominibus,
3347 4717 3392 4761 et
3422 4723 3516 4770 pro
3549 4687 3814 4772 Romanis,

511 4821 540 4859 a
569 4804 852 4859 catholicis
897 4803 1028 4871 ipsis
1061 4799 1297 4854 Romana
1327 4799 1456 4868 ﬁdes
1487 4809 1585 4868 pro
1613 4796 1872 4850 catholica
1903 4803 2031 4850 ante
2057 4795 2111 4850 id

513 4908 731 4966 tempus
753 4894 1090 4950 sumebatur.
1122 4893 1211 4948 Sic
1234 4890 1601 4963 Hieronymus
1629 4893 1682 4945 in
1711 4892 1890 4961 prima
1917 4889 2114 4960 Apolo-

511 4992 597 5058 gia
655 4990 919 5043 adversus
969 4977 1267 5041 Ruﬁnum:
1305 4985 1492 5040 Fidem
1537 4995 1683 5040 suam
1726 4999 1878 5056 quam
1929 4985 2116 5038 vacat?

513 5084 734 5147 Eamne,
773 5097 876 5154 qua
911 5079 1144 5135 Romana
1183 5081 1340 5152 pallet
1369 5077 1642 5135 Ecclesia?
1679 5091 1746 5134 an
1793 5080 1958 5142 illam,
1992 5093 2110 5150 qua:

509 5178 567 5231 in
601 5175 837 5246 Origenis
874 5174 1232 5229 i’olttntiniltns
1262 5175 1593 5229 continetur?
1624 5173 1686 5230 Si
1713 5171 1999 5228 Romanam
2026 5189 2114 5227 re-

513 5268 804 5340 sponderit,
834 5281 955 5338 ergo
983 5266 1226 5321 catholici
1267 5281 1466 5323 sumus.
1497 5283 1516 5322 ι
1553 5267 1646 5324 His
1678 5267 1980 5323 ltuinattus
2012 5268 2110 5324 ad-

505 5357 638 5432 iecit
665 5361 1035 5418 Theodosium
1062 5359 1346 5418 iuniorem
1371 5362 1670 5432 Augustum
1699 5363 1749 5415 in
1779 5363 2010 5432 cpistOItl
2037 5361 2105 5416 ad

509 5457 793 5523 Acacium,
827 5456 1073 5526 aliosque
1102 5457 1416 5527 episcopos,
1453 5467 1508 5512 et
1557 5456 1943 5521 anachorcias,
1991 5469 2112 5527 quae

505 5553 561 5606 in
581 5553 818 5606 concilio
846 5549 1128 5621 Epitesino
1151 5549 1420 5606 refertur:
1445 5552 1534 5606 ubi
1554 5566 1647 5606 eos
1672 5552 2016 5616 adhortatur,
2049 5563 2107 5608 ut

509 5659 630 5700 sesc
657 5644 896 5714 probatos
920 5645 1169 5698 Romamc
1191 5645 1453 5717 religionis
1477 5647 1764 5701 sacerdotes
1786 5647 2104 5701 exhibeant.

507 5739 666 5794 Addo
697 5755 798 5804 ego
838 5755 900 5794 ex
935 5739 1214 5808 Ducungio
1247 5739 1406 5810 168
1429 5739 1480 5792 in
1503 5740 1802 5802 Gl035ario.
1837 5741 2108 5808 antiquio-

507 5848 624 5888 rem
674 5833 986 5889 Lucii’erum
1033 5831 1402 5890 Caiaritanum
1437 5834 1488 5888 itt
1523 5832 1687 5888 Libro
1719 5837 1782 5888 ad
1829 5833 2102 5889 Constan-

509 5927 640 5982 tium
673 5927 1058 5996 imperatorem
1091 5929 1157 5984 de
1191 5943 1295 5984 non
1325 5927 1596 6002 parcendo
1639 5927 1690 5982 iu
1734 5928 1898 5984 Deum
1930 5926 2106 5982 delin-

2215 4805 2438 4874 antiqnis
2480 4804 2671 4857 scilicet
2712 4802 2884 4856 Italite
2927 4803 3132 4868 incolis,
3177 4799 3314 4855 tulit.
3363 4801 3531 4856 Plura
3558 4817 3618 4855 ea
3648 4809 3712 4856 de
3763 4815 3813 4856 re

2217 4899 2455 4965 exempla
2493 4897 2629 4961 vide,
2673 4896 2717 4950 si
2763 4906 2933 4960 vacat,
2975 4895 3116 4967 apud
3161 4893 3501 4948 Hadrianum
3530 4895 3814 4961 Valesiani,

2219 4991 2350 5047 libro
2395 5007 2447 5046 vr
2494 4991 2685 5046 Rerum
2735 4989 3132 5055 Francicarum,
3184 4991 3321 5042 circa
3371 4993 3624 5043 medium.
3663 4989 3816 5044 Vocis

2217 5083 2460 5154 ejusdem
2525 5084 2831 5154 signiﬁcata
2906 5082 3062 5154 plura
3143 5088 3348 5150 patent.
3413 5080 3814 5147 Tillcmoutius,

2217 5187 2365 5235 totno
2413 5177 2486 5233 XI
2532 5179 2773 5233 Monum.
2831 5177 2969 5231 Hist.
3024 5176 3171 5232 Eccl.
3230 5183 3356 5230 nota
3393 5174 3430 5229 Ξ
3465 5175 3520 5229 in
3573 5186 3814 5230 sanetum

2214 5271 2610 5333 Chromatium,
2637 5269 2738 5322 hoc
2770 5281 2936 5324 sensu
2963 5265 3319 5322 Romanarum
3343 5281 3534 5322 vocem
3570 5264 3816 5336 intelligit

2214 5366 2268 5419 iu
2320 5363 2442 5417 loco
2489 5362 2642 5417 Pauli
2699 5362 2920 5416 Dlaconi
2954 5378 2966 5415 :
3001 5361 3306 5432 eodemque
3367 5341 3607 5416 fortasse
3656 5371 3814 5416 sensu

2213 5456 2592 5513 Chromatium
2635 5455 2842 5509 dictum
2889 5454 3181 5509 Romanum
3227 5453 3450 5509 indicat.
3485 5454 3692 5511 Eadem
3739 5462 3818 5510 est

2213 5549 2493 5619 Quesnelli
2522 5550 2793 5603 sententia
2833 5549 2884 5602 iu
2917 5551 3059 5603 notis
3082 5551 3146 5604 ad
3175 5552 3352 5604 sancti
3383 5551 3585 5604 Leuitis
3619 5551 3814 5618 cpisto-

2210 5646 2318 5700 lam
2355 5642 2650 5710 129,1tum.
2677 5643 2727 5697 4.
2765 5659 2783 5693 ι
2820 5643 3066 5699 Romanis
3089 5645 3376 5699 ordinatus
3399 5643 3605 5700 dicitur
3623 5644 3816 5701 Gaudi-

2209 5738 2407 5792 dianus
2436 5751 2449 5788 :
2475 5733 2539 5788 iis
2566 5734 2778 5789 scilicet
2809 5733 3058 5806 Aquileia:
3092 5735 3284 5792 Veteris
3313 5737 3522 5800 incolis,
3559 5738 3657 5808 qui
3689 5737 3816 5793 Gra-

2210 5831 2335 5883 dum
2363 5835 2782 5892 transmearaut,
2816 5830 3192 5900 parebantque
3225 5828 3502 5883 Romanis.
3543 5848 3562 5881 s
3613 5829 3811 5886 Vanam

2208 5923 2577 5992 conjecturam
2616 5923 2822 5994 optime
2853 5922 3056 5979 refellit
3107 5923 3445 5982 Foutauinus
3474 5926 3600 5983 ideo
3630 5926 3810 5983 citato.
