4084 6342
308 344 406 403 457

890 344 950 402 S.
994 342 1389 402 VICTRICIUS
1432 336 1806 403 EI’ISCOPUS
1846 338 2460 404 RUTIIOMAGENSIS.
2505 334 3046 405 PROLEGOMENA.

3501 346 3608 408 I33

419 503 432 509 ,ν
453 506 456 507 ,
499 505 542 508 4-
560 501 562 504 -
581 504 696 510 ._____
1023 503 1578 511 ___—___,”
2379 493 2998 504 ___—.—
3021 500 3462 509 M_k.___._,,v___
3487 501 3506 506 __
3537 501 3548 507 ο
3579 504 3581 506 ,

531 536 534 538 ,
629 534 646 537 Α
663 534 674 538 -
695 536 702 538 ἡ
753 535 806 538 __H,
841 534 846 536 _
875 533 946 538 ___.
1011 534 1058 537 ___
1087 533 1336 538 .__.__._____.
1353 531 1590 538 ._.__._.._.___
1839 531 2036 537 ___—__—
2313 529 3040 537 _“m-
3101 528 3294 537 ...ο-...-
3373 530 3426 537 -ν
3497 531 3518 533 _
3539 531 3548 536 .

1577 630 1747 679 ANNO
1776 630 2011 679 DOMINI
2039 633 2190 679 CCCC
2200 630 2333 678 νιιι.

642 758 1708 925 SANCTUS
1842 750 2954 924 VICTBICI
2982 756 3264 923 US

1030 1020 1674 1116 EPISCOPUS
1750 1016 2856 1107 RHOTHOMAGENSIS

1593 1174 2299 1213 ,π’

1511 1288 2370 1368 PBOLEGOMENA.

1821 1424 2076 1441 ’Ψ

356 1507 554 1563 Natum
591 1505 912 1563 Victrieium
959 1505 1012 1561 in
1042 1504 1278 1560 nonullis
1308 1503 1518 1574 imperii
1572 1503 1766 1557 ﬁnibus
1808 1499 1895 1557 iu-
1924 1509 1979 1568 Α
2002 1507 2114 1553 met
2140 1504 2389 1553 testatur.
2417 1495 2587 1552 Porro
2616 1507 2852 1554 exeunte
2883 1513 3028 1555 anno
3055 1497 3160 1555 405
3188 1498 3418 1556 Romam
3467 1513 3599 1557 con-

289 1615 454 1655 nuerc
482 1598 709 1655 videtur
735 1609 956 1653 sanctus
984 1597 1265 1664 Paulinus,
1294 1596 1421 1650 dum
1451 1600 1527 1650 ait
1555 1593 1764 1668 (Epist.
1802 1595 1891 1661 I8,

283 1709 337 1748 n.
361 1691 431 1764 4)
454 1737 470 1758 ,
516 1692 702 1763 ipsum
754 1692 919 1747 fuisse
949 1707 980 1747 a
1013 1692 1242 1747 Domino
1278 1691 1332 1746 in
1367 1692 1542 1745 lucem
1594 1691 1775 1762 populi
1807 1690 1891 1745 sui

280 1788 345 1841 de
362 1787 560 1840 extimo
604 1785 750 1840 Orbis
782 1784 1035 1841 eductum
1070 1802 1082 1839 :
1117 1800 1183 1839 ex
1212 1784 1409 1855 quibus
1438 1783 1623 1838 verbis
1668 1781 1893 1851 conjicit

280 1879 360 1934 vir
406 1879 670 1933 eruditus
719 1876 1022 1949 (Lebeuf),
1057 1892 1180 1933 eum
1212 1876 1351 1931 forte
1379 1874 1549 1932 fuisse
1578 1885 1740 1946 gente
1774 1875 1891 1929 Bri-

278 1982 528 2027 tannum.
563 1970 754 2026 Altate
788 1972 966 2041 impar
996 1973 1153 2025 beato
1180 1971 1437 2038 Martino,
1464 1972 1554 2041 qui
1584 1981 1759 2024 ortum
1790 1971 1891 2025 du-

274 2066 510 2119 xitauuo
529 2062 640 2118 516
661 2074 755 2118 aut
776 2062 900 2127 517,
921 2063 1128 2118 ιηίιίιίιυ
1151 2064 1384 2133 primum
1409 2063 1657 2117 smculari
1686 2078 1884 2119 nomen

271 2156 440 2222 dedit,
466 2166 634 2226 atque
655 2155 712 2210 in
731 2157 841 2225 ipsa
861 2156 1049 2247 twitia
1065 2156 1428 2210 Christianam
1448 2154 1605 2210 [idem
1624 2155 1719 2210 fuit
1737 2172 1884 2211 cont-

271 2248 484 2318 plexus.
501 2249 641 2304 Cum
663 2264 796 2303 vero
810 2250 1157 2319 postmodum
1175 2266 1236 2304 se
1258 2252 1374 2320 ipse
1388 2259 1731 2304 sacramento
1751 2249 1887 2304 mili-

268 2343 368 2396 tari
392 2341 680 2409 solvisset,
713 2350 773 2396 ιιι
798 2339 1022 2396 Christo
1047 2352 1218 2398 totum
1242 2360 1363 2398 sese
1384 2344 1683 2409 addiceret;
1704 2346 1881 2398 conri-

266 2445 369 2490 tato
388 2436 443 2488 in
466 2435 642 2504 furias
669 2434 896 2497 tribuno,
924 2435 1189 2491 districtus
1209 2436 1263 2490 in
1294 2435 1499 2490 verbera
1527 2446 1573 2490 et
1594 2439 1750 2491 vastis
1769 2441 1880 2508 [us-

266 2528 395 2581 tibus
426 2526 674 2600 fractus,
733 2526 914 2595 capite
967 2528 1185 2582 demum
1227 2526 1535 2581 damnatus.
1582 2529 1687 2584 Sed
1720 2529 1881 2585 lictor

265 2622 436 2675 sancti
467 2620 813 2675 confessoris
860 2628 1025 2691 caput
1061 2621 1286 2690 jamjam
1336 2630 1716 2691 antputatnrus
1740 2664 1755 2690 ,
1784 2639 1877 2678 ex»

263 2715 421 2769 cassis
468 2714 623 2768 illico
652 2713 819 2767 oculis
840 2754 856 2777 ,
881 2715 1109 2768 siccitate
1148 2730 1424 2787 percussus
1465 2725 1556 2769 est.
1591 2714 1711 2785 Ipse
1746 2732 1876 2771 vero

265 2808 498 2862 vinculis
554 2808 775 2865 solutus
807 2809 942 2866 liber
968 2811 1179 2865 evasit:
1211 2825 1372 2880 quem
1405 2822 1693 2880 propterea
1729 2810 1871 2866 idem

263 2901 525 2957 Paulinus
556 2913 839 2974 martyrem
870 2906 1037 2957 vivum
1069 2902 1325 2972 appellat.

328 2996 451 3065 Quo
514 3005 704 3052 autem
761 2996 955 3052 exinde
1001 3012 1124 3053 sese
1172 2996 1472 3064 receperit,
1518 2996 1660 3052 haud
1715 2997 1873 3068 plane

261 3099 631 3160 compertum.
662 3088 798 3143 Illud
830 3091 1034 3144 certius
1054 3133 1068 3154 ,
1103 3088 1433 3165 Morinorum
1460 3105 1523 3143 ac
1547 3088 1870 3145 Nerviorum

258 3191 452 3253 gentes
507 3183 808 3237 indomitas
852 3179 1057 3238 Christi
1084 3182 1215 3253 jugo
1246 3197 1369 3237 eum
1392 3180 1730 3253 subjecisse:
1763 3198 1871 3253 quo

263 3274 496 3345 proinde
526 3275 751 3329 nomine
780 3289 905 3329 cum
952 3276 1071 3344 ejus
1115 3274 1239 3330 lidei
1270 3289 1332 3329 ac
1383 3273 1664 3344 religionis
1719 3275 1870 3331 zelus

262 3367 420 3438 longe
460 3366 687 3437 lateque
720 3367 1070 3437 pervulgatus
1101 3377 1294 3433 esset,
1323 3367 1390 3421 ad
1426 3365 1723 3422 Ecclesium
1758 3362 1868 3421 Ro-

261 3463 681 3535 tltomagensem
711 3461 1005 3534 regendam
1045 3462 1144 3517 fuit
1171 3470 1451 3518 evocatus.
1490 3461 1541 3516 Id
1577 3478 1710 3517 vero
1741 3479 1871 3519 cun-

258 3555 443 3624 tigerit
477 3566 610 3610 ante
637 3571 836 3609 annum
862 3557 968 3611 590
989 3598 1004 3621 ,
1040 3571 1145 3624 quo
1176 3557 1350 3626 ipsum
1376 3553 1597 3611 Viennze
1620 3557 1871 3621 Allobro-

258 3665 384 3720 gum
418 3649 711 3718 Paulinus,
742 3650 921 3704 adhuc
966 3650 1152 3705 saeculi
1188 3650 1345 3721 hujus
1378 3651 1524 3705 curis
1553 3650 1866 3723 implicitus,

259 3743 402 3812 apud
449 3752 709 3798 sanctum
768 3742 1054 3798 Martinum
1118 3742 1269 3798 vidit.
1311 3743 1497 3815 Neque
1533 3761 1696 3817 porro
1737 3746 1867 3802 illud

258 3836 805 3909 prmtermittendum
860 3837 1005 3908 quod
1057 3849 1235 3891 narrat
1267 3836 1544 3907 Sulpicius
1589 3840 1865 3908 Severus,

264 3929 589 3985 Victririum
626 3944 824 4000 nempe
849 3938 992 3984 tanta
1028 3928 1194 3985 fuisse
1222 3930 1536 3985 sanetitatis
1566 3930 1706 3985 fama
1730 3948 1869 4002 prte-

259 4034 498 4081 stantem
516 4066 534 4092 ,
567 4034 629 4078 ut
654 4038 779 4078 cum
801 4022 1020 4079 Cornuti
1055 4033 1198 4079 muta
1224 4040 1291 4079 ex
1318 4035 1475 4079 utero
1506 4025 1684 4097 puella
1711 4025 1868 4081 beato

257 4118 497 4174 Martino
528 4117 732 4172 fuisset
758 4117 941 4172 Oblata
971 4162 985 4185 ,
1034 4128 1093 4173 ut
1124 4119 1361 4188 linguam
1416 4117 1630 4188 ligatam
1659 4118 1866 4173 meritis

257 4213 372 4267 suis
409 4212 769 4276 absolveret;
802 4210 894 4266 ille
930 4211 1183 4267 curandae
1223 4210 1559 4265 inlirmitatis
1602 4211 1863 4266 honorem

2007 1592 2178 1649 tendit
2206 1609 2219 1645 :
2252 1591 2407 1662 cujus
2439 1593 2896 1663 peregrinationis
2919 1594 3250 1651 mentionem
3282 1594 3452 1667 injicit
3478 1595 3567 1652 Iatt

2000 1686 2159 1741 datus
2189 1685 2471 1741 Paulinus.
2499 1682 2611 1741 Cur
2644 1703 2771 1741 vero
2790 1687 2894 1742 iter
2917 1686 3226 1757 hujusmodi
3256 1688 3593 1759 susceperit,

2000 1779 2133 1835 illud
2184 1794 2349 1833 unum
2406 1777 2461 1833 in
2514 1791 2765 1851 promptu
2799 1780 3064 1847 habetur,
3118 1780 3297 1853 ipsum
3340 1780 3597 1840 videlicet

1997 1871 2166 1928 fuisse
2196 1884 2507 1927 accusatum
2540 1874 2681 1943 apud
2723 1873 3026 1929 Romanum
3058 1876 3402 1946 pontiﬁcem,
3447 1875 3593 1947 quod

1995 1965 2063 2021 de
2095 1964 2204 2020 fide
2227 1982 2331 2019 non
2366 1977 2511 2022 recte
2535 1966 2828 2023 admodum
2851 1970 3111 2025 senserit.
3134 1968 3249 2026 Sub
3275 1971 3403 2027 anni
3426 1987 3592 2042 porro

1994 2060 2329 2131 insequentis
2362 2060 2574 2113 initium
2598 2104 2611 2128 ,
2659 2061 2788 2115 dum
2826 2061 3002 2117 adltuc
3035 2064 3225 2120 Homm
3260 2066 3588 2122 consisteret

1992 2150 2174 2208 Victri:
2196 2152 2601 2219 ius,ttterudite
2631 2153 2968 2210 demonstrat
3000 2156 3067 2211 cl.
3090 2155 3431 2223 Cutttautius,
3454 2158 3588 2213 insi-

1988 2260 2149 2317 gnem
2182 2246 2329 2301 illum
2365 2245 2647 2318 epistolam
2682 2247 2748 2302 ab
2789 2246 3104 2305 Innocentio
3142 2246 3164 2304 I
3211 2267 3346 2321 papa
3385 2252 3587 2321 recepit

1988 2356 2109 2411 qua:
2125 2338 2441 2411 Regularum
2463 2341 2588 2395 liber
2609 2341 2749 2396 dicta
2770 2350 2874 2411 est,
2895 2343 2964 2398 ob
2984 2358 3103 2399 eam
3127 2342 3334 2399 scilicet
3361 2360 3580 2400 causam

1987 2433 2128 2503 qttod
2155 2435 2204 2487 in
2228 2449 2311 2503 ea,
2335 2448 2502 2503 pauca
2524 2433 2780 2504 prtcl'atus
2795 2436 3136 2491 beatissimus
3151 2435 3413 2508 pontifex,
3430 2436 3583 2508 plura

1984 2526 2242 2596 deinceps
2268 2525 2651 2582 ecclesiasucm
2682 2528 2977 2597 dIsCIpIIlllc
3007 2529 3178 2599 capita
3210 2529 3454 2600 exponit.

2056 2618 2172 2675 Mox
2205 2636 2354 2686 vero,
2403 2618 2571 2675 Roma
2605 2622 2771 2677 redux
2820 2620 3219 2694 Ruthomagum
3258 2620 3579 2687 Victricitts,

1983 2712 2177 2770 eodem
2200 2729 2343 2768 anno
2370 2730 2467 2783 per
2493 2714 2886 2770 (Iandidianum
2909 2730 2973 2770 ex
3006 2716 3124 2770 suis
3148 2714 3383 2771 alumnis
3417 2732 3581 2769 unum

1984 2809 2035 2864 in
2067 2806 2276 2863 Italiam
2303 2810 2526 2863 missum
2556 2808 2751 2866 breves
2779 2808 2994 2866 litteras
3024 2808 3177 2865 dedit
3198 2808 3264 2865 ad
3296 2808 3582 2866 Paulinum

1904 2917 1953 2977 Β
1980 2900 2284 2968 Nolanum;
2344 2902 2434 2974 qui
2477 2913 2767 2974 propterea
2811 2904 3104 2959 secundam
3159 2902 3257 2974 ipsi
3290 2898 3584 2959 Rothoma~

1975 2994 2121 3066 gemi
2151 2994 2392 3065 episwpo
2423 2993 2703 3064 inscripsit
2727 2994 3036 3064 epistolam,
3066 3006 3258 3065 estque
3303 3008 3453 3049 num.
3488 2992 3580 3053 56.

1976 3085 2054 3140 De
2097 3101 2201 3155 qua
2235 3085 2453 3155 quidem
2487 3084 2809 3140 Pauliniana
2862 3086 3091 3157 epistola
3131 3088 3212 3142 sic
3261 3083 3579 3144 edisserunt

1972 3175 2160 3232 Galliae
2188 3177 2511 3232 Christaniae
2542 3178 2841 3245 scriptores
2867 3197 2880 3233 :
2911 3197 2929 3231 ι
2970 3179 3268 3235 Postremae
3297 3180 3404 3235 illae
3429 3179 3570 3235 Pau-

1975 3270 2065 3325 lini
2101 3269 2298 3326 litterae
2331 3271 2587 3327 videntur
2617 3270 2843 3328 eruditis
2886 3273 3231 3328 Bollandistis
3285 3291 3392 3329 non
3452 3288 3576 3331 esse

1974 3365 2228 3435 scriptae,
2265 3364 2372 3420 nisi
2415 3375 2698 3436 postquam
2744 3367 3114 3437 episcopatum
3154 3365 3249 3423 ille
3302 3358 3573 3422 Nolanum

1974 3457 2200 3527 adeptus
2224 3467 2392 3513 esset.
2432 3457 2496 3513 Et
2529 3457 2673 3513 enim
2695 3499 2711 3526 ,
2747 3458 3031 3530 inquiunt,
3068 3460 3281 3529 priores
3310 3458 3433 3531 ejus
3480 3458 3571 3514 lit-

1972 3563 2103 3609 terae
2128 3554 2252 3608 anni
2285 3554 2421 3622 599,
2459 3554 2731 3624 inscriptae
2762 3563 2888 3608 sunt
2911 3552 3217 3608 Beatissimo
3247 3569 3405 3610 ruat
3443 3550 3565 3609 Vic-

1973 3646 2121 3701 tricio
2156 3664 2174 3701 :
2204 3644 2539 3718 posteriores
2561 3659 2739 3701 autem
2764 3646 2889 3699 anni
2920 3643 3047 3713 404,
3084 3643 3344 3701 Unanimo
3371 3658 3568 3701 ras'rttt

1983 3740 2249 3796 Victricio.
2282 3738 2388 3798 Sed
2417 3757 2519 3796 vox
2547 3740 2635 3796 illa
2667 3745 2827 3812 frater
2852 3739 2990 3796 levis
3024 3751 3108 3797 est
3145 3742 3404 3799 momenti
3429 3740 3572 3811 apud

1972 3838 2282 3893 Paulinum.
2333 3837 2623 3893 Scribebat
2672 3836 2764 3892 ille
2822 3836 2980 3892 anuis
3005 3835 3110 3893 394
3156 3844 3214 3893 et
3235 3837 3374 3903 595,
3406 3836 3568 3909 longe

1972 3946 2100 3990 ante
2121 3949 2281 4005 quam
2305 3934 2597 4004 cpiscopus
2629 3939 2814 3996 esset,
2849 3931 3111 4002 epistolas
3132 3932 3165 3987 4
3197 3939 3253 3987 et
3278 3932 3333 3999 6,
3365 3940 3570 3987 utram-

1971 4045 2076 4100 que
2116 4027 2421 4097 Augusuno
2469 4027 2646 4097 fratri.
2704 4026 2868 4082 Certe
2894 4024 2960 4081 ad
3007 4026 3295 4096 epise0pos
3326 4040 3438 4083 non
3484 4033 3570 4081 est

1970 4131 2191 4176 evectus
2222 4119 2513 4185 Paulinus,
2547 4120 2647 4172 nisi
2679 4134 2821 4172 anno
2848 4116 2979 4184 409,
3011 4134 3119 4189 quo
3148 4118 3366 4189 quidem
3424 4132 3567 4172 anno
3657 4172 3660 4175 Α

1972 4216 2038 4267 ad
2081 4222 2326 4269 Sanctum
2349 4210 2708 4281 Augustinum
2744 4210 3024 4278 scribens,
3082 4212 3565 4278 pragstantissimos

260 4302 396 4358 Victi
411 4301 526 4358 icio
580 4301 841 4358 detulerit
892 4304 973 4358 vel
1009 4303 1420 4369 Valentiniano,
1455 4306 1542 4375 qui
1580 4315 1689 4359 ttnn
1722 4307 1867 4361 tmte
1895 4299 1940 4362 C
1975 4307 2235 4364 Ecclesia‘
2251 4304 2849 4374 Gallieanwepiscnpos
2875 4313 3004 4357 tunc
3028 4304 3269 4357 viventes
3292 4311 3563 4372 recenset,

256 4395 397 4451 latus
476 4394 653 4466 ipsius
729 4395 1060 4451 ambiebant.
1130 4397 1288 4451 Illum
1364 4409 1627 4465 praeterea
1683 4398 1867 4453 laudat

258 4484 527 4541 Paulinus
566 4485 637 4540 ab
669 4486 915 4541 instituto
955 4487 1097 4557 apud
1131 4484 1603 4571 Rothomagenses
1637 4504 1732 4560 per
1758 4490 1864 4544 l’rc-

257 4592 494 4653 quentes
526 4578 807 4635 Ecclesias
836 4591 890 4636 et
924 4584 1255 4637 monasteria
1283 4580 1603 4653 quotitliano
1631 4584 1862 4653 psallen-

259 4676 393 4729 tium
421 4684 741 4741 concentu;
789 4673 874 4728 ubi
914 4675 1177 4747 quondam
1208 4674 1413 4731 scilicet
1445 4676 1647 4732 deserta
1689 4678 1862 4751 sylva-

253 4785 370 4822 rum
395 4786 461 4823 ac
487 4769 731 4823 littorum
752 4770 944 4838 pariter
954 4771 1119 4824 intuta
1140 4771 1349 4825 advena:
1370 4771 1576 4827 barbari
1589 4781 1678 4828 aut
1699 4773 1864 4831 latro-

256 4880 343 4918 nes
368 4863 566 4918 incola:
592 4864 1005 4935 frequentabant.

327 4959 490 5012 Anno
520 4953 631 5010 594
660 4963 753 5010 aut
773 4956 881 5013 595
927 4956 976 5009 in
1010 4955 1257 5029 Angliam
1291 4957 1563 5028 perrexit,
1612 4960 1680 5015 ab
1718 4961 1860 5017 illius

254 5050 405 5119 regni
438 5047 785 5103 antistitibus
812 5059 1092 5118 evocatus,
1122 5047 1269 5119 pacis
1301 5050 1654 5107 e0ncilianda:
1677 5069 1861 5123 causa,

254 5158 415 5211 quam
442 5157 590 5197 nova
614 5141 1024 5213 Pelagianorum
1052 5143 1278 5198 haeresis
1306 5144 1556 5201 turbabat
1583 5189 1611 5214 ,,
1632 5158 1687 5202 ut
1717 5149 1863 5218 ipsc-

1952 4399 2335 4471 Exsuperium
2361 4397 2615 4454 videlicet
2639 4395 2996 4462 Tolosanum,
3031 4394 3367 4466 Simplicium
3398 4392 3570 4451 Vien-

1974 4513 2237 4564 nensem,
2300 4494 2601 4551 Amandum
2650 4492 3129 4562 Burdigalensem,
3180 4489 3566 4562 Diogenianum

1972 4592 2323 4663 Albigensem
2352 4631 2367 4657 ,
2398 4586 2726 4662 Dynamium
2753 4584 3257 4657 Engolismensem,
3286 4582 3569 4639 Veneran-

1970 4687 2097 4743 dum
2124 4683 2561 4746 Arvernensem,
2608 4678 2868 4736 Alithium
2919 4677 3358 4747 Cadurcensem,
3397 4673 3571 4747 Pega-

1970 4780 2108 4835 sium
2137 4777 2374 4849 denique
2421 4775 2887 4832 Petracoriensem
2932 4790 2943 4826 :
2988 4768 3054 4825 de
3078 4768 3336 4826 Vietricio
3385 4779 3569 4824 autem

1971 4874 2113 4929 silet.
2145 4871 2301 4929 Unde
2330 4871 2542 4926 videtur
2582 4880 2801 4925 sanctus
2842 4866 3072 4920 antistes
3102 4858 3569 4934 Rothomagcusis‘

1975 4974 2106 5021 tunc
2134 4966 2317 5019 vivere
2346 4964 2596 5018 desiisse.
2637 4980 2657 5014 ι

2049 5057 2343 5130 (Ampliora
2390 5057 2695 5111 domuncula
2722 5054 2780 5108 in
2829 5049 3057 5127 subjecta
3106 5047 3331 5105 Joannis
3383 5043 3603 5118 Lebettf

1978 5150 2307 5223 Prwfatione
2345 5149 2620 5222 reperies.)

258 5261 3567 5289 ___—___W

617 5382 1552 5525 .PRIEFATIO
1684 5392 2363 5502 JOANNIS
2498 5391 3098 5497 LEBEUF

844 5580 951 5644 AD
994 5584 1623 5662 SUBSEQUENTEM
1667 5590 1971 5661 LIBRUM
2014 5594 2120 5658 DE
2163 5592 2432 5657 LAUDE
2475 5589 2986 5658 SANCTOIIUM.

320 5782 496 5853 Operi
524 5779 675 5852 quod
707 5780 757 5835 in
791 5779 966 5837 lucem
998 5799 1025 5837 a
1058 5799 1144 5838 me
1174 5782 1468 5852 profertur,
1523 5781 1871 5838 occasionem
1898 5790 1953 5852 D
1979 5785 2278 5856 Martyrum
2308 5790 2566 5857 receptio.
2587 5787 2722 5842 Illud
2752 5775 3390 5854 quisquisperpenderit,
3411 5776 3583 5835 alicu-

253 5876 500 5953 prazbuit
564 5871 936 5943 Reliquiarum
1003 5874 1327 5931 Sanctorum
1377 5874 1765 5945 Apostolorum
1815 5885 1869 5930 et

1970 5879 2061 5949 jus
2078 5880 2531 5952 Rothomagensis
2553 5877 2792 5950 episcopi
2822 5868 3105 5929 industrim
3127 5866 3287 5926 facile
3318 5864 3585 5928 aseribet.
