4084 6342
539 306 644 364 439

1406 310 1464 365 S.
1513 307 1899 365 V’IUTRICIUS
1943 306 2315 365 EPISCOPUS
2355 307 2963 365 RUTHOMAGENSIS.

3721 307 3820 364 440

545 424 672 479 lla‘c
699 426 862 479 verba
907 439 1028 496 quae
1061 425 1399 494 paragrapho
1428 424 1590 478 tertio
1620 421 1872 490 leguntur
1897 443 1909 476 ι
1937 420 2025 475 Bis
2071 421 2137 474 ad
2168 425 2216 484 Α
2250 420 2574 478 Theodulus.
2614 421 2809 478 Verum
2839 437 2946 477 non
2979 437 3137 492 parva
3167 424 3340 478 oritur
3366 423 3660 478 dil‘licultas
3685 423 3821 481 circa

541 515 1013 586 Rothomagensem
1059 516 1240 574 Sancti
1285 517 1500 571 veniunt
1527 517 1805 581 civitatem,
1842 516 2024 570 statim
2056 515 2140 570 in-

537 611 722 666 dicant
785 613 1064 680 Iteliqnias
1113 613 1166 667 in
1217 612 1347 667 urbe
1389 607 1811 680 Rotbomagensi
1859 618 2136 680 exceptas.

539 705 696 772 Quod
740 721 872 760 vero
918 706 1063 761 circa
1109 706 1267 759 linem
1302 703 1624 774 paragrapbi
1657 703 1794 757 sexti
1837 703 2136 758 scribitur:

546 797 658 853 Sed
701 799 826 868 quid
855 815 948 870 ego
975 814 1172 868 pauper
1207 797 1487 850 Victricius
1532 795 1702 850 cultor
1744 804 1910 850 vester
1938 800 2000 851 de
2043 797 2140 851 loci

544 891 802 962 qualitate
830 891 1053 961 formido
1085 901 1230 944 ctare
1257 889 1496 944 052eudit
1522 898 1799 943 auctorem
1839 888 2004 943 fuisse
2039 887 2142 942 lin-

541 985 632 1052 jus
660 983 905 1052 opusculi
931 983 987 1039 8.
1021 981 1357 1044 Victricium,
1390 981 1480 1050 qui
1510 980 1652 1034 illius
1679 982 1827 1034 urbis
1858 985 2142 1051 episcopa-

543 1088 655 1131 tum
705 1076 877 1132 tenuit
927 1090 1115 1131 versus
1167 1074 1328 1129 linem
1370 1074 1546 1144 quarti
1599 1075 1782 1128 surculi
1835 1085 1888 1129 et
1931 1073 2140 1129 initium

544 1174 741 1244 quinti.

616 1267 802 1340 Stylus
826 1266 986 1335 hujus
1007 1266 1188 1334 operis
1209 1280 1330 1320 cunt
1357 1264 1498 1336 ston
1521 1264 1696 1317 sancti
1725 1261 1957 1328 l’aulini,
1982 1277 2142 1331 quem

2245 516 2417 586 ipsum
2462 515 2827 580 Theodulum,
2871 532 2935 571 an
2983 515 3188 572 scilicet
3239 516 3327 572 ille
3371 516 3441 572 sit
3485 517 3822 575 amanucttsis

2242 609 2386 665 beati
2415 609 2688 666 Ambrosii
2719 609 2788 664 de
2817 624 2926 679 quo
2957 610 3229 666 scribebat
3268 611 3525 666 Paulinus
3556 614 3825 685 presbyter

2245 704 2298 757 in
2335 704 2445 758 vita
2470 703 2711 774 ejusdem
2743 703 3019 759 Alllbl‘Oril
3042 719 3186 758 anno
3212 705 3338 768 M7,
3364 720 3426 758 ea
3453 721 3575 774 quae
3599 720 3827 776 sequun-

2246 809 2333 851 tur
2361 814 2376 852 :
2404 797 2530 852 Cum
2575 797 2643 851 ad
2688 797 2937 871 palatium
2969 807 3198 870 pergeret
3250 799 3570 864 Ambrosius,
3627 815 3828 872 eumun

2245 909 2340 962 pro
2369 893 2482 945 loco
2509 893 2672 962 ofﬁcii
2706 893 2870 946 nostri
2896 909 3238 962 sequeremur,
3284 891 3551 946 Theodulo
3574 901 3696 946 tunc
3728 892 3831 948 No-

2246 988 2379 1040 tario
2407 989 2491 1053 qui
2542 997 2717 1055 postea
2742 1003 2943 1040 summa
2970 1003 3087 1040 cum
3116 988 3285 1058 gratia
3317 985 3662 1040 Mutinensem
3705 988 3830 1041 rexit

2249 1077 2554 1142 Ecclesium,
2579 1089 2685 1132 etc.
2717 1079 2772 1134 Si
2799 1077 2944 1133 enim
2973 1079 3255 1133 Victricius
3285 1078 3352 1133 de
3379 1079 3662 1148 episcopo,
3691 1095 3830 1136 men-

2247 1171 2446 1226 tionem
2480 1171 2656 1238 iaciat,
2689 1172 2814 1226 hinc
2841 1171 3008 1242 liquet
3038 1172 3199 1226 alium
3221 1187 3341 1226 esse
3367 1188 3395 1224 a
3417 1171 3702 1228 Theodqu
3728 1172 3832 1228 Mu-

2246 1264 2439 1320 tinensi
2463 1267 2740 1335 episcopo,
2767 1265 2910 1335 quod
2938 1282 3130 1334 nempe
3151 1264 3507 1321 Mutinensem
3525 1265 3830 1324 cathedram

545 1360 688 1415 inter
719 1369 772 1414 et
816 1369 1065 1413 sanctum
1113 1356 1423 1412 Victaicium
1471 1354 1773 1408 arctiSsinta
1816 1354 1914 1407 fuit
1958 1369 2147 1408 ncces-

543 1456 702 1519 sitas,
738 1458 1028 1510 maximam
1062 1454 1225 1510 habet
1255 1452 1692 1509 similitudinem.
1726 1451 1857 1520 Quae
1887 1467 1952 1506 ex
1998 1449 2144 1506 Scri-

537 1561 690 1620 ptura
735 1566 916 1616 sacra,
961 1567 1023 1606 ea
1053 1565 1120 1605 ex
1151 1548 1344 1604 Latina
1395 1547 1650 1603 versione
1698 1555 1825 1600 tunc
1881 1544 2145 1613 temporis

543 1647 738 1699 usitata
772 1656 1026 1714 excerpta
1060 1656 1206 1698 sunt.
1244 1646 1309 1698 D.
1341 1642 1644 1713 :tlartiunuy
1676 1658 1739 1695 ex
1773 1639 2146 1708 manuscripto
2250 1647 2480 1692 mortem
2512 1636 2717 1692 Notarii
2752 1639 2932 1691 munia
2976 1637 3077 1692 sub
3109 1649 3300 1691 sancto
3347 1637 3642 1692 Ambrosio
3671 1638 3834 1695 adhuc

537 1738 712 1793 sancti
763 1738 1073 1793 Germania
1105 1737 1285 1792 Pratis
1315 1736 1527 1800 codice,
1561 1734 1820 1789 nonnulla
1861 1732 2066 1796 retulit,
2091 1731 2141 1784 in
2249 1730 2446 1800 egisse.
2475 1729 2679 1786 Scribit
2709 1729 2965 1798 Ugbellus
2995 1717 3313 1785 memoriam
3344 1729 3571 1800 hujusce
3602 1730 3834 1801 episcopi

541 1833 743 1904 quibus
787 1833 984 1887 similis
1040 1832 1309 1902 reperitur
1336 1831 1394 1885 8.
1428 1830 1663 1884 Mattbzei
1708 1827 2020 1891 translatio,
2073 1841 2138 1882 ex
2177 1841 2223 1901 B
2251 1839 2406 1892 quem
2435 1821 2779 1877 Theodorum
2810 1822 2947 1877 male
2970 1832 3144 1888 ruent,
3172 1825 3457 1877 cxstarcin
3483 1825 3838 1880 monumentis

541 1925 699 1995 Cujus
751 1925 855 1980 lide
904 1926 1091 1980 Patres
1131 1924 1430 1992 Scriptum
1479 1922 1788 1978 testimonia
1847 1917 2146 1976 :tﬂerebaut
2254 1915 2644 1970 Mutinensibus
2698 1916 2762 1970 ad
2809 1932 3006 1970 annum
3065 1916 3190 1983 597,
3248 1931 3356 1986 quo
3411 1915 3550 1970 forte
3603 1926 3838 1986 tempore

539 2029 665 2075 ante
687 2017 745 2075 S.
775 2019 1090 2090 Hieronymi
1118 2029 1360 2073 :etatem.
2252 2011 2462 2067 obicrat
2501 2013 2823 2067 Aml-rosius
2858 2023 2912 2067 et
2942 2009 3259 2082 opusculum
3305 2009 3597 2066 Victricius
3624 2010 3837 2080 jamjam

612 2111 709 2168 llic
741 2112 795 2166 in
824 2114 1182 2181 qmcstionem
1214 2111 1406 2165 venire
1433 2118 1618 2179 posset
1647 2123 1714 2162 an
1750 2121 1886 2177 opus
1919 2105 2050 2161 illud
2076 2105 2147 2160 sit
2252 2117 2589 2163 exararerat.

531 2207 724 2261 concio
756 2223 916 2277 quant
937 2221 1122 2261 coram
1154 2203 1354 2276 populo
1377 2200 1805 2271 Rothomagensi
1831 2199 2148 2257 recitaverit
2323 2199 2455 2253 Cum
2505 2200 2669 2270 igitur
2716 2200 2877 2256 alium
2933 2199 3271 2255 Tbeodnlum
3329 2201 3573 2270 assignet
3607 2199 3838 2270 Epistola

540 2299 837 2355 Victricius
867 2300 952 2354 vel
986 2299 1204 2355 libellus
1233 2313 1396 2370 quem
1440 2297 1627 2368 populi
1658 2294 1927 2350 edocendi
1973 2295 2143 2365 gratia
2251 2293 2467 2348 concilii
2494 2293 2912 2349 Mediolanensis
2940 2294 3005 2348 ad
3052 2295 3306 2351 Sirieium
3340 2310 3532 2366 papam
3561 2298 3687 2349 anni
3717 2296 3837 2362 590,

533 2394 946 2464 composuerit?
992 2393 1071 2448 Ex
1099 2393 1314 2448 duobus
1354 2394 1538 2462 operis
1574 2391 1707 2444 locis
1747 2389 1990 2444 libellum
2021 2404 2146 2444 cre-
2254 2388 2413 2441 istum
2464 2385 2606 2444 forte
2658 2387 2998 2442 Theodnlnm
3047 2389 3250 2444 indicat
3299 2391 3480 2460 potius
3526 2388 3833 2447 Victricius.

535 2487 660 2542 dum
696 2488 873 2557 potius
902 2502 1026 2543 esse
1068 2503 1231 2556 quam
1263 2485 1604 2540 concionem.
1640 2482 1749 2538 Sed
1796 2499 1913 2548 nos,
1947 2483 2143 2551 inquit,
2252 2481 2422 2550 Cujus
2463 2491 2643 2536 autem
2671 2483 2815 2536 sedis
2843 2481 3111 2537 exstiterit
3160 2482 3469 2553 cpiscopus,
3507 2480 3739 2537 infertur
3778 2495 3840 2536 ex

541 2580 881 2650 paragrapho
921 2579 978 2644 9,
1007 2580 1061 2632 in
1092 2590 1240 2633 tanta
1286 2578 1641 2648 gratulatione
1682 2575 1872 2628 librum
1920 2574 2144 2628 tumultu
2252 2574 2742 2644 subscriptionibus
2774 2575 2989 2628 concilii
3019 2574 3378 2644 Aquileiensis
3406 2575 3535 2628 anui
3565 2574 3696 2636 381,
3726 2587 3838 2644 quae

536 2673 884 2741 quaestionum
910 2673 1318 2742 refercimus:et
1341 2685 1530 2723 versus
1555 2667 1717 2723 linem
1745 2666 2064 2737 paragrapbi
2088 2665 2142 2734 9,
2253 2674 2573 2734 repetuntur
2630 2667 2681 2720 in
2729 2667 3024 2736 exemplari
3087 2668 3326 2721 llomauo
3379 2667 3836 2737 subscriptionum

541 2766 603 2821 Si
631 2776 810 2819 nostra
839 2766 922 2819 cui
952 2765 1181 2820 sordebit
1206 2765 1401 2828 oratio,
1426 2763 1656 2817 studium
1681 2772 1814 2816 certe
1844 2762 2146 2828 neutiquam
2250 2759 2492 2829 ejusdem
2557 2759 2774 2814 concilii
2841 2759 3275 2815 Mediolauensis.
3337 2761 3392 2814 lu
3445 2762 3512 2816 iis
3559 2760 3836 2815 Theodulo

539 2858 857 2926 displicebit,
905 2857 1161 2924 siquidem
1194 2875 1286 2911 nos
1320 2855 1510 2910 ridebit
1557 2854 1749 2908 librum
1781 2853 2010 2924 simplici
2041 2853 2147 2920 fide
2251 2853 2429 2926 (male
2475 2852 2794 2908 Theodorus
2837 2852 3014 2925 dicto)
3050 2853 3356 2923 assignatur
3399 2852 3559 2908 sedes
3607 2852 3840 2909 Octoduo

536 2967 799 3016 exarasse,
829 2968 932 3004 non
957 2953 1148 3004 verbis.
1186 2950 1344 3005 Enim
1371 2964 1500 3003 vero
1532 2948 1653 3000 ηιΙυί
1685 2946 1961 3000 conlessio
1983 2961 2142 3016 quam
2250 2947 2444 3000 rensis.
2473 2946 2538 3001 At
2569 2961 2690 3000 cum
2717 2948 2768 3000 in
2795 2950 2913 3016 ejus
2943 2946 3216 3000 territorio
3242 2947 3592 3016 quiescerent
3614 2961 3837 3018 corpora

535 3056 814 3112 nuncupat
865 3045 1210 3114 paragrapho
1240 3042 1297 3105 4,
1353 3052 1409 3097 et
1455 3039 1703 3110 repetite
1754 3038 2144 3092 advocationes
2251 3039 2541 3111 Martyrum
2575 3039 2998 3108 Agauneusium,
3031 3039 3077 3094 si
3109 3041 3383 3108 quidpiam
3419 3041 3486 3094 de
3518 3041 3835 3098 Sanctorum

541 3140 646 3197 SS.
675 3141 1061 3208 Apostolorum
1106 3150 1160 3192 et
1191 3138 1485 3209 Martyrum
1518 3150 1747 3206 quorum
1795 3134 2055 3204 Reliquiae
2089 3131 2141 3188 in
2251 3132 2513 3204 Reliquiis
2542 3131 2798 3187 Victricio
2829 3134 3097 3187 missurus
3125 3143 3243 3188 erat
3284 3133 3620 3202 Tlteudulus,
3652 3135 3719 3192 de
3746 3134 3838 3189 lto-

541 3233 730 3289 urbem
781 3248 973 3288 recens
1025 3241 1304 3294 venerant,
1356 3229 1408 3283 in
1456 3229 1594 3282 libro
1637 3226 2138 3282 convenientiorem
2171 3250 2216 3312 ρ
2247 3241 2364 3279 rum
2397 3224 2642 3295 profecto
2671 3225 2963 3298 Martyrum
3007 3225 3266 3295 sanguine
3296 3226 3582 3282 intinctam
3617 3229 3833 3283 humum

539 3341 702 3395 quam
744 3325 794 3378 iu
826 3325 1074 3380 oratione
1115 3323 1301 3378 sedem
1335 3322 1604 3378 obtinent.
2247 3335 2368 3391 qua:
2417 3333 2542 3376 tunc
2571 3321 2733 3375 etiam
2769 3321 3176 3392 religiosissime
3226 3322 3635 3386 asservabatur,
3669 3325 3724 3378 in
3747 3337 3834 3379 ca-

613 3419 668 3474 Si
717 3420 783 3474 de
832 3429 1079 3488 tempore
1106 3426 1383 3471 constaret
1421 3416 1476 3469 in
1520 3431 1628 3481 quo
1668 3414 1866 3468 mortui
1890 3414 2144 3483 suntepi-
2249 3414 2455 3482 psulam
2483 3415 2738 3484 episcopo
2761 3413 3184 3484 BotltOmagensi
3209 3414 3533 3469 destinatam
3558 3415 3837 3486 deposuis-

536 3514 688 3582 scopi
736 3510 1158 3564 Mediolanensis
1189 3511 1480 3578 provincim
1510 3509 1826 3562 Thcodulus
1856 3519 1909 3561 et
1952 3507 2143 3562 Eusm-
2248 3516 2350 3560 set.
2388 3506 2568 3560 Altum
2627 3524 2758 3578 ergo
2787 3508 2853 3562 de
2897 3509 3068 3562 sancti
3102 3508 3334 3563 Mauritii
3371 3507 3634 3579 Reliquiis
3679 3509 3837 3564 silen-

537 3605 693 3660 ehius
741 3605 808 3659 de
854 3603 1050 3672 quibus
1095 3603 1435 3672 paragrapho
1476 3600 1534 3665 2,
1584 3599 1742 3654 sicuti
1793 3609 2029 3663 cons:at,
2075 3598 2142 3653 de
2248 3606 2378 3654 tium
2435 3601 2668 3670 postulat
2715 3610 2773 3655 ut
2825 3601 3154 3671 intelligatur
3199 3601 3268 3657 de
3319 3601 3741 3657 Theodu10alto
3770 3603 3834 3657 ab

542 3705 790 3767 tempore
820 3710 927 3766 quo
949 3693 1081 3748 obiit
1104 3695 1163 3750 8.
1190 3694 1535 3759 Ambrosius,
1567 3692 1779 3747 facilius
1804 3709 2002 3746 aunuut
2035 3707 2141 3762 quo
2245 3694 2502 3764 episeopo
2532 3693 2890 3749 Octodurensi
2921 3711 2982 3750 ea
3011 3713 3129 3767 qua:
3160 3698 3209 3751 in
3240 3705 3473 3753 tractatu
3508 3700 3683 3753 Sancti
3719 3696 3833 3752 Vic-

549 3792 812 3858 Reliquia:
859 3791 964 3843 illa:
995 3788 1393 3856 Rothomagum
1425 3788 1672 3841 advecme
1700 3785 1920 3849 inierint,
1953 3799 2142 3856 posse-
2246 3787 2384 3842 tricii
2431 3789 2758 3843 referuntur.

541 3900 664 3937 mus
713 3883 1016 3952 assignare.
1069 3880 1122 3934 Id
1167 3881 1341 3933 solum
1395 3896 1492 3947 pro
1529 3889 1682 3933 certo
1727 3877 1913 3932 ltabcri
1963 3888 2141 3947 potest
2317 3881 2394 3937 De
2439 3881 2821 3953 qualicumque
2865 3885 3120 3953 epismpo
3155 3885 3241 3938 vel
3284 3884 3545 3940 Ecclesiae
3586 3885 3828 3941 ministro

544 3973 1025 4046 (quandoquidem
1052 3973 1112 4030 S.
1140 3971 1466 4030 Ambrosius
1495 3987 1557 4026 ex
1586 3986 1813 4025 numero
1836 3971 2136 4026 l'uiteorum
2242 3975 2442 4044 scripta
2473 3975 2693 4040 fuerint,
2729 3975 2908 4046 aliqua
2943 3975 3154 4032 libellus
3200 3976 3304 4031 iste
3329 3993 3490 4047 quem
3535 3978 3724 4032 lectori
3755 3976 3830 4032 of-

537 4069 628 4136 qui
677 4068 730 4123 in
761 4068 819 4124 8.
860 4067 1039 4122 Victrit
1061 4066 1094 4121 ii
1136 4068 1366 4138 gratiam
1405 4066 1677 4120 Ecclesias
1709 4080 1837 4119 suas
1866 4065 2135 4135 Spoliare-
2245 4066 2361 4122 fero
2387 4067 2585 4137 dignus
2611 4079 2695 4122 est
2725 4069 3092 4135 veneratione,
3131 4079 3240 4124 tum
3281 4086 3345 4124 ex
3377 4080 3526 4140 parte
3552 4071 3831 4142 antiquita-

534 4163 668 4228 rinl,
708 4175 760 4219 et
794 4163 1009 4233 quando
1049 4163 1190 4218 inter
1233 4162 1464 4218 Sanctus
1507 4162 1820 4215 morborum
1854 4171 2135 4215 curatores
2241 4161 2330 4226 tis,
2360 4177 2478 4231 qua:
2516 4162 2796 4234 plusquam
2831 4163 2974 4217 mille
3006 4165 3527 4235 quadringentorum
3571 4181 3826 4221 annorum

537 4256 775 4329 appellat
845 4257 1127 4313 Vielricius
1179 4257 1236 4311 S.
1286 4255 1573 4310 Nazarium
1637 4252 2134 4324 Mediolaneusem)
2242 4265 2344 4322 est,
2384 4268 2494 4309 tum
2528 4273 2593 4311 ex
2629 4267 2781 4325 parte
2811 4256 3047 4312 auctoris
3077 4257 3231 4326 cujus
3275 4260 3494 4313 nomine
3524 4259 3823 4330 iusignitur,

539 4353 746 4408 \silicet
779 4353 925 4407 illaut
955 4353 1368 4406 translationem
1394 4353 1457 4404 ad
1491 4350 1624 4405 illud
1653 4361 1868 4419 tempus
1898 4363 2019 4403 esse
2051 4364 2136 4404 re-
2241 4351 2438 4418 quippe
2468 4351 2557 4418 qui
2589 4349 2786 4403 deinde
2815 4352 3032 4403 amissis
3079 4349 3272 4404 litteris
3301 4366 3434 4418 quas
3464 4350 3532 4406 ad
3563 4350 3620 4407 S.
3657 4351 3824 4405 Pauli.

535 4446 842 4511 le:end.un,
871 4446 1014 4516 quod
1044 4455 1127 4500 est
1156 4445 1392 4499 medium
1437 4445 1580 4498 inter
1607 4442 1985 4497 lux-cntionem
2015 4455 2136 4494 cor-
2242 4457 2366 4495 nmn
2428 4442 2691 4497 Nolanum
2742 4445 3038 4512 scripserat
3093 4453 3314 4498 sanctus
3366 4442 3680 4509 Victricius,
3733 4446 3825 4498 hoc

2249 1357 2490 1412 nondum
2537 1359 2884 1420 ascenderat,
2914 1374 3036 1414 cum
3069 1358 3331 1430 Reliquiae
3362 1359 3690 1415 Sanctorum
3739 1359 3832 1430 ipsi

2246 1451 2532 1520 assignatur
2555 1451 2800 1515 luerunt;
2826 1451 3090 1522 siquidem
3115 1467 3183 1507 ex
3211 1451 3331 1506 loco
3353 1451 3568 1508 Paulini
3592 1455 3832 1516 superius

2248 1542 2480 1613 allegato
2515 1553 2720 1598 certum
2770 1555 2849 1597 est
2879 1560 3002 1598 eum
3035 1558 3179 1597 anno
3219 1542 3347 1610 595,
3381 1553 3503 1612 post
3548 1543 3832 1604 TlteodOsii

532 4557 726 4612 porum
759 4547 1072 4594 Sanctorum
1104 4538 1315 4592 Nazarii
1341 4547 1396 4591 et
1424 4536 1590 4601 Celsi,
1622 4549 1683 4589 ac
1700 4535 1872 4588 sancti
1902 4531 2132 4586 Ambro-

2237 4538 2492 4591 damnum
2529 4548 2764 4607 reparat,
2812 4547 2865 4592 et
2915 4537 3093 4607 aliqua
3127 4537 3491 4608 Epistolarum
3524 4537 3732 4592 Paulini
3766 4538 3826 4592 ad

530 4637 597 4689 sii
645 4644 900 4688 mortem.
953 4632 1087 4685 Cum
1141 4631 1303 4699 igitur
1335 4644 1440 4684 non
1491 4629 1763 4683 delexcrit
1809 4625 2131 4680 Ambrosius
2159 4653 2210 4708 Ι)
2245 4628 2550 4682 Victricitnn
2605 4629 2723 4683 loca
2768 4630 3020 4685 illustrat.
3070 4631 3342 4685 (la-terum
3391 4631 3436 4683 si
3476 4647 3620 4702 .t-gre
3662 4631 3827 4685 ferant

530 4742 724 4782 eorum
769 4726 1095 4778 Sanctorum
1128 4737 1361 4792 corpora
1403 4733 1528 4775 ante
1568 4719 1864 4775 Theodosii
1898 4731 2130 4772 mortem

529 4834 652 4887 quzc
679 4817 907 4886 contigit
927 4816 1015 4868 dte
1043 4814 1251 4869 decium
1283 4814 1512 4883 septima
1539 4812 1778 4866 Januarii
1809 4827 1950 4865 anno
1979 4810 2133 4866 Citri-

530 4912 598 4966 sti
640 4909 766 4974 595,
820 4910 1048 4980 ipseque
1101 4908 1424 4963 Ambrosius
1479 4907 1679 4962 obierit
1723 4922 1865 4960 anno
1905 4906 2009 4959 597
2041 4903 2130 4960 die

527 5005 734 5076 Aprilis
754 5011 970 5074 quarta,
994 5002 1242 5072 sequitur
1270 5002 1406 5056 banc
1435 5000 1827 5071 Exceptiouem
1855 4999 2130 5068 Reliquia-

525 5114 644 5153 runt
667 5097 809 5168 apud
838 5095 1326 5167 Rotbomageuses,
1359 5098 1503 5151 circa
1539 5112 1739 5150 annum
1785 5094 1891 5150 596
1926 5094 2120 5149 factam

521 5193 712 5247 fuisse.

598 5284 676 5340 De
702 5284 977 5354 episcopis
1005 5281 1300 5338 Eustachio
1330 5293 1385 5339 et
1414 5281 1698 5339 Theodulo
1731 5284 1813 5357 (si
1841 5293 2023 5340 tamen
2057 5285 2124 5340 de

524 5379 798 5450 episcoltis
826 5387 950 5448 agat
981 5376 1306 5447 Victricius)
1336 5389 1550 5434 constat
1595 5377 1739 5449 quod
1790 5378 1844 5433 iu
1881 5378 2121 5448 Epistula

523 5471 759 5528 Concilii
790 5469 1208 5526 Mediolanensis
1238 5471 1364 5524 anni
1397 5470 1502 5526 590
1531 5472 1746 5525 nomina
1785 5473 2124 5542 subscripse-

521 5565 656 5630 rint,
700 5563 891 5618 saltem
921 5563 1080 5633 juxta
1126 5562 1419 5617 editionem
1442 5562 1642 5617 Labbei
1673 5573 1819 5617 tonio
1846 5563 1886 5617 ll
1909 5562 2120 5619 Concil.

530 5658 639 5711 col.
691 5657 828 5712 1027
870 5675 883 5711 :
919 5671 1043 5711 nam
1082 5655 1226 5727 apud
1268 5655 1403 5709 alios
1446 5654 1642 5724 legitur
1674 5654 1978 5711 Theodorus
2008 5673 2115 5714 non

589 5845 614 5873 ι
657 5828 730 5890 Le
758 5833 902 5889 Brun
931 5830 1024 5890 des
1055 5830 1322 5889 Harum.

2239 4721 2478 4774 nonnulli
2509 4722 2598 4792 qui
2631 4733 2881 4778 auctores
2931 4724 3118 4778 Gallos
3147 4736 3200 4777 et
3251 4723 3490 4779 Francos
3543 4724 3822 4788 illustrant,

2236 4813 2378 4883 quod
2412 4814 2710 4870 llonorium
2738 4816 2897 4886 vulgo
2927 4815 3506 4886 Augustodunensem,
3541 4832 3573 4872 e
3603 4829 3822 4872 numero

2235 4907 2562 4977 scriptorum
2613 4921 2919 4963 nostrorum
2963 4910 3274 4964 sustulerint
3323 4909 3717 4966 Dissertatione
3743 4925 3824 4964 su-

2235 5001 2416 5070 perius
2446 5001 2608 5068 edita,
2645 5003 2939 5058 observent
2975 5020 3060 5058 me
3090 5005 3139 5057 in
3176 5005 3354 5058 locum
3398 5003 3624 5058 llonorii
3656 5005 3822 5058 virum

2234 5095 2513 5150 sull'ecisse
2561 5107 2616 5150 et
2645 5098 2906 5168 dignitate
2951 5099 3371 5155 celeberrimum
3401 5109 3458 5154 et
3503 5101 3824 5172 antiquitate

2236 5189 2395 5257 longe
2423 5190 2935 5244 commendandum.

2303 5281 2680 5350 Digressiones
2728 5283 2971 5352 plurimae
3001 5284 3198 5355 quibus
3231 5285 3333 5340 hoc
3361 5287 3626 5355 scriptum
3660 5283 3822 5341 refer-

2231 5387 2345 5431 tum
2372 5385 2475 5443 est,
2508 5381 2838 5432 sententiam
2872 5379 3125 5434 videntur
3152 5381 3389 5434 recentis
3417 5383 3662 5437 auctoris
3688 5381 3822 5437 Vitae

2227 5470 2286 5527 S.
2350 5469 2584 5523 Victricii
2631 5479 2656 5506 ³
2696 5472 3042 5540 confirmare,
3087 5473 3155 5527 de
3185 5474 3474 5528 calumniis
3503 5475 3702 5545 quibus
3733 5489 3820 5545 pe-

2225 5563 2358 5618 titus
2385 5560 2504 5628 fuit,
2530 5561 2682 5631 quasi
2712 5563 2765 5619 iu
2789 5564 3059 5635 aliquibus
3082 5563 3206 5620 ﬁdei
3229 5565 3474 5621 articulis
3499 5566 3816 5622 erravisset.

2222 5649 2468 5712 Credunt
2497 5642 2646 5708 illum
2690 5657 2741 5711 in
2791 5657 2996 5713 Italiam
3029 5667 3186 5714 antea
3217 5674 3278 5715 se
3306 5669 3599 5731 purgatum
3633 5661 3813 5731 ivisse,
