4084 6342
314 315 414 370 ιιι

939 311 1313 372 PREFATIO
1350 315 1398 370 .l.
1446 293 1721 373 LEBEUF
1755 316 1846 371 AD
1884 313 2144 373 LIBRUM
2185 318 2273 372 Dl'l
2320 317 2548 374 [.AUDltZ
2593 317 3043 378 SANCTORUM.

3501 316 3609 378 HQ

307 431 450 488 unde
475 433 764 506 Reliquias
793 434 1003 490 deferre
1035 442 1310 505 potuerat,
1342 434 1540 505 quibus
1572 433 1691 490 illas
1720 433 1903 505 junxit
1927 436 1976 494 Α
2007 433 2244 489 Morinos
2273 445 2326 490 et
2373 434 2596 490 Nervios
2636 435 3043 506 evangelizavit.
3080 438 3207 493 llaec
3238 439 3418 494 omnia
3471 452 3604 494 nar-

302 543 445 600 quas
473 542 664 599 pos:ea
700 531 940 601 excepit;
975 530 1074 584 nisi
1117 541 1299 586 tamen
1324 530 1415 586 alii
1450 530 1595 599 prius
1643 531 1898 586 obtinue—

300 631 444 677 rant.
479 622 673 678 Exsrat
706 625 760 679 in
793 624 1048 679 suburbio
1074 624 1500 696 Rothomagcnsi
1529 625 1769 680 Ecclesia
1800 625 1900 678 sub

298 715 457 771 titulo
482 715 543 772 S.
576 716 854 773 Ccrvasii.
889 719 1034 772 l'lanc
1061 734 1168 772 non
1191 717 1424 773 absurde
1462 717 1789 773 crediderim
1821 719 1897 773 lo-

296 827 418 868 cum
444 828 726 884 occupare
753 815 934 886 inquo
955 816 1013 872 S.
1048 816 1332 872 Victricius
1360 818 1618 886 templum
1646 827 1895 888 posuerat

293 907 361 964 de
391 925 503 978 quo
534 911 589 965 in
642 911 802 982 hujus
830 915 1010 981 Operis
1043 913 1147 970 ﬁne
1186 913 1444 984 loquitur.
1472 915 1641 970 Tanta
1671 926 1752 970 est
1779 919 1896 985 ejus

289 1003 640 1075 antiquitatis
666 1007 878 1076 Opinio,
904 1019 961 1062 ut
991 1010 1126 1062 fama
1151 1009 1223 1065 sit
1245 1009 1305 1065 S.
1335 1010 1578 1065 Mellonis
1606 1010 1761 1079 primi
1789 1011 1896 1066 Ro-

287 1094 670 1166 tbomagensis
719 1099 962 1168 episcopi
995 1116 1194 1171 corpus
1223 1102 1275 1155 in
1303 1117 1365 1157 ea
1395 1103 1668 1171 sepultum
1703 1102 1890 1159 fuisse.

284 1184 437 1241 Illam
465 1191 726 1259 suspicor
756 1191 922 1248 I'niSse
950 1193 1269 1248 aedificatam
1297 1204 1446 1250 extra
1477 1195 1744 1251 civitatem
1778 1197 1890 1252 Ro-

280 1294 501 1336 manam
535 1283 628 1338 ubi
649 1284 806 1355 juxta
839 1286 986 1356 leges
1010 1302 1238 1358 corpora
1289 1299 1449 1346 terrae
1485 1291 1744 1346 mandare
1777 1291 1890 1346 lici-

281 1384 393 1429 tum
427 1387 572 1442 erat,
617 1379 959 1453 primamque
993 1382 1313 1456 Rothomagi
1345 1385 1653 1441 Ctemelerii
1677 1386 1768 1456 jus
1797 1386 1887 1440 lia-

275 1466 491 1536 butsse,
525 1486 694 1542 quam
730 1475 1070 1544 potissimum
1103 1476 1520 1549 frequentabant
1551 1479 1739 1534 ﬁdeles
1765 1495 1885 1551 pro-

277 1572 398 1634 pter
424 1561 764 1621 Sanctorum
798 1567 1076 1637 Reliquias
1105 1580 1158 1626 et
1188 1572 1460 1640 sepulcra.

342 1654 399 1711 In
456 1658 669 1712 notulis
719 1659 857 1714 infra
893 1664 1111 1733 paginas
1163 1665 1214 1719 in
1249 1665 1348 1720 hac
1377 1665 1618 1722 editione
1666 1669 1883 1724 in<ertis

271 1747 510 1820 plurima
543 1753 650 1806 alia
691 1752 942 1826 legentur
969 1773 1088 1826 qua:
1117 1757 1183 1812 de
1217 1758 1320 1813 hoc
1353 1761 1728 1830 manuscripto
1757 1778 1880 1816 sese

2011 535 2215 582 rantem
2264 528 2467 584 audivit
2512 529 2652 600 apud
2703 527 2890 586 Nolam
2939 530 3198 586 Paulinus
3247 530 3598 587 Paschasium

2006 622 2288 678 diaconum
2320 640 2480 694 quem
2510 639 2630 680 cum
2668 623 2801 681 Urso
2839 627 3238 680 catechumeno
3286 625 3338 680 in
3389 625 3596 680 Italiam

2006 719 2226 773 miserat
2257 717 2575 785 Victricius,
2606 721 2806 790 quique
2839 720 3046 776 Paulini
3077 721 3379 792 Epistulam
3407 722 3473 776 ad
3509 721 3598 777 Vi-

2001 813 2248 868 ctricium
2279 813 2485 868 retulit.
2520 814 2595 869 Ex
2633 813 2856 870 Morinis
2895 815 3087 880 redux,
3140 817 3342 870 zizania
3377 817 3428 870 in
3463 832 3595 888 agro

2000 922 2099 962 suo
2148 909 2352 965 invenit
2395 909 2766 964 disseminata.
2821 908 3022 966 Contra
3073 909 3438 974 adversarios.
3493 927 3590 980 pro

1999 999 2260 1054 doctrina:
2286 1017 2400 1056 suae
2431 1001 2664 1072 puritate
2703 1004 3001 1068 dimicavit,
3038 1013 3094 1059 et
3119 1019 3180 1059 ea
3214 1003 3394 1058 forsan
3427 1019 3590 1058 causa

1996 1100 2098 1158 est,
2130 1107 2226 1147 cur
2249 1092 2474 1148 Romam
2501 1104 2707 1164 peteret
2735 1097 2879 1150 circa
2904 1111 3106 1150 annum
3131 1095 3256 1152 405.
3295 1094 3447 1150 Unde
3467 1109 3588 1150 cum

1996 1186 2266 1251 rediissel,
2318 1187 2544 1242 Paulino
2591 1189 2805 1258 scripsit
2863 1189 3092 1254 litteras,
3146 1188 3339 1258 quibus
3373 1188 3586 1242 veniam

1997 1281 2317 1350 precabatur
2363 1296 2430 1336 eo
2478 1281 2620 1352 quod
2663 1283 2728 1336 ad
2777 1283 2924 1336 illum
2959 1284 3061 1337 iter
3109 1297 3214 1336 nou
3269 1281 3584 1336 direxisset.

1991 1373 2385 1428 Candidianum
2430 1374 2495 1429 z-d
2524 1391 2647 1430 eum
2679 1375 2823 1429 misit
2857 1393 2919 1430 ex
2961 1377 3074 1431 suis
3114 1376 3356 1431 alumnis
3390 1392 3579 1441 unum,

1989 1467 2229 1537 quicum
2262 1466 2528 1522 Pontifice
2553 1466 2799 1522 Romano
2821 1469 2887 1523 de
2910 1469 3094 1538 aliquo
3124 1470 3344 1539 negotio
3368 1479 3583 1535 ageret.

1991 1563 2028 1614 Α
2059 1557 2401 1615 Candidiano
2448 1561 2638 1616 didicit
2673 1563 2932 1617 Paulinus
2974 1577 3337 1634 quaecumque
3381 1562 3583 1617 Victri-

1986 1654 2128 1707 ciuru
2190 1654 2531 1724 spectabant,
2578 1656 2739 1726 eique
2795 1656 3091 1710 secundam
3144 1655 3212 1710 ad
3264 1655 3578 1726 episcopum

1988 1748 2482 1820 Rothomagensem
2531 1750 2680 1805 dedit
2716 1749 3043 1816 Epistolam.
3097 1749 3151 1804 In
3202 1748 3410 1805 chartis
3439 1763 3582 1819 quas

269 1843 513 1899 offerunt
560 1849 924 1917 exquirenda.
952 1850 1154 1907 Cretera
1199 1854 1356 1908 omisi
1382 1854 1598 1908 Scholia
1630 1870 1750 1926 quzc
1776 1855 1854 1910 Mn

1985 1842 2050 1896 ad
2086 1843 2288 1914 Papam
2341 1844 2597 1898 mittebat
2647 1843 2964 1909 Victricius,
2999 1843 3342 1915 significabat
3381 1859 3442 1898 se
3483 1843 3582 1898 ali-

269 1935 484 1991 nachus
509 1939 734 2010 quidam
765 1942 946 1996 Sancti
987 1943 1126 1999 Galli
1164 1946 1290 2000 noni
1321 1945 1551 2001 {Or-tassc
1584 1949 1770 2004 sa-culi
1798 1949 1877 2003 vel

264 2028 468 2088 decimi
515 2034 862 2101 observavit,
915 2039 1038 2108 quia
1071 2055 1200 2094 sane
1233 2039 1285 2095 in
1333 2044 1584 2096 confesso
1611 2052 1692 2096 est
1726 2042 1876 2097 illmn

266 2123 601 2182 Monachum
637 2127 949 2200 (Nmkcrus
989 2131 1152 2188 fuerit
1192 2135 1272 2188 vel
1323 2135 1674 2208 Ekkcardns)
1708 2137 1879 2206 pauli-

262 2231 391 2287 sper
418 2219 596 2275 l’uisse
621 2219 837 2286 rudem,
868 2223 958 2294 qui
983 2226 1128 2278 verbi
1152 2228 1327 2296 gratia
1351 2228 1550 2283 dixerit
1579 2228 1876 2284 Rothoma-

183 2370 186 2372 η
259 2324 489 2380 gensem
537 2313 841 2378 civitatem,
900 2318 1173 2374 civitatem
1228 2319 1394 2375 fuisse.
1461 2322 1772 2389 Britannim,
1819 2334 1873 2378 et

259 2405 379 2461 loco
411 2405 662 2462 Victricii
689 2425 848 2478 quem
875 2428 980 2464 non
1007 2425 1258 2480 noverat,
1295 2413 1432 2471 forte
1466 2415 1726 2471 Vica-rium
1751 2435 1872 2474 esse

259 2495 583 2568 legendum,
621 2499 808 2571 idque,
853 2505 975 2574 quia
1027 2507 1200 2561 fuerat
1239 2522 1266 2561 a
1300 2509 1566 2577 scriptore
1613 2513 1870 2583 deceptus

255 2594 346 2664 qui
373 2592 546 2666 hujus
568 2597 759 2666 operis
789 2611 1066 2656 auctorem
1102 2603 1160 2659 S.
1189 2603 1534 2661 Ambrosium
1567 2607 1736 2664 fuisse
1767 2627 1863 2680 pu-

257 2687 429 2753 tabat,
477 2703 548 2744 eo
580 2691 728 2758 qttod
779 2691 830 2744 in
879 2698 1250 2768 manuscripto
1293 2699 1482 2755 rodice
1511 2717 1670 2770 quem
1705 2717 1864 2757 manu

257 2779 506 2845 tenebat,
541 2781 728 2854 aliqua
754 2788 924 2841 sancti
958 2787 1200 2844 Doctoris
1226 2792 1424 2860 scripta
1459 2795 1754 2864 exciperet.

324 2873 424 2929 llic
470 2888 788 2946 Opportune
815 2880 872 2935 S.
905 2881 1141 2939 Victricii
1189 2888 1312 2941 vita:
1358 2891 1596 2944 narratio
1625 2893 1862 2956 veniret.

251 2966 296 3022 si
325 2971 452 3040 quis
489 2969 639 3026 forte
672 2973 820 3028 illam
855 2977 1150 3047 ignoraret.
1185 2981 1401 3051 Optime
1432 2987 1736 3057 conscripta
1764 2988 1860 3043 fuit

249 3074 278 3116 a
317 3060 536 3119 Joanne
575 3065 817 3135 Baptista
857 3069 930 3122 ιη
961 3071 1102 3126 Bruu
1137 3075 1560 3148 Rothomagensi
1606 3084 1860 3154 acolyllio

240 3153 392 3225 juxta
422 3174 489 3214 ea
515 3177 643 3228 qum
669 3162 739 3218 de
767 3163 1021 3220 Victricio
1047 3169 1098 3222 in
1125 3169 1384 3240 Epistolis
1415 3173 1473 3229 S.
1504 3175 1710 3232 Paulini
1734 3153 1849 3234 nar-

1983 1938 2178 2008 quibus
2208 1938 2378 1992 teneri
2402 1935 2672 2006 scrupulis
2701 1946 2930 2008 propter
2963 1936 3184 2008 regulas
3218 1952 3354 2007 quas
3385 1936 3581 1991 obsera

1985 2045 2065 2086 vat
2104 2032 2342 2087 Ecclesia
2380 2032 2620 2086 llornana
2676 2034 2824 2087 circa
2861 2047 3076 2095 mores,
3128 2031 3197 2086 ad
3228 2030 3570 2086 coercendos

1979 2124 2262 2180 Canonnrn
2293 2125 2614 2180 violatores.
2651 2124 3008 2180 Innocentius
3032 2125 3235 2179 librum
3266 2123 3576 2196 Regularem

1977 2219 2054 2272 illi
2086 2218 2255 2283 dedit,
2303 2218 2354 2272 id
2406 2229 2492 2274 est
2523 2218 2722 2273 librum
2769 2219 2820 2273 in
2869 2234 2978 2289 quo
3012 2218 3264 2273 Canoncs
3307 2218 3569 2271 l-Jcclesize

1980 2313 2239 2368 Romana:
2266 2314 2716 2368 continebantur.
2749 2313 2874 2367 "me
2908 2321 3117 2367 tantum
3146 2311 3213 2366 de
3235 2310 3294 2366 S.
3324 2309 3574 2366 Victririi

1978 2411 2086 2463 vita
2127 2419 2404 2473 tenentur,
2433 2408 2628 2479 quibus
2656 2405 3025 2479 adjungcndze
3050 2416 3176 2460 stitit
3206 2407 3572 2460 circumstan-

1976 2503 2062 2556 tia:
2094 2518 2228 2570 quas
2262 2503 2361 2557 hoc
2389 2517 2529 2572 opus
2561 2502 2894 2572 suppeditat.

2041 2593 2253 2666 Corpus
2279 2597 2397 2665 ejus
2425 2597 2780 2667 sequentibus
2812 2597 3027 2651 saeculis
3051 2594 3116 2649 ad
3143 2594 3398 2650 CaSIrum
3428 2594 3561 2649 Bra-

1973 2706 2094 2744 nam
2130 2691 2250 2761 pagi
2279 2691 2693 2745 Suessioueusis
2723 2691 2958 2745 delatum
2993 2690 3116 2744 fuit.
3167 2689 3568 2744 Existimarunt

1972 2785 2114 2842 Socii
2147 2785 2483 2841 Bollandiani
2519 2803 2547 2841 a
2579 2786 2891 2843 Calvinistis
2924 2789 2973 2840 in
3008 2786 3225 2841 favillas
3276 2786 3563 2840 redactum

1969 2881 2136 2938 fuisse
2167 2898 2288 2937 cum
2322 2899 2517 2954 pagmn
2559 2884 2711 2937 illum
2744 2882 3049 2953 (lepra-dati
3081 2890 3228 2935 sunt.
3285 2884 3346 2935 At
3380 2893 3570 2934 rumor

1969 2976 2088 3040 istc,
2115 2975 2208 3044 qui
2232 2987 2285 3030 et
2307 2975 2378 3031 de
2403 2975 2649 3046 reliquiis
2677 2977 2982 3046 aliquorum
3017 2986 3338 3029 saneturqu
3370 2973 3566 3026 Callia:

1965 3071 2376 3138 circumfertur,
2424 3072 2563 3124 falso
2619 3072 2810 3125 nititur
2862 3073 3220 3124 fundamento
3272 3067 3451 3139 quoad
3501 3067 3562 3122 S.

1965 3159 2203 3216 Victricii
2236 3175 2439 3232 carpus
2486 3162 2780 3230 integrum.
2815 3161 3066 3230 Quinque,
3116 3160 3374 3213 nimirum
3422 3159 3567 3211 inter

244 3262 457 3308 rantur.
497 3254 653 3310 lllam
695 3257 1041 3318 Bollantlisla}
1093 3267 1286 3320 ίιιςιιυιη
1329 3268 1621 3325 editior...”
1665 3273 1714 3326 ίη
1767 3289 1853 3328 ερ,
1883 3239 1926 3302 C
1959 3255 2246 3323 grandiora
2279 3271 2402 3311 ossa
2444 3259 2694 3325 corporis
2747 3257 2917 3311 Sancti
2952 3255 3210 3309 Prasulis
3243 3253 3386 3325 apud
3434 3253 3564 3307 Rta-

241 3346 424 3403 cundo
456 3351 693 3421 Augusti
739 3364 906 3408 tomo.
944 3355 1015 3409 lbi
1049 3358 1244 3429 legitur
1278 3361 1591 3418 Victricium
1625 3367 1692 3423 ab
1722 3369 1851 3422 ado-

242 3437 503 3497 lescentia
561 3445 1030 3506 militasse:Tom
1081 3454 1296 3509 colendi
1345 3457 1439 3514 Dei
1479 3461 1750 3529 cupiditas
1782 3478 1849 3518 eo

240 3531 388 3590 illum
417 3538 678 3606 adduxit,
715 3553 770 3594 ut
799 3543 865 3596 ad
905 3544 1129 3601 Tribuni
1163 3549 1329 3618 pedes
1362 3565 1511 3606 arma
1546 3553 1847 3624 deponeret

236 3629 680 3702 missionemqne
728 3646 955 3704 peteret.
996 3637 1148 3693 llunc
1183 3640 1457 3697 Tribunus
1499 3645 1665 3715 virgis
1704 3646 1840 3702 caedi

233 3732 288 3779 et
314 3725 367 3780 in
397 3742 688 3783 carcerem
719 3731 911 3800 conjici
938 3731 1118 3799 jussit.
1153 3735 1246 3789 Rei
1273 3738 1520 3793 militaris
1547 3740 1744 3794 Comes
1775 3740 1840 3795 ad

231 3831 392 3887 quem
459 3820 739 3876 adductus
787 3822 886 3876 fuit
939 3823 1254 3882 Victricium
1310 3832 1484 3898 capite
1537 3831 1838 3888 damnavit.

231 3909 413 3968 Lictor
452 3924 626 3985 caput
663 3915 886 3986 jamjam
923 3928 1038 3973 erat
1081 3935 1480 3991 amputamrns,
1509 3940 1631 3978 cum
1662 3925 1838 3980 subito

228 4007 404 4064 oculis
440 4019 640 4082 captus
673 4019 776 4076 est,
821 4013 998 4067 soluta
1033 4015 1242 4070 vincula
1271 4035 1284 4071 :
1309 4033 1431 4086 qua:
1460 4035 1583 4073 cum
1615 4020 1837 4074 vidisset

227 4099 452 4170 Comes,
487 4105 647 4160 illum
680 4106 746 4160 ad
780 4105 1165 4176 Imperatmem
1199 4113 1429 4178 remisit,
1459 4129 1488 4167 a
1513 4131 1618 4183 quo
1644 4114 1834 4168 dimis-

222 4208 316 4251 sus
363 4206 476 4251 est.
516 4197 574 4252 In
625 4213 788 4268 quem
837 4201 1010 4254 locum
1046 4219 1166 4257 scso
1217 4205 1507 4274 receperit,
1563 4208 1829 4258 incertum

222 4300 325 4356 est,
347 4291 451 4347 sed
481 4307 608 4346 eum
638 4292 1092 4366 Rothomagensis
1117 4299 1348 4368 populus
1375 4310 1494 4367 post
1521 4299 1662 4354 Petri
1687 4317 1819 4353 mor-

222 4395 326 4442 tem
374 4390 707 4462 episcopum
739 4393 901 4462 elegit
942 4393 1084 4448 circa
1117 4412 1317 4449 annum
1346 4396 1472 4457 585,
1511 4395 1825 4450 Victricium

217 4493 409 4551 postea
443 4485 596 4538 circa
631 4499 834 4538 annum
877 4487 982 4541 389
1011 4487 1266 4542 Paulinus
1298 4488 1428 4542 vidit
1458 4487 1680 4542 Vienna!
1704 4503 1825 4542 cum

214 4571 270 4629 S.
320 4574 564 4630 Martino
606 4574 938 4632 Turonensi.
991 4579 1118 4648 Ejus
1147 4591 1327 4635 autrm
1377 4589 1522 4635 tanta
1557 4581 1650 4635 fuit
1683 4583 1820 4635 fama

210 4667 548 4731 sanctitatis,
579 4679 638 4722 ut
664 4684 785 4723 cum
809 4671 1031 4725 Carnuti
1057 4673 1235 4726 oblata
1269 4674 1458 4727 fuisset
1491 4674 1648 4728 beato
1679 4673 1818 4728 Mar-

213 4759 325 4814 lino
350 4760 770 4816 adolescentnla
805 4773 972 4829 muta,
1005 4765 1260 4819 curanda:
1290 4767 1615 4822 inﬁrmitatis
1647 4767 1817 4821 hono-

210 4866 323 4907 rem
375 4854 461 4908 illi
510 4853 771 4909 detulerit
821 4855 1100 4919 Martinus,
1139 4857 1223 4913 vel
1274 4860 1529 4929 episcopo
1579 4858 1818 4914 Valenti-

209 4947 372 5004 niano
399 4967 412 5002 :
443 4947 595 5019 quod
627 4957 854 5018 uterque
884 4953 1154 5007 recusavit
1183 4970 1196 5006 :
1224 4954 1476 5024 popuIqu
1507 4971 1662 5009 suum
1693 4971 1815 5010 cum

203 5042 570 5113 simplicitate
610 5041 875 5097 edocebat
900 5044 1210 5110 Victricius,
1243 5057 1297 5101 et
1325 5049 1635 5118 exemplum
1672 5065 1818 5103 sem-

201 5149 300 5206 per
324 5136 627 5208 praeceptis
654 5138 1034 5204 prminittebat.
1071 5141 1396 5196 MOoasteria
1431 5141 1483 5196 in
1526 5143 1660 5196 urbe
1709 5143 1813 5196 Ro-

199 5226 555 5300 thomagensi
585 5243 650 5284 ac
684 5227 907 5284 llimcesi
933 5230 1247 5287 aediﬁcavit.
1273 5231 1421 5286 Multi
1453 5233 1572 5304 ejus
1595 5235 1812 5288 monitis

193 5325 251 5381 in
297 5325 662 5382 matrimonio
687 5325 1076 5380 continentiam
1101 5326 1495 5392 observabant;
1533 5333 1714 5397 plures
1737 5328 1810 5382 illi

194 5417 338 5476 bona
369 5433 468 5474 sua
501 5416 833 5483 atl‘erebant,
861 5429 916 5475 ut
945 5419 1324 5493 eleemosynas
1353 5434 1624 5493 erogaret.
1656 5421 1810 5493 Apud

1958 3366 2080 3404 nam
2109 3351 2210 3404 sub
2234 3350 2390 3404 altari
2423 3350 2667 3404 ecclesiae
2695 3349 3026 3418 paroeltialis
3051 3348 3109 3402 S.
3145 3348 3357 3402 Nicolai
3389 3347 3554 3402 etiam

1953 3457 1982 3497 a
2022 3442 2288 3497 belloruru
2341 3443 2568 3497 istorum
2615 3443 2958 3512 temporibus
3001 3451 3280 3494 asservata
3328 3451 3452 3494 sunt
3498 3439 3554 3496 in

1951 3535 2296 3608 sarcophago
2337 3536 2542 3607 ligneo,
2577 3536 2789 3590 scilicet
2821 3551 2882 3589 os
2915 3536 3164 3600 fortioris,
3193 3551 3252 3586 os
3297 3535 3461 3597 Iibizr,
3495 3551 3557 3590 us

1950 3629 2080 3683 illud
2111 3629 2254 3698 quod
2299 3633 2488 3700 peroné
2517 3638 2712 3683 voc:tnt
2738 3672 2751 3693 ,
2788 3632 2916 3682 item
2975 3628 3237 3700 antaplate
3279 3638 3334 3683 et
3363 3631 3541 3684 coxis.

1945 3725 2204 3791 Qua-dam
2229 3726 2392 3779 etiam
2427 3726 2495 3779 de
2526 3725 2719 3779 codem
2759 3740 2917 3779 sacro
2946 3740 3183 3794 corpore
3230 3727 3279 3780 in
3309 3726 3546 3782 ecclesia

1945 3818 2201 3872 altlialiali
2243 3818 2300 3874 S.
2355 3817 2543 3872 Evodii
2587 3818 2758 3888 ipsius
2805 3817 2990 3888 Oppidi
3033 3822 3542 3886 c0n5cr\'altatttut';

1945 3929 2052 3967 non
2103 3929 2233 3966 vero
2267 3923 2436 3966 totum
2469 3929 2668 3981 corpus
2702 3922 2757 3965 ut
2802 3921 3088 3974 potaverat
3126 3912 3406 3967 Ballctius.
3445 3915 3540 3968 llis

1942 4006 2080 4060 adde
2113 4005 2390 4060 brachium
2415 4005 2561 4074 quod
2593 4007 2701 4072 jam
2729 4008 2795 4058 ab
2829 4006 2981 4058 initio
3013 4005 3325 4060 duodecimi
3353 4009 3537 4062 sa'culi

1940 4101 2004 4154 all
2040 4100 2422 4154 Monasterinm
2464 4099 2768 4154 Cltaritatis
2807 4115 2968 4168 supra
3004 4099 3238 4168 Ligerim
3287 4102 3526 4155 delatqu

1941 4193 2130 4245 fuerat.
2166 4192 2298 4244 Ossa
2330 4192 2570 4257 quinque
2593 4191 2846 4259 superius
2868 4191 3016 4243 dicta
3039 4192 3362 4244 solemniter
3391 4193 3536 4246 illata

1939 4293 2068 4336 sunt
2099 4283 2188 4337 die
2233 4283 2421 4352 quinta
2476 4281 2603 4336 Maii
2631 4286 2755 4335 anni
2814 4283 2951 4335 1755
2997 4283 3048 4334 in
3084 4297 3277 4334 novam
3311 4297 3531 4351 capsum

1937 4379 2190 4432 manibus
2215 4377 2344 4431 Rev.
2380 4377 2430 4429 in
2458 4377 2675 4429 Christo
2701 4375 2878 4428 Patris
2901 4377 2962 4428 υ.
2991 4375 3270 4428 Francisci
3301 4373 3373 4428 Le
3401 4373 3537 4430 Feb.

1934 4491 2020 4528 ure
2050 4473 2114 4528 (le
2144 4471 2426 4527 Laubriére
2451 4471 2695 4541 episcopi
2735 4471 3175 4531 SueSsionensis,
3223 4471 3337 4539 qui,
3367 4479 3422 4524 ut
3459 4472 3536 4522 tli-

1933 4568 2037 4622 dici
2069 4583 2136 4622 ex
2172 4581 2434 4637 processu
2463 4566 2693 4622 verbali.
2727 4566 2918 4619 statuit
2973 4565 3024 4618 in
3078 4574 3359 4642 posterum
3392 4565 3532 4619 hanc

1933 4662 2342 4717 translationem
2377 4661 2483 4714 ritu
2513 4659 2860 4726 semiduplici
2897 4658 2950 4712 in
2975 4657 3086 4727 jam
3119 4657 3261 4711 dicta
3291 4656 3526 4712 ecclesia

1930 4762 1989 4814 S.
2025 4757 2230 4814 NiCoIai
2266 4755 2495 4827 singulis
2525 4756 2684 4810 anuis
2723 4752 3092 4808 recitleutlam.

1999 4852 2269 4906 Caeterum
2305 4848 2355 4903 in
2396 4848 2609 4902 edendo
2637 4847 2739 4901 hoc
2771 4846 3010 4900 victricii
3043 4845 3311 4916 opusculo
3350 4845 3523 4914 ipsam

1930 4960 2282 4999 munerorum
2315 4941 2640 4995 divisionem
2669 4956 2791 5010 qum
2825 4939 2876 4992 in
2923 4937 3113 4991 codice.
3143 4938 3200 4991 S.
3255 4937 3396 4993 Galli
3429 4937 3526 4990 ba-

1929 5037 2106 5105 bctur,
2142 5053 2368 5091 scrvare
2399 5049 2663 5104 propono,
2699 5049 2768 5088 ne
2797 5032 3094 5102 quidquam
3124 5031 3194 5086 de
3227 5041 3390 5086 tantae
3418 5049 3515 5084 an-

1925 5131 2191 5203 tiquitatis
2233 5127 2602 5195 manuscripto
2639 5137 2846 5194 pereat,
2881 5125 3158 5194 possitque
3189 5124 3376 5180 lectori
3407 5139 3523 5176 ter-

1925 5236 2036 5278 tum
2062 5237 2205 5286 esse,
2231 5222 2409 5274 omnia
2440 5221 2504 5271 ad
2526 5219 2688 5272 lidetn
2715 5217 3011 5272 venerandi
3039 5216 3244 5270 codicis
3271 5214 3522 5282 religiose

1923 5316 2088 5370 fuisse
2131 5313 2350 5369 collata.

1924 5422 2226 5478 Srribebam
2265 5421 2486 5475 Parisiis
2522 5437 2692 5475 meme
2723 5419 2916 5476 Sextili
2944 5421 3066 5476 anni
3108 5420 3258 5474 I757.

1485 5668 2242 5704 επὶ-γ...
