4084 6342
548 350 651 406 MS

1485 352 1543 416 Β.
1585 352 1908 414 VICTRICII
1949 351 2261 416 EPISCUPI
2301 355 2902 418 ROTHOMAGENSIS

3736 364 3834 422 ιιι

563 474 3824 500 W

1357 583 2029 698 SANCTI
2091 576 3030 724 EICTRICII

1641 733 2327 820 ROTHOMAGENSIS
2376 753 2728 821 EPISCOPI

685 856 1297 1030 “LIBER
1396 900 1640 1030 DE
1733 900 2361 1029 LAUDE
2457 899 3606 1033 SANCTORUM.

1522 1085 1609 1144 Ea:
1637 1103 1737 1143 me.
1766 1086 1958 1144 Codice
1985 1088 2048 1143 S.
2077 1086 2222 1143 Galli
2271 1104 2528 1142 annorum
2550 1086 2669 1158 plus
2703 1086 2865 1142 mille.

1853 1193 2475 1226 η

616 1329 654 1384 Ιι
699 1330 986 1386 Ρθΐῑίηθνθ
1016 1345 1137 1395 ιιοεο
1170 1329 1512 1386 ἀίίθοιίεεῖῐηῖ
1549 1329 1771 1396 fratres,
1815 1328 1882 1423 ad
1926 1324 2142 1423 miseri-
2169 1330 2220 1388 Α
2248 1343 2555 1410 Britannias
2587 1357 2608 1387 ο
2634 1346 2997 1419 obsequebar,
3029 1357 3084 1404 et
3112 1349 3308 1404 oceani
3341 1349 3664 1406 circumfluo
3694 1366 3846 1423 sepa-

539 1425 780 1479 eordiam
836 1425 930 1479 Dei
987 1434 1041 1480 et
1090 1425 1550 1495 omnipotentiam
1607 1422 1909 1480 Salvatoris
1978 1420 2142 1477 etiam

541 1519 907 1588 prcesentibtts
931 1517 1127 1586 Spiritu
1147 1519 1298 1572 ilium
1323 1519 1588 1572 bonorum
1616 1514 1852 1571 cumulis
1883 1515 2145 1569 admone-

541 1627 682 1666 mur.
734 1609 950 1666 Nullum
1009 1612 1246 1666 vidimus
1317 1626 1720 1682 percussorem,
1770 1611 2006 1681 gladium
2052 1625 2142 1662 va-

537 1720 700 1761 cuum
732 1706 923 1774 vagina
953 1705 1252 1773 nescimus,
1283 1717 1338 1760 et
1367 1707 1560 1760 aitaria
1590 1703 1899 1758 divinarum
1931 1700 2144 1757 adimus

541 1809 896 1869 potestatum,
946 1801 1128 1854 nullus
1156 1811 1238 1854 est
1279 1800 1443 1855 ltodie
1476 1808 1736 1855 cruentus
1774 1785 2056 1864 inimicus,
2090 1807 2146 1852 ct

539 1894 869 1951 Sanctorum
927 1895 1183 1965 passione
1231 1893 1490 1961 ditamur,
1545 1893 1724 1948 nullus
1774 1879 2144 1948 nune'tortor

539 1988 826 2052 incumbit,
851 1998 906 2044 et
927 1989 1218 2061 Martyrum
1241 2001 1440 2058 tropaea
1463 1999 1775 2058 portamus:
1805 1987 1990 2043 nullus
2010 1985 2142 2050 υπυ-

529 2098 623 2139 sus
655 2081 931 2152 sanguinis
964 2083 1027 2136 ad
1061 2099 1324 2154 prgesens,
1371 2099 1471 2139 nec
1526 2096 1851 2154 persecutor
1888 2075 2133 2152 insequi-

532 2183 642 2244 tur,
675 2185 731 2231 et
761 2176 1038 2244 replentur
1083 2176 1280 2247 gaudio
1323 2175 1744 2245 triumphorum.
1797 2177 2138 2247 lmmergen-

534 2267 664 2323 dum
687 2277 771 2325 est
799 2271 962 2340 igitur
985 2279 1009 2306 ἰ
1037 2272 1317 2342 lacrymis,
1353 2279 1408 2325 et
1430 2270 1656 2341 grandia
1676 2280 1802 2325 sunt
1833 2273 1884 2325 in
1911 2273 2140 2326 uberem

534 2361 720 2417 ﬂetum
765 2365 964 2434 gaudia
1011 2365 1362 2420 resolvenda.
1399 2366 1536 2420 Ecce
1584 2366 1826 2420 maxima
1863 2381 1988 2437 pars
2019 2382 2131 2422 ca:-

539 2456 695 2511 lestis
725 2457 934 2512 militi-.e
963 2468 1202 2512 nostram
1225 2457 1480 2529 dignatur
1511 2461 1687 2514 visere
1731 2461 2036 2528 civitatem,
2077 2469 2136 2514 ut

534 2547 648 2618 jam
679 2549 836 2603 nobis
861 2549 1217 2604 habitandum
1249 2550 1319 2604 sit
1361 2550 1504 2604 inter
1550 2552 1737 2607 turbas
1782 2551 2135 2618 Sanctorum,

538 2649 595 2694 et
645 2642 880 2713 iuclytas
930 2642 1237 2698 cmlestium
1283 2654 1602 2712 potestates.
1663 2645 1817 2700 Hand
1859 2645 2141 2704 mediocre

2248 1453 2398 1497 ratus
2430 1455 2615 1498 vestro
2659 1451 2839 1499 tamen
2873 1442 3166 1499 detinebar
3195 1443 3401 1500 officio.
3460 1445 3661 1501 Dilatio
3688 1445 3715 1483 ἀ
3746 1449 3842 1503 ista

2247 1530 2574 1591 desiderium
2599 1553 2775 1592 meum
2799 1537 2962 1602 laesit,
2990 1554 3096 1593 non
3126 1540 3476 1608 prrctermisit
3500 1541 3840 1612 obsequium.

2249 1627 2362 1699 Ego
2395 1639 2574 1684 tamen
2623 1640 2793 1684 totum
2838 1639 3032 1686 vestrae
3090 1631 3268 1687 tribuo
3297 1639 3318 1669 θ
3367 1631 3667 1702 maiestati,
3723 1637 3843 1706 quia

2253 1736 2345 1776 vos
2372 1722 2504 1776 estis
2535 1738 2734 1789 corpus
2763 1722 2990 1790 Christi,
3028 1732 3081 1778 et
3113 1725 3341 1794 spiritus
3392 1725 3614 1782 divinus
3647 1739 3730 1782 est
3760 1728 3845 1799 qui

2249 1813 2456 1870 babitat
2489 1816 2540 1871 in
2591 1817 2782 1887 vobis;
2817 1829 3060 1874 vestrum
3104 1829 3184 1875 est
3216 1821 3359 1889 quod
3394 1820 3566 1888 abfni,
3606 1836 3841 1879 vestrum

2247 1919 2330 1964 est
2357 1909 2500 1980 quod
2535 1910 2726 1966 redivi.
2761 1913 3022 1982 Superest
3048 1929 3177 1984 ergo
3215 1923 3272 1968 ut
3301 1915 3679 1972 excusatio-tis
3717 1935 3844 1974 rneze

2246 2005 2388 2059 ratio
2419 2003 2716 2076 digeratur.
2755 2006 2906 2062 Pacis
2939 2007 3152 2062 Domini
3203 2009 3337 2063 estis
3368 2021 3654 2078 auctores,
3699 2012 3847 2083 cujus

2247 2113 2334 2152 me
2364 2100 2646 2154 sententia:
2689 2100 2836 2154 velut
2883 2101 3237 2171 interpretem
3271 2101 3576 2171 delegiStis.
3607 2104 3721 2160 Hoc
3752 2121 3846 2176 ego

2252 2194 2463 2248 Domini
2494 2193 2622 2251 Jesn
2665 2203 2720 2251 et
2746 2204 2985 2252 vestrum
3031 2199 3273 2252 salutare
3324 2210 3661 2271 praeceptum
3713 2200 3843 2255 intra

2248 2287 2552 2343 Britannias
2583 2289 2822 2358 exercui,
2860 2292 2904 2346 si
2939 2307 3044 2346 non
3077 2300 3136 2346 ut
3165 2291 3353 2358 debui,
3388 2303 3568 2347 tamen
3593 2303 3655 2348 ut
3680 2297 3843 2362 potui.

2249 2382 2601 2453 Sapicnlibus
2623 2401 2868 2440 amorem
2905 2387 3053 2456 pacis
3080 2385 3253 2440 infmli
3285 2385 3561 2441 docilibus
3595 2389 3722 2458 legi,
3752 2404 3839 2444 ne-

2246 2477 2540 2531 scientibus
2587 2477 2872 2544 inculcavi,
2930 2480 3128 2550 ingessi
3164 2480 3497 2546 nolentibus,
3549 2483 3842 2537 secundum

2247 2569 2588 2639 Apostolum,
2622 2571 2818 2625 instans
2849 2583 3156 2644 opportune,
3209 2573 3534 2644 importune;
3583 2582 3746 2643 atque
3794 2575 3842 2630 in

2247 2677 2434 2717 eorum
2468 2665 2679 2717 animas
2724 2663 2969 2719 doctrina
3005 2675 3059 2719 et
3103 2662 3411 2734 palpationc
3465 2666 3712 2734 perveni.
3749 2665 3843 2722 L‘bi

538 2733 791 2790 lemmen
816 2745 902 2790 est
923 2736 1248 2791 delictorum
1282 2746 1460 2792 tecum
1493 2738 1692 2793 habere
1719 2755 1857 2809 quos
1887 2740 2138 2808 instruis,

2250 2772 2334 2810 me
2359 2764 2536 2810 tamen
2572 2756 2720 2811 locus
2742 2767 2792 2811 et
2817 2758 3070 2830 fragilitas
3115 2757 3348 2812 lmmana
3398 2759 3654 2820 tentavit,
3682 2761 3842 2814 vestri

538 2835 717 2882 tecum
741 2828 940 2884 habere
969 2845 1107 2898 quos
1133 2831 1362 2901 mitiges.
1399 2831 1664 2902 Equidem
1684 2849 1751 2888 ex
1773 2831 1969 2904 gaudio
2003 2851 2140 2904 pne-

533 2922 886 2978 sentimetiur
924 2933 1183 2994 quantum
1227 2923 1332 2979 huc
1381 2941 1549 2997 usque
1575 2927 1929 2996 perdiderim.
1963 2926 2136 3001 Rogo,

536 3011 664 3068 date
684 3015 889 3068 veniam
907 3013 1263 3082 impatientia:
1280 3035 1293 3072 :
1311 3016 1601 3074 immodica
1626 3017 1808 3074 ltetitia
1827 3023 1986 3075 verba
2007 3037 2139 3091 pen-

534 3124 658 3164 sare
685 3126 792 3164 non
817 3111 979 3164 novit.
1008 3111 1176 3166 Doleo
1199 3122 1252 3166 et
1275 3113 1504 3182 quodam
1527 3113 1688 3168 modo
1710 3113 1944 3170 humana
1970 3115 2139 3171 ratio-

535 3217 606 3258 ne
625 3203 921 3258 contrismr
934 3206 1077 3276 quod
1097 3216 1201 3260 tam
1222 3222 1347 3262 sero
1374 3218 1645 3264 venerunt
1661 3207 1998 3266 habitatores
2014 3227 2139 3282 pec-

531 3299 667 3352 toris
708 3299 878 3354 nostri
905 3299 1117 3355 :minus
1150 3302 1472 3359 delictoi-um
1506 3304 1882 3375 repererantsi
1905 3317 2028 3362 ante
2048 3321 2140 3362 ve-

529 3393 762 3448 nissent.
783 3392 956 3461 Unde,
977 3397 1304 3463 charissimi,
1327 3399 1441 3453 hth
1464 3411 1650 3455 nostra
1674 3400 1743 3455 sit
1761 3402 1902 3470 apud
1919 3413 2137 3457 sanctos

535 3488 707 3558 prima
732 3490 940 3558 petitio,
962 3503 1020 3545 ut
1046 3503 1265 3561 peccata
1285 3503 1471 3549 nostra
1493 3495 1580 3564 pia
1604 3495 1956 3552 miseratione
1972 3496 2137 3552 advo-

533 3583 768 3637 cationis
783 3595 1067 3651 excusent,
1092 3603 1198 3640 non
1224 3589 1406 3643 animo
1427 3589 1725 3658 iudicantis
1749 3593 2044 3661 inquirant.
2073 3594 2137 3650 Et

531 3691 666 3730 tue:e
688 3677 929 3746 quidem,
947 3680 1119 3734 Sancti
1139 3683 1545 3752 venerandique
1568 3683 1854 3755 Martyres,
1874 3696 2134 3753 quantum

532 3784 680 3836 reor,
714 3771 857 3840 apud
891 3788 989 3826 vos
1034 3775 1323 3831 veniabilis
1368 3777 1654 3832 excusatio
1703 3779 1983 3836 tarditatis
2025 3791 2130 3836 est.

533 3862 667 3919 Nam
724 3865 869 3935 quod
916 3866 982 3920 ad
1029 3867 1340 3925 Britannias
1372 3875 1650 3942 profectus
1681 3889 1824 3939 sum,
1880 3875 2024 3945 quod
2058 3876 2132 3932 ibi

534 3967 778 4012 moratus
809 3975 954 4027 sum,
989 3974 1297 4017 vestrorum
1332 3963 1463 4020 fecit
1510 3969 1792 4022 exsecutio
1823 3981 2127 4042 praecepto-

533 4066 676 4106 rum.
711 4053 867 4108 Pacis
898 4053 924 4091 ι’
965 4071 1051 4111 me
1081 4056 1343 4112 faciendze
1373 4063 1797 4118 consacerdotes
1831 4066 1935 4119 mei
1979 4067 2129 4121 salu-

2247 2849 2463 2918 spirltus
2513 2850 2820 2920 praesidium
2874 2851 3128 2921 flagitavi.
3173 2850 3300 2906 Feci
3332 2849 3475 2923 quod
3521 2853 3574 2906 in
3611 2854 3839 2909 maxime

2247 2941 2296 2997 vi
2329 2944 2664 3013 tempestatis
2697 2943 2897 3000 faciunt
2930 2945 3004 2999 illi
3032 2946 3121 3016 qui
3169 2946 3414 3016 navigant
3445 2964 3456 3000 :
3487 2946 3606 3001 Non
3644 2948 3840 3019 guber-

2247 3038 2450 3092 natoris
2473 3038 2743 3108 peritiam,
2770 3039 2864 3094 sed
2897 3040 3323 3095 misericttt'diam
3357 3057 3609 3110 superum
3640 3045 3831 3112 majes-

2245 3131 2368 3185 tatis
2401 3131 2710 3204 implorant.
2749 3131 2966 3189 Fluctus
3007 3133 3150 3187 enim
3183 3143 3534 3188 consternere
3573 3143 3630 3189 et
3658 3136 3833 3190 ventis

2247 3225 2462 3280 modum
2509 3226 2788 3294 adhibere,
2839 3229 2996 3283 Jesus
3029 3229 3116 3299 qui
3151 3229 3201 3282 in
3227 3228 3383 3283 vobis
3438 3240 3523 3283 est
3556 3231 3723 3297 valet,
3757 3243 3837 3286 ars

2248 3326 2462 3373 terrena
2507 3336 2613 3373 non
2648 3322 2815 3374 novit.
2855 3319 2964 3374 Nec
2989 3335 3120 3375 Sane
3147 3319 3291 3376 mihi,
3329 3321 3433 3388 iant
3464 3322 3610 3376 circa
3636 3339 3731 3378 ens
3763 3324 3833 3376 la-

2245 3411 2542 3466 borandum
2575 3423 2661 3468 est
2703 3415 2794 3485 qui
2841 3413 3090 3470 absolute
3131 3415 3431 3484 disciplina:
3465 3418 3659 3486 copula
3691 3418 3830 3472 exci-

2243 3503 2460 3560 derunt.
2497 3505 2682 3562 Habeo
2709 3517 3019 3563 vestrarum
3051 3509 3400 3577 praesentiam
3447 3512 3785 3578 tnajestatum
3819 3529 3832 3566 :

2243 3601 2295 3657 in
2321 3603 2514 3674 quibus
2542 3604 2816 3674 apparitor
2845 3605 3125 3675 religionis
3159 3615 3401 3672 excusat,
3453 3609 3726 3678 compleat
3752 3624 3834 3664 ve-

2243 3703 2369 3748 strm
2398 3695 2678 3764 potestatis
2710 3698 3027 3751 auctoritas.

2311 3790 2374 3845 Ii.
2419 3790 2534 3856 Qua
2554 3801 2602 3845 te
2627 3807 2789 3859 nunc,
2825 3791 3106 3848 benediete
3137 3790 3154 3829 ί
3183 3791 3454 3859 Ambrosi,
3487 3795 3831 3851 veneratione

2238 3887 2580 3956 complexer?
2611 3902 2716 3956 qua
2768 3897 2842 3950 te,
2889 3885 3192 3958 Tlteodule,
3222 3887 3514 3944 deosculer
3540 3890 3831 3946 cbaritate?

2237 3982 2432 4053 quibus
2458 3990 2509 4036 te
2543 3981 2890 4036 interiorilms
2921 3981 3157 4036 brachiis
3208 3982 3464 4037 Eustaclti
3498 3984 3679 4038 sensui
3716 3999 3829 4038 meo

2235 4073 2534 4144 glutinent?
2557 4090 2664 4145 quo
2694 4084 2744 4128 te
2766 4077 2912 4130 cultu
2935 4091 3089 4129 novae
3113 4074 3334 4140 utentis,
3355 4074 3515 4131 Cario
3541 4085 3590 4141 8,
3617 4094 3718 4148 qua
3745 4075 3831 4132 ad-

534 4140 684 4202 tares
715 4146 987 4204 antistites
1016 4161 1340 4207 evoearnnt.
1375 4153 1490 4209 lloc
1514 4170 1716 4226 negare
1743 4174 1849 4212 non
1881 4167 2128 4228 poteram
2159 4145 2204 4209 Ο
2238 4140 2525 4223 miratione
2575 4169 2906 4237 suspiciam?
2953 4169 3138 4223 nescio
3183 4172 3450 4239 proiecto,
3506 4169 3695 4226 nescio
3727 4184 3828 4240 prze

535 4243 625 4312 qui
659 4241 814 4298 vobis
844 4245 1167 4302 militabam.
1202 4247 1315 4304 Non
1346 4261 1431 4305 est
1461 4249 1658 4307 deesse
1688 4252 1970 4325 obsequiis
1999 4255 2132 4311 obe-

531 4334 649 4391 dire
675 4331 998 4408 praeceptisf
1015 4340 1209 4398 Merito
1232 4343 1448 4398 virtutis
1471 4346 1672 4416 ubique
1707 4362 1803 4403 vos
1824 4365 1950 4404 esse
1975 4351 2128 4406 novi:

531 4433 683 4486 nullo
706 4436 849 4489 enim
885 4448 1152 4493 terrarum
1186 4441 1364 4510 spatio
1393 4441 1639 4497 caelestis
1669 4443 1943 4501 claritudo
1972 4445 2128 4502 frau-

528 4525 708 4582 datur.
762 4528 1050 4598 Ignoscere
1080 4547 1212 4602 ergo
1257 4532 1491 4596 debetis.
1537 4537 1678 4606 quod
1736 4537 1790 4592 iu
1821 4539 2129 4609 quadrage-

525 4623 668 4678 simo
696 4633 908 4680 tantum
938 4627 1117 4697 lapide
1149 4643 1288 4696 pene
1313 4629 1500 4685 tardus
1526 4633 1765 4686 occurri.
1797 4632 1959 4688 Vobis
1984 4634 2127 4690 intra

603 4839 628 4903 Ρ
670 4831 790 4887 Prrc
819 4834 1039 4903 gaudio.

601 4901 626 4941 δ
666 4901 1189 4987 Querela‘Eeclesia}
1231 4921 1328 4962 seu
1371 4908 1518 4987 fidei,
1551 4913 1884 4987 querelaest
1926 4912 2123 4987 Marty-

527 4991 645 5028 rum
677 4980 849 5051 tu_t_ius
877 4977 1138 5051 Ecclesiae
1167 4993 1230 5033 ac
1264 4983 1533 5049 przrcipue
1565 4977 1970 5051 Apostolorum.
2009 4977 2121 5041 Hoc

529 5061 702 5118 sensu
723 5045 1008 5104 Victricins
1039 5051 1208 5118 potuit
1235 5045 1504 5109 d'itzere'se
1533 5059 1582 5109 in
1615 5045 1925 5111 Britannias
1953 5058 2118 5114 obse-

525 5117 743 5199 quendo
766 5117 1055 5199 prznceptts
1085 5137 1273 5178 eorum
1301 5140 1530 5195 quorum
1559 5127 1661 5182 sibi
1692 5128 1957 5199 Reliquiae
1978 5131 2114 5186 εσθ-

529 5191 788 5264 rebantnr
831 5193 1270 5264 transmigrasse,
1309 5191 1430 5251 eum
1465 5201 1516 5252 itt
1547 5215 1737 5254 eorum
1768 5191 1996 5258 numero
2027 5219 2116 5258 es-

528 5270 650 5341 sent
693 5263 1043 5341 Reliquias:
1069 5263 1314 5322 Joannis
1349 5269 1626 5341 Baptistae,
1659 5272 1717 5328 S.
1759 5274 2014 5341 Antlrezc,
2055 5275 2112 5331 S.
2143 5267 2198 5329 D

529 5331 772 5405 Thomas,
807 5331 939 5405 quas
963 5335 1098 5390 infra
1137 5341 1398 5394 nominat.

603 5415 624 5442 ο
669 5404 1138 5490 Εογιθίονιεινξοὶιιε
1171 5410 1461 5490 Britannus
1491 5415 1591 5470 fuit
1610 5417 1913 5483 nativitale,
1945 5433 2120 5490 eoque

528 5489 691 5558 sensu
739 5481 1114 5558 at?t_'_ipi_endum
1148 5485 1289 5551 quod
1327 5487 1392 5558 ad
1439 5501 1562 5540 eum
1615 5490 1834 5558 scripsit
1864 5481 2122 5547 Paulinus

524 5548 623 5636 iip.
674 5551 735 5636 ιςς
765 5570 777 5604 :
803 5550 877 5636 Te
907 5548 1179 5636 iit-lucem“
1204 5555 1385 5636 populi
1430 5561 1512 5611 sui
1540 5559 1604 5613 de
1635 5548 1826 5616 extimo
1877 5563 1996 5636 (seu
2026 5581 2116 5618 ea:-

529 5623 723 5691 tremo)
753 5624 886 5676 orbis
914 5623 1096 5678 eduxit
1119 5623 1390 5682 Dominus.

567 5691 627 5773 ἐξ
663 5696 1090 5773 ριιῖιάιςτιςςεπίιιιυ
1135 5700 1310 5766 lapide
1353 5701 1564 5754 videtur
1606 5705 1870 5773 indicare,
1896 5723 1956 5762 se
1977 5725 2116 5764 non-

526 5763 650 5842 nisi,
684 5763 993 5842 quindecim
1020 5763 1201 5842 luncas
1247 5781 1371 5826 ante
1403 5774 1587 5828 urbem
1623 5763 2113 5842 ltotltomagensem

529 5831 849 5892 Sanctorum
898 5839 1162 5910 Reliqutis
1210 5843 1423 5898 obviam
1459 5848 1618 5902 ivisse
1648 5863 1678 5901 e
1710 5831 2112 5907 Britattiiiis‘re:

526 5916 844 5970 vertentem.
905 5913 1078 5976 Leuca
1121 5916 1263 5972 enim
1310 5929 1493 5990 nostra
1540 5919 1799 5977 hodierna
1854 5921 1964 5980 fere
2015 5924 2114 5980 tria

2235 4264 2398 4318 tantis
2424 4262 2630 4318 meritis
2658 4263 2784 4334 qttid
2813 4263 3131 4332 rependam.
3162 4262 3341 4319 Unum
3372 4263 3553 4318 solum
3583 4275 3669 4320 est
3691 4263 3825 4335 quod

2233 4367 2409 4428 petcst
2461 4356 2657 4412 vestris
2709 4357 2988 4412 beneficiis
3041 4357 3398 4427 respondere,
3451 4357 3496 4411 si
3542 4373 3572 4411 a
3625 4357 3824 4413 sanctis

2235 4452 2512 4521 Apostolis
2560 4461 2614 4506 et
2665 4450 2988 4523 Mtttyribus
3020 4451 3200 4505 debita
3239 4461 3428 4505 nostra
3479 4451 3743 4519 po-catis,
3775 4457 3828 4505 ut

2232 4543 2385 4598 vobis
2417 4560 2520 4597 non
2546 4543 2725 4598 desint
2753 4559 2886 4613 quas
2922 4543 3206 4597 nobiscum
3240 4556 3362 4598 esse
3392 4542 3668 4598 voluistis.
3697 4543 3824 4598 Tua:

2232 4652 2470 4708 quoque.
2513 4637 2867 4694 dilectissime
2895 4638 3062 4693 frater
3091 4636 3308 4694 jEtiane
3341 4635 3390 4706 ιι,
3421 4637 3824 4705 Consedulitati,

2229 4846 2478 4900 milliaria
2513 4848 2858 4918 antiquorum
2890 4849 3148 4904 continet.

2304 4929 2326 4955 θ
2370 4919 2578 4974 Titulus
2613 4913 2913 4986 n3a;‘estatis
2952 4926 3041 4990 qui
3074 4919 3214 4989 apud
3263 4928 3475 4974 veteres
3509 4934 3620 4973 non
3663 4913 3825 4975 semel

2227 4991 2483 5053 occurrit,
2517 5008 2620 5046 non
2665 4995 2774 5047 lleo
2807 4993 3005 5055 solum,
3045 4992 3137 5046 sed
3171 4999 3224 5045 et
3256 4991 3470 5046 Sanctis
3502 5006 3565 5044 ac
3597 4993 3826 5061 impera-

2229 5064 2439 5116 toribus
2460 5074 2514 5117 et
2544 5065 2780 5132 regibus,
2827 5064 3150 5132 quibusdam
3203 5065 3477 5131 episcopis
3518 5073 3575 5117 et
3611 5064 3734 5118 aliis
3775 5065 3824 5116 in

2225 5133 2483 5205 dignitate
2511 5136 2822 5191 constitutis
2867 5136 3214 5192 tribuebatur
3242 5135 3394 5200 olim,
3444 5143 3502 5188 ut
3529 5135 3718 5190 videre
3749 5144 3826 5190 est

2227 5208 2278 5261 in
2309 5206 2585 5277 Glosstrio
2608 5209 2819 5277 Cangii.

2301 5276 2319 5315 τ
2365 5273 2460 5333 llic
2495 5273 2750 5348 loquendi
2782 5279 2970 5332 modus
2995 5277 3267 5333 Benedicto
3294 5277 3550 5343 Anibrosi,
3574 5277 3823 5348 frequens

2226 5352 2330 5406 hoc
2361 5365 2494 5406 aevo.
2549 5351 2636 5408 Sir
2672 5354 2721 5402 in
2763 5367 2852 5420 ep.
2898 5353 2956 5405 S.
2993 5350 3202 5405 Paulini
3228 5351 3314 5415 te,
3360 5351 3428 5403 ad
3482 5349 3822 5416 Victi-icium,

2221 5423 2879 5494 Bcnedictumidiacunem
2927 5425 3143 5494 fratrem
3191 5433 3420 5475 nostr-unt
3474 5421 3818 5476 Paschasium

2223 5508 2274 5552 et
2305 5511 2452 5548 num.
2485 5495 2541 5558 ‘2,
2572 5493 2831 5548 Benedicti
2878 5493 3172 5548 Prisc/umii.

2297 5576 2322 5611 ε
2363 5568 2479 5621 Jam
2514 5569 2690 5622 notavi
2727 5569 2943 5625 nomina
2999 5565 3265 5621 'l'lteoduli
3312 5572 3365 5618 et
3403 5565 3680 5620 Eustachii
3727 5563 3822 5635 legi

2223 5641 2276 5694 in
2311 5639 2803 5697 sultscrintionilnts
2832 5638 3056 5693 Concilti
3091 5638 3507 5692 Metliolanensis
3545 5637 3674 5691 anni
3699 5638 3818 5693 390.

2226 5710 2370 5781 Alibi
2401 5728 2504 5765 non
2529 5711 2724 5781 legitur
2748 5727 2946 5765 nomen
2978 5707 3248 5763 Cat'ionis.

2299 5779 2327 5817 ¹ι
2369 5779 2610 5836 ᾸΞΙίίιηιιὲ
2641 5783 2863 5838 forsitan
2901 5790 3019 5836 erat
3047 5798 3186 5835 unus
3224 5796 3289 5835 ex
3321 5781 3536 5836 aedituis
3569 5780 3823 5837 Ecclesia:

2225 5852 2670 5920 Mediolanensis,
2706 5854 2844 5909 lator
2867 5852 3264 5923 Reliquiarum.
