4084 6342
203 381 310 439 “8

1333 375 1534 437 LIBER
1581 373 1667 436 DE
1711 375 1942 438 LAUDE
1982 373 2428 439 SANCTORUM.

3419 381 3527 439 446

215 512 325 557 tum
350 503 522 557 etiam
553 501 960 572 exspectationi
992 500 1198 572 gratias
1227 513 1348 571 ago.
1385 496 1490 556 Sed
1523 499 1696 554 labori
1727 507 1819 556 tuo
1851 497 1894 560 Α
1926 501 2224 572 sequentis.
2277 497 2493 556 Nullius
2535 499 2625 557 hic
2671 499 3050 557 indumentum
3107 501 3302 575 tyrium
3355 499 3531 558 vomit

203 606 257 652 et
299 595 484 652 ofﬁcio
539 597 860 653 mercedem
905 596 1013 666 jam
1047 594 1295 664 Apostoli
1336 607 1399 650 ac
1430 589 1696 666 Martyres
1723 603 1821 648 ex~

203 690 516 755 solverunt,
569 690 671 745 ditt
708 703 884 745 tecum
939 689 1182 744 fuerunt.
1216 690 1288 744 Da
1333 688 1512 760 igitur,
1569 688 1659 753 da,
1693 688 1824 758 quid

204 779 479 838 moraris?
515 783 855 839 Sanctorum
893 782 1088 852 templa
1114 781 1394 851 porrigite.
1417 778 1645 850 Operari
1668 779 1818 848 libet,

203 889 307 931 non
341 875 480 931 libet
515 877 695 946 loqui.
747 874 878 930 Nam
908 875 951 929 si
985 875 1194 930 curavit
1225 882 1427 928 attacta
1480 873 1672 928 leviter
1703 873 1819 927 lim-

201 971 314 1026 bria
356 967 710 1033 Salvatoris,
755 968 943 1040 procul
973 968 1138 1023 dubio
1169 967 1440 1023 curabunt
1485 968 1819 1038 amplexata,

199 1061 487 1118 domicilia
522 1062 875 1132 passionum.
908 1062 1022 1116 Huc
1049 1061 1258 1116 accedit
1283 1060 1426 1131 quod
1453 1060 1821 1130 fatigationem

199 1159 353 1214 labor
383 1159 492 1214 iste
525 1169 641 1213 non
677 1158 866 1214 sentit.
892 1156 1183 1226 Apostolus
1213 1169 1276 1212 ac
1314 1155 1577 1227 Martyres
1606 1164 1824 1210 nostros

200 1253 304 1308 Ilde
335 1262 470 1308 ante
499 1253 874 1326 portavimus.
905 1251 992 1306 Bis
1019 1251 1083 1314 ad
1119 1250 1616 1319 Botitomagcnsem
1639 1249 1823 1306 Sancti

199 1345 430 1401 veniunt
471 1346 763 1400 civitatein
795 1355 820 1382 ³
849 1363 862 1399 :
891 1343 1095 1400 dudum
1145 1353 1392 1398 nostrum
1437 1354 1628 1414 pectus
1658 1344 1825 1398 intra-

199 1449 354 1505 runt;
394 1438 572 1492 modo
602 1438 894 1494 celebrant
917 1436 1215 1492 Ecclesium
1242 1433 1508 1491 Civitatis.
1538 1436 1678 1491 Ecce
1709 1449 1826 1488 om-

199 1533 280 1589 nis
309 1542 450 1588 tetas
493 1533 550 1587 in
583 1542 830 1588 vestrum
880 1530 1123 1587 funditur
1150 1529 1491 1596 famulatum,
1524 1529 1662 1583 alter
1689 1529 1826 1584 alte-

200 1641 318 1680 rttm
349 1626 590 1682 viatere
620 1625 805 1681 studio
830 1624 1106 1696 religionis
1127 1623 1347 1678 insistit.
1367 1623 1501 1677 Hinc
1518 1623 1822 1695 presbyteri

200 1717 552 1776 eldiacones
576 1728 637 1773 et
672 1717 852 1773 omnis
875 1719 1031 1773 vobis
1074 1716 1391 1784 quotidiano
1425 1716 1681 1771 famulatu
1727 1707 1841 1772 co;

197 1813 379 1885 guttus
439 1813 718 1869 minister
757 1815 1021 1869 occurrit.
1079 1812 1341 1868 Notorum
1391 1821 1518 1868 sunt
1561 1813 1824 1884 obsequia

1928 586 2204 660 ardorem,
2230 603 2330 649 nec
2354 593 2631 665 crepantis
2657 593 2819 651 serici
2862 594 3023 650 undae
3047 593 3380 650 ambulantis
3406 600 3524 650 arte

1928 684 2260 758 crispanlur,
2295 687 2442 743 nulla
2472 685 2664 757 bacca,
2694 687 2878 746 nullus
2907 689 3026 746 auri
3060 687 3301 746 circulus
3329 681 3519 745 scitur.

1927 783 2162 838 ὃοηιθιιι
2210 779 2351 839 enim
2386 783 2640 848 humana,
2696 783 2784 840 ubi
2839 781 3021 840 divina
3054 793 3374 854 pensantur.
3418 783 3528 838 Do-

1927 884 2086 930 cente
2116 876 2379 945 Apostnlo
2413 891 2426 931 :
2457 874 2589 932 Haec
2627 879 2800 932 omnia
2830 889 3097 950 tamquam
3130 886 3361 932 stercora
3388 871 3528 932 arbi-

1931 976 2095 1023 tratus
2141 981 2278 1037 sunt,
2309 977 2367 1024 u‘t
2397 968 2664 1025 Christum
2711 971 3092 1044 lucrifacerem.
3144 969 3411 1026 Incedunt
3443 967 3524 1024 nl-

1928 1061 2055 1116 tidte
2089 1061 2383 1130 ﬂagrantes
2413 1063 2692 1132 crapulam
2723 1062 3010 1119 eaStitatis.
3044 1061 3307 1118 Incedunt
3328 1059 3523 1118 divinis

1928 1161 2376 1207 ornamentorum
2424 1145 2692 1208 redimitte
2743 1153 3082 1208 muneribus.
3139 1151 3364 1208 Pectora
3397 1149 3522 1207 sunt

1930 1243 2267 1299 Psaltnortim
2291 1244 2490 1300 referta
2519 1245 2741 1302 divitiis.
2766 1246 2921 1302 Nulla
2952 1255 3058 1301 nes
3081 1245 3387 1318 vigiliarum
3415 1248 3518 1308 est.

1931 1342 1983 1394 in
2016 1351 2119 1410 qua
2156 1339 2276 1396 talis
2301 1349 2517 1411 gemma
2553 1353 2661 1395 non
2691 1341 2875 1397 micet.
2909 1340 3100 1397 Nullus
3131 1340 3411 1410 religionis
3433 1345 3516 1396 est

1928 1434 2079 1489 lor-us
2111 1436 2160 1489 ltt
2205 1451 2312 1506 quo
2357 1443 2465 1490 non
2497 1435 2783 1507 splendeat
2833 1435 2940 1492 tale
2971 1446 3344 1506 segmentum;
3388 1443 3519 1506 gaua

1928 1525 2076 1584 dium
2109 1537 2422 1584 sanctorum
2455 1541 2540 1585 est
2563 1530 2720 1585 turba
2751 1538 3053 1585 castorum.
3082 1528 3317 1584 Irritatio
3343 1539 3517 1599 potes!

1929 1629 2095 1676 talum
2157 1628 2239 1676 est
2288 1621 2591 1690 viduarum,
2639 1627 2697 1678 et
2742 1623 3139 1679 continentium
3203 1617 3517 1676 multitudo.

1931 1716 2070 1770 Ilinc
2115 1731 2309 1770 senum
2357 1716 2638 1788 laerymte,
2673 1727 2724 1772 ct
2756 1717 2947 1787 gaudia
2985 1717 3152 1772 mixta
3201 1713 3520 1781 funduntur,

1929 1809 2053 1863 hinc
2079 1817 2200 1864 vota
2232 1818 2487 1876 matrum,
2516 1810 2781 1864 infantum
2819 1823 3036 1881 quoque
3083 1809 3293 1864 animos
3333 1810 3525 1880 gaudia

195 1907 438 1978 gratiora
472 1922 486 1959 :
525 1921 644 1961 non
678 1906 824 1961 enim
858 1905 1028 1961 amari
1055 1905 1248 1978 incipit
1286 1905 1556 1978 [SubuutL
1598 1905 1810 1979 notus],
1849 1905 1891 1969 Β
1921 1904 2024 1960 ista
2073 1911 2401 1973 pertentent,
2447 1904 2570 1958 ltioc
2623 1903 2858 1973 denique
2913 1903 3080 1958 totius
3143 1901 3328 1972 populi
3384 1901 3525 1956 circa

199 2001 295 2054 sed
327 2001 548 2055 amoris
584 1999 828 2070 acquirit
852 2009 1227 2070 augmentum.

270 2089 361 2148 111.
409 2090 534 2148 IIue
593 2093 835 2160 secedit,
884 2092 1030 2162 quod
1078 2092 1198 2164 plus
1246 2091 1535 2146 Dominum
1588 2097 1829 2146 meretur

209 2187 431 2257 cognita
463 2189 524 2240 et
551 2187 864 2241 inveterata
907 2182 1120 2241 militia.
1154 2184 1566 2256 Stipendiorum
1611 2184 1828 2239 addita-

207 2291 455 2333 mentum
493 2278 722 2332 timoris
752 2289 834 2332 εει
873 2277 1291 2333 incrementum.
1343 2276 1510 2347 Magis
1543 2278 1686 2331 enim
1718 2278 1829 2331 for-

207 2370 375 2425 midat
399 2371 498 2441 qui
527 2369 703 2424 habet
736 2369 878 2440 quod
913 2370 968 2424 in
1009 2369 1314 2424 offensione
1347 2369 1631 2437 deperdat.
1680 2368 1828 2424 Talis

202 2466 386 2535 igitur,
421 2465 554 2518 talis
599 2466 749 2519 circa
783 2463 1022 2518 officium
1053 2475 1294 2519 vestrum
1343 2473 1598 2534 tempore
1631 2465 1824 2530 eXplo-

207 2575 382 2628 ratus,
414 2563 572 2618 vitiis
597 2563 930 2624 exantlatus.
959 2562 1144 2616 labore
1171 2571 1228 2616 et
1258 2563 1458 2632 vigiliis
1494 2561 1828 2631 approbatus

205 2657 364 2714 miles
398 2659 659 2711 occurrit
687 2655 736 2706 ιι.
768 2655 940 2723 Talis,
969 2658 1216 2725 inquam,
1239 2656 1556 2710 ministrare
1583 2655 1821 2718 festinat,

204 2751 298 2822 qui
342 2751 602 2806 laborem
635 2750 692 2805 in
725 2749 1056 2804 desiderium
1097 2756 1286 2816 vertit,
1339 2750 1427 2820 qui
1460 2748 1690 2803 fortuna:
1739 2762 1830 2802 no-

208 2862 327 2901 men
363 2847 617 2916 ignorat,
667 2844 759 2914 qui
791 2844 928 2900 hanc
960 2846 1123 2899 vitam
1155 2860 1262 2898 non
1308 2855 1371 2898 ex
1407 2844 1660 2914 prtesettti
1705 2843 1828 2899 bre-

207 2943 393 2999 vitate.
453 2941 555 2995 sed
620 2953 688 2994 ex
741 2940 1059 2994 aitet-uitatis
1109 2939 1371 2994 felicitate
1435 2935 1678 2991 tut-titur.
1726 2936 1826 2990 Cui

207 3033 450 3104 denique
485 3033 578 3087 hic
615 3032 834 3086 habitus
867 3031 1068 3086 tuentis
1111 3038 1216 3098 est,
1251 3041 1307 3082 ut
1353 3029 1557 3098 ingenti
1602 3043 1660 3083 se
1691 3028 1828 3080 dita-

209 3143 318 3187 tum
375 3133 579 3189 fenore
629 3130 975 3197 arbitretur,
1045 3132 1263 3202 quaties
1310 3143 1506 3190 manus
1569 3127 1822 3182 habuerit

211 3225 550 3282 Sanctorum
603 3214 853 3292 reliquiis
904 3231 1206 3278 onustalas.
1253 3223 1386 3276 IIitte
1436 3221 1826 3276 Monacbotum

208 3317 396 3375 limata
438 3319 676 3390 jejuniis
719 3325 936 3371 caterva
981 3318 1258 3382 densatur,
1299 3315 1422 3370 ltiuc
1455 3312 1828 3368 innocentium
1861 3309 1901 3370 1]

212 3427 519 3484 puerorum
548 3410 850 3480 perstrepit
872 3424 1066 3464 sonora
1093 3408 1301 3463 laetitia.
1327 3408 1464 3461 Hinc
1488 3409 1828 3472 tlcvolarunt,

213 3506 703 3573 iulibatarumque
757 3503 1027 3574 virginum
1076 3501 1276 3556 chorus
1318 3501 1496 3555 crucis
1547 3499 1832 3570 portati"-

211 3600 365 3670 signo
400 3611 445 3654 ο.
480 3600 624 3654 Ilinc
648 3597 1078 3665 continentium,
1106 3606 1160 3650 et
1185 3596 1465 3650 viduarum
1494 3597 1580 3648 tuli
1609 3609 1833 3664 prorsus

211 3691 372 3762 digna
423 3687 734 3746 multitudo
784 3688 1265 3758 stipatur‘ofllcio.
1321 3688 1562 3756 Quarum
1623 3699 1832 3741 tantum

211 3784 561 3852 Splendidior
593 3785 706 3836 vita
737 3792 842 3847 est,
880 3791 1085 3852 quanto
1128 3781 1324 3836 durior
1351 3781 1553 3835 exstitit
1587 3782 1845 3834 humanae.

215 3883 380 3937 sortis
426 3879 708 3936 conditio.
754 3877 946 3932 Gravis
993 3877 1143 3931 enitn
1179 3891 1352 3947 pugna
1395 3886 1479 3930 est
1524 3885 1666 3928 uulm
1698 3874 1832 3929 resi-

216 3986 365 4031 stere
397 3971 706 4044 voluptati.
726 3971 780 4028 Si
803 3970 1040 4036 nescias,
1073 3971 1188 4040 ipsa
1222 3980 1275 4024 te
1303 3969 1610 4024 inscientia:
1639 3977 1832 4022 natura

215 4071 488 4127 defendit.
525 4069 588 4126 Si
618 4066 765 4123 scias
816 4079 928 4136 ipsa
962 4075 1014 4120 te
1045 4066 1272 4120 scientia
1315 4063 1630 4134 cupiditatis
1659 4077 1836 4132 oppu-

221 4175 369 4234 gnat.
395 4163 583 4234 Hujus
610 4160 933 4217 incendium
963 4159 1201 4214 defuncti
1229 4159 1406 4213 mariti
1437 4158 1608 4227 frigus
1630 4157 1835 4210 exstin-

219 4261 317 4323 xit,
360 4268 418 4315 et
467 4272 643 4312 omne
683 4254 1018 4310 desidet-ium
1049 4263 1460 4308 monumentum
1498 4253 1652 4306 triste
1681 4265 1834 4306 com-

218 4356 507 4426 plectitur.
544 4353 724 4420 Hujus
762 4363 981 4407 amores
1031 4360 1315 4422 superstes
1363 4350 1591 4405 maritus
1622 4357 1828 4416 servat,

218 4461 273 4505 et
327 4449 672 4507 aeternitatis
731 4447 1092 4518 promissione
1148 4447 1417 4518 palpatus.
1482 4445 1536 4500 In
1589 4444 1833 4514 disparili

219 4554 365 4598 sorte
393 4542 594 4613 parilis
617 4539 800 4611 palma
826 4538 1043 4594 virtutis
1069 4548 1172 4593 est.
1200 4539 1328 4594 Haec
1350 4539 1552 4593 coitum
1582 4545 1837 4592 manente

218 4638 480 4710 coningio
513 4636 749 4690 horrore
775 4643 827 4689 et
863 4633 1068 4702 pudore
1103 4631 1399 4697 damnavit,
1453 4631 1569 4685 inec
1621 4639 1836 4684 mortuo

1937 1996 2286 2066 maiestatem
2316 2005 2552 2052 vestram
2587 2011 2726 2051 untts
2756 1996 3003 2051 allectus.

2004 2091 2091 2146 IV.
2137 2092 2471 2148 Miseremini
2498 2092 2685 2163 igitur,
2712 2091 3088 2157 miseremini;
3124 2088 3359 2156 habetis,
3388 2085 3528 2162 quod

1931 2187 2245 2258 ignoscatis,
2281 2186 2611 2241 conﬁtemur
2641 2182 2667 2222 ά
2701 2187 2868 2240 Deum
2901 2185 3152 2250 Patrem;
3206 2183 3529 2239 confitemur

1932 2283 2102 2337 Deum
2134 2281 2353 2345 Filium,
2385 2281 2713 2336 confitemur
2755 2290 3003 2336 sanctum
3035 2279 3298 2351 Spiritum
3334 2278 3523 2333 Deum.

1929 2374 2269 2430 Cottlltemur
2293 2374 2418 2444 quia
2450 2383 2564 2428 tres
2593 2384 2757 2427 unum
2791 2380 2941 2427 sunt.
2989 2371 3168 2428 Unum
3220 2372 3366 2437 dixi;
3403 2369 3528 2439 quia

1930 2483 1996 2524 ex
2041 2480 2152 2523 uno
2182 2469 2320 2523 sicut
2370 2466 2538 2522 Filius
2583 2466 2651 2522 de
2681 2465 2862 2534 Patre,
2911 2466 2982 2520 ita
3019 2463 3179 2520 Pater
3229 2463 3282 2517 in
3339 2460 3519 2528 Filio;

1929 2573 2152 2617 sanctus
2178 2561 2414 2631 Spiritus
2445 2571 2575 2615 vero
2601 2559 2670 2615 de
2711 2559 2868 2614 Patre
2891 2561 2948 2613 et
2970 2555 3131 2613 Filio.
3161 2557 3234 2612 Ita
3264 2565 3316 2612 et
3346 2555 3509 2611 Pater

1931 2663 1987 2710 et
2033 2653 2198 2709 Filius
2233 2655 2283 2708 in
2323 2652 2528 2724 Spiritu
2559 2663 2770 2708 sancto.
2829 2649 2947 2708 Una
2991 2651 3172 2706 Deitas
3199 2694 3215 2715 ,
3252 2659 3358 2704 una
3404 2649 3524 2705 sub-

1930 2759 2150 2813 stantia,
2185 2748 2310 2819 quia
2347 2763 2512 2803 unum
2560 2747 2913 2819 principium,
2945 2755 2997 2802 et
3025 2757 3132 2801 una
3165 2745 3526 2817 perpetuitas,

1932 2845 2046 2899 sive
2073 2847 2200 2898 ante
2225 2845 2433 2910 omnia,
2477 2843 2593 2898 sive
2636 2855 2730 2913 per
2757 2856 2918 2912 quem
2948 2842 3152 2906 omnia,
3187 2851 3344 2895 verus
3390 2837 3529 2894 Deus

1932 2940 1999 2994 de
2033 2937 2142 2995 Deo
2171 2951 2301 2994 vero
2323 2955 2337 3004 ;
2363 2940 2490 3009 quia
2523 2947 2581 2993 ut
2610 2939 2749 2992 alius
2782 2937 2848 2993 de
2869 2937 2997 3001 alio,
3042 2938 3115 2992 ita
3141 2936 3278 2991 alius
3308 2936 3361 2990 iu
3403 2933 3532 3003 alio,

1931 3032 2085 3086 vivus
2112 3048 2139 3084 a
2171 3035 2317 3097 vivo,
2352 3029 2626 3100 perfectus
2647 3045 2674 3083 a
2703 3031 2968 3100 perfecm,
3004 3029 3188 3085 lumen
3216 3029 3283 3083 de
3306 3027 3533 3094 lumine,

1933 3132 1987 3176 et
2018 3123 2204 3178 lumen
2238 3125 2289 3177 itt
2321 3122 2551 3176 lumine.
2585 3122 2660 3176 Ita
2693 3121 2853 3192 hujus
2902 3122 3191 3176 Trinitatis
3242 3119 3427 3174 Deitas
3467 3134 3529 3174 ex

1936 3230 2044 3271 uno
2073 3227 2129 3270 et
2157 3217 2207 3269 in
2242 3232 2350 3270 uno
2382 3227 2732 3284 permanens.
2763 3218 2924 3270 Pater
2952 3223 3105 3284 pater
3133 3221 3238 3279 est,
3271 3207 3440 3268 Filius
3475 3212 3528 3266 Ii-

1939 3313 2044 3365 lius
2083 3323 2187 3376 est,
2223 3309 2461 3380 Spiritus
2491 3309 2717 3378 spiritus
2747 3320 2849 3364 est.
2885 3308 3021 3363 Tres
3054 3307 3389 3377 nominibus,
3421 3313 3529 3361 tres

1937 3422 2045 3460 uno
2075 3404 2365 3474 principio,
2411 3414 2520 3458 tres
2565 3418 2668 3456 una
2704 3402 3064 3472 perfectione,
3101 3407 3212 3456 tres
3253 3415 3359 3456 una
3408 3391 3530 3454 Dei-

1935 3512 2067 3566 tztte,
2123 3511 2233 3556 tres
2285 3514 2392 3555 uno
2443 3498 2668 3560 lumine.
2703 3507 2817 3554 tres
2864 3513 2968 3552 una
3000 3498 3221 3561 virtute,
3268 3501 3380 3550 tres
3423 3497 3527 3548 una

1935 3599 2277 3666 Operatione,
2325 3604 2433 3650 tres
2479 3609 2585 3650 una
2618 3595 2947 3661 substantia,
2982 3603 3094 3648 tres
3125 3607 3229 3648 una
3265 3585 3534 3663 perpetui-

1938 3703 2067 3759 tttte,
2105 3693 2228 3763 quia
2266 3699 2322 3745 ιιι
2351 3699 2463 3746 tres
2493 3704 2557 3745 ex
2611 3705 2742 3758 uno,
2776 3691 2847 3743 ita
2881 3690 3058 3742 unitas
3112 3688 3162 3742 itt
3199 3687 3388 3741 tribus.
3446 3683 3533 3742 Sic

1935 3789 2260 3843 ctmtitemur
2301 3785 2426 3856 quia
2481 3785 2564 3839 sic
2593 3785 2872 3839 ct-etlimus
2905 3781 3242 3836 individuam
3291 3779 3536 3834 Trinitsv

1936 3892 2066 3948 tem,
2102 3863 2410 3948 antequam
2440 3878 2574 3934 nihil
2605 3888 2783 3948 potest
2822 3876 3030 3947 attingi,
3065 3889 3165 3930 nec
3203 3881 3387 3928 mente
3411 3883 3538 3926 con-

1935 3975 2084 4064 cipiA:
2118 3988 2215 4042 per
2244 3987 2406 4042 quam
2441 3956 2624 4024 omnia
2657 3970 2912 4035 visibilia,
2957 3977 3016 4023 et
3057 3965 3381 4030 invisibilia,
3425 3961 3542 4064 sive

1935 4053 2166 4128 Turoni,
2220 4063 2334 4117 sive
2383 4061 2822 4128 Dotoinationes,
2871 4060 2988 4115 sive
3018 4058 3392 4129 principatus,
3423 4053 3539 4109 sive

1937 4165 2254 4226 potestates.
2293 4153 2486 4207 Omnia
2516 4169 2606 4221 per
2633 4154 2830 4222 ipsum,
2884 4161 2932 4205 et
2957 4153 3068 4204 sine
3110 4149 3202 4203 illo
3246 4149 3441 4217 factum
3468 4153 3542 4199 est

1937 4249 2090 4312 nihil,
2122 4249 2213 4318 qui
2243 4262 2344 4317 pro
2373 4246 2551 4301 salute
2579 4247 2798 4317 generis
2838 4245 3056 4299 ltumani
3103 4243 3170 4297 de
3197 4239 3416 4297 sublimi
3445 4239 3538 4294 de-

1939 4341 2228 4407 scendens,
2294 4341 2363 4396 de
2408 4338 2576 4395 Maria
2627 4339 2847 4408 Virgine
2897 4339 3214 4392 incarnatus
3265 4335 3538 4388 hominem

1940 4435 2135 4504 induit,
2182 4449 2377 4503 passus
2405 4442 2513 4499 est,
2564 4430 2881 4496 cruciﬁxus,
2931 4430 3202 4498 sepultus,
3249 4425 3405 4480 tertia
3446 4423 3537 4480 die

1942 4527 2244 4582 resurrexit
2287 4541 2316 4581 a
2358 4526 2614 4589 mortuis,
2664 4521 2914 4580 ascendit
2946 4523 2998 4576 in
3030 4521 3253 4585 caelum,
3294 4519 3448 4573 sedet
3478 4515 3544 4571 ad

1941 4625 2224 4678 dexteram
2266 4622 2361 4676 Dei
2393 4621 2591 4684 Patris,
2618 4617 2745 4673 inde
2786 4626 3050 4673 venturus
3078 4622 3165 4670 est
3191 4613 3438 4683 judicare
3465 4610 3547 4666 vl-

218 4703 658 4789 conimventlavit.
691 4727 801 4783 Nec
848 4727 1132 4783 immerito
1182 4738 1389 4782 tantum
1438 4727 1720 4798 religionis
1751 4734 1837 4782 est
1865 4707 1919 4768 Ῑ)
1946 4730 2041 4771 V03
2089 4726 2144 4771 Θι
2173 4724 2440 4770 πηοτῑυοεο
2478 4716 2542 4769 Ei
2569 4713 2626 4768 ίη
2656 4711 2864 4782 SDim“
2907 4718 3118 4771 επηθιοτ
3159 4706 3283 4777 ίιυίει
3317 4703 3420 4759 hoc
3435 4716 3540 4798 433'

222 4825 490 4880 studium.
542 4821 648 4879 Ubi
679 4821 825 4873 enim
861 4820 1010 4874 nulla
1061 4829 1144 4875 est
1171 4819 1424 4891 cogitatio
1474 4821 1833 4890 voluptatum,

221 4920 294 4974 ibi
318 4928 406 4974 est
426 4914 776 4973 domicilium
795 4914 1077 4969 castitatis.
1106 4914 1252 4968 Bona
1277 4914 1609 4968 conscientia
1633 4913 1840 4968 sanctis

226 5012 468 5068 libenter
492 5007 842 5078 obsequitur.
876 5005 1018 5061 Nihil
1055 5008 1199 5062 enim
1244 5006 1427 5062 differt
1455 5007 1600 5077 quod
1629 5015 1719 5061 aut
1747 5021 1840 5062 ru-

228 5121 348 5162 mor
382 5107 622 5167 lncerct,
673 5109 769 5154 aut
817 5099 976 5154 tacita
1009 5099 1358 5170 cogitationis
1403 5109 1564 5154 vexet
1615 5098 1836 5167 injuria.

224 5195 538 5254 Ostentatio
573 5192 822 5265 pudoris,
855 5201 912 5252 et
939 5191 1265 5248 abstinentia
1312 5201 1399 5248 est
1426 5191 1722 5248 assiduitas
1744 5191 1838 5247 ob-

296 5456 322 5485 ε
363 5445 442 5502 Ex
477 5443 588 5498 boc
628 5435 750 5494 loco
791 5445 953 5520 patet
987 5437 1373 5520 latorem__ttor_t
1401 5439 1644 5520 .ittvcntn
1690 5435 1830 5520 apud

222 5519 639 5586 Rntltotnagum
679 5522 879 5586 sancto
919 5511 1157 5586 Prarsulc
1194 5511 1680 5586 Victi-icitudsuum
1725 5511 1834 5576 jam

219 5594 328 5648 ηει-
355 5589 420 5644 ad
458 5582 799 5643 BEitanttiatn
828 5582 1096 5637 direxisse
1139 5595 1261 5636 cum
1293 5583 1592 5647 Reliqniis;
1617 5589 1669 5635 et.
1707 5593 1829 5634 cunt

224 5663 576 5718 accurrisset
606 5654 921 5720 Victricitts,
957 5669 1060 5707 una
1105 5656 1266 5708 sitttul
1313 5655 1712 5716 liotlttttttztguttt
1749 5667 1837 5706 re-

227 5738 473 5804 petiisse.
511 5727 647 5785 Inde
670 5725 830 5780 etiam
861 5724 1400 5804 quttet_c;tpsatn__seu
1431 5725 1701 5804 cistellam
1733 5723 1838 5778 lie-

224 5794 524 5876 iiquitrum
580 5815 691 5854 non
719 5794 948 5876 longum.
983 5798 1155 5852 fuisse
1183 5799 1370 5876 prolis,
1398 5809 1450 5876 et
1496 5794 1836 5876 httic_fors_a_n

227 5865 466 5933 similem
513 5886 683 5942 quam
716 5869 774 5924 S.
820 5865 1128 5925 Germanus
1170 5865 1666 5924 Autissiodurensis
1694 5865 1837 5920 collo

227 5952 482 6023 gerebat.

1944 4821 2284 4867 crumentum
2324 4810 2376 4865 in
2423 4806 2700 4880 Apostolis
2733 4807 2848 4877 ipse
2894 4804 3126 4860 firmavit
3168 4796 3546 4856 dicetts:Cum

1945 4903 2227 4957 ascendere
2273 4902 2343 4957 ad
2387 4912 2565 4972 putrer.
2642 4915 2835 4969 meum,
2869 4909 2922 4955 et
2947 4899 3014 4951 ad
3052 4905 3255 4970 patrem
3294 4905 3542 4959 vestrum,

1944 4999 2138 5070 rogabo
2169 4997 2412 5061 Patrem,
2462 5007 2508 5051 et
2556 5005 2722 5050 attum
2769 4995 3078 5049 advocatum
3108 4989 3250 5044 dabit
3299 4988 3457 5054 tabis,
3491 4993 3547 5040 (tt

1946 5097 2206 5151 vobiscum
2235 5095 2300 5148 sit
2326 5098 2381 5148 in
2409 5104 2680 5159 attentum,
2715 5090 2958 5161 spiritum
2986 5085 3215 5142 veritatis
3238 5100 3257 5151 ,°
3288 5097 3438 5154 quem
3466 5081 3550 5134 hic

1953 5191 2178 5245 mundus
2222 5205 2324 5244 non
2367 5197 2527 5260 potest
2556 5187 2808 5257 accipere,
2835 5187 2955 5257 quia
2984 5196 3088 5240 non
3128 5181 3261 5235 videt
3287 5193 3424 5244 cum,
3457 5189 3550 5229 nec

2012 5430 2040 5471 δ
2077 5430 2283 5487 Alludit
2303 5429 2367 5484 ad
2397 5445 2458 5485 ea
2483 5443 2601 5499 quae
2620 5425 2750 5483 olim
2772 5441 2869 5525 pro
2897 5421 3118 5479 Christo
3143 5432 3329 5501 passus
3353 5413 3548 5502 fuerat.

2017 5513 2038 5525 ..
2085 5503 2236 5525 m____
2286 5501 2409 5525 .a:..:.
2467 5502 2533 5525 ,ιη
2573 5507 2714 5525 μη...
2754 5497 3043 5525 t:.t........m
3076 5503 3123 5525 ΔΙ
3164 5489 3443 5525 \mennm
3479 5471 3543 5525 sui

2017 5513 2038 5542 ιε
2077 5471 3443 5568 ῑῖἰὶἶὲζὶὶἷὲῖἶ“(ἱἓέιὲὶὶΓιῆΗίιτῖιαῖίπὲῐξι’νίιιςίιιειιη
3478 5471 3546 5570 uti

1941 5575 2278 5633 refellendos
2306 5571 2579 5627 Joviuiani
2602 5571 3123 5642 discipttlosrerens
3145 5575 3186 5642 ιι⁹
3204 5569 3406 5642 sanctis
3430 5568 3550 5625 epi-

1943 5651 2126 5713 scopis
2149 5646 2435 5700 damnntos
2463 5646 2512 5697 in
2543 5637 2780 5697 concilto
2807 5637 3206 5697 Mediolauensi
3241 5642 3295 5684 et
3325 5637 3383 5681 ιιι
3413 5643 3548 5684 una-

1944 5721 2246 5775 nimitatem
2277 5715 2540 5771 doctrinae
2573 5715 2894 5769 ntattifestet.
2926 5734 2930 5737 ι

2019 5789 2046 5828 ἀ
2090 5789 2241 5844 Ftdei
2285 5787 2690 5844 θοιιΐεδςίοηειιι
2743 5785 2851 5838 edit
2882 5775 3168 5850 Vtctricius
3201 5783 3256 5850 ut
3287 5787 3401 5850 nios
3431 5783 3551 5850 erat

1947 5841 2378 5930 tunc—Iettipo‘ris
2406 5841 2628 5930 propter
2661 5857 2891 5930 Arione:-
2921 5847 3157 5930 nondum
3188 5841 3416 5899 Omnino
3448 5847 3553 5901 eli-

1949 5936 2092 5994 mina
2106 5944 2208 5988 tos.
2235 5919 2335 5989 Sic
2367 5919 2658 6006 aliquando
2685 5927 2826 5997 apud
2851 5919 3155 5982 Paulinum.
