4084 6342
558 327 664 386 417

1515 331 1578 386 S.
1621 327 1944 386 VICTRICII
1986 328 2302 386 EPISCOPI
2340 329 2932 390 ROTHOMAGENSIS

3756 329 3858 393 448

559 451 822 521 cognoscit
854 467 992 506 eum.
1043 450 1142 506 Vos
1172 462 1345 506 autent
1373 450 1533 505 nostis
1562 448 1733 518 illum,
1767 449 1889 516 quia
1907 451 2051 519 apud
2072 465 2158 503 vos
2190 461 2232 517 Α
2265 465 2359 505 sor
2391 451 2636 516 trentult,
2664 461 2718 508 et
2749 454 3037 508 trementis
3066 453 3346 510 dexteram
3387 456 3687 510 moriturus
3715 455 3868 524 adju-

567 551 761 611 ntanet,
793 552 840 599 et
873 544 1134 600 vobiscum
1163 557 1238 600 est
1262 544 1454 617 (Joau.
1484 561 1594 614 XIV,
1622 545 1710 610 16,
1741 543 1860 616 17).
1896 544 1963 600 Ει
1985 545 2116 600 alibi
2146 562 2160 600 :

561 636 694 694 Cum
723 656 810 694 vos
833 642 1108 696 statuerint
1138 653 1260 697 ante
1279 652 1549 710 potestates
1575 640 1737 715 hujus
1765 641 1968 710 mundi,
2001 642 2168 695 nolite

561 733 775 788 solliciti
798 749 910 789 esse
940 734 1066 805 quid
1094 734 1398 806 loquamini,
1435 734 1666 807 Spiritus
1700 733 1876 790 Patris
1903 736 2056 790 vestri
2088 736 2167 790 lo—

567 837 752 900 quetur
779 830 833 884 in
865 830 1008 884 vobis
1035 834 1052 898 (
1079 828 1270 883 Matth.
1303 845 1358 894 ι,
1396 830 1514 901 19).
1553 828 1610 885 1η
1641 830 1742 886 hac
1770 833 1976 886 unitate
2003 847 2169 886 vene-

564 925 812 981 rabilium
838 928 1148 997 passionum
1175 936 1475 980 vestrarum
1499 925 1700 980 lumina
1725 927 2077 981 confitentur.
2109 924 2166 980 lt:

564 1017 860 1091 Evangelio
883 1019 1134 1090 legimus,
1151 1019 1272 1089 quia
1295 1036 1380 1074 ros
1401 1020 1519 1074 estis
1537 1020 1734 1074 lumina
1751 1021 1930 1074 ntundi
1949 1018 2166 1092 (Matth.

575 1128 630 1182 v,
667 1114 796 1184 H).
825 1115 936 1169 lloc
960 1117 1010 1168 in
1041 1114 1316 1185 periculis,
1346 1115 1448 1170 hoc
1498 1115 1548 1168 itt
1575 1115 1760 1170 ltetitia
1787 1115 2167 1185 praedicamus.

569 1203 748 1260 Presit
781 1207 1164 1276 peccatoribus
1195 1207 1296 1262 ista
1319 1206 1619 1266 confessio.
1646 1208 1770 1277 quia
1802 1206 1908 1262 hoc
1936 1208 2174 1262 obtinuit

568 1296 682 1352 ille.
707 1299 798 1368 qui
821 1298 1034 1368 petivit,
1060 1299 1480 1355 sicutDominus
1511 1299 1565 1354 in
1591 1300 1886 1371 Evangelio
1911 1301 2170 1370 loquitur:

570 1390 703 1446 Nam
733 1407 854 1447 cum
893 1394 1031 1449 latro
1064 1395 1113 1449 itt
1147 1395 1393 1468 patibulo
1425 1395 1668 1465 pendens
1692 1396 1760 1451 ab
1781 1413 1845 1450 eo
1873 1404 2086 1466 peteret
2117 1405 2175 1451 ιιι

568 1486 651 1544 Sui
685 1487 1048 1552 meminisset,
1075 1490 1150 1543 ait
1188 1487 1444 1545 Salvator
1474 1505 1488 1542 :
1519 1489 1682 1544 Amen
1725 1489 1844 1544 dico
1875 1491 1989 1556 tibi,
2019 1490 2174 1546 hodie

568 1597 768 1636 mecum
792 1583 891 1636 eris
923 1584 978 1636 in
1010 1581 1290 1638 Paradiso.
1340 1584 1542 1638 Delicta
1575 1600 1733 1640 nemo
1763 1584 2040 1651 discutiat,
2077 1600 2170 1641 ve-

574 1674 720 1731 niam
750 1677 1115 1747 postulamus.

647 1768 709 1824 V.
753 1773 869 1842 Age
920 1788 1084 1837 nunc,
1140 1771 1336 1829 fratres
1386 1772 1753 1839 dilectissimi,
1810 1775 2176 1829 sacrosanctis

2269 545 2380 609 vit;
2421 544 2528 600 fera
2570 546 2762 614 noluit,
2799 549 3030 603 irritavit
3061 549 3330 619 objectus,
3361 565 3468 604 non
3499 551 3624 620 quia
3659 564 3869 618 pinnam

2269 655 2588 707 corpoream
2639 651 2832 695 natura
2893 643 3245 712 perdiderat,
3300 645 3393 699 sed
3441 644 3566 714 quia
3617 642 3871 701 Salvator

2272 737 2404 788 tanti
2454 736 2647 803 pra-sul
2675 736 3013 801 certaminis,
3051 737 3281 803 palmam
3316 738 3560 804 vibrans,
3596 737 3873 792 immutu-

2273 827 2440 882 litatis
2483 829 2764 883 victoriam
2819 832 3211 899 praetendebat.
3263 830 3389 886 llaec
3431 847 3762 901 quamquam
3803 832 3872 886 ita

2273 923 2403 987 sint,
2449 933 2629 978 tamen
2680 923 2733 977 in
2775 924 2863 976 illa
2911 925 3163 993 passione
3194 925 3872 978 membrorum.vobiscum

2273 1027 2547 1073 certamen
2580 1033 2808 1085 corpora
2843 1013 3210 1088 pertulerunt;
3242 1018 3410 1072 Strati
3453 1034 3588 1087 ergo
3623 1017 3792 1080 humi,
3824 1029 3876 1074 et

2273 1110 2451 1164 solum
2501 1109 2758 1180 lacrymis
2786 1110 3075 1178 irtigantes
3121 1127 3227 1163 una
3271 1125 3406 1166 voce
3448 1110 3782 1173 clamentus,
3822 1120 3875 1165 ut

2275 1202 2367 1271 qui
2415 1217 2634 1272 semper
2681 1213 2923 1257 sacratas
2973 1203 3231 1273 reliquias
3280 1203 3594 1273 possidetis,
3650 1217 3874 1273 corpora

2278 1297 2540 1367 pnrgetis.
2566 1295 2674 1350 Nec
2703 1298 2879 1359 vobis,
2903 1298 3222 1362 venerandi,
3249 1310 3431 1351 nostra
3457 1296 3709 1351 sordebit
3734 1297 3878 1351 obla-

2280 1391 2373 1444 tio.
2421 1389 2648 1459 Dignum
2694 1390 3034 1445 domiciliunt
3067 1401 3147 1446 est
3178 1392 3320 1462 quod
3353 1401 3431 1446 tot
3458 1391 3758 1446 victoribus
3783 1389 3874 1446 ha-

2277 1483 2502 1540 bitetur.
2555 1485 2650 1541 llic
2696 1486 2986 1541 invenietis
3030 1485 3294 1542 Joannem
3338 1487 3669 1556 Baptistam,
3708 1488 3875 1552 illum,

2279 1579 2518 1651 inquam,
2564 1581 2654 1650 qui
2695 1580 2874 1634 stadio
2912 1578 2940 1618 ι)
2982 1581 3257 1636 communi
3299 1590 3556 1636 cruentus
3583 1582 3757 1646 stetit,
3786 1579 3876 1635 sed

2280 1670 2348 1727 ad
2395 1675 2593 1727 coelum
2642 1681 2936 1727 coronatus
2979 1673 3248 1738 ascendit,
3283 1689 3442 1744 quem
3477 1673 3740 1728 Dominus
3769 1674 3878 1742 ipse

2282 1767 2428 1823 inter
2474 1779 2629 1824 natos
2677 1769 2970 1824 mulierum
3015 1778 3260 1823 autumat
3304 1771 3595 1839 potiorem.
3645 1768 3744 1824 llic
3775 1771 3878 1823 An—

578 1865 822 1936 reliquiis
853 1868 1038 1934 melle,
1061 1869 1202 1925 lacte
1226 1869 1450 1924 subacta
1480 1869 1813 1937 psalmorum
1844 1870 2013 1926 verba
2042 1869 2174 1925 libe-
2207 1873 2254 1932 B
2279 1863 2489 1929 dream,
2521 1863 2605 1918 hic
2634 1862 2922 1928 Thomam,
2949 1864 3036 1917 hic
3065 1861 3408 1929 Gcrvasium,
3436 1861 3526 1917 hic
3553 1859 3874 1927 Protasium,

578 1973 720 2014 ntus.
754 1959 966 2032 Vigiliis
998 1963 1295 2033 etjejuniis
1329 1964 1594 2020 inebriata
1626 1966 1893 2022 sobrietas
1941 1965 2175 2021 ablutio-

582 2067 707 2108 nem
734 2057 971 2124 postulet
995 2069 1360 2127 peccatorum.
1389 2059 1712 2115 luciinemus
1739 2060 1805 2116 ad
1837 2075 1936 2114 nos
1963 2067 2180 2115 saneto-

580 2160 699 2200 rum
750 2147 1014 2217 favorem,
1048 2151 1175 2206 dum
1207 2152 1350 2208 calet
1377 2154 1667 2210 adventus.
1725 2155 1930 2209 Ilorum
1959 2154 2176 2226 quidem

579 2236 851 2294 domicilia
885 2258 1124 2312 superna
1153 2255 1304 2314 sunt,
1336 2245 1432 2301 sed
1460 2261 1560 2302 nos
1607 2256 1666 2302 ut
1697 2246 1941 2317 hospites
1985 2261 2177 2318 prece-

579 2347 721 2386 mur.
750 2332 977 2390 Prodest
1004 2351 1411 2408 nonnumquam
1441 2338 1812 2406 dissimulare,
1846 2341 1988 2410 quod
2013 2341 2176 2395 scias.

578 2421 865 2481 Secretum
888 2441 1046 2483 suum
1069 2429 1170 2498 ipsi
1201 2431 1474 2487 noverint.
1501 2432 1738 2488 Facilius
1767 2433 2062 2504 impetrant
2087 2435 2179 2504 qui

578 2533 920 2576 sacramenta
967 2525 1308 2592 custodiunt,
1358 2536 1414 2582 et
1456 2537 1669 2582 secreta
1735 2545 1841 2582 non
1901 2538 2176 2599 quaerunt.

585 2613 693 2670 Vos
723 2632 967 2687 quoque,
997 2634 1192 2687 sacrae,
1223 2622 1607 2693 inviolateque
1636 2624 1898 2692 virgines,
1942 2624 2179 2694 psallite,

584 2707 819 2776 psallite,
851 2719 906 2764 et
931 2709 1151 2767 choreis
1173 2715 1421 2770 tramites
1446 2716 1644 2784 quibus
1671 2717 1739 2769 ad
1765 2717 1963 2772 caelum
1990 2731 2183 2772 ascen-

585 2801 732 2855 ditur
761 2813 814 2856 et
859 2803 999 2874 pede
1031 2807 1246 2876 pulsate
1277 2807 1325 2861 “.
1358 2809 1506 2877 Illos,
1536 2809 1782 2879 inquam,
1811 2812 1901 2881 qui
1939 2811 2183 2866 Paradisi

584 2909 714 2950 vere
737 2904 974 2967 gaudent
996 2899 1148 2954 clara
1177 2903 1320 2967 luce,
1353 2902 1519 2958 nullis
1543 2902 1778 2959 nubibus
1810 2895 2183 2971 turbidi;illos

581 2990 784 3059 plantis
824 2995 1004 3063 terite,
1042 2995 1167 3051 illos
1194 2998 1497 3054 assultibus
1543 3000 1790 3070 fatigate.

654 3083 743 3140 Vl.
785 3082 865 3140 Ne
906 3087 1027 3156 quis
1070 3098 1251 3145 autem
1298 3090 1367 3146 de
1409 3107 1597 3148 errore
1641 3103 1935 3164 queratur;
1977 3097 2188 3153 addidit

584 3175 740 3230 nobis
784 3178 921 3233 alios
964 3180 1131 3236 duces
1176 3184 1547 3240 misericordia
1577 3186 1899 3243 Salvatoris.
1935 3191 2072 3256 Quid
2101 3200 2186 3245 est

2286 1957 2370 2012 hie
2411 1958 2753 2027 Agricolam,
2792 1957 2876 2011 hic
2917 1957 3243 2024 Eufemiam,
3276 1972 3398 2027 qua:
3427 1956 3702 2027 quondam
3733 1966 3876 2009 ustu-

2287 2051 2396 2107 lato
2435 2053 2616 2106 animo
2651 2051 2752 2108 Sub
2794 2065 3118 2121 percussore
3148 2051 3302 2121 virgo
3335 2066 3443 2104 non
3477 2048 3690 2118 palluit.
3724 2047 3878 2102 Deni-

2284 2164 2390 2220 que
2435 2157 2582 2202 tanta
2627 2146 2714 2201 hic
2762 2157 2844 2201 est
2889 2145 3194 2201 ccelestium
3234 2144 3432 2199 civium
3477 2141 3790 2205 multitudo,
3825 2149 3878 2195 ut

2286 2242 2352 2298 ad
2399 2243 2688 2297 adventum
2740 2252 2934 2296 vestrm
2983 2238 3284 2309 majestatis
3335 2239 3488 2292 locus
3540 2235 3699 2291 nobis
3744 2245 3879 2291 esset

2285 2337 2425 2391 alius
2468 2335 2848 2406 inquirendos,
2900 2336 2999 2390 nisi
3045 2334 3431 2405 vosljungeret
3458 2343 3734 2388 secretum
3764 2345 3879 2386 ves-

2287 2441 2453 2498 trum,
2481 2441 2535 2486 et
2566 2431 2748 2487 unitas
2781 2431 3088 2500 potestatis.

2359 2526 2548 2580 Vestra
2594 2536 2720 2580 sunt
2760 2526 2877 2581 hcce
2901 2531 3197 2596 praecepta,
3226 2522 3549 2578 eltaritatem
3581 2536 3693 2579 non
3721 2536 3878 2576 temu-

2288 2623 2410 2685 lari,
2460 2637 2568 2676 non
2613 2637 2859 2691 qumrere
2903 2622 3016 2687 illa,
3069 2635 3190 2692 qua}
3227 2635 3322 2674 sua
3348 2627 3476 2672 sunt
3510 2628 3556 2672 ε.
3594 2617 3750 2674 Unde
3778 2632 3875 2672 non

2288 2715 2499 2786 ambigo
2547 2715 2688 2786 quod
2735 2715 3037 2770 secundum
3072 2712 3343 2767 hominem
3385 2710 3595 2766 vilioris
3637 2710 3742 2765 loci
3789 2722 3877 2763 vos

2288 2816 2474 2879 tangat
2499 2809 2722 2875 injuria.
2753 2813 2990 2880 Augusta
3023 2808 3206 2872 nimis,
3241 2806 3492 2861 homines
3520 2806 3622 2859 ista
3659 2819 3878 2873 perpen-

2288 2901 2443 2956 dunt.
2492 2901 2756 2955 Div-initas
2793 2901 3021 2971 gradum
3065 2900 3295 2968 respuit,
3339 2914 3439 2955 nec
3469 2899 3593 2953 loco
3623 2914 3724 2953 nec
3753 2911 3878 2952 tem-

2291 3012 2419 3067 pore
2450 2996 2726 3051 delinitur.
2759 2996 2998 3052 Unitatis
3029 2997 3172 3050 nulla
3203 2994 3477 3065 subjectio
3500 3004 3604 3048 est.
3639 2991 3749 3047 Nec
3782 2992 3874 3047 mi-

2289 3106 2436 3157 rum,
2484 3091 2528 3144 si
2577 3089 2710 3145 nihil
2757 3101 2838 3144 est
2873 3091 3026 3144 vobis
3071 3091 3120 3143 in
3152 3088 3454 3143 substantia
3492 3097 3712 3141 terrena
3743 3084 3876 3140 difflo

2288 3187 2416 3251 cile,
2461 3185 2660 3254 quibus
2709 3195 2880 3238 telum
2923 3193 3008 3238 est
3054 3185 3104 3238 in
3157 3185 3380 3252 spiritus
3427 3182 3547 3237 luce
3573 3197 3875 3238 commune.

581 3269 727 3325 enim
757 3273 924 3340 aliud,
953 3273 1289 3346 charissinti,
1314 3279 1878 3352 Martyr,nisiChristi
1902 3284 2181 3341 imitator?
2211 3277 2256 3340 C
2290 3278 2456 3348 Major
2494 3287 2673 3332 tamen
2725 3277 2829 3332 erit
2876 3287 3180 3332 vestrarum
3220 3276 3394 3346 gloria
3442 3284 3794 3345 Ροιεειειῑιηιιν
3837 3273 3877 3328 εί

581 3365 822 3423 domitor
865 3369 1068 3424 rabidae
1114 3372 1442 3443 voluptatis?
1481 3378 1724 3432 ealeator
1749 3379 2085 3445 ambitionis,
2132 3391 2188 3435 et

585 3463 776 3517 mortis
821 3464 1074 3532 ambitur,
1093 3476 1438 3539 contemptor
1467 3470 1806 3539 divitiarum,
1840 3488 2187 3543 compressor

586 3554 856 3623 lasciviae,
904 3559 1335 3630 intemperantia:
1378 3565 1852 3636 persecutor?,Cui
1894 3585 2184 3640 numquam

585 3662 859 3721 sceptrum
905 3654 1210 3723 prudentia:
1249 3661 1475 3716 avaritia
1517 3663 1822 3732 pratripuit,
1853 3675 1946 3720 aut
1973 3667 2183 3737 cupidi-

588 3751 670 3798 tas
699 3747 990 3802 vimlicari.
1017 3749 1120 3805 Per
1150 3750 1249 3806 ltos
1279 3755 1540 3809 virtutum
1566 3756 1764 3826 gradus
1789 3758 1932 3814 unde
1956 3759 2189 3816 descen-

587 3834 740 3891 derat
768 3838 1019 3895 Salvator
1051 3842 1320 3912 ascendit,
1352 3845 1583 3903 docente
1611 3847 1876 3918 Apostolo
1903 3869 1914 3905 :
1943 3852 2042 3920 Qui
2073 3856 2190 3907 des—

587 3931 783 3999 cendit,
825 3935 936 4005 ipse
977 3945 1072 4004 est,
1107 3939 1194 4005 qui
1221 3939 1454 3994 ascendit
1483 3958 1641 4009 super
1673 3959 1847 3998 omnes
1878 3947 2050 4000 caelos.
2085 3947 2188 4003 Per

591 4025 691 4080 hos
735 4025 973 4096 denique
1019 4045 1228 4096 secum,
1273 4049 1408 4102 quos
1438 4035 1867 4104 prtedestinavit,
1900 4041 2079 4094 evexit
2102 4042 2187 4095 di-

589 4133 720 4176 cens
751 4136 765 4174 :
798 4118 977 4189 Pater,
1005 4139 1132 4192 quos
1162 4127 1288 4180 milii
1318 4126 1529 4193 dedisti,
1561 4130 1698 4193 volo,
1730 4138 1788 4183 ut
1817 4130 1901 4184 ubi
1930 4148 2044 4186 sum
2068 4149 2184 4206 ego,

588 4222 638 4266 et
666 4211 748 4267 illi
773 4215 877 4269 sint
901 4232 1117 4272 mecum.
1153 4218 1468 4280 Prudentia.
1488 4221 1719 4291 justitia,
1745 4222 2028 4291 fortitudo,
2057 4237 2190 4281 tem-

587 4308 834 4378 perantia
863 4309 947 4364 via
976 4312 1222 4367 ccelestis
1251 4323 1354 4369 est.
1389 4315 1537 4371 lianc
1570 4315 1822 4372 Salvator
1854 4321 2069 4388 aperuit
2098 4319 2188 4374 di-

587 4415 715 4456 cens
761 4419 774 4456 :
821 4401 936 4477 Ego
979 4421 1095 4459 sum
1137 4407 1218 4460 via
1261 4418 1306 4460 et
1334 4409 1545 4463 veritas.
1583 4409 1731 4465 lianc
1768 4414 2188 4479 margaritarum

586 4495 926 4563 ctelestium,
976 4508 1030 4552 et
1069 4500 1391 4554 aeternitatis
1433 4511 1705 4558 mercator
1747 4503 1959 4558 attrivit
1994 4523 2007 4556 :
2048 4505 2190 4561 hanc

587 4588 888 4644 viatoribus
928 4589 1246 4647 cltristianis
1275 4593 1558 4664 propheta:
1585 4595 1970 4650 demonstrant
2002 4615 2015 4652 :
2052 4598 2191 4652 hanc

584 4680 828 4750 Apostoli
882 4683 1297 4754 frequentarunt
1343 4707 1354 4742 ε

590 4774 864 4843 astringit,
905 4788 997 4830 aut
1029 4778 1178 4832 calor
1211 4779 1472 4835 incendit.
1506 4781 1562 4835 ln
1589 4782 1812 4850 psalmis
1842 4793 2055 4839 cautum
2084 4797 2190 4853 est,

590 4880 683 4936 per
712 4866 848 4918 diem
874 4867 952 4921 sol
981 4884 1085 4922 non
1112 4877 1226 4922 uret
1258 4878 1305 4924 te
1332 4887 1426 4925 nec
1457 4871 1582 4927 luna
1612 4890 1703 4943 per
1734 4884 1954 4932 noctem.
1979 4877 2092 4945 Qua
2123 4881 2191 4934 de

586 4971 649 5013 re
686 4973 927 5026 oremus,
961 4960 1300 5030 charissimi,
1331 4979 1574 5034 oremus,
1605 4979 1661 5023 ut
1691 4970 1736 5022 si
1770 4972 2063 5027 ascendere
2091 4989 2191 5028 nos

589 5054 841 5107 cumulus
873 5055 1127 5125 prohibet
1151 5070 1520 5128 peccatorum,
1550 5067 1631 5119 vel
1655 5067 2043 5123 aseendentum
2072 5087 2192 5126 ves-

591 5147 719 5217 tigia
758 5149 960 5205 osculis
993 5152 1318 5210 arctioribus
1358 5173 1709 5228 vaporemus.
1746 5160 1840 5216 lsti
1871 5175 1995 5217 sunt
2026 5180 2185 5221 vene-

591 5247 770 5314 randi,
795 5246 1077 5320 :istifzsunt
1114 5253 1309 5319 sancti,
1352 5254 1438 5324 qui
1473 5258 1631 5311 morti
1665 5269 1894 5313 mortem
1931 5259 2186 5316 intulere.

589 5340 742 5396 Sicut
778 5341 1050 5414 legimus?
1089 5345 1192 5413 Qui
1217 5349 1379 5403 credit
1408 5351 1460 5404 in
1491 5368 1592 5418 me,
1625 5352 1742 5407 licet
1771 5355 2022 5410 moriatur
2045 5358 2187 5412 vivit.

585 5435 634 5493 0
681 5451 848 5510 quam
898 5439 1136 5509 pretiosa
1186 5449 1272 5496 est
1319 5443 1370 5498 in
1426 5459 1725 5514 conspectu
1779 5449 1992 5506 Domini
2040 5468 2190 5508 mors

583 5541 897 5588 sanctorum
930 5533 1050 5604 ejus
1078 5534 1273 5605 quibus
1303 5538 1484 5593 minax
1510 5542 1630 5610 plus
1658 5544 1907 5611 prmstitit
1935 5561 2189 5614 persecu-

581 5636 695 5695 tor;
729 5627 1320 5702 tortor;horruit,:risit
1345 5633 1598 5690 subditus
1624 5636 1933 5706 quteslioni,
1963 5653 2186 5710 percus-

645 5827 675 5892 ᾗ
704 5817 1362 5892 μειεριιρτῑςαιοαιιίῑην.
1411 5824 1430 5850 ⁸⁵

647 5881 675 5924 δ
704 5881 761 5942 lo
792 5881 895 5945 mi.
927 5881 1124 5961 legitur
1148 5881 1344 5958 aludio,
1378 5893 1473 5951 sed
1507 5891 1663 5951 male.

2289 3372 2598 3428 defendatis
2625 3371 2948 3437 laboriosos,
2987 3372 3034 3426 si
3065 3373 3290 3426 tuemini
3323 3369 3572 3424 hostibus
3604 3370 3879 3442 subjacen-

2291 3474 2391 3519 tes.
2437 3464 2642 3533 Tegant
2692 3479 2862 3530 arma,
2906 3479 3043 3534 quos
3087 3465 3296 3524 volunt,
3344 3480 3442 3517 nos
3487 3475 3689 3520 VCSH‘J'
3717 3463 3872 3527 aries,

2290 3571 2466 3616 vestra
2497 3561 2649 3631 signa
2677 3560 3009 3616 custodiunt.
3051 3558 3241 3614 Nullus
3268 3568 3351 3613 est
3389 3560 3588 3624 hostis,
3618 3560 3662 3614 si
3689 3559 3877 3614 tribua-

2292 3653 2359 3708 tis
2405 3654 2794 3723 indulgeutiam
2848 3664 3221 3722 peccatorum.
3273 3653 3353 3706 Ex
3395 3651 3596 3706 vestris
3639 3653 3878 3706 manibus

2291 3756 2493 3803 nostrze
2521 3749 2644 3801 vitae
2669 3747 2962 3801 retinacula
2989 3746 3321 3800 «lt-tinentur.
3349 3744 3632 3800 Remittite
3663 3745 3875 3806 delicta,

2290 3854 2345 3897 et
2390 3844 2532 3897 nulla
2580 3858 2678 3896 nos
2729 3841 2866 3896 bella
2911 3841 3223 3895 turbabunt.
3257 3840 3361 3895 Sed
3394 3838 3518 3908 quid
3550 3854 3654 3909 ego
3688 3852 3879 3908 pauper

2291 3935 2581 3990 Victricius
2627 3935 2803 3989 cultor
2845 3945 3027 3989 vester
3070 3933 3136 3988 de
3168 3933 3272 3988 loci
3309 3933 3572 4000 qualitate
3619 3927 3878 3984 formido?

2293 4031 2332 4084 A
2368 4029 2519 4082 vobis
2562 4028 2627 4082 ad
2681 4043 2775 4080 vos
2823 4029 3068 4092 venistis,
3117 4026 3203 4082 hic
3231 4025 3540 4094 reperietis,
3579 4040 3716 4095 quos
3745 4023 3876 4078 circa

2294 4123 2504 4178 Domini
2543 4123 2669 4176 Jcsu
2703 4123 2906 4177 Christi
2949 4123 3137 4176 altaria
3167 4123 3543 4176 ministrantes
3568 4120 3874 4190 reliquistis,

2293 4220 2555 4289 porrectis
2603 4218 2839 4273 brachiis
2886 4233 2984 4272 vos
3029 4218 3266 4288 Baptism
3297 4217 3541 4272 Joannes
3586 4224 3876 4284 exspectat.

2296 4313 2402 4368 Vos
2433 4314 2691 4376 Thomas,
2735 4329 2830 4368 vos
2874 4313 3144 4380 Andreas,
3196 4312 3370 4367 Lucas
3397 4321 3451 4365 et
3479 4322 3684 4368 caetera
3714 4309 3881 4365 multi-

2293 4406 2420 4461 tudo
2446 4408 2686 4462 cmlestis
2715 4406 2890 4477 parilii
2930 4422 3026 4460 vos
3052 4406 3325 4461 desiderio
3355 4406 3407 4460 in
3436 4421 3595 4460 suum
3625 4407 3878 4476 gremium

2291 4507 2468 4554 vocat.
2517 4499 2707 4554 Nullus
2752 4515 2850 4553 vos
2893 4515 3066 4554 novus
3107 4499 3307 4569 hospes
3358 4499 3614 4566 excipiet.
3655 4498 3716 4554 lli
3767 4506 3879 4553 sunt

2291 4607 2414 4648 cum
2443 4594 2637 4663 quibus
2666 4594 2907 4649 militatis
2945 4595 2995 4648 in
3029 4595 3188 4650 ctelo.
3234 4594 3529 4648 Peculiaris
3565 4604 3745 4649 tamen
3785 4593 3879 4648 erit

1410 4689 1548 4742 hanc
1571 4705 1869 4760 numquam
1899 4703 1990 4745 aut
2021 4691 2188 4762 frigus
2217 4679 2609 4757 Dgratulatio,
2653 4689 2698 4743 si
2735 4689 3027 4759 jungantur
3072 4688 3334 4760 reliquiis,
3382 4689 3473 4760 qui
3510 4688 3688 4759 juncti
3732 4687 3880 4743 clari-

2295 4782 2483 4838 tudine
2515 4785 2764 4854 spiritali.

2333 4879 2441 4935 Vll.
2459 4880 2734 4952 Siquidem
2753 4898 2913 4935 unam
2927 4884 3272 4951 corporalem
3285 4882 3348 4936 ire
3365 4897 3597 4937 massam
3613 4883 3879 4953 Scriptura

2294 4974 2606 5029 insinuante
2627 4976 2958 5045 colligimus.
2991 4975 3204 5042 Quotus
3230 4977 3374 5030 enim
3413 4977 3538 5047 quis
3576 4985 3673 5030 aut
3703 4987 3880 5029 natura

2294 5079 2400 5124 tam
2429 5069 2639 5136 brutus,
2671 5070 3013 5124 antrationis
3041 5085 3236 5137 expers
3287 5071 3520 5125 inveniri
3567 5085 3767 5141 queat,
3798 5068 3878 5139 qui

2295 5178 2455 5236 neget
2481 5165 2736 5219 feminam
2766 5179 2832 5217 ex
2869 5164 2967 5218 viri
3017 5164 3280 5218 lateribus
3324 5164 3631 5231 sumpsisse
3683 5163 3878 5235 princi-

2293 5261 2486 5330 pium?
2529 5259 2602 5312 Ex
2627 5273 2734 5329 quo
2778 5258 2906 5311 illud
2941 5259 3208 5327 emergit,
3238 5265 3322 5311 fut
3354 5257 3724 5326 intelligamus
3775 5255 3880 5326 pri-

2292 5351 2501 5407 mordia
2531 5353 2714 5406 carnis
2737 5367 2801 5406 ex
2835 5367 3002 5406 carne
3028 5367 3151 5406 esse
3176 5361 3450 5419 suscepta.
3472 5351 3763 5420 Ipsaanue
3786 5347 3877 5403 sibi

2291 5445 2461 5502 fuisse
2487 5455 2759 5513 naturam,
2786 5455 2842 5500 ut
2871 5448 2916 5501 si
2939 5447 3184 5502 animum
3227 5447 3438 5501 naviter
3469 5448 3742 5517 quispiam
3801 5447 3875 5499 in-

2289 5543 2499 5609 tendat,
2532 5552 2587 5597 et
2639 5541 2791 5595 velut
2844 5542 3064 5610 generis
3107 5557 3278 5610 genus
3322 5541 3595 5611 inquirat,
3652 5539 3878 5611 reperiat

2289 5637 2462 5696 Adam
2495 5653 2563 5693 ex
2593 5637 2777 5708 specie
2813 5650 2987 5706 genus
3018 5634 3299 5690 cllcctnm.
3339 5633 3457 5689 Non
3505 5636 3652 5691 enim
3711 5641 3878 5707 pulCSl

2355 5830 2378 5857 °
2412 5826 2645 5898 Videtur
2662 5821 3070 5898 indicare‘quod
3100 5823 3219 5898 jam,
3239 5811 3446 5892 aliquas
3468 5820 3751 5895 Reliquias
3774 5829 3878 5894 p09

2285 5898 2494 5954 sitiebat
2528 5887 2769 5952 [ﬂectesia
2795 5887 3276 5966 Rothbmagensis.
