4084 6342
218 305 330 367 “9

1325 307 1533 367 LIBER
1576 309 1666 368 DE
1707 307 1944 370 LAUDE
1985 309 2433 372 SANCTORUM.

3426 314 3538 378 450

219 439 389 494 genus
412 439 526 480 non
554 440 712 489 esse,
765 441 832 483 ex
881 427 1037 499 cujus
1067 429 1293 482 materia
1322 429 1690 500 ﬁgmentoque
1720 429 1829 484 dif-
1859 435 1912 494 Α
1937 430 2060 496 siut,
2089 431 2222 484 sicut
2253 441 2308 484 tu
2342 428 2500 483 Pater
2523 430 2575 484 in
2598 446 2675 483 ire
2699 437 2746 483 et
2778 444 2870 501 ego
2901 428 2955 482 in
2977 435 3048 496 te,
3079 436 3134 484 ut
3163 437 3209 483 et
3232 429 3336 500 ipsi
3361 431 3466 485 sint
3486 433 3542 486 in

218 517 332 575 fusa
380 535 482 589 per
520 536 724 576 omnes
769 520 988 575 humani
1038 522 1285 591 corporis
1317 521 1502 578 fctura‘
1541 523 1832 579 succrevit.

219 613 386 683 Ergo,
411 617 760 672 sanctissimi
794 617 1010 682 fratres,
1038 619 1272 688 primum
1304 619 1356 671 id
1380 618 1521 673 scire
1547 619 1833 687 debemus,

219 708 477 764 homines
505 711 658 764 inter
683 727 742 766 se
771 727 879 766 non
909 723 1126 775 natura,
1152 710 1248 766 sed
1276 711 1398 766 loco
1451 722 1506 767 et
1561 721 1830 784 tempore,

221 809 272 857 et
306 815 509 869 opere,
549 811 610 856 ct
663 804 1004 874 cogitatione
1048 803 1277 859 distare.
1341 803 1640 860 Diversitas
1688 805 1832 858 enim

223 893 413 948 unitati
442 907 719 950 extranea
751 906 856 953 est.
885 897 1075 952 Unitas
1102 897 1208 953 late
1253 897 1370 952 sine
1398 897 1479 951 sui
1513 897 1836 952 dili'unditur

221 987 585 1044 detrimento.
615 991 776 1056 Quod
800 992 844 1045 si
869 993 1108 1047 onminm
1137 992 1413 1046 hominum
1442 1009 1605 1047 nnutn
1636 1008 1834 1062 corpus

220 1097 344 1138 esse
401 1086 650 1138 rationis
704 1085 852 1140 oculi
908 1087 1299 1156 pervideruut,
1357 1088 1624 1156 sequitur,
1675 1094 1734 1140 ut
1781 1087 1835 1142 iu

220 1178 462 1238 Christo.
500 1180 642 1234 etin
680 1180 926 1235 Ecclesia
982 1183 1296 1236 viventibus
1343 1182 1459 1252 pari
1513 1191 1835 1251 argumento

221 1285 378 1325 tinam
410 1269 696 1325 beneficio
721 1271 1033 1342 adoptionis
1062 1282 1116 1326 et
1142 1272 1325 1327 carnis
1349 1314 1365 1338 ,
1419 1281 1475 1327 ct
1528 1272 1832 1344 sanguinis,

218 1374 270 1420 et
299 1364 544 1434 spiritus
573 1366 869 1422 credamus
920 1382 1042 1423 esse
1069 1367 1448 1422 substantiam.
1483 1367 1700 1422 Initium
1731 1383 1834 1422 no-

218 1476 293 1514 va:
319 1459 460 1530 legis
491 1469 587 1514 est
625 1461 1038 1530 prmteritorum
1070 1461 1279 1515 ablutio
1333 1460 1682 1516 delictorum.
1716 1461 1836 1518 Sal-

217 1560 376 1608 vator
405 1565 632 1621 autem,
658 1553 909 1624 quamvis
935 1563 1086 1609 esset
1124 1554 1345 1624 prioris,
1379 1562 1560 1610 tamen
1592 1555 1835 1612 melioris

216 1647 543 1702 testamenti
575 1661 814 1715 sponsor
841 1649 1097 1704 accessit.
1142 1649 1374 1702 Necesse
1405 1655 1490 1702 est
1521 1664 1651 1718 ergo
1678 1659 1736 1703 ut
1764 1647 1835 1703 sit

218 1743 268 1798 in
297 1743 382 1798 liis
412 1757 528 1797 una
556 1743 758 1808 virtus,
796 1743 848 1797 in
881 1742 1078 1813 quibus
1102 1753 1185 1798 est
1215 1753 1680 1798 sacramentorum
1727 1759 1832 1799 una

1942 523 2109 589 nobis,
2139 536 2193 577 ut
2223 525 2320 578 hoc
2344 522 2591 578 steculum
2610 523 2810 589 credat,
2860 524 2982 595 quia
3006 532 3060 577 tu
3087 543 3114 577 κ
3138 540 3165 577 e
3206 525 3391 579 misisti
3423 566 3439 590 ,
3491 539 3537 580 et

1939 632 2030 688 ego
2048 618 2192 670 mitto
2217 633 2324 672 eos.
2350 616 2652 672 Claritatem
2681 633 2837 688 quam
2859 615 3048 671 dedisti
3089 615 3247 684 mihi,
3295 616 3414 672 dedi
3438 619 3531 687 eis,

1939 717 1995 762 ut
2019 709 2123 763 sint
2148 725 2305 763 unum
2332 710 2469 764 sicut
2493 726 2583 766 nos
2606 726 2770 765 unum
2793 726 2990 766 sanius.
3023 708 3138 782 Ego
3159 711 3214 765 in
3256 711 3390 778 illis,
3415 723 3460 767 et
3483 720 3542 766 tu

1939 801 1992 855 in
2027 817 2124 867 me,
2156 814 2210 855 ut
2229 804 2330 857 sint
2357 804 2700 857 consummati
2728 803 2780 857 in
2825 820 3010 870 unttm,
3037 813 3096 857 ut
3127 813 3403 874 cognoscat
3441 819 3542 860 ste-

1939 895 2135 962 culuut,
2159 898 2283 967 quia
2307 907 2363 950 tu
2405 913 2485 951 me
2515 897 2706 951 misisti
2753 907 2802 951 et
2845 898 3079 953 dilexisti
3118 899 3261 966 illos,
3301 900 3433 954 sicut
3457 915 3538 956 me

1939 989 2191 1043 dilexisti.
2220 989 2449 1059 Rapitur
2479 991 2620 1046 enim
2649 1006 2679 1045 a
2706 990 2883 1062 dignis
2914 990 3204 1064 imperium
3257 992 3526 1061 salutare,

1940 1079 2190 1151 quisquis
2214 1084 2472 1137 extulerit
2495 1097 2665 1138 sacra:
2687 1083 3053 1140 confessionis
3082 1086 3316 1157 insigne.

2010 1173 2146 1229 VIII.
2177 1176 2295 1229 Alia
2329 1188 2412 1231 est
2439 1217 2454 1242 ,
2513 1176 2899 1246 dilectissimi,
2941 1177 3326 1234 immortalitas
3358 1220 3372 1245 ,
3405 1195 3533 1252 qua:

1942 1265 2062 1322 sine
2125 1269 2491 1338 conceptione
2559 1268 2873 1339 fragilitatis
2919 1311 2933 1337 ,
3017 1282 3101 1326 est
3175 1273 3536 1344 sempiterna.

1936 1357 2054 1414 Alia
2083 1400 2098 1424 ,
2148 1377 2266 1430 qua:
2320 1360 2574 1430 largitate
2617 1361 2962 1419 conceditur.
2996 1362 3106 1419 Nos
3153 1374 3336 1420 autem
3389 1363 3538 1436 Apo-

1936 1453 2091 1506 stolis
2129 1494 2143 1517 ,
2224 1463 2279 1507 et
2341 1451 2669 1524 Martyribus
2736 1454 2989 1510 donatam
3055 1457 3525 1513 immortalitatem

1938 1560 2135 1616 negare
2195 1563 2300 1600 non
2353 1561 2663 1616 possumus.
2710 1547 2818 1604 Sed
2846 1549 2978 1604 illud
3024 1551 3358 1607 assumimus
3409 1561 3535 1618 post

1938 1638 2211 1708 indcptam
2245 1638 2611 1707 divinitatem,
2654 1640 2791 1697 nihil
2838 1657 2978 1711 esse,
3022 1645 3165 1714 quod
3209 1644 3531 1700 Trinitatem

1938 1745 1965 1782 a
1998 1741 2310 1786 sanctorum
2360 1731 2641 1789 oblatione
2685 1741 2966 1799 secernat;
2997 1734 3254 1804 quoniam
3295 1736 3408 1805 ipsa
3437 1751 3536 1793 eos

216 1837 511 1910 perfectio.
573 1838 665 1892 Αίι
720 1839 866 1892 enim
913 1837 1206 1907 Almsuqus
1265 1854 1280 1891 ε
1329 1837 1436 1892 Vo8
1478 1840 1598 1892 εδιίδ
1642 1853 1830 1908 corpus
1863 1838 1909 1898 Β
1937 1825 2142 1878 veritas
2168 1824 2670 1881 edidit'l'rinitatis.
2701 1825 2925 1881 Plenam
2953 1828 3098 1882 enim
3128 1826 3534 1899 perfectamque

215 1928 437 1995 Christi,
463 1938 518 1984 et
549 1931 806 1997 membra,
833 1939 878 1984 et
909 1930 1136 2002 Spiritus
1179 1931 1274 1984 Dei
1325 1932 1521 1985 habitat
1571 1932 1623 1984 iu
1666 1931 1824 1985 vobis.

213 2021 343 2079 Cum
379 2025 557 2093 igitur
584 2023 881 2092 Scriptura
908 2024 1142 2078 docente
1172 2023 1455 2078 Iirmcmur
1478 2010 1829 2094 Baptismatis

212 2124 577 2170 sacramento
601 2115 794 2168 divino
821 2130 918 2170 nos
943 2115 1159 2185 spiritui
1205 2129 1371 2185 posse
1424 2114 1704 2184 conjungi,
1734 2129 1829 2169 ea-

212 2209 449 2280 demque
480 2210 712 2264 ratione
744 2207 989 2262 dicamus
1017 2208 1178 2262 etiam
1205 2221 1434 2276 corpora
1464 2218 1652 2262 nostra
1703 2223 1826 2262 cum

212 2305 484 2362 membris
557 2303 657 2358 lilii
717 2303 930 2374 glutino
990 2301 1391 2372 perseverantis
1465 2301 1828 2357 confessionis

211 2399 466 2469 astringi,
521 2398 778 2467 nihilque
809 2397 1008 2450 unitati
1057 2397 1235 2465 pt-rire
1266 2411 1364 2465 per
1393 2395 1657 2466 gratiam,
1707 2411 1830 2464 quae

211 2494 491 2552 dubitatio
518 2501 630 2558 εει,
667 2490 834 2546 etiam
865 2489 1158 2559 Apostolus
1187 2491 1562 2561 Martyresque
1610 2499 1828 2544 nostros

209 2590 523 2662 perfectam
588 2587 1011 2655 absolutamque
1090 2585 1361 2640 meruisse
1432 2583 1830 2639 concordiam?

208 2685 342 2742 Cum
379 2685 536 2740 enim
568 2681 796 2753 spiritus
829 2681 923 2735 Dei
952 2681 1045 2743 sit,
1079 2689 1136 2735 et
1178 2680 1324 2735 Deus
1357 2678 1502 2733 filius
1547 2677 1822 2745 Christus,

208 2781 301 2852 qui
333 2777 597 2848 aequabili
629 2773 1240 2845 putestateopinioncm
1299 2773 1582 2842 injuriosaa
1640 2771 1824 2842 subje-

209 2875 412 2932 CIionEs
435 2871 691 2945 cxplodit
715 2913 728 2934 ,
761 2871 851 2942 qui
884 2869 1184 2925 venerabili
1237 2867 1517 2938 triumpho
1548 2867 1826 2924 membro-

209 2985 359 3032 rum,
388 2966 560 3023 morti
585 2963 825 3034 spatium
859 2978 966 3019 non
1010 2961 1258 3032 reliquit,
1306 2961 1398 3030 qui
1429 2960 1829 3031 singularitatis

208 3062 400 3118 abnuit
429 3075 666 3124 nomen,
698 3060 788 3126 qui
820 3071 919 3112 nec
954 3057 1113 3111 linem
1157 3064 1250 3108 aut
1288 3053 1506 3109 initium
1555 3054 1686 3108 ullis
1743 3051 1826 3107 sui

209 3158 468 3229 partibus
501 3153 715 3214 sentit,
760 3150 1218 3221 Apostoliantem
1247 3191 1261 3216 ,
1317 3149 1602 3217 sanctique
1645 3157 1701 3204 ct
1727 3162 1826 3218 per

1930 1931 2052 1972 esse
2084 1916 2180 1973 Dei
2215 1928 2462 1972 naturam
2496 1933 2724 1975 necesse
2751 1930 2834 1974 est
2879 1920 3153 1976 confiteri.
3187 1920 3440 1991 Alioquin
3475 1922 3539 1977 lit

1931 2013 2148 2082 injuria,
2184 2015 2228 2068 si
2262 2030 2544 2084 negemus,
2577 2016 2794 2073 dicente
2826 2018 3057 2073 Domino
3091 2036 3104 2073 :
3140 2020 3242 2085 Qui
3272 2036 3353 2074 me
3378 2036 3536 2094 nega-

1928 2106 2075 2172 verit,
2109 2118 2156 2158 et
2177 2122 2316 2160 meos
2343 2123 2625 2176 sermones,
2659 2125 2832 2163 coram
2855 2111 3173 2180 hominibus,
3208 2126 3256 2167 et
3288 2129 3382 2186 ego
3417 2130 3535 2168 eum

1929 2197 2126 2269 negabo
2147 2215 2323 2252 coram
2345 2198 2504 2255 Patre
2535 2217 2647 2254 meo
2674 2213 2722 2257 et
2754 2201 2967 2276 Angelis
2988 2207 3124 2277 ejus.
3154 2205 3268 2261 Iluc
3294 2208 3531 2277 accedit,

1929 2291 2072 2362 quod
2118 2292 2260 2348 ultra
2307 2293 2444 2348 nihil
2492 2295 2686 2364 recipit
2718 2297 3020 2365 plenitudo.
3069 2300 3304 2372 Sanguis
3350 2315 3531 2360 autem

1930 2394 2052 2453 post
2076 2385 2154 2437 Ma
2166 2386 2390 2456 rtyrium
2417 2387 2643 2456 praemio
2670 2387 2973 2446 divinitatis
2997 2393 3248 2462 ignescit.
3276 2395 3534 2452 Facessat

1929 2495 2060 2551 ergo
2101 2481 2477 2539 distinctionis
2526 2486 2747 2555 injuria,
2796 2503 2921 2544 cum
2975 2489 3050 2545 sit
3090 2491 3281 2546 eadem
3333 2491 3532 2561 copula

1928 2574 2215 2630 claritatis.
2257 2575 2425 2644 Vada,
2459 2578 2556 2646 ait,
2587 2580 2657 2634 ad
2688 2580 2902 2638 Patrem
2929 2600 3118 2652 meum,
3151 2595 3198 2638 et
3223 2585 3291 2639 ad
3319 2583 3532 2641 Patrem

1930 2683 2167 2724 vestrum.
2189 2669 2392 2726 Videtis
2416 2673 2618 2743 itaque,
2644 2677 3028 2745 amantissimi,
3057 2677 3160 2733 hoc
3186 2694 3308 2735 esse
3331 2678 3528 2750 Patris,

1929 2774 1983 2819 et
2018 2764 2141 2819 Filii
2176 2781 2272 2836 per
2301 2779 2509 2823 natura:
2554 2770 2968 2839 proprietatem,
2999 2773 3144 2843 quod
3194 2782 3279 2829 est
3316 2773 3532 2830 Sanctis

1930 2873 2028 2929 per
2055 2860 2294 2931 suscepti
2340 2863 2580 2917 muneris
2615 2864 2900 2921 unitatem.
2936 2866 3082 2922 Deus
3109 2865 3273 2939 longe
3314 2868 3532 2941 lateque

1929 2952 2268 3024 dili'unditur,
2299 2965 2354 3012 et
2380 2974 2540 3012 suum
2568 2958 2752 3015 lumen
2783 2959 2900 3017 sine
2924 2962 3008 3016 sui
3040 2960 3318 3018 fenerator
3355 2964 3529 3020 detri-

1929 3057 2136 3101 mento.
2173 3048 2524 3120 Quacumque
2555 3051 2608 3105 in
2638 3062 2794 3124 parte
2821 3061 2968 3110 totus
2999 3064 3110 3123 est,
3143 3070 3337 3110 sensus
3363 3064 3529 3125 totus,

1929 3141 2079 3196 visus
2125 3151 2290 3209 totus,
2333 3143 2499 3199 animi
2541 3154 2686 3200 totus
2728 3147 2834 3201 sui.
2866 3146 2984 3202 Non
3019 3155 3200 3217 potest
3228 3164 3360 3218 ergo
3413 3163 3524 3206 non

210 3249 484 3320 spiritalis
511 3245 762 3320 mysterii
791 3245 1154 3310 sanctionem,
1187 3252 1241 3298 et
1273 3258 1370 3311 per
1398 3242 1648 3312 corporis
1675 3240 1830 3295 victi-
1855 3230 1900 3294 C
1934 3252 2054 3292 esse
2088 3237 2362 3307 perfectus
2388 3241 2438 3294 in
2470 3241 2744 3311 Apostolis
2773 3242 2863 3312 qui
2888 3252 2975 3297 est
3001 3243 3276 3313 perfectus
3304 3244 3356 3300 in
3389 3252 3526 3302 toto.

212 3359 383 3409 mam,
415 3351 467 3398 et
501 3357 602 3411 per
645 3339 927 3407 sanguinis
967 3353 1194 3392 censum
1237 3352 1301 3392 ac
1327 3336 1652 3391 sacrilicium
1705 3349 1829 3406 pas«

209 3441 390 3496 sionis
418 3433 736 3491 ascendere
763 3433 957 3488 solium
983 3431 1396 3500 Redemptoris,
1423 3429 1614 3501 ipso}in
1645 3428 1828 3484 Evan-

211 3531 360 3602 gelio
383 3529 611 3584 dicente
638 3524 800 3581 :Cum
823 3525 1011 3579 sederit
1033 3523 1177 3593 [ilius
1203 3524 1255 3576 in
1281 3525 1469 3576 throno
1491 3519 1674 3593 gloria:
1694 3537 1824 3590 sure,

214 3633 239 3663 ⁸
267 3623 523 3680 sedebitis
541 3629 591 3675 et
619 3637 710 3674 vos
737 3617 1181 3688 superduodecim
1226 3615 1510 3670 tribunalia
1527 3614 1830 3689 judicantcs

213 3736 290 3777 xtl
323 3718 487 3773 tribus
519 3715 758 3788 ﬁliorum
794 3713 979 3767 Israel.
1011 3713 1076 3767 Et
1107 3713 1305 3767 iterum
1342 3729 1354 3764 :
1387 3711 1484 3766 Cui
1529 3711 1832 3765 remiseritis

214 3815 436 3871 remissa
478 3821 641 3867 erunt
668 3855 682 3878 ,
733 3820 782 3866 et
823 3826 969 3879 quem
991 3808 1288 3881 ligarcritis,
1325 3806 1512 3878 ligatus
1543 3807 1827 3860 habebitur.

215 3908 580 3977 Relinquitur
609 3919 769 3975 ergo,
817 3912 876 3957 ut
908 3903 1006 3958 toti
1039 3917 1161 3956 cum
1212 3909 1329 3956 toto
1376 3902 1486 3955 sint
1517 3899 1830 3958 Salvatorc.

217 4003 356 4060 Nam
387 4003 597 4074 quibus
629 4000 763 4054 nihil
791 4009 874 4054 est
908 3999 961 4053 in
985 3997 1334 4068 professione
1387 3996 1656 4052 dissimile
1683 4038 1697 4062 ,
1749 3995 1836 4051 his

219 4107 396 4156 totum
422 4098 590 4153 estin
614 4095 848 4150 Deitatis
865 4095 1095 4152 veritate
1114 4109 1423 4149 commune.
1448 4093 1553 4148 Per
1568 4092 1834 4162 justitiam

220 4193 388 4249 etiam
448 4193 600 4245 Iiunt.
653 4188 887 4243 Comites
929 4187 1265 4249 Salvatoris,
1327 4201 1426 4255 per
1490 4184 1832 4255 prudentiam

222 4285 430 4345 aemuli,
454 4299 558 4353 per
580 4297 738 4336 usum
763 4291 977 4335 artuum
1000 4279 1384 4350 concorporei,
1403 4294 1500 4348 per
1515 4278 1833 4348 sanguinem

221 4375 662 4447 consanguinei,
707 4389 802 4443 per
863 4374 1055 4427 hostire
1110 4371 1643 4428 consummationem
1704 4373 1837 4428 fiunt

222 4471 405 4529 erucis
463 4466 783 4525 aeternitate
821 4476 1126 4522 consortes.
1179 4465 1456 4534 Scriptum
1513 4474 1598 4519 est
1646 4465 1834 4521 enim:

225 4565 461 4622 Asceuda
484 4563 558 4617 ad
592 4561 804 4616 Patrem
843 4578 1009 4616 meum
1049 4570 1094 4615 et
1126 4561 1194 4615 ad
1230 4559 1444 4614 Putrem
1487 4569 1726 4614 restrain.
1777 4559 1836 4616 Si

1933 3328 2184 3384 Forsitan
2214 3329 2319 3386 hoc
2346 3331 2464 3388 loco
2485 3332 2752 3404 quispiam
2776 3335 3066 3398 exclamet,
3100 3343 3156 3391 et
3185 3335 3351 3403 dicat,
3386 3336 3532 3408 Ergo

1937 3422 2038 3478 hoc
2068 3431 2291 3495 martyr,
2319 3424 2459 3494 quod
2495 3427 2665 3494 prima
2687 3427 2884 3494 virtus,
2915 3436 2970 3483 et
3003 3428 3277 3497 absoluta,
3311 3430 3534 3486 inenar-

1936 3517 2231 3584 rabilisque
2270 3519 2570 3575 substantia
2608 3519 2870 3576 Deitatis?
2912 3521 3036 3577 dico
3068 3521 3210 3578 idern
3261 3538 3386 3580 esse
3437 3540 3534 3597 per

1934 3606 2284 3678 beneficium,
2315 3629 2420 3669 non
2447 3629 2543 3684 per
2573 3615 3000 3685 proprietatem;
3035 3631 3131 3686 per
3155 3616 3528 3688 adoptionem,

1934 3719 2040 3760 non
2073 3721 2170 3776 per
2199 3717 2471 3760 naturam.
2522 3707 2706 3777 quue
2739 3707 2856 3762 fieri
2905 3718 2964 3763 ut
2987 3723 3112 3764 cum
3154 3710 3273 3766 dies
3304 3727 3533 3783 magnus

1933 3799 2235 3864 advenerit,
2271 3814 2369 3855 nec
2399 3799 2699 3869 acquisisse
2728 3800 2978 3856 videatttr
3006 3802 3097 3858 ille
3137 3801 3230 3874 qui
3260 3805 3540 3876 acceperit

1936 3891 2246 3963 imperium,
2304 3907 2403 3948 nec
2449 3892 2712 3949 minuisse
2758 3893 2870 3960 ille,
2907 3895 2998 3965 qui
3032 3894 3206 3951 dedit.
3237 3896 3538 3953 Clementis

1937 3983 2173 4055 bonique
2201 3984 2579 4055 disceptatoris
2615 3995 2722 4051 est,
2757 3987 3057 4058 prazdicare
3102 3996 3249 4056 ante,
3281 3989 3411 4060 quid
3439 4005 3536 4046 ca-

1938 4093 2085 4134 veas.
2120 4079 2259 4134 Ecce
2290 4080 2631 4141 nobisvelut
2662 4081 2890 4150 praalato
2923 4081 3279 4151 reliquiarum
3313 4099 3534 4141 suarum

1939 4169 2142 4224 lumine
2187 4151 2457 4226 tramitem
2488 4172 2741 4226 veritatis
2781 4173 3100 4228 ostendunt.
3138 4175 3348 4232 Doceat
3387 4193 3540 4233 reve-

1939 4263 2194 4328 rentiam,
2240 4261 2425 4328 fidem,
2485 4263 2851 4333 prudentiam,
2910 4264 3204 4334 justitiam,
3265 4268 3539 4326 fortitudi-

1941 4371 2088 4421 nem,
2114 4354 2487 4421 concordiam,
2517 4355 2932 4423 Cuntiuentiam,
2962 4357 3296 4429 castitatem,
3325 4361 3454 4417 dum
3486 4363 3540 4420 in

1941 4448 2183 4504 obsessis
2206 4449 2552 4520 corporibus,
2583 4449 2666 4503 bis
2693 4465 2813 4522 qua-
2833 4460 2959 4506 sunt
2983 4455 3255 4509 contraria
3280 4455 3540 4526 puniunt,

1941 4554 1997 4600 et
2030 4546 2280 4600 vitiorum
2310 4554 2566 4602 amovent
2590 4545 2764 4602 labes.
2795 4545 2900 4603 Sed
2921 4548 3058 4605 lianc
3085 4548 3537 4622 misericordiam,

225 4663 391 4732 igitur
422 4656 746 4716 eummunis
771 4665 940 4726 pater,
972 4670 1294 4712 communes
1317 4665 1372 4710 et
1403 4654 1502 4710 lilii
1525 4698 1540 4722 ,
1593 4655 1636 4709 si
1688 4669 1833 4712 com-

1941 4649 1993 4694 et
2043 4637 2185 4694 bunc
2209 4637 2440 4695 docendi
2485 4637 2762 4705 affectum,
2798 4638 2895 4696 has
2922 4640 3157 4710 denique
3189 4641 3541 4715 reliquiarum

224 4769 418 4810 mones
452 4750 582 4815 ﬁlii,
610 4749 921 4802 communis
951 4748 1262 4813 lia-reditas,
1308 4748 1351 4802 si
1384 4747 1694 4803 Communis
1725 4747 1839 4803 ha:-

225 4847 454 4910 rcdilas,
490 4843 809 4900 communis
837 4843 1133 4898 mternitas.
1159 4841 1345 4897 Sancti
1378 4852 1560 4896 autem
1587 4851 1716 4896 sunt
1740 4856 1842 4912 per

225 4942 517 4996 victoriam
555 4936 972 4991 immortalitate
1020 4935 1234 4998 donati,
1279 4945 1568 5004 superest,
1620 4943 1680 4990 ut
1733 4948 1842 4989 non

227 5037 429 5098 divisa,
459 5032 563 5090 sed
595 5047 703 5086 una
734 5032 804 5084 sit.
830 5028 1126 5085 auctoritas
1152 5028 1524 5084 voluntatum.
1559 5027 1684 5096 Ipso
1733 5026 1841 5083 hoc

226 5133 367 5197 apud
394 5139 618 5196 patrem
650 5124 880 5180 Domino
923 5135 1288 5196 prosequente
1321 5142 1334 5180 :
1366 5123 1544 5193 Pater,
1570 5123 1845 5192 sancti/ica

231 5227 353 5282 illos
370 5228 426 5281 in
451 5223 699 5289 veritate,
728 5218 935 5273 verbum
964 5229 1109 5273 tuum
1138 5218 1324 5273 veritas
1343 5226 1440 5272 est.
1478 5215 1626 5273 Sicut
1665 5225 1719 5270 tu
1770 5233 1850 5270 me

230 5323 419 5378 misisti
443 5322 498 5373 in
528 5314 752 5381 sarculo,
786 5324 834 5368 et
860 5331 951 5385 ego
997 5314 1115 5368 misi
1158 5331 1242 5369 eos
1287 5314 1339 5366 in
1383 5312 1599 5368 steculo.
1633 5309 1700 5365 Et
1752 5328 1845 5378 pro

230 5419 307 5474 eis
329 5413 612 5484 sanctiﬁco
638 5427 738 5472 me,
765 5419 818 5463 ut
839 5410 942 5462 sint
963 5417 1010 5462 et
1042 5408 1143 5479 ipsi
1167 5407 1477 5477 sancti/irati
1511 5407 1562 5460 in
1595 5405 1846 5470 veritate;

232 5530 338 5568 non
362 5511 543 5566 solum
573 5521 670 5577 pro
698 5503 779 5558 his
808 5512 855 5556 te
873 5519 1016 5573 rogo,
1049 5501 1137 5556 sed
1175 5501 1327 5554 etiam
1355 5517 1446 5572 pro
1473 5500 1544 5554 eis
1569 5499 1653 5570 qui
1684 5498 1852 5552 credi-

233 5605 340 5662 turi
363 5613 490 5660 sunt
520 5601 579 5655 in
609 5614 710 5662 me,
736 5613 824 5666 per
847 5595 1053 5650 uerbum
1073 5595 1322 5666 ipsorum.
1363 5591 1430 5647 Ut
1468 5608 1643 5646 omnes
1688 5607 1848 5645 unum

316 5805 345 5833 δ
380 5790 583 5850 Matth.
613 5803 734 5843 Its.
767 5785 856 5840 ‘38.
912 5785 968 5842 ln
991 5783 1183 5842 codice
1225 5799 1328 5838 ms.
1381 5782 1440 5837 S.
1496 5777 1761 5850 Germani
1811 5795 1841 5835 a

239 5849 431 5930 Pratis
455 5877 615 5921 num.
644 5859 785 5915 I200
813 5859 1005 5929 legitur
1047 5859 1208 5914 etiam
1262 5854 1501 5911 Matthwi
1548 5869 1636 5908 xix
1665 5894 1678 5914 ,
1724 5849 1855 5906 Cum

1943 4734 2186 4804 divitias,
2220 4747 2276 4790 et
2306 4735 2405 4790 lius
2432 4734 2630 4806 ignitos
2661 4733 2882 4792 luminis
2914 4733 3098 4791 radios
3127 4736 3180 4791 in
3211 4752 3272 4793 se
3304 4736 3542 4805 habent;

1946 4831 2110 4887 etiam
2162 4844 2286 4885 cum
2329 4837 2513 4884 nostra
2556 4829 2827 4901 coeperint
2868 4827 3065 4885 delicta
3115 4846 3369 4901 pensare.
3406 4832 3543 4889 Boni

1947 4924 2090 4994 regis
2113 4933 2197 4978 est
2219 4924 2425 4994 absque
2453 4926 2627 4994 gratia
2656 4923 2922 4994 judicare.
2948 4923 3026 4980 lbi
3057 4939 3206 4981 mera
3235 4926 3439 4982 veritas
3463 4928 3550 4996 in-

1947 5017 2188 5081 venitur,
2220 5016 2312 5072 tibi
2339 5016 2486 5070 nulla
2503 5025 2590 5071 est
2620 5015 2673 5070 in
2703 5032 2866 5072 unam
2892 5026 3102 5088 partem
3134 5017 3434 5076 declinatio
3460 5036 3553 5078 co-

1949 5108 2204 5182 gnituris.
2244 5109 2357 5165 Nos
2387 5117 2568 5165 autem
2599 5110 2668 5164 ab
2717 5109 2875 5178 ipsis.
2907 5109 3108 5180 quibus
3155 5127 3300 5168 nunc
3348 5113 3552 5170 utimur

1952 5202 2233 5274 beneficiis
2263 5203 2602 5274 adjuvanmr.
2638 5202 2782 5274 Ergo
2822 5203 2876 5258 in
2909 5220 3073 5260 unum
3104 5209 3253 5261 velut
3296 5221 3549 5263 acervum

1949 5298 2128 5353 omnis
2166 5313 2286 5368 qua:
2317 5311 2462 5353 nunc
2489 5295 2683 5352 diﬂusa
2712 5307 2796 5350 est
2830 5296 3159 5353 Sanctorum
3193 5298 3410 5353 bonitas
3438 5298 3557 5352 col-

1950 5395 2172 5465 ligetur,
2218 5401 2280 5448 ut
2332 5392 2450 5448 sine
2499 5390 2692 5463 gratia,
2741 5391 2866 5449 sine
2911 5391 3301 5463 appellationis
3354 5389 3554 5458 injuria

1952 5499 2229 5560 sceptrum
2262 5496 2489 5545 teneant
2508 5488 2826 5558 judicantis.
2859 5489 3092 5545 Pcccata
3135 5495 3265 5542 sunt
3288 5484 3554 5553 tenebrae,

1950 5588 2042 5647 lux
2075 5585 2410 5642 innocentia.
2441 5583 2677 5641 Necesse
2704 5595 2790 5641 est
2819 5599 2952 5656 ergo
2977 5592 3033 5638 ut
3074 5595 3262 5637 carcer
3289 5587 3560 5650 appareat

1953 5777 2140 5834 sedens
2164 5775 2307 5847 ﬁlius
2338 5776 2392 5828 in
2419 5772 2606 5847 throno
2626 5772 2965 5847 gloriwsuat.
2982 5766 3110 5823 llazc
3141 5773 3225 5822 est
3252 5763 3474 5836 antiqua
3499 5777 3558 5832 et

1969 5853 2141 5922 prima
2161 5843 2343 5906 versio
2361 5846 2558 5906 Latina
2577 5843 2646 5903 de
2672 5861 2778 5918 qua
2808 5843 3124 5911 Martianay.
