4084 6342
566 275 672 361 tsi

1518 296 1578 355 S.
1616 292 1936 359 VICTHIOII
1984 285 2293 359 EPISCUPI
2338 297 2922 358 RUTIIOMAGENSIS

3763 282 3869 361 iis

564 411 936 479 tenebrarum,
977 427 1098 471 cura
1129 414 1360 484 creperit
1395 414 1463 470 de
1509 429 1570 470 se
1617 415 1669 470 in
1708 430 1768 470 se
1805 414 1986 471 redire
2017 415 2160 486 quod
2191 424 2244 481 Α
2272 413 2481 472 unitate
2503 415 2724 472 ditatus.
2750 416 2996 472 Flamma
3025 414 3410 476 claritudinem
3437 430 3588 472 suam
3618 414 3868 485 cﬂ‘undit,

567 507 702 564 lucis
734 519 838 566 est.

637 602 732 660 IX.
765 604 1027 666 Solislala
1052 605 1492 672 suntbeneiicia;
1527 607 1711 662 omnia
1745 613 2014 660 tcrrarmn
2043 621 2165 675 spa-

567 693 661 762 tia,
693 697 937 754 ninnium
978 697 1385 764 domiciliorum
1417 698 1606 752 oculos
1634 699 1830 767 replet.
1875 707 1930 752 et
1961 699 2163 753 illumi.

564 797 679 855 nat,
711 801 769 846 et
797 806 827 847 tl
850 806 910 847 se
935 793 1017 846 sui
1048 794 1203 862 copia
1247 808 1351 846 non
1399 791 1627 846 recedit.
1672 791 1867 848 Munus
1897 807 2052 850 suum
2087 791 2165 844 εἴη

567 883 748 940 fundit
775 895 831 942 et
855 887 1383 956 recipittmtumque
1415 885 1664 955 possidet
1691 895 1954 956 quantum
1991 882 2168 939 fuerat

566 989 693 1044 ante
723 980 980 1052 largitus;
1013 979 1204 1043 donat,
1239 987 1294 1035 et
1335 979 1660 1036 donator-um
1695 993 1882 1036 rerum
1913 978 2166 1032 dominus

566 1073 862 1130 invenitur.
893 1076 1034 1134 Haut
1065 1074 1246 1139 aliter,
1280 1073 1614 1142 charissimi,
1645 1083 1771 1127 ante
1802 1072 1942 1128 diem
1972 1070 2163 1141 judicii

564 1169 618 1226 in
648 1183 874 1230 cunctas
903 1170 1188 1238 Basilicas,
1216 1169 1269 1225 in
1297 1184 1489 1224 omnes
1517 1168 1806 1233 ceclesias,
1839 1167 1893 1221 in
1925 1164 2163 1219 omnium

563 1261 801 1332 denique
847 1261 1084 1318 ﬁdelium
1118 1275 1306 1332 pectus
1336 1261 1606 1332 iustorum
1637 1258 1900 1332 splendor
1925 1257 2165 1312 ἱιιιιιιηιὶτ

567 1364 677 1423 tur,
703 1359 753 1412 in
786 1374 847 1412 se
872 1359 1079 1413 scilicet
1105 1359 1381 1414 rediturus
1402 1372 1527 1412 cum
1555 1371 1843 1426 personam
1867 1353 2166 1423 sumpserit

560 1449 879 1520 judicautis.
913 1450 970 1507 Si
998 1451 1086 1506 cui
1119 1451 1240 1506 iiiis
1269 1452 1370 1506 ista
1400 1451 1735 1520 comparatio
1787 1447 2075 1511 videbitur,
2109 1445 2162 1499 in

565 1543 669 1601 hoc
696 1546 927 1616 accipiat
955 1547 1261 1616 ttiajestatis
1286 1562 1432 1615 esse,
1460 1561 1572 1601 non
1599 1545 1826 1610 erroris,
1852 1541 1994 1612 quod
2024 1542 2161 1596 divi-

562 1641 649 1697 nis
689 1642 1089 1709 corruptibilis,
1141 1640 1286 1713 quod
1348 1642 1560 1712 tnaguis
1609 1655 1774 1710 parva
1828 1639 2157 1693 collidimus.

564 1732 865 1792 Primordia
897 1751 1019 1806 quae
1047 1735 1266 1805 generis
1297 1746 1419 1789 sunt
1453 1734 1718 1804 expertia,
1751 1734 2000 1788 nesciunt
2030 1729 2162 1785 deli-

2269 520 2323 566 et
2355 512 2556 579 donat,
2604 520 2706 566 nec
2749 520 2932 567 tamen
2963 511 3172 580 patitur
3203 511 3549 582 dispendium
3583 511 3869 582 largitatis.

2269 603 2361 660 Sic
2399 603 2584 659 Sancti
2631 616 2756 660 sunt
2798 605 2918 660 sine
2949 603 3151 662 damno
3190 606 3429 678 muuilici
3455 646 3468 670 ,
3503 605 3624 660 sine
3658 602 3872 662 addita.

2270 708 2456 752 mento
2491 696 2673 766 pleni,
2701 696 2782 751 sic
2808 696 2873 754 ad
2901 711 2999 754 uos
3023 697 3141 754 sine
3167 697 3636 767 peregrinationis
3660 694 3875 754 iastidio

2273 801 2662 862 pervenerunt.
2704 789 2758 846 in
2794 791 3044 859 reliquiis
3075 808 3206 862 ergo
3235 791 3538 848 admnuiiio
3579 789 3872 861 perfectius

2270 885 2355 942 nis
2387 894 2504 952 cst,
2538 899 2644 938 non
2679 883 2966 943 divisionis
3007 884 3231 955 injuria.
3279 883 3554 955 Quidquid
3586 901 3655 939 es
3687 885 3869 954 dispa-

2272 979 2358 1035 rili
2415 979 2774 1048 conceptione
2828 977 3134 1044 formatur,
3195 991 3250 1034 et
3319 995 3429 1035 non
3487 979 3648 1049 primi
3714 977 3875 1036 [οιιιίσ

2272 1073 2483 1143 liquore
2535 1073 2898 1143 pertunditur,
2944 1073 2993 1128 id
3039 1074 3303 1134 caducum
3344 1089 3467 1129 esse
3498 1089 3730 1129 necesse
3769 1083 3872 1130 est.

2269 1167 2361 1226 Snl
2397 1179 2453 1224 et
2481 1168 2660 1226 sidera
2683 1209 2696 1234 ,
2740 1169 2933 1232 tellus,
2974 1177 3028 1226 et
3057 1169 3275 1224 residua
3311 1169 3531 1224 nomina
3563 1169 3866 1224 vanitatum

2269 1262 2540 1332 recipiunt
2572 1262 3095 1332 corruptibililatcm
3119 1307 3133 1332 ,
3167 1264 3294 1332 quin
3329 1277 3436 1320 non
3482 1261 3682 1317 habent
3717 1276 3876 1316 exor-

2268 1359 2416 1414 dium
2453 1359 2718 1430 spiritaie.
2765 1359 3094 1415 Sanctorum
3136 1370 3318 1414 autem
3364 1358 3581 1428 passio,
3632 1358 3867 1413 imitatio

2267 1454 2466 1510 Christi
2500 1464 2614 1517 est,
2661 1465 2717 1508 et
2757 1454 3013 1510 Christus
3053 1465 3136 1510 est
3170 1455 3333 1510 Deus.
3384 1455 3529 1525 Ergo
3561 1471 3673 1508 non
3708 1464 3792 1510 est
3823 1455 3870 1510 in

2267 1545 2612 1618 plenitudine
2645 1546 2935 1602 inserenda
2963 1547 3188 1615 divisio,
3219 1547 3314 1602 sed
3349 1548 3403 1602 in
3430 1545 3547 1619 ipsa
3581 1547 3870 1614 divisione,

2267 1657 2388 1711 qum
2425 1641 2598 1702 oculis
2637 1640 2916 1712 subiacet,
2966 1641 3326 1712 plenitudinis
3363 1651 3445 1696 est
3491 1642 3701 1696 veritas
3741 1640 3872 1696 adeo

2268 1735 2458 1791 randa.

562 1827 688 1884 uiri.
719 1827 979 1882 inclinata
1007 1828 1317 1883 substantia
1351 1827 1574 1884 Deitatis
1598 1828 1650 1882 iu
1673 1844 1733 1882 se
1761 1843 1873 1882 διιεε
1903 1825 2160 1880 similitu-
2195 1821 2242 1888 Β
2341 1832 2410 1886 Χ,
2454 1831 2565 1887 Cur
2599 1833 2763 1903 igitur
2803 1832 3063 1901 reliquias
3101 1831 3483 1904 appellamus?
3528 1830 3653 1901 quia
3695 1846 3872 1895 rerum

562 1921 706 1977 diuis
729 1922 927 1977 retinet
957 1921 1302 1993 dignitatem.
1333 1921 1443 1978 Nec
1474 1922 1734 1994 qualitas,
1767 1937 1866 1977 nec
1887 1921 2164 1991 quantitas

558 2018 848 2085 reperitur,
883 2017 970 2073 cui
1001 2017 1246 2071 Trinitas
1277 2017 1452 2088 possit
1480 2018 1710 2088 mquari.
1738 2016 1996 2074 Caelestis
2027 2015 2165 2070 ratio

562 2109 808 2177 docetur,
851 2127 956 2165 non
985 2122 1367 2178 comparatur;
1398 2112 1725 2176 insinuatur,
1776 2126 1880 2164 non
1915 2121 2160 2163 ornatur.

560 2202 756 2262 Docuit
803 2220 934 2274 ergo
980 2219 1080 2258 nos
1111 2204 1455 2264 divinitatem
1499 2207 1634 2260 solis
1677 2205 2009 2274 exemplum.
2044 2201 2162 2260 Non

561 2305 746 2353 tanien
773 2313 832 2352 se
862 2299 1078 2360 miscuit
1108 2299 1330 2353 unitati.
1365 2299 1484 2355 Jam
1521 2297 1654 2353 illud
1686 2298 1939 2353 omnibus
1965 2298 2162 2367 liquet,

559 2409 626 2450 es
657 2396 827 2450 nihiio
860 2396 1025 2449 Deum
1062 2393 1279 2460 fecisse,
1304 2395 1446 2465 quod
1491 2411 1602 2450 non
1644 2403 1782 2459 erat,
1827 2392 1970 2448 unde
2020 2407 2166 2461 saepe

559 2489 964 2546 dialecticorum
995 2490 1149 2546 virus
1173 2499 1199 2532 ³
1225 2490 1468 2546 eliditur.

631 2584 691 2641 Si
716 2587 862 2639 enim
885 2601 950 2639 ex
974 2585 1120 2639 inani
1153 2601 1336 2640 rerum
1367 2591 1556 2639 auctor
1591 2584 1734 2638 Deus
1755 2598 1849 2638 vas
1873 2582 1976 2637 hec
2005 2581 2166 2652 spiri-

561 2680 690 2746 tale,
711 2689 766 2734 et
789 2679 1028 2734 membra
1053 2679 1381 2749 composuit,
1409 2695 1507 2736 cur
1532 2695 1638 2734 nou
1668 2679 1842 2748 potuit
1863 2677 2161 2732 animatum

559 2789 782 2842 corpus,
832 2785 886 2830 ct
919 2775 1070 2830 velut
1117 2775 1400 2845 sanguinis
1447 2774 1716 2830 termento
1763 2774 2042 2845 globatum
2097 2772 2162 2826 ad

557 2864 643 2920 sui
676 2864 898 2919 luminis
927 2864 1232 2921 transferre
1248 2865 1650 2920 substantiam?
1673 2865 1781 2920 Sed
1810 2865 1982 2920 nosiu
2014 2875 2163 2918 tanta

556 2959 927 3030 gratulatione
951 2959 1150 3014 librum
1175 2959 1406 3014 tumultu
1428 2961 1790 3029 quaestionum
1824 2957 2159 3014 refereimus.

559 3051 670 3109 Nec
701 3054 1001 3120 iuunerito,
1034 3053 1312 3124 indagatio
1340 3055 1485 3110 enim
1515 3053 1782 3121 veritatis,
1810 3053 2060 3122 voluptas
2081 3061 2165 3107 est

557 3147 910 3218 inquirentis.
958 3147 1048 3205 Sic
1080 3149 1246 3216 Deus,
1281 3150 1360 3204 sic
1409 3148 1662 3204 Salvator
1690 3149 2028 3219 agnoscitur,
2083 3147 2160 3202 sic

2269 1925 2566 1996 imagines,
2619 1935 2676 1981 et
2730 1927 2883 1994 signa
2931 1935 3060 1980 sunt
3105 1926 3311 1992 verba,
3362 1924 3653 1995 subjicitur
3705 1925 3874 1980 oculis

2268 2035 2437 2074 cruor
2465 2030 2518 2074 et
2562 2019 2746 2073 limus.
2793 2018 2848 2074 ld
2897 2033 2998 2074 nos
3041 2019 3399 2089 reliquiarum
3447 2020 3710 2080 nomine.
3750 2017 3872 2088 quia

2268 2113 2430 2168 aliter
2461 2128 2570 2173 non
2613 2128 2933 2181 possumus,
2967 2111 3116 2168 velut
3141 2112 3305 2166 viridi
3338 2112 3614 2167 sermonis
3647 2111 3875 2182 impres-

2267 2204 2422 2262 sione
2474 2206 2771 2276 siguaums.
2835 2204 2943 2260 Sed
3007 2220 3104 2260 nos
3163 2221 3305 2259 nunc
3367 2213 3538 2259 totum
3603 2203 3658 2258 in
3722 2213 3874 2273 parte

2267 2298 2540 2367 dicendo,
2598 2315 2703 2351 non
2761 2297 3134 2367 corporalium
3189 2297 3453 2358 luminum
3507 2296 3730 2363 obices,
3780 2295 3872 2352 sed

2267 2392 2452 2448 cordis
2493 2393 2682 2448 oculos
2715 2393 3013 2459 aperimus.
3057 2390 3172 2446 Non
3220 2391 3366 2446 enim
3399 2405 3489 2452 res
3526 2389 3744 2454 verbis,
3779 2387 3870 2444 διιά

2267 2485 2429 2540 verba
2460 2485 2708 2540 serviunt
2749 2483 2932 2538 rebus.
2969 2482 3125 2538 Unde
3156 2483 3352 2546 quintis
3389 2496 3713 2538 srrmnnum
3745 2480 3874 2540 tusis

2266 2577 2399 2647 diis,
2431 2593 2519 2632 res
2545 2593 2668 2632 eum
2696 2594 2754 2632 re
2778 2620 2792 2644 ,
2826 2576 2968 2632 ratio
2988 2591 3111 2632 cum
3140 2576 3353 2632 ratione
3379 2575 3661 2644 conﬂigat.
3685 2574 3870 2640 Omni.

2267 2688 2391 2741 pars
2418 2715 2432 2739 ,
2476 2687 2598 2742 qua:
2628 2671 2830 2726 dicitur
2863 2671 3075 2740 species
3103 2715 3117 2739 ,
3150 2684 3375 2726 necesse
3409 2680 3490 2731 est
3521 2711 3534 2732 .
3571 2680 3628 2730 ut
3660 2667 3872 2740 generi!

2266 2765 2320 2820 in
2345 2781 2405 2822 se
2433 2767 2541 2820 vim
2573 2764 3062 2831 deﬁnitioncmqtlc
3091 2763 3378 2834 suscipiat.
3425 2761 3560 2822 Nam
3587 2778 3712 2822 Otttn
3758 2761 3872 2817 anis

2270 2859 2372 2914 iuai
2426 2873 2550 2913 esse
2589 2857 2952 2914 substantiam
3003 2858 3340 2922 animataiu,
3397 2855 3872 2924 substantiaumua

2268 2951 2586 3014 sensibilcm
2611 2950 2832 3016 dixero,
2859 2950 3019 3006 simul
3041 2948 3158 3007 dixi
3183 2957 3239 3006 et
3269 2949 3521 3014 homines
3542 2991 3556 3014 .
3589 2959 3647 3011 et
3672 2947 3863 3016 boves,

2265 3056 2320 3102 et
2364 3057 2689 3101 cmterorum
2731 3046 3095 3102 animantium
3135 3045 3546 3108 deﬁnitionem.
3600 3043 3874 3116 qitnmtttiti

2267 3150 2351 3194 cst
2380 3141 2544 3194 homo
2574 3141 2664 3210 qui
2699 3155 2807 3195 non
2843 3139 3074 3209 percipit
3103 3153 3224 3209 qius
3256 3135 3354 3204 Dei
3376 3151 3524 3201 sunt.
3555 3137 3722 3204 Quod
3751 3137 3796 3198 si
3819 3137 3873 3202 in

561 3243 866 3313 triumphus
917 3252 1204 3314 porrectus
1268 3242 1601 3302 salutaribus
1653 3218 1892 3296 brachiis
1947 3240 2159 3295 inveni-
2186 3218 2232 3286 Ε
2261 3236 2480 3306 generis
2517 3233 2838 3294 deﬁnitione
2873 3233 3035 3294 etiam
3068 3233 3377 3303 specierum
3429 3242 3715 3295 momenta
3748 3249 3873 3302 pen.-

557 3344 688 3404 tur,
759 3338 841 3392 sic
911 3338 1234 3408 corporibus
1292 3348 1533 3393 aeternus
1603 3335 1868 3406 splendor
1927 3331 2160 3404 acquiri-

561 3440 669 3489 tur.
744 3431 983 3500 Angelos
1055 3432 1239 3500 ignitze
1295 3430 1595 3500 niajestatls
1667 3427 1917 3499 spiritum
1985 3425 2162 3481 conti-

560 3541 692 3580 nere
765 3526 978 3580 caelesti
1053 3525 1304 3580 oratione
1380 3522 1716 3594 percipimus
1773 3540 1786 3575 :
1862 3521 1941 3577 sic
2011 3519 2157 3575 enim

552 3617 823 3687 legimus:
858 3618 961 3686 Qui
993 3619 1122 3688 facit
1152 3617 1365 3688 angelos
1392 3635 1514 3672 suos
1543 3618 1782 3687 spiritus,
1818 3625 1865 3669 et
1889 3614 2160 3669 ministros

558 3713 730 3784 ignem
760 3722 1012 3765 urentem.
1045 3710 1193 3782 Ergo
1225 3713 1268 3765 si
1300 3711 1355 3764 in
1388 3725 1622 3779 corpore
1648 3725 1814 3765 cruor
1844 3717 1928 3764 est
1949 3749 1961 3771 ,
1995 3722 2162 3762 cruor

559 3813 739 3858 autem
779 3804 896 3874 ipse
925 3819 1163 3874 superno
1195 3805 1457 3861 miscetur
1487 3803 1702 3874 ardori,
1740 3803 1879 3858 nihil
1911 3813 2160 3873 superest

560 3899 887 3971 quaestionis
907 3941 922 3966 ,
949 3899 1079 3968 quin
1108 3915 1270 3954 unam
1303 3899 1670 3969 eamdemque
1699 3899 1984 3953 beatorum
2009 3899 2162 3952 colli-

560 4009 754 4066 gamus
783 4009 906 4049 esse
933 4010 1058 4048 cum
1093 3992 1460 4048 universitate
1487 3981 1988 4048 concordiam/Illa
2015 4006 2159 4046 nunc

557 4102 674 4156 est,
727 4087 1076 4157 charissimi,
1128 4103 1192 4143 es
1247 4088 1444 4143 animis
1501 4086 1708 4143 uestris
1765 4085 2154 4156 abstergenda,

557 4185 936 4254 abolenilaque
975 4185 1220 4253 saepiclo
1243 4230 1256 4254 ,
1293 4201 1360 4238 ne
1393 4184 1515 4255 quis
1555 4183 1696 4238 forte
1729 4182 1938 4254 vulgari
1967 4197 2159 4238 errore

557 4280 824 4348 deceptus
857 4279 909 4333 in
944 4277 1186 4347 minutiis
1209 4277 1515 4347 iustorum,
1549 4285 1605 4332 et
1634 4275 1686 4330 in
1727 4275 1829 4331 hac
1856 4275 2155 4346 apostolica

557 4375 1019 4444 censeeratione,
1053 4390 1160 4430 non
1195 4383 1349 4445 putet
1378 4374 1549 4428 totius
1580 4387 1860 4443 corporeae
1891 4370 2161 4442 passionis

557 4469 862 4526 consistere
907 4469 1220 4523 veritatem.
1273 4465 1383 4521 Nos
1423 4474 1605 4521 autem
1649 4465 1700 4518 id
1753 4473 1861 4518 tota
1913 4463 2051 4528 nde,
2102 4471 2159 4517 et

557 4561 887 4618 auctoritate
925 4559 1268 4627 clamamus,
1322 4557 1376 4612 in
1421 4557 1671 4627 reliquiis
1712 4555 1846 4610 nihil
1888 4570 2012 4610 esse
2050 4569 2155 4609 non

2265 3342 2482 3398 santur,
2509 3329 2604 3401 qui
2635 3330 2756 3385 ﬁeri
2787 3339 2965 3399 potest
2989 3371 3002 3396 ,
3030 3337 3087 3384 ut
3114 3330 3165 3383 in
3194 3327 3444 3398 reliquiis
3467 3343 3577 3388 non
3601 3326 3671 3388 sit
3701 3327 3874 3397 pleni-v

2265 3427 2394 3483 tudo
2446 3429 2722 3494 carnalis,
2779 3425 2807 3466 ι)
2857 3441 2980 3482 cum
3027 3426 3098 3480 sit
3145 3423 3341 3480 eadem
3385 3425 3526 3481 ratio
3572 3421 3874 3492 spiritalis?

2264 3520 2622 3577 Ostendimus
2651 3519 2837 3590 itaque
2867 3518 2922 3574 in
2958 3528 3113 3588 parte
3146 3528 3319 3572 totum
3351 3531 3474 3571 esse
3505 3529 3694 3587 posse.
3724 3513 3874 3576 Unda

2267 3615 2419 3684 queri
2458 3615 2568 3682 jam
2607 3612 2679 3667 de
2721 3612 3020 3683 exiguitate
3052 3627 3160 3667 non
3209 3622 3539 3680 possumus;
3587 3623 3714 3668 nam
3752 3621 3870 3669 rum

2264 3705 2567 3762 dixerimus
2597 3706 2663 3759 ad
2709 3707 2884 3760 instar
2913 3705 3165 3775 generis,
3205 3703 3340 3759 nihil
3372 3701 3744 3764 sacrosanctis
3775 3714 3867 3772 pce

2263 3801 2376 3855 rire
2407 3799 2734 3870 corporibus
2752 3841 2766 3864 ,
2791 3809 2943 3854 certe
2967 3797 3096 3862 illud
3121 3797 3516 3868 assignavimus
3536 3841 3550 3865 ,
3575 3813 3687 3858 non
3713 3808 3867 3864 posse

2262 3893 2464 3960 minui,
2508 3891 2651 3962 quod
2684 3890 2926 3946 divinum
2975 3900 3088 3960 est,
3137 3891 3262 3961 quia
3301 3898 3470 3951 totum
3514 3889 3569 3950 in
3603 3896 3720 3951 toto
3760 3899 3861 3955 est,

2263 3986 2329 4040 Et
2368 3985 2455 4039 ubi
2488 3995 2569 4038 est
2603 3983 2836 4055 aliquid,
2875 3983 2946 4038 ibi
2980 3991 3148 4044 totum
3185 3990 3291 4040 est.
3325 3982 3535 4051 Corpus
3564 3990 3748 4047 autem
3782 3981 3858 4040 in-

2264 4079 2501 4136 lectioue
2522 4079 2745 4146 spiritus
2765 4078 3042 4146 mternari,
3069 4077 3251 4140 divina
3276 4075 3588 4147 colligimus
3613 4075 3868 4143 lectione.-

2261 4175 2620 4234 Conelnditur
2649 4190 2813 4245 ergo,
2857 4183 2915 4231 ut
2949 4173 3083 4229 nihil
3123 4173 3360 4244 amplius
3398 4172 3754 4234 desideretur
3782 4170 3867 4232 ubi

2262 4272 2544 4344 plenitudo
2575 4272 2826 4332 sentitur.
2859 4269 3100 4325 Ducendi
3125 4270 3300 4339 gratia
3334 4267 3388 4322 in
3413 4266 3562 4324 facili
3588 4267 3684 4330 iiio
3709 4309 3723 4336 ,
3748 4282 3863 4338 por.-

2261 4368 2592 4438 vuigatoque
2639 4364 3004 4436 persistamus
3049 4362 3322 4433 exemplo.
3367 4361 3509 4432 Ignis
3551 4361 3714 4432 juhar-
3745 4361 3870 4423 dicis

2265 4477 2386 4516 mus
2414 4504 2428 4527 ,
2473 4460 2715 4515 colorem
2758 4458 3026 4519 dicimus,
3067 4466 3122 4512 et
3165 4467 3346 4514 tamen
3384 4455 3526 4512 idem
3569 4457 3866 4525 imperante

2267 4564 2460 4609 natura
2516 4569 2617 4609 nec
2663 4552 2810 4608 aliud
2863 4551 2934 4607 ab
2980 4550 3127 4617 alio,
3184 4550 3286 4607 nisi
3321 4548 3438 4607 sola
3485 4548 3725 4608 amnicis
3766 4547 3869 4612 dir

559 4656 803 4724 plenum.
853 4651 988 4708 Nam
1036 4618 1435 4721 integri'artus
1480 4618 1640 4715 sunt,
1685 4649 1775 4702 ubi
1822 4649 2161 4718 csté'integra
2190 4618 2532 4704 1)tinclioue
2579 4648 2856 4703 dividitur.
2911 4645 3026 4702 Lux
3068 4644 3417 4716 splendorem
3459 4643 3726 4713 parturit.
3773 4657 3866 4706 tice

559 4746 853 4802 medicina.
895 4745 1126 4800 Carnem
1162 4743 1401 4798 dicimus
1434 4741 1646 4812 glutine
1674 4741 1958 4812 sanguinis
1990 4741 2164 4797 conti-

560 4839 713 4908 neri,
758 4839 1015 4907 spiritum
1057 4851 1279 4908 quoque
1321 4835 1630 4890 madentem
1675 4835 1956 4906 sanguinis
2000 4851 2155 4906 rore,

557 4933 872 4990 ﬂammeum
893 4931 1056 4988 Verbi
1080 4930 1422 4986 afﬁrmamus
1451 4929 1673 4985 duxisse
1704 4930 1978 4986 ardorem.
2005 4931 2159 5001 Quod

559 5041 682 5082 cum
708 5027 780 5079 ita
805 5025 896 5094 sit,
921 5023 1291 5078 certissimum
1319 5032 1404 5078 est
1432 5023 1755 5094 Apostolus,
1787 5024 2161 5096 Martyresque

555 5127 775 5174 nostros
827 5115 1053 5186 integris
1095 5115 1162 5170 ad
1219 5129 1318 5171 nos
1368 5117 1589 5172 venisse
1631 5115 1948 5173 virtutibus.
1990 5117 2045 5172 id
2086 5119 2158 5174 ita

559 5230 706 5280 esse,
731 5213 895 5268 etiam
924 5211 1288 5282 praesentibus
1304 5211 1586 5268 beneﬁciis
1611 5211 1988 5267 admonemur.
2021 5212 2154 5268 Nam

557 5328 682 5368 cum
710 5310 800 5382 jus
837 5307 1206 5362 translationis
1237 5307 1372 5378 ipsis
1418 5306 1727 5363 volentibus
1759 5323 2152 5378 agnoscamus,

554 5404 692 5460 illud
739 5400 1127 5471 intelligimus,
1178 5416 1285 5453 non
1336 5400 1484 5470 ipsos
1530 5399 1636 5454 sibi
1686 5399 1893 5456 inferre
1933 5402 2155 5470 propria

555 5497 1007 5555 disseminatione
1057 5494 1365 5562 iacturam,
1428 5493 1522 5548 sed
1574 5509 1835 5565 spargere
1889 5495 2154 5551 beneiicia

593 5739 604 5752 .
629 5676 656 5706 ⁸
686 5662 978 5752 Monachus
1004 5657 1375 5752 Sangai‘lensils
1399 5656 1674 5752 annotavit
1693 5655 1834 5752 forte
1858 5655 2147 5727 legendum

559 5739 742 5812 virtut.
774 5744 831 5804 si
851 5734 1068 5819 quidem
1103 5727 1272 5798 recte:
1309 5729 1434 5810 llaec
1465 5738 1653 5798 contra
1681 5727 1909 5811 Atheos.

629 5809 657 5849 δ
688 5797 820 5863 Cum
872 5804 1160 5877 particulas
1208 5801 1488 5877 sensimus
1522 5813 1778 5877 genere".
1825 5801 2084 5877 duntaxat
2122 5817 2153 5856 c

559 5881 803 5951 pluribus
830 5871 1045 5936 Sanctis
1073 5871 1367 5945 acceperit,
1395 5873 1669 5944 signiilcat
1701 5882 1879 5928 tamen
1913 5871 2155 5930 modicas

2273 4753 2454 4798 tamen
2493 4743 2629 4797 lucis
2674 4751 2728 4796 et
2767 4739 3078 4809 splendoris
3124 4739 3185 4794 iit
3225 4739 3332 4794 ulla
3367 4737 3651 4802 discretis.
3698 4737 3863 4798 nemo

2273 4835 2390 4908 ipse
2421 4833 2474 4889 in
2507 4849 2574 4890 eo
2601 4876 2615 4902 ,
2645 4833 2790 4904 quod
2818 4833 2982 4888 homo
3005 4842 3091 4889 est
3110 4877 3126 4900 ,
3158 4849 3327 4890 unum
3361 4841 3513 4890 tenet
3540 4847 3668 4898 cum
3693 4829 3866 4894 omni-

2269 4929 2371 4983 bus
2402 4929 2659 4986 nascendi
2696 4927 3082 4986 communione
3126 4927 3437 4999 collegium.
3470 4926 3570 4982 Es
3596 4971 3612 4996 ,
3643 4942 3863 4994 aurum,

2267 5030 2322 5076 et
2348 5021 2552 5092 reliqua
2582 5037 2783 5092 genere
2812 5021 3157 5076 metallorum
3182 5064 3198 5088 ,
3231 5020 3480 5091 quamvis
3507 5020 3562 5078 in
3589 5020 3862 5082 diversum

2271 5115 2502 5174 hamatis
2531 5115 2774 5172 avaritia:
2809 5115 3081 5186 unguibus
3118 5115 3419 5184 rapiantur,
3450 5123 3636 5175 tamen
3669 5113 3863 5174 habent

2269 5209 2563 5265 individua)
2600 5208 2919 5264 substantia:
2950 5209 3289 5280 qualitatem.
3333 5205 3516 5272 Claret
3557 5208 3720 5278 igitur
3749 5222 3866 5276 spe-

2266 5308 2380 5364 cies
2425 5306 2490 5360 ad
2543 5318 2791 5361 naturam
2837 5304 3050 5361 reisrri.
3096 5304 3277 5361 Claret
3323 5304 3484 5374 igitur
3519 5303 3575 5364 iu
3626 5303 3864 5372 reliquiis

2267 5402 2660 5472 perfectionem
2688 5401 3060 5468 membrorum
3101 5415 3252 5465 esse,
3286 5399 3409 5470 quia
3444 5399 3588 5462 inest
3627 5401 3681 5460 in
3711 5397 3864 5470 spiri-

2263 5495 2360 5551 tali
2409 5495 2717 5560 sacratione
2769 5496 3128 5552 consortium.
3178 5493 3365 5562 Qualis
3404 5492 3553 5560 enim
3593 5492 3858 5556 emittitis.

2263 5657 2428 5711 hasce
2459 5657 2742 5727 Reliquias
2793 5655 3151 5727 nihilominus
3193 5654 3374 5724 magni
3407 5653 3694 5710 habendas
3721 5669 3856 5711 esse.

2259 5728 2419 5784 Plura
2454 5729 2542 5783 hic
2571 5726 2623 5784 et
2649 5743 2809 5799 supra
2839 5729 3086 5797 congerit
3113 5726 3180 5781 de
3207 5727 3610 5799 intercessione
3639 5727 3860 5794 Sancto-

2260 5816 2400 5869 rum,
2437 5811 2491 5855 et
2515 5797 3102 5880 pluraproppuigeirea
3124 5797 3403 5869 sanguinis
3421 5799 3856 5880 pra-rogatiram,

2258 5888 2421 5944 quem
2447 5871 2607 5928 voeat
2639 5871 2890 5926 Minatius
2918 5871 3252 5926 Sanctorum.
