4084 6342
533 308 642 368 855

1483 314 1544 371 S.
1586 306 1908 368 VICTRICII
1951 304 2267 365 EPISCOPI
2310 307 2894 366 ROTHOMAGENSIS

3731 304 3833 364 456

536 425 646 495 puli
680 434 983 492 tom-creat,
1020 424 1198 480 omnis
1226 434 1362 480 retas
1391 425 1444 480 in
1477 424 1718 479 stndimn
1751 423 1948 488 divisa,
2002 421 2133 475 ado-
2161 424 2212 483 Α
2244 422 2566 478 Salvatoris.
2594 423 2751 479 Dedit
2771 425 3106 494 exetnplum,
3132 422 3297 479 mittit
3319 421 3540 479 auxilia.
3561 421 3728 478 Certa
3754 422 3835 477 vi-

533 534 658 574 reas
686 517 776 592 [ιιι
795 530 868 574 est
890 519 1125 594 laudes],
1155 519 1424 575 etbellica
1456 517 1594 573 facta
1622 525 1890 579 cantaret,
1912 514 2133 583 paluda-

532 615 699 670 menti
717 615 961 668 flammas
984 629 1048 669 ac
1068 613 1291 686 Tyrium
1321 611 1580 668 muricem
1613 609 1928 672 miraretur,
1949 617 2132 676 stupe-

533 717 638 775 ret,
669 705 842 762 Rubri
898 708 1128 778 pretium
1165 705 1348 770 maris,
1380 714 1433 760 et
1453 704 1662 776 gelatas
1713 701 1985 772 lacrymas
2020 699 2134 756 bel-

533 801 776 859 luarum:
810 801 1108 874 etquidem
1143 799 1386 856 miranda
1415 801 1458 853 si
1493 799 1702 867 videas,
1729 793 2130 852 contemnenda

531 897 576 953 si
600 896 1092 968 cogites;denique
1115 894 1323 964 lapides
1345 893 1726 964 appellantur;
1749 891 1866 946 haec
1884 890 2128 959 inquam,

534 990 771 1048 hiantem
825 991 1082 1062 populum
1128 989 1463 1045 detinerent.
1521 992 1591 1042 At
1628 1003 1759 1043 vero
1805 985 2129 1049 beatissimi,

528 1101 652 1142 cum
680 1074 973 1155 Martyrum
999 1082 1328 1154 triumphus,
1352 1093 1403 1139 et
1430 1097 1624 1155 pompa
1651 1080 1912 1136 virtutum
1947 1089 2132 1134 nostra

533 1187 675 1234 tecta
719 1178 1042 1239 succedunt.
1087 1193 1184 1233 cur
1211 1192 1317 1232 non
1351 1175 1631 1231 solvamur
1661 1175 1715 1228 in
1740 1173 1976 1244 gaudia?
2024 1170 2132 1226 Nec

531 1271 687 1329 deest
716 1271 859 1343 quod
916 1272 1211 1328 miremur:
1246 1285 1348 1340 pro
1375 1269 1546 1340 regali
1577 1269 1776 1322 amictu
1819 1276 2019 1337 praesto
2050 1274 2130 1318 est

532 1366 721 1422 teterni
757 1365 977 1421 luminis
1009 1364 1409 1420 indumentum.
1444 1363 1543 1418 Hic
1582 1376 1852 1432 purpura,
1881 1359 1969 1414 hic
1995 1370 2130 1429 toga:

527 1459 718 1516 liberte
746 1467 1064 1514 sanctorum
1093 1467 1240 1523 sunt,
1272 1457 1360 1512 hic
1377 1455 1681 1511 diademata
1705 1452 1868 1508 variis
1893 1467 2132 1522 gemma-

529 1569 650 1609 rum
705 1551 961 1607 distinela
1020 1549 1350 1614 luminibus,
1418 1546 1734 1618 sapientiae,
1785 1543 2127 1606 intellectus,

531 1643 802 1710 scientiar,
830 1643 1098 1707 veritatis,
1135 1641 1380 1705 consilii,
1414 1637 1768 1704 fortitudinis,
1796 1635 2126 1697 tolerantiae,

530 1735 1194 1808 tetnperantize,justitize,
1222 1732 1552 1805 prudentire,
1584 1731 1882 1802 patientiae,
1905 1731 2127 1786 castita-

2239 519 2409 570 etoria
2439 526 2523 572 est
2549 533 2671 573 cmn
2702 518 2904 573 talibus
2924 517 3417 585 commilitonibus,
3449 526 3650 575 etcum
3681 515 3833 572 Chri-

2236 619 2322 663 sto
2352 610 2685 678 imperatore
2709 627 2951 682 pugnare
2977 626 2992 676 ;
3017 621 3146 666 tunc
3177 611 3422 682 profecto
3455 611 3510 666 in
3536 626 3626 666 me
3653 610 3835 682 splen-

2237 701 2386 756 debit
2412 703 2564 772 galea
2591 702 2924 771 Sacerdotis,
2955 705 3000 758 si
3032 719 3118 758 me
3142 705 3195 760 in
3223 704 3341 760 acie
3375 704 3628 760 charitas
3657 715 3832 760 vestra

2235 796 2617 866 perspexerit;
2653 797 2964 852 incendium
2991 797 3181 868 glorize
3213 807 3318 859 est.
3348 798 3506 855 vobis
3533 797 3833 863 Spectanti-

2236 892 2358 958 bus,
2394 890 2549 945 Vobis
2575 893 2933 962 sequentibus
2974 892 3260 948 dimicare.
3294 892 3430 949 Tuta
3455 892 3648 960 Statio,
3671 901 3728 949 et
3749 909 3832 950 sa-

2237 981 2364 1036 lutis
2407 983 2809 1040 munitiSsimus
2853 999 3043 1056 portus
3100 993 3184 1040 est
3226 983 3360 1041 ﬁdes
3422 985 3757 1042 inconcussa
3783 995 3833 1042 et

2233 1079 2540 1133 constantia
2585 1079 2870 1149 spiritalis.
2902 1081 3052 1136 Bona
3084 1082 3193 1136 vita
3228 1082 3360 1137 nihil
3391 1081 3639 1154 prodest,
3663 1082 3711 1139 si
3744 1097 3832 1139 ne-

2234 1171 2377 1226 scias
2402 1172 2488 1226 cui
2515 1172 2687 1227 vivas.
2711 1172 2769 1228 In
2814 1175 2987 1228 altum
3019 1174 3197 1245 rapiet
3231 1177 3393 1231 turbo
3437 1186 3729 1232 ventorum
3755 1177 3830 1231 le-

2236 1282 2354 1320 vem
2383 1275 2440 1322 et
2470 1268 2812 1323 incredulam
2841 1280 3103 1326 mentem.
3128 1270 3294 1326 Fides
3335 1281 3423 1327 est
3455 1287 3580 1343 qua:
3605 1271 3830 1328 Sanetos

2233 1360 2380 1415 vexit
2403 1360 2467 1415 ad
2491 1361 2692 1418 coelum
2721 1379 2736 1429 ;
2771 1361 2904 1418 ﬁdes
2935 1375 3020 1419 est
3046 1382 3167 1434 quae
3195 1367 3444 1421 ﬁammas
3467 1367 3638 1422 vertit
3666 1366 3720 1422 in
3749 1382 3830 1422 ro-

2233 1471 2374 1524 rem,
2405 1464 2461 1511 et
2491 1457 2542 1510 in
2578 1456 2814 1513 incendii
2845 1457 3039 1528 globos
3086 1459 3329 1516 salutare
3359 1460 3532 1532 frigus
3564 1459 3826 1526 immisit;

2231 1547 2364 1604 fides
2386 1556 2472 1604 est
2488 1564 2612 1620 qua:
2633 1550 3016 1605 fluctuantium
3036 1553 3302 1607 undarum
3329 1554 3576 1624 liquores
3589 1555 3697 1608 sub
3719 1571 3829 1608 am-

2232 1642 2512 1698 bulantum
2543 1645 2785 1715 vestigiis
2811 1646 3104 1712 solidavit;
3141 1648 3276 1704 ﬁdes
3303 1658 3386 1703 est
3412 1665 3537 1718 quae
3566 1648 3827 1721 Martyres

2232 1737 2286 1792 in
2315 1739 2624 1808 exemplum
2657 1742 2848 1797 mortis
2891 1744 3112 1799 exhibet
3144 1753 3543 1811 consecratos;
3581 1743 3721 1800 ﬁdes
3749 1750 3828 1800 est

528 1835 621 1901 tis,
648 1834 766 1890 ista:
787 1835 838 1888 in
870 1831 1142 1902 lapidibus
1174 1829 1406 1898 singulis
1437 1825 2123 1897 suntexpress:e,scriptze-

2234 1849 2355 1903 quae
2376 1831 2770 1890 Confessornm
2797 1836 3012 1892 animas
3037 1838 3266 1893 munivit
3291 1838 3345 1893 in
3372 1837 3680 1894 certamine
3712 1855 3827 1908 pas-

529 1945 635 2001 que
649 1928 904 1984 virtutes.
937 1925 1037 1981 llic
1057 1923 1391 1995 spiritalibus
1413 1922 1646 1992 gemmis
1674 1935 1907 1974 coronas
1937 1919 2132 1990 Marty-

531 2037 648 2077 rum
664 2021 858 2076 artifex
882 2019 1133 2077 Salvator
1163 2016 1398 2073 ornavit.
1429 2015 1623 2085 Adbas
1652 2029 1896 2085 gemmas
1924 2014 2130 2068 anima-

531 2133 651 2171 rum
668 2116 788 2171 vela
810 2113 1116 2180 tendamus,
1134 2111 1268 2167 nihil
1284 2111 1335 2166 in
1355 2111 1439 2166 bis
1458 2108 1650 2180 fragile
1667 2153 1681 2177 ,
1703 2109 1837 2164 nihil
1856 2107 1998 2179 quod
2017 2123 2130 2162 ma-

525 2209 615 2280 jus
645 2210 854 2263 minuat
881 2249 894 2272 ,
927 2204 1060 2261 nihil
1087 2204 1233 2276 quod
1285 2204 1486 2260 sentiat
1515 2202 1935 2257 detrimentum.
1963 2200 2130 2271 Magis

527 2322 591 2360 ac
619 2304 793 2376 magis
835 2304 888 2358 in
922 2301 1102 2372 specie
1133 2300 1432 2356 florescunt
1461 2315 1476 2365 ;
1506 2297 1830 2354 aeternitatis
1891 2294 2125 2366 insignia

529 2394 677 2451 edita
701 2409 843 2460 esse,
872 2392 1037 2448 etiam
1070 2391 1291 2462 sanguis
1317 2389 1581 2455 ostendit,
1630 2389 1719 2460 qni
1747 2388 1925 2457 ignem
1952 2387 2126 2457 Spiri-

530 2499 616 2545 tus
636 2491 809 2544 sancti
837 2488 1014 2544 adhuc
1044 2487 1221 2556 signat
1256 2487 1307 2540 in
1334 2485 1468 2556 ipsis
1499 2483 1820 2554 corporibus
1852 2479 2127 2552 reliquiis-

528 2598 634 2652 que
665 2582 1061 2638 membrorum.
1087 2579 1464 2643 Gratulamur,
1486 2576 1782 2644 carissimi,
1805 2576 2024 2646 quoties
2046 2575 2128 2628 vi-

530 2678 721 2732 demus
752 2675 1004 2732 tenebras
1036 2675 1156 2729 luce
1201 2673 1498 2728 diseussas.
1531 2669 1641 2726 Cur
1671 2687 1776 2726 non
1822 2669 2044 2725 effusius
2071 2671 2123 2726 in

531 2769 730 2841 gaudia
765 2781 1114 2839 proruamus,
1142 2781 1264 2821 cum
1285 2779 1573 2821 cernamus
1600 2763 1943 2825 salutarium,
1967 2775 2127 2819 aeter-

540 2877 841 2928 nornmque
871 2859 1134 2915 lmninum
1154 2859 1316 2928 jubar
1333 2857 1595 2912 allatum?
1613 2856 1740 2912 Dies
1760 2855 1888 2910 mihi
1911 2857 2126 2911 videtur

535 2956 786 3010 elarioris
811 2952 1120 3010 serenitatis
1166 2951 1469 3020 sumpsisse
1497 2949 1765 3005 laetitiam.
1797 2947 1908 3006 Nec
1939 2950 2128 3005 imme-

529 3052 660 3118 rito,
691 3051 938 3123 septuplo
965 3049 1132 3112 enim,
1166 3058 1225 3102 ut
1246 3047 1382 3112 dixi,
1414 3046 1682 3118 Martyres
1713 3046 1832 3100 sole
1861 3055 1988 3101 sunt
2011 3046 2124 3100 cla-

523 3146 721 3201 riores.
768 3142 876 3198 Sed
906 3156 1053 3197 nunc
1081 3140 1258 3206 nobis,
1304 3138 1690 3204 amantissimi,
1715 3137 1981 3193 orandum
2015 3145 2123 3204 est,

2232 1929 2401 1984 sionis
2430 1929 2601 1996 ;ﬁdes
2630 1941 2714 1985 est
2737 1947 2859 2003 qua)
2897 1933 3136 2003 jejunas,
3161 1943 3216 1988 et
3243 1949 3422 2000 seras,
3458 1942 3515 1988 et
3538 1933 3721 1988 aridas
3746 1947 3826 1989 es-

2231 2036 2324 2076 cas
2358 2023 2408 2077 in
2444 2022 2751 2079 humilitate
2799 2025 3042 2096 depascit
3073 2043 3087 2092 ;
3121 2026 3254 2082 ﬁdes
3286 2038 3368 2081 est
3395 2043 3517 2096 qua:
3549 2026 3827 2097 virginita-

2234 2127 2363 2186 tem,
2397 2118 2747 2187 viduitatem,
2803 2121 3194 2177 continentiam
3237 2123 3480 2177 modesta
3517 2123 3824 2193 integritate

2231 2213 2496 2280 custodit;
2521 2213 2657 2270 ﬁdes
2682 2224 2768 2270 est
2795 2231 2915 2285 quae
2937 2217 3158 2272 sustulit
3179 2217 3684 2288 concupisventiam
3708 2233 3824 2273 cor-

2232 2305 2472 2373 poralem
2500 2317 2554 2360 et
2583 2322 2826 2362 amorem
2860 2308 3071 2379 imperii
3101 2311 3338 2366 caeleSIis
3385 2311 3613 2382 ingessit
3643 2328 3660 2378 ;
3694 2310 3825 2366 ﬁdes

2229 2409 2457 2470 estquae
2483 2400 2716 2457 Domino
2747 2417 2846 2472 per
2886 2415 3117 2459 mortem
3151 2404 3330 2460 crucis
3364 2404 3822 2461 immortalitatem

2231 2494 2534 2565 coniungit.
2567 2495 2692 2552 Ilaec
2719 2513 2816 2566 per
2846 2497 2967 2551 odia
2999 2498 3186 2553 szeculi
3210 2498 3435 2556 exhibet
3469 2498 3709 2555 Domino
3735 2515 3825 2556 co-

2230 2586 2464 2642 ndibi'es
2492 2604 2508 2653 ;
2540 2588 2655 2643 haec
2685 2587 2736 2643 in
2778 2591 3092 2646 carceribus
3140 2591 3393 2648 confovet
3436 2592 3820 2660 Confessores,

2231 2680 2511 2736 teterrimo
2536 2682 2884 2737 tenebrarum
2916 2683 3146 2740 horrore
3166 2686 3476 2755 conclusos,
3510 2686 3820 2759 dumquein

2227 2775 2482 2843 squalore
2523 2776 2893 2848 sordibnsqne
2942 2778 3239 2849 iactantur,
3274 2780 3522 2852 ipsisque
3555 2792 3821 2837 terrarum

2229 2870 2500 2927 cubilibus
2522 2881 3009 2943 transpunguntur,
3040 2889 3145 2929 non
3162 2891 3356 2929 somno
3381 2875 3562 2941 liberi,
3586 2876 3819 2948 quietem

2233 2966 2311 3019 vel
2339 2963 2533 3020 modici
2563 2967 2825 3035 temporis
2865 2967 3107 3036 capiunt.
3141 2967 3276 3022 Dum
3312 2968 3383 3022 ita
3437 2985 3537 3038 per
3581 2969 3822 3040 Singulos

2230 3056 2348 3111 dies
2378 3057 2528 3110 omni
2553 3068 2946 3113 tormentorum
2977 3075 3178 3131 genere
3221 3060 3544 3128 laninntur;
3576 3061 3706 3117 dum
3734 3061 3820 3118 de-

2233 3153 2395 3222 nique
2427 3153 2708 3222 suppliciis
2738 3153 3074 3210 multimodis
3100 3167 3383 3226 urgentur,
3412 3156 3590 3213 virtus
3617 3157 3819 3228 proﬁcit

527 3255 632 3293 non
666 3235 1026 3304 perorandum
1042 3233 1169 3308 [Hic
1187 3233 1325 3288 deest
1349 3233 1402 3287 in
1423 3251 1516 3286 ms.
1538 3230 1850 3305 arandum],
1879 3232 2120 3303 inquam,

2230 3243 2296 3297 ad
2320 3259 2602 3298 coronam.
2635 3243 2799 3300 Fides
2821 3255 2905 3301 est
2941 3263 3064 3318 qua:
3095 3248 3147 3302 in
3181 3247 3266 3303 his
3298 3259 3375 3304 ῑοι
3406 3250 3823 3307 conflictationi-

527 3341 586 3387 ιιι
605 3349 634 3386 a
659 3332 816 3386 nobis
843 3334 1019 3385 omnis
1039 3328 1243 3384 diaboli
1265 3327 1500 3396 impetus
1525 3327 1837 3397 repellatur,
1857 3325 1950 3397 qui
1975 3327 2125 3382 elan-

524 3428 741 3484 destino
783 3429 935 3498 lapsu
975 3439 1222 3482 nostrum
1277 3436 1466 3497 pectus
1498 3426 1820 3497 ingreditur.
1885 3423 2121 3480 Firtnate

525 3523 712 3591 igitur,
745 3521 948 3586 Sancti,
982 3529 1192 3575 vestros
1221 3520 1432 3575 ﬁrmate
1455 3519 1716 3582 cultores,
1749 3533 1812 3572 ae
1833 3527 1984 3588 petra
2028 3533 2124 3570 an-

523 3616 692 3686 gulari
720 3624 963 3670 nostrum
989 3625 1177 3684 peetus
1203 3613 1474 3668 inStrnite.
1503 3611 1850 3668 Periculosus
1872 3627 1934 3664 ac
1965 3610 2122 3664 fortis

520 3720 604 3767 est
625 3709 818 3775 hostis,
849 3723 1048 3764 omnes
1073 3707 1275 3774 aditus,
1311 3723 1501 3762 omnes
1529 3708 1782 3777 explorat
1815 3705 2120 3774 ingressus.

527 3804 636 3862 Sed
667 3802 802 3859 nihil
834 3811 916 3860 est
957 3803 1257 3858 verendum
1287 3843 1303 3867 ,
1357 3800 1579 3872 grandis
1608 3811 1690 3855 est
1717 3799 2119 3854 occurrentium

528 3900 817 3964 multitudo
863 3899 1217 3956 Sanctorum.
1263 3894 1399 3952 Cum
1449 3897 1608 3968 igitur
1637 3894 1793 3950 nobis
1820 3909 1851 3950 e
1877 3894 2120 3950 cmlitum

525 3995 719 4050 castris
745 4002 926 4048 tantus
953 3992 1188 4048 militum
1221 3998 1277 4046 et
1305 4005 1492 4060 regum
1525 4003 1784 4044 numerus
1817 3985 2120 4052 advenerit,

527 4087 853 4160 arripiamus
878 4102 1026 4142 arma
1073 4085 1323 4155 justitiaa,
1379 4083 1703 4155 prudentize,
1759 4096 1861 4136 nos
1891 4089 1946 4136 et
1994 4081 2119 4137 ﬁdei

525 4185 718 4257 clypeo
744 4192 1114 4254 protegamus,
1142 4196 1250 4235 non
1273 4178 1454 4235 loricae
1479 4177 1745 4249 squamis,
1789 4176 1886 4232 sed
1916 4187 2119 4247 tempe-

530 4278 742 4343 rantiae,
762 4285 818 4334 et
839 4274 1114 4348 pudicitia!
1143 4274 1358 4329 laminis
1382 4282 1600 4343 pectora
1620 4270 1946 4329 muniamus.
1977 4270 2121 4325 Dex-

525 4371 624 4426 tris
651 4371 853 4426 nostris
881 4367 1004 4423 ﬁdei
1045 4382 1261 4437 semper
1287 4383 1349 4421 ac
1378 4366 1653 4436 patientiae
1686 4365 1790 4420 tela
1819 4364 2115 4420 vibrcnms.

525 4465 647 4524 Mox
675 4466 954 4533 feriamus,
989 4465 1034 4521 si
1064 4464 1330 4536 quiSpiam
1367 4463 1663 4534 pulsaverit
1714 4461 1984 4516 inimicus.
2013 4461 2118 4515 Ta-

524 4562 592 4617 lia
625 4561 826 4617 dndum
848 4602 862 4627 ,
922 4561 1044 4615 talia
1079 4559 1329 4629 Apostoli
1361 4573 1510 4612 arma
1557 4566 1864 4626 portarunt.
1911 4554 2004 4609 His
2035 4555 2118 4608 in-

2229 3335 2328 3389 bus
2357 3351 2538 3391 caram
2565 3338 2826 3394 unitatem
2859 3338 3079 3394 exhibet
3108 3341 3236 3408 Deo,
3265 3342 3445 3397 reddit
3472 3342 3650 3399 vicem
3677 3342 3821 3401 Cbri-

2227 3436 2334 3492 sto,
2381 3430 2666 3485 moriendo
2718 3448 2816 3500 pro
2847 3431 2983 3502 ipso.
3027 3433 3172 3488 Sicut
3205 3444 3366 3505 caput
3389 3436 3641 3506 corporis
3683 3453 3819 3493 mor-

2230 3530 2380 3576 tuum
2413 3531 2499 3576 est
2531 3539 2628 3592 pro
2656 3524 2940 3591 membris,
2973 3525 3044 3580 ita
3072 3542 3171 3596 pro
3199 3526 3375 3596 rapite
3407 3528 3655 3583 membra
3706 3544 3818 3585 mo-

2227 3616 2462 3683 riuntur,
2485 3623 2544 3670 ιιι
2563 3616 2704 3672 sicut
2731 3627 2893 3688 caput
2921 3619 3072 3684 vivit,
3107 3622 3175 3674 ita
3205 3637 3326 3676 cum
3353 3622 3531 3693 capite
3550 3623 3820 3680 viviﬁccn-

2227 3717 2315 3761 tur
2347 3707 2612 3764 membra.
2645 3709 2769 3765 Ilaec
2791 3711 3081 3766 conﬁrmat
3106 3711 3458 3768 beatissimus
3488 3714 3697 3771 Paulus
3725 3734 3737 3768 :
3763 3715 3820 3773 Si

2225 3803 2594 3856 commorimur
2622 3802 2849 3867 Christo,
2882 3815 2929 3859 et
2981 3807 3326 3873 convivimus;
3355 3808 3400 3861 si
3445 3807 3749 3877 toleramus,
3775 3820 3817 3865 et

2225 3910 2620 3967 conregmtmus.
2654 3895 2940 3965 Superest,
2975 3899 3359 3966 amantissimi,
3391 3909 3449 3954 ut
3479 3910 3537 3956 et
3566 3912 3819 3972 peccato-

2228 4005 2343 4042 rum
2370 4001 2682 4044 nostrornm
2712 3991 2986 4046 confessio
3014 3993 3398 4064 subsequatur.
3423 3994 3543 4050 Non
3567 3997 3715 4069 qttod
3743 3997 3820 4053 di-

2227 4083 2365 4137 vinae
2393 4093 2695 4154 potestates
2723 4099 2977 4140 secessus
3023 4087 3356 4154 animorum,
3389 4098 3441 4145 et
3473 4102 3685 4148 secreta
3720 4107 3819 4147 non

2226 4175 2436 4240 norint;
2458 4176 2552 4231 sed
2577 4176 2739 4231 facile
2770 4176 2917 4232 elicit
2944 4177 3376 4236 misericordiam
3397 4181 3697 4252 jndieantis
3719 4200 3819 4242 non

2223 4253 2432 4326 extorta
2475 4270 2769 4326 confessio.
2823 4270 3014 4327 Nullus
3058 4275 3176 4338 sit,
3234 4275 3544 4333 charissimi
3602 4278 3816 4347 fratres,

2224 4360 2363 4427 dies,
2396 4379 2504 4432 quo
2535 4380 2642 4418 non
2676 4363 2760 4418 bis
2783 4363 2979 4420 fabulis
3030 4382 3334 4436 moremur,
3365 4369 3458 4425 ille
3488 4370 3699 4444 Martyr
3725 4373 3818 4428 sub

2226 4465 2431 4512 tortore
2463 4473 2569 4511 non
2593 4458 2887 4528 impalluit,
2904 4459 2999 4516 ille
3031 4462 3369 4529 percussoris
3389 4479 3575 4522 moras
3601 4468 3818 4524 festina-

2225 4547 2373 4603 tione
2406 4551 2706 4620 prteeessit,
2743 4552 2835 4608 ille
2865 4554 3114 4609 flammas
3137 4556 3330 4613 avidus
3373 4558 3555 4627 bibit;
3588 4561 3682 4618 ille
3703 4577 3817 4618 sec-

523 4657 741 4724 strncti,
763 4654 1222 4724 intemperantiae,
1245 4652 1503 4715 lascivias,
1519 4649 1855 4722 cupiditatis,
1872 4647 2122 4704 ambitio-

2228 4646 2314 4694 tus
2341 4649 2444 4706 est,
2473 4644 2569 4697 sed
2603 4643 2818 4716 integer
2845 4646 3018 4714 stetit,
3052 4648 3145 4704 ille
3200 4648 3416 4707 felicem
3441 4669 3502 4709 se
3541 4619 3707 4724 dixit,
3735 4655 3820 4714 cui

524 4751 632 4819 nis,
667 4750 763 4805 ira:
790 4763 1007 4820 quoque
1047 4757 1102 4802 et
1126 4745 1398 4816 superbiae
1429 4744 1569 4800 colla
1601 4744 1898 4814 fregerunt.

595 4851 741 4908 Nihil
795 4851 978 4922 itaque
1008 4847 1167 4906 nobis
1214 4846 1584 4903 misericordia
1630 4845 1948 4910 Salvatoris,
2011 4861 2116 4901 non

525 4972 699 5022 arma,
746 4969 856 5010 non
915 4951 1164 5023 praesidia
1207 4949 1516 5022 denegavit.
1566 4948 1722 5006 Unde
1759 4950 1921 5005 etiam
1958 4959 2119 5022 atque

521 5059 686 5116 etiam
718 5053 1114 5126 providendum
1135 5061 1218 5110 est
1241 5066 1310 5108 ne
1338 5067 1438 5108 nos
1467 5051 1613 5108 velut
1635 5053 1933 5108 oscitantes
1959 5052 2118 5106 vitio-

521 5174 639 5215 rum
673 5167 862 5228 torpor
887 5156 1126 5220 invadat,
1156 5170 1222 5211 ne
1242 5163 1336 5210 aut
1364 5153 1713 5210 incredulitas
1747 5153 1868 5210 ﬁdei
1897 5153 2113 5210 inimica

519 5260 811 5332 subripiat,
858 5266 954 5314 aut
1000 5259 1074 5313 ira
1108 5257 1342 5326 diﬁ'erat,
1386 5265 1478 5312 aut
1503 5257 1768 5328 cupiditas
1813 5266 1990 5324 vexet,
2022 5265 2113 5312 aut

515 5364 686 5419 luctet
734 5360 983 5418 ambitio.
1036 5358 1297 5416 Libenter
1353 5358 1631 5415 nobiscum
1688 5361 1857 5415 nostri
1914 5361 2114 5432 Marty-

511 5473 600 5520 res
649 5463 1042 5527 versabuntur,
1097 5461 1142 5516 si
1190 5461 1257 5515 ad
1311 5475 1503 5517 eorum
1559 5462 1877 5519 famulatum
1922 5479 2110 5534 puram

514 5566 904 5626 conscientiam
949 5564 1279 5623 deferamus.
1334 5564 1393 5621 Si
1443 5567 1528 5620 cui
1578 5565 1716 5622 forte
1761 5566 1897 5622 dura
1943 5577 1997 5623 et
2033 5569 2112 5624 in-

513 5673 822 5733 eluctabilis
845 5671 1059 5728 videtur
1119 5670 1220 5725 ista
1262 5668 1491 5735 militia,
1554 5686 1660 5726 non
1713 5670 1936 5740 abjieiat
1985 5669 2111 5726 has-

517 5791 649 5849 tam,
696 5786 986 5850 antequam
1035 5773 1323 5830 classicum
1347 5784 1554 5845 crepet,
1587 5789 1687 5831 nec
1713 5790 1838 5830 eum
1864 5782 1990 5829 ante
2010 5791 2110 5844 pu-

511 5896 675 5956 gnam
729 5879 899 5950 frigus
930 5876 1127 5934 tortis
1174 5875 1418 5933 invadat.
1475 5874 1646 5934 Nemo
1687 5876 1845 5949 signa
1889 5875 2105 5933 deserat

2225 4733 2453 4806 contigit
2491 4738 2766 4806 cruciari;
2813 4741 2908 4796 ille
2938 4742 3079 4800 inter
3129 4760 3326 4801 manus
3380 4750 3732 4819 carniﬁcum,
3755 4767 3819 4809 ne

2223 4856 2327 4910 qua
2361 4855 2514 4897 mora
2545 4843 2704 4899 ﬁeret
2733 4847 3050 4916 properanti
3081 4847 3241 4918 jussit
3269 4851 3454 4907 redire
3484 4851 3816 4911 ﬂuminibus.

2205 4941 2320 4998 .llla
2351 4945 2522 5013 patris
2563 4945 2834 5019 lacrymas
2883 4948 3081 5016 doluit,
3133 4963 3193 5007 ut
3239 4950 3369 5021 ﬁlia,
3400 4959 3736 5031 contempsit
3767 4967 3820 5015 ut

2223 5043 2427 5117 Martyr
2459 5063 2474 5112 ;
2507 5047 2597 5103 illa
2651 5048 2956 5107 irritatione
3014 5051 3150 5109 iram
3193 5054 3368 5112 leonis
3411 5057 3613 5115 mortis
3667 5062 3818 5117 avida

2218 5154 2551 5221 concitavit;
2581 5156 2672 5212 illa
2690 5157 2977 5228 jejunante
3003 5162 3116 5217 ﬁlio
3147 5162 3284 5220 feris
3308 5165 3477 5223 ubera
3511 5169 3674 5242 plena
3699 5187 3819 5243 por-

2221 5255 2361 5309 rexit
2392 5271 2407 5311 :
2433 5256 2520 5310 illa
2553 5259 2704 5328 v7rgo
2736 5260 2958 5315 monilia
2993 5264 3325 5321 :eternitatis
3346 5283 3680 5328 ornamenta
3706 5288 3818 5342 per»

2218 5359 2429 5416 cussori
2459 5361 2596 5415 colla
2616 5361 2868 5433 subjecit.
2889 5363 3058 5422 Millia
3079 5378 3228 5436 sunt,
3262 5370 3574 5430 charissimi
3603 5374 3814 5443 fratres,

2221 5463 2467 5532 exempla
2497 5462 2780 5531 virtutum,
2805 5481 2924 5535 quae
2957 5469 3149 5539 pagina
3177 5481 3367 5527 sancta
3395 5489 3815 5535 commemorat.

2220 5565 2327 5620 Sed
2360 5580 2460 5622 nos
2507 5565 2761 5622 hortandi
2794 5569 2990 5640 magis,
3031 5587 3194 5642 quam
3223 5574 3460 5634 docendi
3488 5573 3818 5653 gratia-car-

2217 5669 2424 5740 psimus
2455 5684 2623 5740 pauca
2647 5668 2716 5725 de
2745 5672 2951 5727 multis.
2987 5673 3269 5734 Fidelibus
3291 5681 3437 5736 enim
3467 5699 3642 5754 pauca
3670 5685 3817 5743 suffi-

2213 5773 2385 5838 ciunt,
2420 5772 2734 5828 infidelibus
2761 5773 2930 5829 multa
2965 5793 3076 5834 non
3105 5792 3356 5850 prosunt.
3385 5783 3505 5841 Non
3531 5799 3664 5844 sunt
3692 5805 3812 5845 san-

2207 5884 2420 5932 ctorum
2438 5873 2706 5932 desideria
2745 5875 3065 5937 differenda.
3093 5880 3202 5939 Cur
3231 5890 3559 5945 moramur?
3592 5889 3813 5964 Divinis,
