4084 6342
527 331 634 391 465

1763 327 1824 383 S.
1866 326 2262 384 lNNOUENTll
2304 328 2321 382 Ι
2362 330 2568 387 ΡᾹΡΑΞ

3726 324 3826 382 ιω

522 448 736 518 primus
766 445 1078 502 observavit
1106 443 1508 513 illustravitqne
1555 443 1640 498 vir
1688 442 1805 497 sive
1832 442 2119 512 dignitate,
2151 449 2199 505 Α
2227 455 2421 499 constet
2446 444 2610 513 magis
2630 442 3009 513 subterfugisse
3030 484 3043 505 ,
3078 457 3231 511 quam
3263 456 3316 496 se
3342 448 3448 495 tota
3471 440 3684 494 veritate
3711 457 3827 504 pur-

525 541 644 595 sive
672 539 919 593 doctrina
950 537 1412 593 eminentissimus
1429 536 1536 608 (a),
1561 551 1722 606 quem
1754 536 1843 588 atii
1868 534 2125 603 deinceps

522 642 653 688 sunt
681 634 877 689 secuti.
930 631 1066 686 illud
1107 632 1325 685 demttni
1357 632 1631 700 singulare
1677 630 1816 684 haud
1875 643 1955 684 est
1989 646 2127 698 pra:-

526 728 969 788 termittenilum,
993 725 1137 796 quod
1170 724 1224 779 iu
1258 724 1439 780 Fastis
1470 726 1651 779 veteris
1672 716 1945 778 marmorei
1966 724 2127 779 eccle-

523 822 619 875 site
666 818 1028 887 Neapolitanis
1078 815 1411 881 Kalendarii,
1444 820 1615 872 sancti
1670 816 1964 871 InnuCentii
2012 830 2127 871 me-

526 915 702 971 moria
736 916 999 971 recolitur
1024 929 1145 968 eum
1195 913 1453 981 martyris
1477 914 1675 983 elogio.
1707 924 1755 968 et
1792 923 1987 982 praeter
2011 926 2127 965 nio-

522 1024 639 1065 rem
668 1010 1020 1077 c0n~ignatnr
1039 1008 1127 1063 die
1152 1008 1221 1062 24
1240 1006 1471 1072 Aprili-,
1492 1025 1614 1061 rum
1638 1010 1687 1060 in
1706 1007 1829 1062 aliis
1858 1004 2125 1075 litut'gicis

522 1102 682 1159 libris
713 1102 829 1157 sive
864 1103 933 1157 12
962 1101 1163 1167 MartLi,
1205 1101 1323 1156 sive
1353 1102 1423 1156 ‘28
1454 1101 1605 1166 .lulii,
1640 1102 1753 1155 sive
1798 1101 1861 1155 2|
1902 1100 2125 1155 Decem-

521 1197 640 1252 bris
676 1198 1026 1252 inscribatur.
1056 1197 1353 1265 Utramque
1378 1212 1507 1250 vero
1535 1180 1910 1251 difﬁcultatem
1942 1194 2123 1249 erudi-

523 1302 599 1361 te,
616 1303 673 1347 ut
690 1294 914 1354 assolet,
940 1293 1164 1348 discutit
1188 1292 1259 1346 cl.
1284 1289 1597 1347 Mazochius
1619 1290 1720 1363 (ὁ),
1748 1290 1815 1345 ad
1833 1305 1994 1361 quem
2019 1290 2124 1345 lec-

518 1394 666 1444 tores
724 1390 1073 1443 remittimus.

587 1481 645 1536 4.
689 1480 866 1538 Porro
898 1482 1034 1538 tanti
1079 1483 1357 1548 pontificis
1401 1480 1659 1552 epistolas
1696 1479 1765 1535 η
1787 1478 1986 1549 quibus
2041 1476 2123 1532 in-

514 1589 773 1637 lexuntur
825 1580 1097 1637 alize'Iad
1149 1583 1327 1651 ipsum
1392 1581 1614 1648 scripta:
1661 1578 1774 1631 sive
1831 1576 1895 1629 ad
1952 1576 2119 1645 ipsius

512 1685 667 1744 gesm
720 1674 1088 1745 pertinentes.
1156 1676 1400 1729 studiose
1453 1672 1732 1728 recensuit
1785 1669 2120 1737 eruditi~que

511 1768 659 1822 notis
706 1767 1004 1823 edisseruit
1052 1768 1376 1822 Coulautius
1435 1782 1484 1820 v.
1541 1782 1627 1831 c.,
1683 1764 1837 1834 Cujus
1894 1760 2117 1828 proinde

2230 556 2397 611 gasse.
2434 539 2664 594 Photius
2690 539 2876 594 scribit
2912 536 3005 607 (γ’),
3042 536 3376 606 Pelagianos
3416 537 3468 589 in
3493 534 3717 589 Oriente
3761 534 3825 589 ab

2230 634 2595 688 Alexandrina
2628 632 2860 688 ceclesia
2896 631 3065 685 fuisse
3100 631 3387 684 damnatos
3420 647 3433 681 :
3470 627 3636 701 Ejecti
3662 636 3779 681 sunt
3807 668 3823 694 ,

2230 728 2404 797 inquit
2422 768 2435 790 ,
2460 729 2550 796 qui
2570 729 2643 780 ita
2673 735 2942 781 senserunt
2968 742 3031 780 ex
3053 725 3264 779 ecclesia
3286 724 3419 776 velut
3448 722 3681 776 ha’reiici
3705 731 3828 774 tent-

2228 822 2435 892 poribus
2482 820 2761 889 TlteOpltili
2798 819 3142 874 Alexandrini
3170 827 3217 871 et
3261 816 3555 871 Innocentii
3611 814 3825 870 Romani

2227 916 2478 985 episcopi.
2533 917 2691 968 Errat
2744 915 2971 971 Pliotius
3009 933 3021 967 :
3067 930 3190 967 nam
3224 910 3567 981 Theophilus
3602 910 3825 983 lethargo

2228 1022 2490 1078 correptus
2520 1009 2642 1063 obiit
2671 1010 2949 1064 consulatu
2988 1006 3210 1062 Honorii
3257 1023 3309 1061 ιχ
3349 1016 3395 1060 ει
3431 1004 3719 1059 Tltrodosii
3755 1020 3783 1057 v
3806 1046 3821 1070 ,

2229 1104 2312 1158 die
2345 1106 2411 1160 lii
2445 1105 2679 1159 Octobris
2710 1122 2777 1159 ex
2811 1104 3042 1160 Socrate
3084 1104 3159 1174 lg)
3191 1118 3336 1156 anno
3366 1100 3578 1157 scilicet
3609 1100 3733 1154 441.
3762 1100 3824 1154 At

2228 1215 2293 1253 eo
2336 1215 2479 1253 anno
2528 1200 2708 1255 adhuc
2752 1199 3041 1265 Pelagiana
3079 1197 3305 1252 lia-resis
3360 1196 3611 1261 latebat,
3655 1209 3825 1264 neque

2226 1309 2452 1363 usquam
2473 1306 2831 1363 praeterquam
2859 1291 3210 1361 Carthagine,
3240 1292 3576 1345 insonuerat.
3600 1288 3826 1343 Przeter-

2226 1403 2287 1443 ea
2320 1404 2441 1442 cum
2485 1388 2810 1443 Valerianus
2851 1404 3040 1443 servus
3074 1385 3397 1457 Pelagianus
3431 1384 3821 1441 Alexandriam

2224 1497 2281 1537 se
2315 1482 2637 1552 recepisset,
2667 1482 2934 1536 Eusebius
2952 1478 3215 1553 Cyrillum
3241 1479 3537 1548 'l‘heolibili
3574 1487 3821 1548 nepotem

2224 1577 2453 1641 monuit,
2514 1592 2580 1631 ne
2625 1576 2887 1631 heretico
2932 1575 3109 1629 locum
3154 1574 3333 1641 daret,
3383 1590 3508 1630 cum
3558 1574 3822 1627 acmteris

2223 1670 2583 1725 orientalibus
2601 1669 2875 1739 Pelagiani
2899 1669 3353 1740 expellerentur:
3374 1667 3818 1734 QuomodOuunc,

2224 1762 2423 1833 inquit,
2448 1780 2563 1817 cum
2589 1764 2748 1818 beata:
2769 1765 3030 1817 memoria:
3060 1760 3393 1817 Innocentius
3413 1760 3691 1831 Pelagium
3716 1759 3823 1813 Ca:-

508 1859 814 1927 excmplar,
841 1868 898 1913 ut
920 1874 1065 1922 same
1091 1860 1247 1915 alias.
1272 1858 1414 1930 typis
1434 1859 1826 1927 expressimus.
1855 1855 2112 1923 Quando-
2142 1859 2189 1919 B
2216 1859 2519 1926 testiumque
2544 1875 2661 1911 cum
2683 1858 2792 1911 suis
2820 1855 3079 1925 capitibus
3104 1856 3481 1920 condemnant,
3514 1853 3711 1907 cunctis
3740 1868 3821 1908 eos

507 1952 730 2022 quidem
759 1966 892 2007 vero
923 1951 991 2005 de
1021 1950 1320 2006 lunocentii
1364 1950 1590 2020 scriptis
1621 1952 1824 2004 mentio
1854 1949 2111 2013 recurrit,

510 2054 739 2116 praestat
767 2045 819 2099 iti
854 2043 1091 2099 medium
1122 2044 1394 2099 adducere
1430 2043 1573 2112 quod
1602 2044 1766 2095 refert
1797 2040 2112 2095 Gennadius

510 2137 599 2194 bis
627 2138 811 2193 verbis
845 2136 917 2209 (c)
956 2155 969 2191 :
1006 2136 1361 2201 Innocentius,
1402 2137 1541 2189 urbis
1585 2134 1767 2189 Romce
1816 2134 2109 2205 episcOpas,

508 2233 717 2302 scripsit
746 2230 1005 2284 decretum
1024 2230 1422 2284 occidentalium
1449 2228 1796 2283 Ecclesiatum
1813 2238 1859 2282 et
1880 2228 2107 2281 orienta~

502 2324 630 2379 lium
671 2323 918 2378 adversus
961 2322 1276 2395 Pelagianos
1330 2322 1531 2386 datum,
1586 2321 1722 2389 quod
1772 2330 1945 2392 postea
1990 2336 2109 2372 suc-

499 2433 673 2473 cessor
728 2420 843 2491 ejus
881 2434 1020 2489 papa
1078 2416 1317 2471 loli-imus
1358 2415 1539 2481 latius,
1600 2416 1967 2486 prauiulgavit.
2024 2414 2110 2469 Ad

499 2525 664 2581 quem
699 2511 878 2565 locum
931 2510 1046 2565 haec
1098 2512 1354 2564 observat
1385 2508 1631 2563 Norisius
1673 2509 1792 2580 (d):
1830 2526 1847 2559 ‹
1893 2507 2109 2573 Nescio,

504 2603 708 2673 inquit,
737 2603 867 2673 quid
919 2604 1208 2659 orientalis
1240 2604 1486 2659 Ecclesia
1517 2613 1642 2657 ante
1674 2602 1971 2657 Innocentii
2020 2603 2115 2656 de-

499 2706 714 2753 cretum
744 2698 1001 2752 statuerit
1030 2707 1221 2753 eontra
1252 2696 1596 2767 Pelagianos.
1647 2696 1704 2751 In
1737 2698 1853 2751 Sola
1902 2697 2112 2768 synodo

505 2789 886 2861 Diospolitana
917 2805 1109 2846 eorum
1161 2807 1325 2845 causa
1380 2793 1583 2858 agitata
1620 2801 1701 2844 est
1736 2808 1749 2845 :
1779 2794 1826 2844 iti
1874 2808 1982 2861 quo
2028 2792 2113 2859 ju—

498 2880 647 2938 dicio
688 2882 941 2951 Pelagius
982 2884 1271 2937 absolutus
1318 2882 1439 2947 fuit,
1500 2882 1625 2938 licet
1674 2899 1865 2953 reapse
1893 2899 2111 2940 coactus

504 2974 674 3032 fuerit
718 2976 785 3033 ad
824 2994 1044 3033 errores
1076 2980 1323 3044 ohjectos
1353 2978 1895 3033 anathematizandos
1925 2997 1937 3033 :
1970 2979 2112 3048 quod

502 3069 817 3125 sexcenties
833 3069 1137 3140 Pelagianis
1158 3076 1195 3124 Α
1210 3071 1500 3136 ιιιιυειίιιυδ
1527 3087 1650 3140 expt
1664 3073 1841 3126 olirat.
1858 3073 2001 3126 Sane
2025 3073 2111 3126 ln-

505 3168 799 3217 nocentius
842 3163 1016 3217 uoluit
1056 3164 1361 3232 approbare
1394 3178 1510 3219 aeta
1550 3165 1741 3236 synodi
1782 3164 2108 3220 Pala-Stinze:

2216 1950 2577 2020 abjicientibus
2602 1948 2937 2004 orientalibus
2966 1950 3320 2003 Alexandrina
3348 1947 3588 2002 Ecclesia
3617 1947 3672 2000 in
3692 1962 3821 1999 com-

2218 2044 2509 2098 munionem
2555 2044 2835 2115 receperit;
2862 2060 2976 2113 qua:
3002 2042 3114 2096 sola
3140 2052 3186 2096 et
3219 2042 3389 2112 prima
3422 2042 3555 2094 inter
3586 2056 3818 2107 coiupro-

2214 2138 2459 2190 vinciales
2485 2152 2607 2190 suos
2640 2135 2767 2189 tales
2796 2140 3024 2204 refutare
3050 2136 3315 2189 debuerat.
3348 2132 3492 2188 Nihil
3530 2132 3617 2187 hic
3642 2131 3712 2186 de
3742 2131 3817 2185 la-

2216 2241 2265 2285 ta
2298 2246 2327 2283 a
2357 2229 2664 2299 TlteOphilo
2708 2230 2760 2284 itt
2799 2230 3119 2298 Pelagianos
3148 2229 3416 2284 sententia
3451 2228 3585 2282 dicit
3614 2246 3628 2282 :
3675 2226 3814 2297 quod

2218 2335 2399 2380 tamen
2437 2327 2897 2394 nepmiavunculi
2927 2328 3279 2381 decretorum
3320 2326 3384 2380 ad
3439 2325 3821 2397 reprehensio-

2216 2432 2341 2472 nem
2376 2433 2551 2488 usque
2578 2420 2628 2471 in
2664 2433 2825 2473 causa
2848 2418 3227 2491 Chrysostumi
3264 2418 3621 2473 tenacissimo
3654 2417 3821 2471 incul-

2215 2511 2449 2565 candtim
2498 2512 2697 2567 fuerat.
2756 2512 2896 2567 Hinc
2942 2521 3106 2580 patet,
3155 2512 3446 2567 ecrlesiam
3484 2510 3819 2566 Orientalem

2218 2612 2465 2675 tempore
2494 2606 2788 2677 Theophili
2850 2606 2989 2661 nihil
3033 2606 3298 2662 statuisse
3349 2614 3538 2661 contra
3576 2606 3818 2676 Pelagia-

2219 2714 2318 2754 nos
2352 2717 2365 2754 :
2400 2701 2543 2753 unde
2563 2700 2827 2769 deceptus
2855 2713 2940 2756 est
2972 2700 3198 2755 Vossius
3225 2701 3303 2770 (Ii)
3337 2702 3424 2771 qui
3458 2700 3817 2771 Theophilum

2218 2794 2360 2847 inter
2389 2792 2591 2863 Pelagii
2621 2794 2978 2848 damnatores
3000 2804 3273 2849 numerat.
3304 2794 3478 2847 Photii
3509 2795 3819 2848 testimonio

2217 2885 2503 2955 deCttptus.
2546 2907 2564 2940 s
2602 2887 2727 2942 llaec
2760 2889 2975 2957 aliaque
3010 2889 3164 2956 plura
3210 2890 3260 2943 in
3292 2888 3477 2942 locum
3509 2887 3818 2944 Genttadia-

2219 2998 2345 3035 num
2392 2982 2471 3034 vir
2500 2982 2871 3038 doctissimus.
2920 2982 3126 3037 Verum
3176 2982 3227 3036 in
3268 2998 3330 3037 ea
3379 2998 3501 3050 qum
3537 2983 3626 3036 hic
3660 2979 3818 3036 tradit

2214 3072 2467 3128 Norisius
2498 3074 2562 3128 de
2595 3074 2772 3129 Photii
2794 3074 3111 3129 testimoaio
3140 3074 3321 3142 deque
3346 3074 3569 3129 Eusebii
3594 3073 3818 3143 epismla

2216 3169 2283 3223 ad
2313 3167 2575 3240 Cyrillum
2607 3169 3037 3224 Alexandrinum
3062 3211 3077 3235 ,
3114 3169 3435 3224 consulendi
3466 3167 3819 3224 eruditissimi

512 3254 682 3322 Unde,
713 3255 891 3325 inquit
918 3257 1012 3324 (e),
1047 3274 1147 3310 non
1177 3274 1451 3325 possumus
1497 3258 1708 3311 illorum
1737 3276 1826 3312 nec
1867 3260 2114 3330 culpare,
2145 3263 2189 3325 C
2225 3261 2501 3315 Ballerinii
2536 3262 2597 3331 (i)
2629 3279 2643 3328 ;
2696 3265 2785 3333 qui
2829 3264 2969 3317 haud
3016 3279 3235 3319 errasse
3277 3263 3530 3318 Photintu
3566 3262 3818 3318 demons-

508 3363 603 3401 nec
624 3350 918 3419 approbare
935 3349 1200 3422 judicium
1232 3366 1251 3414 ;
1283 3366 1399 3403 cum
1428 3353 1740 3417 nesciamus,
1776 3361 1947 3406 utrum
1998 3369 2117 3408 vera

505 3440 609 3497 sint
630 3451 795 3515 gesta,
824 3451 936 3506 aut,
965 3443 1011 3495 si
1040 3458 1157 3497 uera
1186 3454 1326 3510 sunt,
1356 3444 1506 3498 illum
1542 3444 1847 3517 (Pelagium
1874 3446 2111 3519 scilicet)

584 3603 660 3678 (a)
684 3602 893 3678 Naris”
923 3602 1060 3659 llist.
1085 3604 1269 3676 Pelag.
1302 3604 1398 3661 lib.
1450 3621 1488 3673 ι,
1516 3620 1639 3677 cap.
1672 3606 1759 3676 11,
1794 3622 1921 3678 opp.
1976 3616 2109 3662 tom.

512 3676 559 3745 1’
590 3676 966 3819 igfllzilzocbq
991 3747 1299 3819 Comment.
1333 3747 1386 3803 in
1421 3757 1529 3804 vet.
1563 3765 1758 3805 manu.
1810 3750 1948 3807 eccl.
1978 3749 2115 3807 Nea-

515 3822 627 3893 pol.
650 3818 887 3893 AKilend.
912 3828 1054 3893 tum.
1087 3818 1313 3893 μιμεῖ.
1339 3821 1468 3888 229,
1499 3836 1649 3893 seqq.

619 3890 669 3965 cf)
697 3889 972 3965 genitali”
991 3892 1085 3946 lib.
1113 3892 1181 3944 tle
1208 3891 1317 3965 Vir.
1349 3894 1548 3959 illust.,
1579 3889 1704 3965 cap.
1730 3895 1821 3953 65.

619 3891 669 3959 c)
697 3891 972 3953 Gentiad..
991 3892 1085 3946 lib.
1113 3892 1181 3944 tle
1208 3891 1317 3947 Vir.

588 3891 673 4036 id)
703 3961 957 4029 Neris.,l.
990 3978 1044 4018 c.
1076 3978 1195 4034 pag.
1228 3964 1348 4020 114.

535 4096 563 4119 υ

2226 3364 2391 3420 trant,
2444 3364 2607 3425 atque
2649 3366 2770 3425 post
2814 3357 3232 3412 Titlemontium
3272 3358 3422 3412 illius
3459 3357 3686 3412 Eusebii
3712 3355 3819 3426 epi-

2221 3452 2375 3506 stolas
2402 3450 2772 3507 sinceritatem
2797 3452 2849 3506 in
2872 3453 3277 3509 dubitationem
3305 3452 3607 3507 adducunt.

2321 3609 2370 3685 εξ)
2401 3611 2588 3685 1ηηοε.
2619 3613 2779 3685 epist.
2815 3614 2905 3680 3|,
2940 3614 2966 3684 §
2998 3613 3054 3677 4,
3082 3613 3245 3680 infra,
3281 3629 3400 3685 pag.
3437 3613 3565 3681 605,
3598 3612 3654 3669 b.

2319 3683 2364 3753 Ῑ)
2400 3683 2557 3737 ΡΙιυι.
2578 3727 2593 3750 ,
2623 3684 2761 3739 Bibl.
2786 3685 2913 3740 cod.
2949 3683 3061 3740 LIV.

2296 3757 2371 3827 (g)
2414 3755 2652 3827 Sperat”
2698 3757 2834 3811 llist.
2867 3760 3003 3811 eccl.
3037 3758 3129 3812 lib.
3163 3774 3256 3818 vit.
3287 3773 3408 3827 cap.
3441 3757 3495 3811 7.

2294 3826 2375 3895 (li)
2409 3826 2561 3879 Vnus.
2598 3827 2733 3883 Hist.
2770 3828 2948 3889 Pelag.
2986 3828 3079 3882 lib.
3110 3845 3149 3894 ι,
3179 3846 3297 3897 cap.
3331 3826 3419 3886 59.

2297 3897 2625 3973 (i)__Ba_|ler.,
2658 3900 2722 3973 ad
2754 3908 2885 3955 tum.
2918 3900 3136 3973 IVropp.
3170 3901 3350 3957 Naris.
3379 3900 3638 3969 Observ.,
3659 3901 3750 3957 lib.
3779 3915 3813 3967 ι,

2223 3969 2342 4039 cap.
2374 3969 2429 4037 5,
2556 3973 2588 4026 4
2610 3980 2667 4028 et
2690 3971 2745 4037 5,
2780 3987 2903 4043 pag.
2932 3969 3057 4029 666.

574 4098 3781 4128 mm

1134 4262 1282 4377 S.
1334 4262 2459 4451 LNNOCENTII
2534 4272 2603 4384 Ι
2676 4270 3222 4386 PAPE

784 4502 841 4553 θ
947 4472 1982 4622 EPISTOL/E
2074 4481 2321 4623 ET
2420 4466 3397 4631 DECRETA.

1098 4851 1125 4881 α
1146 4838 1477 4897 EPISTOLA
1513 4839 1557 4907 Ι,

606 4952 907 4997 INNOCENTII
936 4952 1083 4992 ΡΔΡᾸΞ
1111 4952 1127 4991 1
1162 4952 1229 4991 AD
1260 4950 1487 4991 ANYSIUH
1518 4948 2057 4993 TBESSALONICENSEI

1166 5043 1454 5085 EPISCOPUI
1465 5068 1477 5081 .

526 5130 723 5203 Anysio
757 5125 1091 5181 Innocentius
1120 5142 1233 5179 eam
1266 5127 1316 5179 iu
1350 5122 1558 5196 Illyrici
1600 5124 1865 5181 Ecclesias
1896 5137 2121 5193 potesta-

598 5232 697 5277 tem
730 5220 1033 5289 conﬁrmat,
1066 5234 1219 5285 quam
1256 5218 1563 5271 Anastasius
1592 5221 1807 5291 ejusque
1837 5221 2125 5276 άιισεδδωνεε

594 5314 696 5385 ipsi
723 5318 1104 5366 concesserant.

596 5408 599 5409 ⁷
732 5404 1104 5461 Dilectissimo
1138 5401 1290 5456 fratri
1320 5402 1520 5458 Asvsm
1544 5402 1916 5460 lasocsartus.

590 5501 728 5556 Cum
758 5499 899 5552 Deus
924 5504 1107 5548 uoster
1130 5492 1382 5547 Christus
1410 5508 1614 5548 saneta-
1644 5500 1924 5551 memoria:
1946 5497 2123 5553 virum

506 5595 864 5651 Anastasium
894 5590 1242 5659 CplSCtlplllll,
1276 5590 1405 5641 licet
1431 5588 1710 5651 celeriter,
1740 5591 1807 5645 ad
1838 5608 1898 5647 se
1926 5608 2123 5648 vocare

590 5742 616 5771 ⁸
651 5732 727 5789 Ex
758 5733 823 5787 iis
850 5739 958 5797 est,
988 5744 1122 5801 quas
1147 5728 1338 5801 synodi
1364 5728 1623 5784 Romanae
1646 5730 1746 5786 sttb
1772 5731 2051 5787 Bonifacio
2080 5732 2126 5790 Il

548 5808 677 5858 estis
707 5804 943 5860 inSt-rtas
974 5802 1282 5857 IuJSteuius
1309 5801 1361 5873 i_n
1384 5817 1559 5873 prima
1588 5814 1735 5872 parte.
1767 5804 2125 5859 Collectinnis

564 5890 773 5932 amante
822 5874 1077 5945 vulgavit.
1131 5873 1266 5933 Cum
1319 5870 1670 5932 Innocentius
1722 5875 1934 5933 litteras
1990 5875 2121 5931 istas

2154 4852 2211 4914 1)
2234 4842 2491 4914 dignatus
2521 4847 2623 4914 sit;
2659 4861 2988 4919 computans
3019 4853 3139 4923 ejus
3169 4856 3368 4912 merita
3420 4866 3567 4914 tanta
3600 4875 3722 4917 esse
3767 4875 3826 4917 ac

2228 4939 2379 5007 talia,
2404 4950 2460 4995 ut
2476 4941 2587 5011 jam
2616 4945 2949 5001 excederent
2974 4952 3412 5006 conversationis
3434 4954 3688 5009 humanm
3704 4970 3826 5010 cono

2224 5034 2479 5100 sortium,
2529 5039 2913 5109 smeulumque
2958 5042 3114 5107 illud,
3168 5061 3279 5113 prce
3329 5046 3458 5101 vitm
3504 5053 3741 5117 puritate
3777 5058 3827 5104 et

2226 5126 2559 5182 abundantia
2603 5129 2891 5199 doetrinte,
2925 5149 3027 5204 qua
3076 5138 3336 5204 papulum
3373 5139 3463 5193 Dei
3510 5148 3627 5195 toto
3658 5142 3826 5197 ectle-

2223 5220 2460 5274 siasticae
2503 5224 2849 5279 auctoritatis
2879 5228 3060 5296 rigore
3092 5231 3353 5301 regebat:
3384 5247 3453 5288 ne
3486 5234 3606 5303 ejus
3637 5234 3821 5290 Eccle-

2225 5314 2306 5367 sia
2354 5316 2751 5387 aliquantulum
2781 5321 2902 5375 sine
2933 5326 3165 5378 rectoris
3212 5325 3595 5395 gubernaculo
3654 5345 3823 5384 rema-

2228 5421 2404 5471 neret.
2448 5414 2629 5465 statim
2664 5429 2763 5479 pro
2795 5431 2892 5469 sua
2924 5417 3326 5483 misericordia,
3355 5422 3825 5477 Consentientiluts

2229 5504 2431 5557 sanctis
2462 5506 2849 5563 sacerdotibus
2890 5512 3153 5579 omnique
3191 5514 3342 5568 clero
3380 5531 3443 5568 ac
3477 5517 3682 5584 ιιουιιιο
3709 5530 3823 5571 cum

2232 5610 2402 5665 pace,
2436 5613 2595 5666 quam
2633 5598 2779 5656 Deus
2820 5602 3082 5658 Ecclesia:
3113 5619 3225 5659 sua:
3264 5605 3486 5662 rediens
3525 5610 3593 5661 ad
3628 5613 3822 5664 coelum

2234 5736 2577 5818 episcopatus
2604 5740 2707 5805 sui,
2738 5757 2894 5812 quem
2916 5745 3089 5798 statim
3113 5744 3181 5799 ab
3206 5745 3477 5818 Anastasii
3506 5747 3658 5802 obitu
3692 5747 3819 5818 iniit:

2234 5816 2488 5877 primitias
2518 5826 2666 5865 Vocet
2692 5829 2707 5876 ;
2747 5828 2841 5868 eas
2883 5830 2912 5869 c
2939 5832 3024 5871 rc:t
3070 5833 3311 5873 Incusent
3344 5816 3539 5875 Maium
3571 5820 3696 5876 anni
3726 5817 3824 5876 ΛΜ

2232 5881 2463 5950 scriptas
2497 5879 2663 5938 fuisse
2692 5899 2801 5940 non
2835 5886 3105 5943 immerito
3139 5889 3478 5961 colligamus.
