4084 6342
527 351 633 411 46⁸1

1762 350 1819 409 S.
1866 349 2259 410 INNOCENTII
2296 352 2318 409 I
2356 352 2561 411 PAPA!

3725 351 3826 410 468

524 463 849 534 reipublicte
894 476 957 521 ac
1002 466 1215 522 viscera
1268 462 1548 521 civitatum
1597 462 1779 537 nullus
1832 463 2047 531 ignorat
2109 482 2121 519 :
2154 470 2204 531 Α
2231 464 2515 537 praecipit;
2547 464 2642 521 sed
2674 467 2888 521 tertiam
2935 466 3068 536 ipsis
3108 476 3375 523 reservat.
3414 468 3487 523 De
3531 467 3597 523 iis
3629 476 3827 531 autem,

526 552 761 606 quormn
784 545 985 594 coetum
1018 547 1170 593 recte
1199 539 1491 608 appellavit
1530 536 1824 603 antiquitas
1856 537 2124 592 minorem

527 612 811 665 Senatum.
849 630 865 662 ι
896 608 1026 672 Sed,
1057 611 1269 665 utidem
1290 612 1587 678 imperator
1610 609 1889 671 observat,
1918 609 2126 671 indices

528 696 624 735 seu
660 692 905 736 rectores
940 682 1342 750 provinciarum
1370 683 1567 749 iniquis
1598 678 1981 735 exactionibus
2010 679 2125 734 suis

527 754 728 806 multos
774 768 840 806 eo
883 755 1226 822 redigebant,
1266 764 1325 808 ut
1371 754 1601 822 patriam
1651 754 1992 807 desererent.
2045 752 2124 806 Ad

526 827 764 879 curiales
800 828 1109 889 pertinebat
1141 826 1491 887 tributorum,
1519 824 1900 888 aedificiorum,
1936 837 2128 878 mune-

531 913 650 951 rum
686 914 777 951 seu
814 897 1063 951 ludorum
1107 897 1468 959 publicorum,
1511 904 1644 959 ιιιι“.,
1685 909 1835 948 cura.
1881 896 2127 963 Quapro-

530 981 653 1037 pter
682 983 890 1023 severa}
918 982 1069 1023 erant
1096 966 1488 1037 Imperatorem
1523 968 1691 1037 leges,
1730 967 1927 1035 quibus
1968 980 2127 1021 nemo

532 1056 560 1095 tt
588 1043 760 1101 curia,
802 1043 902 1094 nisi
936 1041 1190 1093 omnibus
1228 1042 1398 1093 curize
1430 1055 1542 1094 sne
1589 1039 1787 1092 ol'liriis
1828 1047 1975 1092 esset
2007 1038 2127 1092 l'ttn-

531 1122 674 1176 etus,
712 1113 931 1166 liberari
978 1113 1421 1179 permittebatur.
1456 1110 1853 1165 Consmntinus
1897 1112 2131 1173 impera-

534 1194 618 1237 tor
650 1185 825 1238 santit
854 1183 1008 1253 (Cod.
1043 1182 1139 1236 Tit.
1171 1182 1262 1237 lib.
1293 1200 1386 1246 xu,
1413 1187 1491 1237 tit.
1528 1184 1573 1246 l,
1606 1184 1708 1253 leg.
1744 1184 1831 1248 ll)
1866 1200 1877 1235 :
1908 1201 1925 1233 ι
1959 1182 2130 1235 Nemo

527 1255 696 1325 judex
727 1255 969 1309 civilium
1001 1271 1287 1309 munerum
1324 1255 1664 1310 vacationem
1705 1255 1956 1323 cuiquam
1994 1269 2132 1325 pra:-

532 1337 682 1381 stare
711 1328 900 1381 curiali
948 1335 1200 1386 canetur,
1234 1328 1318 1380 vel
1368 1328 1604 1396 aliquem
1650 1340 1749 1378 soo
1790 1326 2023 1379 arbitrio
2065 1325 2132 1396 de

532 1400 681 1451 curia
717 1398 913 1453 liberet
946 1416 958 1452 :
1002 1418 1021 1451 ι
1059 1400 1133 1453 Ex
1171 1399 1235 1452 iis
1262 1398 1450 1461 etiam,
1481 1402 1571 1468 qui
1608 1398 1815 1451 relictis
1854 1398 2020 1450 curiis
2064 1395 2132 1451 ad

534 1470 746 1524 militiae
788 1470 1038 1539 prmsidia
1078 1469 1423 1539 confugiunt,
1462 1488 1480 1521 ι
1525 1485 1717 1523 omnes
1754 1469 1845 1539 qui
1892 1468 2133 1533 nondum

533 1542 809 1613 primipilo
860 1545 1212 1597 inveniuntur
1261 1542 1512 1604 obnoxii.
1562 1543 1771 1613 solutos
1823 1542 2018 1595 tnilitia
2068 1541 2135 1593 ad

532 1612 738 1685 curiam
787 1617 985 1668 reverti
1027 1634 1045 1666 ›
1092 1616 1334 1684 prmcipit
1369 1613 1519 1685 (Leg.
1554 1612 1629 1685 l).
1673 1614 1803 1666 Item
1853 1613 2137 1666 constituit

535 1684 665 1757 (Leg
735 1686 848 1751 l2),
883 1696 939 1739 nt
983 1688 1254 1754 interpres
1300 1684 1583 1741 Annianus
1627 1685 1957 1757 loquimini
2008 1684 2134 1757 qui-_

536 1754 767 1827 cumque
788 1760 1011 1811 curialis
1039 1760 1107 1812 de
1130 1774 1216 1822 ea,
1250 1759 1301 1811 itt
1335 1774 1437 1827 qua
1466 1768 1626 1812 natus
1655 1768 1778 1819 est,
1815 1756 2033 1810 civitate
2070 1754 2135 1809 ad

537 1829 703 1883 aliam
738 1832 972 1884 transire
1004 1831 1260 1892 voluerit,
1291 1829 1661 1884 cunditionem
1694 1830 1865 1883 curia:
1894 1827 2133 1881 debitam

2269 540 2319 592 ni
2381 538 2682 606 prtcmissis
2742 540 3152 595 conditionibus
3209 542 3555 605 detoissent,
3618 540 3830 596 videtur

2269 556 2319 592 ιιι
2381 556 2682 606 ιπωιηιεειε
2742 556 3152 595 coomuomous
3209 556 3555 605 uoluissent,
3618 556 3830 596 Vlﬂelul'

2228 556 2436 665 iIictum
2484 609 2628 675 quod
2676 612 2727 665 in
2770 611 3015 677 ejusdem
3046 612 3455 668 constitutionis
3498 613 3609 668 line
3648 612 3832 677 adjici-

2232 691 2316 734 tur
2345 700 2356 733 :
2394 700 2413 735 t
2451 680 2506 736 Si
2544 684 2817 749 nrzepositi
2848 683 3191 750 horreorum,
3219 686 3361 753 iique
3391 686 3481 752 qui
3514 684 3819 746 suscepturi

2230 761 2357 805 sntit
2404 755 2806 821 "mgistratum,
2855 756 3135 823 ιιι-ξυροέίιί
3176 759 3338 808 etiam
3387 756 3537 820 pacis
3581 770 3679 810 seu
3720 768 3833 809 Sus-

2227 833 2481 893 ceptores
2520 825 2861 879 diversarum
2912 828 3219 892 specierum
3265 828 3329 881 ad
3370 828 3675 885 Ecclesium
3708 827 3832 894 (hoc

2230 906 2313 950 e~t
2350 896 2417 950 ad
2470 897 2727 950 Ecclesiae
2778 898 3169 966 ministerium)
3218 899 3559 954 crediderint
3601 898 3832 966 aspiran-

2230 968 2385 1031 dum,
2435 978 2715 1034 postquam
2760 968 2936 1024 olticia
2992 970 3261 1037 imposita:
3304 970 3695 1027 sollicitudinis
3741 978 3833 1025 aut

2233 1037 2458 1093 hou0ris
2492 1040 2731 1107 ἐπεπρεςὶ
2778 1054 2937 1104 sunt;
2976 1042 3122 1109 ipsos
3155 1044 3386 1111 primum
3420 1044 3699 1097 antistites
3741 1057 3828 1095 sn-

2234 1124 2419 1178 pernze
2467 1110 2600 1179 legis
2646 1114 2937 1166 Conveniet
2979 1110 3257 1179 reluctari,
3312 1117 3555 1182 ipsisque
3598 1115 3832 1182 primum

2233 1182 2606 1236 adnitentibus
2646 1182 2709 1237 ad
2744 1186 2934 1238 eadem
2972 1188 3154 1239 munia
3192 1186 3437 1241 revocari
3472 1197 3607 1240 :aut
3648 1186 3693 1239 si
3735 1185 3836 1241 hoc

2236 1254 2600 1320 neglext-rint,
2633 1271 2659 1306 τι
2691 1254 2986 1310 curialibus
3009 1301 3024 1321 ,
3056 1256 3259 1324 judicio
3288 1258 3451 1313 ollicii
3480 1258 3833 1323 suifraganle,

2239 1326 2575 1381 retralieutli.
2619 1344 2635 1376 ι
2672 1326 2839 1381 ltntno
2888 1329 3151 1382 Arcadius
3197 1329 3264 1383 (Ie
3314 1334 3480 1391 patris
3525 1330 3643 1399 lege
3682 1326 3836 1382 dero-

2236 1410 2390 1467 gans,
2424 1399 2874 1452 constitutionem
2903 1400 3075 1453 edidit
3118 1415 3262 1453 anno
3290 1400 3417 1467 398,
3452 1400 3520 1453 S7
3555 1399 3688 1454 Julii
3721 1400 3834 1467 die,

2237 1473 2621 1541 consignatum
2645 1511 2659 1534 ,
2690 1479 2745 1524 et
2772 1469 2905 1525 Cod.
2941 1470 3164 1533 .InSIiu.,
3201 1472 3296 1527 lib.
3328 1488 3378 1531 ι,
3411 1474 3490 1525 tit.
3521 1472 3575 1534 ὅ,
3610 1473 3716 1541 leg.
3752 1472 3835 1537 η,

2241 1540 2493 1601 relatam,
2521 1556 2625 1610 qua
2665 1543 2952 1608 curialem,
2986 1545 3029 1598 si
3060 1543 3296 1597 clericos
3338 1546 3497 1598 luerit
3528 1540 3837 1609 ordinatus,

2241 1612 2601 1665 conventione
2635 1616 2915 1681 prtetnissa
2942 1617 3122 1667 statim
3153 1616 3305 1668 reddi
3335 1616 3491 1683 jubet
3523 1634 3535 1667 :
3566 1635 3585 1667 r
3615 1614 3839 1670 Clericis

2240 1685 2410 1749 enim,
2444 1683 2639 1752 inquit,
2668 1686 2896 1738 ulterius
2928 1687 3096 1754 legem
3134 1688 3397 1754 prodesse
3438 1701 3545 1741 non
3582 1688 3839 1755 patimur,

2241 1770 2363 1824 quae
2387 1756 2643 1810 cessioue
2674 1759 2982 1825 patrimonii
3017 1759 3305 1812 subsecuta
3328 1800 3343 1825 ,
3376 1758 3710 1813 decuriones
3734 1760 3839 1813 cle-

2244 1827 2390 1881 ricos
2411 1841 2533 1882 esse
2566 1844 2671 1881 non
2706 1830 2940 1883 vetabat.
2979 1848 2999 1882 ι
3021 1830 3133 1885 lloc
3159 1838 3338 1884 tamen
3366 1830 3435 1885 de
3454 1833 3588 1884 solis
3618 1830 3837 1885 minori-

542 1901 919 1954 uullateuus...
970 1918 1069 1955 nec
1116 1872 1592 1969 ullo’argnmento
1631 1900 2001 1961 necessitatis,
2046 1909 2135 1951 aut
2169 1869 2215 1928 Β
2248 1899 2348 1951 bus
2374 1898 2589 1971 clericis
2616 1898 2821 1953 dictum
2847 1916 2968 1955 esse
2992 1902 3185 1971 probat
3207 1903 3349 1971 quod
3375 1902 3519 1956 idem
3547 1904 3842 1968 imperator

540 1972 763 2025 servitii
792 1973 1031 2027 civitatis
1056 1990 1189 2037 sum,
1222 1989 1320 2043 pro
1352 1989 1417 2027 eo
1445 1974 1587 2036 quod
1615 1973 2142 2043 civitateinmntare

544 2044 731 2109 voluit,
773 2048 943 2114 possit
974 2041 1236 2099 evadere:
1269 2065 1287 2096 ι
1316 2046 1434 2099 Alia
1466 2059 1685 2115 quoque
1714 2045 1834 2112 lege
1864 2041 2015 2114 (Leg.
2044 2042 2137 2115 20)

538 2116 715 2182 jubet,
756 2132 774 2167 ι
814 2117 1022 2170 nullum
1061 2118 1348 2179 curialem,
1384 2114 1493 2170 nisi
1514 2117 1770 2170 omnibus
1815 2117 1983 2169 curire
2015 2114 2138 2167 olli-

543 2188 643 2241 ciis
670 2202 767 2256 per
807 2190 1057 2243 ordinem
1091 2189 1224 2242 actis
1256 2188 1432 2257 (addit
1464 2188 1781 2253 Annianus,
1812 2201 1924 2258 quia
1958 2185 2142 2257 patrita

540 2258 855 2328 debentur),
890 2263 1157 2314 curatoris
1187 2270 1279 2314 aut
1317 2261 1625 2314 defensoris
1660 2258 1901 2311 oilieiunt
1936 2258 2141 2313 debere

544 2332 846 2397 suscipere.
889 2350 907 2384 ι
957 2332 1142 2400 Neque
1186 2334 1360 2403 major
1402 2341 1523 2387 erat
1570 2330 1963 2403 Imperatorum
2011 2343 2140 2403 erga

542 2418 658 2467 eos,
694 2406 782 2475 qui
816 2407 881 2458 ad
915 2406 1124 2459 clerum
1158 2420 1185 2457 a
1211 2401 1360 2458 curia
1392 2404 1699 2470 migrabant
1725 2443 1738 2462 ,
1775 2401 2136 2475 Indulgentia.

542 2470 884 2542 Ambrosius,
926 2477 1087 2546 epist.
1124 2476 1214 2539 41,
1249 2479 1311 2531 ad
1356 2476 1735 2546 Theodosium
1774 2475 1932 2546 iuip..
1966 2489 2017 2546 n_.
2046 2470 2141 2535 29,

546 2546 648 2599 hac
698 2548 766 2602 de
813 2565 871 2603 re
921 2544 1041 2602 cum
1095 2549 1189 2603 illo
1235 2550 1335 2603 sibi
1385 2545 1837 2615 erposmlandum
1887 2544 2037 2597 duxit
2088 2546 2138 2595 in

547 2618 693 2672 hunc
737 2619 955 2674 modum
990 2639 1001 2671 :
1036 2638 1054 2671 ι
1103 2622 1390 2687 Quomodo
1430 2620 1705 2674 eleus;ibo
1747 2615 1888 2687 apud
1930 2615 2143 2685 episco-

547 2706 662 2756 pos,
696 2695 788 2762 qui
814 2708 975 2755 nunc,
1009 2691 1136 2762 quia
1170 2708 1264 2761 per
1292 2692 1509 2760 triginta
1538 2700 1593 2744 et
1623 2690 1942 2762 innumeros
1968 2701 2142 2762 annos

544 2756 853 2835 presbyteri
876 2756 1095 2835 quidam
1122 2756 1289 2833 gradu
1321 2756 1487 2818 functi
1514 2764 1594 2817 vel
1620 2761 1849 2835 ministri
1882 2756 2142 2814 Ecclesim

550 2834 903 2891 retral’tuntur
934 2854 959 2889 a
1001 2853 1225 2891 muucre
1267 2853 1442 2900 sacro,
1488 2844 1543 2889 ct
1582 2836 1751 2890 curia:
1786 2834 2139 2902 deputantur,

547 2909 786 2975 graviter
826 2910 1084 2979 gemunt?
1122 2929 1139 2961 ι
1178 2910 1242 2964 Et
1283 2924 1349 2963 eo
1392 2907 1609 2977 quidem
1643 2908 1849 2979 aequior
1887 2911 2007 2979 erat
2047 2902 2140 2955 illa

548 2976 934 3045 extiostulalio,
966 2981 1109 3050 quod
1141 2989 1296 3034 antea
1330 2976 1478 3052 (ch.
1513 2979 1601 3049 13)
1629 2976 2019 3052 Constantinus
2050 2990 2144 3026 cu-

550 3052 658 3105 rias
703 3047 996 3107 admoneri
1043 3047 1347 3115 voluisset,
1383 3047 1443 3106 ut
1483 3047 1591 3107 eos
1629 3061 1835 3105 tantum
1879 3047 2142 3114 deinceps

556 3141 575 3173 ‹
616 3125 680 3177 ad
709 3126 913 3177 curiam
949 3125 1257 3188 retrahint,
1294 3139 1430 3192 quos
1470 3124 1606 3177 intra
1642 3124 1827 3187 viginti
1870 3119 2137 3192 stipendia

550 3196 602 3249 itt
649 3196 848 3250 officiis
893 3190 1359 3263 deprehenderint
1402 3195 1483 3249 vel
1530 3195 1794 3266 originem
1841 3190 2138 3266 defugisse,

547 3270 627 3321 vel
652 3275 829 3336 Sprett
858 3270 1234 3323 nominatione
1258 3269 1463 3322 militizv
1488 3283 1544 3322 se
1571 3262 1888 3321 inseruisse.
1923 3280 1941 3314 ι
1972 3262 2143 3316 Immo
2169 3272 2213 3333 ρ

549 3338 797 3393 Julianus
834 3351 1013 3407 po~tea
1046 3342 1290 3395 edixerat
1318 3339 1465 3409 (Leg.
1501 3339 1594 3409 56)
1623 3355 1635 3391 :
1663 3340 1764 3405 Qui
1791 3341 1897 3390 nati
1928 3336 2139 3403 origine

549 3411 741 3465 curiali
772 3413 1007 3466 militare
1041 3429 1235 3466 munus
1263 3415 1678 3476 adamaverunt,
1709 3412 1796 3463 ubi
1832 3412 2016 3462 ιιρςνιη
2047 3421 2142 3458 an-

553 3500 745 3536 nornnt
770 3486 1036 3552 stipendia
1061 3484 1305 3539 eoni'vcta
1332 3493 1480 3547 sunt,
1500 3482 1804 3553 jussimnnt
1831 3489 2139 3535 nostrarum

553 3557 875 3630 ancutrjtatc
900 3569 1057 3630 urunt
1087 3560 1232 3610 curia
1265 3557 1555 3630 illittittttes.
1813 3625 1821 3630 _
2086 3619 2096 3630 _

628 3646 680 3679 ;›.
722 3626 837 3693 Qua
858 3629 1147 3681 conditione
1174 3629 1393 3683 curiales
1417 3626 1554 3681 clero
1583 3640 1763 3678 nomen
1788 3625 1913 3678 dare
1933 3625 2145 3694 permit-

554 3692 808 3752 tebantur.
842 3700 1190 3773 -—_L‘nriales
1221 3716 1325 3753 non
1356 3699 1875 3773 itareniovebantnr
1909 3692 1941 3746 ai
1968 3692 2141 3773 clero,

559 3778 616 3841 ut
642 3773 819 3823 omnis
860 3770 924 3823 ad
967 3787 1087 3825 eum
1131 3772 1306 3825 aditus
1349 3771 1479 3841 ipsis
1517 3769 1998 3824 intercluderetur.
2035 3762 2145 3841 Illis

563 3839 969 3895 Valentinianus
1006 3858 1069 3895 ac
1103 3842 1301 3897 Valens
1333 3835 1480 3897 clero
1514 3856 1709 3895 nomen
1754 3840 1884 3893 dare
1912 3835 2143 3907 Quodam

554 3915 867 3987 conditione
892 3917 1235 3983 permittunt,
1260 3932 1420 3987 qttam
1451 3918 1567 3983 lege
1589 3929 1725 3987 anno
1750 3909 1879 3987 59b,
1902 3914 2147 3987 Septem:

553 3983 671 4039 bris
723 3985 783 4040 l0
832 3978 938 4047 die,
980 3986 1124 4047 data,
1174 3978 1252 4042 sic
1279 3978 1555 4056 explicant
1599 3982 1747 4055 (Leg.
1795 3981 1886 4053 59)
1934 3998 1945 4034 :
1987 3998 2005 4031 ε
2044 3978 2144 4044 Qui

558 4068 743 4124 partes
771 4059 920 4125 eligit
951 4058 1229 4123 Ecclesiaz,
1261 4062 1427 4114 autin
1459 4058 1819 4129 propinquum
1842 4056 1988 4129 bona
2025 4066 2149 4121 pro-

560 4131 693 4203 pria
725 4129 1077 4203 conferendo,
1127 4147 1249 4185 eum
1301 4146 1396 4201 pro
1440 4125 1499 4185 se
1543 4125 1701 4182 l‘aciat
1740 4125 2024 4189 curialein,
2059 4128 2149 4203 aut

553 4198 899 4257 facultatibus
931 4206 1102 4258 cttt'ItB
1144 4198 1493 4273 cedat'quam
1528 4202 1763 4276 reliquit,
1793 4214 1857 4276 ex
1906 4198 2144 4276 necessi-

559 4281 671 4327 tate
698 4276 1005 4329 revocando
1039 4294 1126 4340 eo,
1151 4280 1241 4345 qui
1274 4270 1523 4329 neutrum
1559 4272 1685 4345 fecit
1712 4288 1724 4324 :
1768 4290 1785 4322 ι
1814 4270 1917 4345 hoc
1944 4279 2049 4335 est,
2074 4270 2147 4319 ita

560 4352 619 4396 ιιι
647 4348 868 4398 omnino
898 4346 963 4400 ad
992 4342 1197 4401 curiam
1242 4345 1587 4401 revocmdus
1617 4344 1707 4406 sit,
1748 4345 1838 4414 qui
1884 4342 2019 4414 bona
2054 4352 2150 4414 sua

560 4415 644 4469 vel
676 4417 981 4485 propinquo
1008 4419 1089 4471 vel
1130 4421 1298 4472 curiae
1328 4435 1439 4473 suze
1471 4433 1580 4472 non
1621 4410 1805 4469 cessit.
1840 4413 2058 4485 Eadem,
2083 4410 2150 4485 de

559 4501 619 4541 re
654 4483 832 4542 exstat
872 4499 925 4543 et
958 4489 1073 4544 haec
1110 4488 1401 4545 Theodosii
1434 4504 1577 4543 anno
1613 4487 1682 4541 38
1698 4499 1740 4551 ι,
1774 4483 2093 4539 Novi-rubris
2120 4483 2150 4534 7

559 4558 671 4632 die,
716 4560 1034 4627 coiisignata
1075 4567 1394 4615 constitutio
1422 4560 1573 4632 (Leg.
1615 4555 1788 4632 “ibi;
1827 4576 1845 4608 ι
1885 4554 2149 4632 curiales,

563 4631 650 4695 qui
683 4632 931 4683 ecclesiis
965 4633 1171 4685 malunt
1205 4627 1615 4699 servire'qu'am
1656 4628 1844 4690 curiis,
1870 4627 1934 4699 isi
1968 4627 2155 4681 volunt

560 4677 682 4755 esse
703 4702 844 4769 quod
869 4703 1145 4764 sitnulant,
1165 4677 1519 4757 eonteninarit
1542 4702 1629 4753 illa
1654 4714 1775 4768 quae
1798 4677 2146 4751 siibtralinnt.
2179 4677 2234 4738 Ῑ)

557 4770 668 4824 Nec
700 4777 844 4825 enini
890 4788 985 4826 eos
1033 4773 1212 4837 aliter,
1258 4774 1362 4826 nisi
1408 4769 1741 4841 contemptis
1784 4771 2145 4839 patrimoniis,

557 4841 876 4913 liberamus.
909 4862 925 4894 ι
954 4843 1070 4910 Quo
1102 4845 1340 4913 reSpexit
1362 4845 1703 4907 Ambrosius,
1726 4854 1845 4913 cum
1870 4841 2147 4913 epist.rl8,

560 4913 627 4965 ad
667 4912 1127 4979 Valentiniauinn,
1159 4911 1211 4969 n.
1252 4914 1336 4977 l5,
1372 4914 1591 4983 scripsit
1621 4931 1632 4965 :
1664 4930 1680 4962 t
1721 4911 1774 4966 Si
1812 4912 2146 4981 privilegium

562 4996 772 5053 qumrat
815 4985 1096 5050 sacerdos,
1129 4998 1187 5039 ut
1227 5003 1363 5039 onus
1390 4986 1599 5039 curiale
1642 4983 1910 5049 declinet;
1960 4987 2149 5053 patria:

559 5063 722 5125 atque
762 5059 901 5110 avita
934 5067 987 5110 et
1026 5059 1266 5111 omnium
1306 5056 1620 5113 facultatum
1670 5058 2013 5125 possessione
2053 5069 2145 5111 ce-

562 5127 798 5200 dendum
846 5138 949 5181 est.
988 5146 1006 5179 ›
1042 5129 1210 5183 Paulo
1250 5129 1625 5200 indulgentior
1659 5129 1836 5200 luerat
1879 5125 2150 5182 Constan-

561 5200 670 5251 tius
700 5198 1011 5271 :_siquident
1056 5216 1198 5254 anno
1237 5201 1366 5266 561,
1406 5198 1633 5271 Augusti
1662 5198 1731 5255 29
1770 5198 1877 5271 die,
1914 5202 2148 5268 primum

566 5271 617 5324 in
646 5269 1026 5338 episeoporum
1065 5272 1294 5342 gratiam
1336 5269 1579 5327 decrevit
1613 5272 1760 5344 (ch.
1796 5270 1888 5344 ~l9)
1927 5290 1938 5325 :
1971 5289 1989 5324 t
2029 5271 2155 5344 Epi-

562 5358 787 5411 St'OIIUIII
819 5343 992 5398 solum
1026 5344 1305 5399 facultates
1337 5361 1462 5399 suas
1493 5342 1680 5408 curiie,
1715 5342 2007 5398 Sicutatite
2039 5342 2153 5398 lue-

564 5426 646 5467 rat
674 5414 1057 5480 constitutum,
1090 5416 1273 5469 nullus
1308 5416 1491 5484 adigat
1516 5419 1845 5485 mancipare.
1891 5435 1909 5468 ›
1948 5414 2155 5472 Deinde

565 5488 685 5540 illos
712 5489 902 5542 eodem
931 5487 1212 5557 privilegio
1236 5489 1472 5558 gaudere
1503 5486 1639 5552 vult,
1670 5506 1688 5539 t
1721 5488 1813 5556 qui
1841 5488 1905 5541 ad
1939 5489 2157 5559 presby-

566 5567 808 5613 terorum
848 5560 1071 5629 gradus,
1110 5559 1396 5613 diaCouum
1432 5560 1593 5613 etiam
1633 5575 1730 5613 seu
1758 5560 2152 5614 subdiacimum

562 5640 991 5699 Carlcrot'utnqtte
1041 5632 1386 5698 periti-norint
1433 5644 1725 5686 as'sISIenlc
1774 5633 1945 5695 curia,
1995 5645 2157 5702 atque

562 5704 665 5753 Sub
699 5702 885 5756 obtutu
927 5702 1131 5772 jndicis
1174 5714 1456 5770 promente
1487 5719 1884 5758 consensum...
1921 5710 2157 5758 maxime

562 5774 605 5825 si
636 5775 800 5845 totius
829 5776 1009 5841 pOpIIIi
1039 5774 1260 5827 vocibus
1288 5785 1633 5845 expetantur.
1670 5795 1691 5828 ι
1726 5776 1981 5845 Alioquin
2020 5777 2155 5829 duas

563 5844 884 5918 SllIlSlt'lllltl‘
912 5860 1023 5899 sua:
1048 5847 1326 5915 portiones
1357 5843 1441 5901 vel
1474 5850 1796 5918 propinquis
1824 5843 1938 5918 suis
1966 5846 2031 5900 ad
2060 5861 2154 5918 cu-

561 5914 708 5965 rialia
761 5916 1018 5986 olisoquia
1052 5914 1404 5990 subrogatis,
1454 5914 1537 5974 vel
1579 5914 1745 5975 curiae
1793 5918 1859 5972 ab
1906 5915 1970 5977 iis
2015 5916 2152 5973 tradi

2247 1984 2393 2023 anno
2424 1970 2530 2045 {>99
2558 1980 2793 2025 exeunte
2821 1970 3107 2025 consuluit
3131 1970 3282 2045 (Lrg.
3322 1973 3446 2045 165)
3483 1990 3495 2027 :
3528 1992 3546 2024 ‹
3588 1973 3646 2029 Si
3673 1972 3759 2042 qui
3781 1986 3843 2028 ex

2246 2041 2488 2095 secundo
2514 2044 2680 2110 patris
2704 2046 2877 2097 n05tri
2905 2046 3189 2097 consulatu
3215 2041 3433 2099 entiam
3451 2046 3842 2112 relinquentes,

2246 2114 2572 2168 clericorum
2611 2128 2672 2168 se
2715 2116 2998 2169 Consortio
3041 2116 3458 2183 manciparunt,
3498 2115 3545 2170 si
3589 2116 3704 2184 jam
3733 2116 3843 2184 epi-

2247 2184 2421 2250 SCOpi,
2452 2185 2897 2257 velpresbyteri,
2934 2186 3219 2240 diaconive
3253 2202 3376 2241 esse
3408 2195 3764 2251 meruerunt,
3798 2189 3844 2242 in

2247 2257 2421 2310 sacris
2462 2256 2681 2329 ipiiiletn
2735 2256 2787 2310 et
2834 2257 3228 2311 secretioribus
3275 2258 3551 2329 mysteriis
3598 2273 3848 2327 perseve-

2246 2338 2401 2390 rent;
2435 2327 2529 2381 sed
2562 2338 2653 2381 attt
2676 2329 3000 2383 substitutos
3026 2330 3191 2383 curia:
3215 2327 3417 2384 ollerre
3446 2341 3736 2399 Cogantur,
3763 2340 3848 2385 aut

2242 2398 2402 2466 juxta
2449 2399 2623 2469 legent
2653 2400 2855 2454 dudum
2899 2405 3060 2454 latam
3096 2401 3309 2454 tradant
3342 2403 3510 2457 curia:
3538 2404 3843 2457 facultates.

2248 2468 2473 2524 Πεδίάυί
2512 2468 2752 2534 omnes,
2807 2472 3074 2537 lectores,
3126 2471 3482 2539 subdiacotti,
3534 2474 3621 2528 vel
3672 2474 3849 2529 clerici

2246 2544 2443 2611 quibus
2485 2542 2811 2597 clericorum
2845 2545 3135 2614 privilegia
3176 2559 3283 2595 non
3328 2545 3627 2607 debentur,
3660 2545 3849 2600 debitis

2248 2629 2372 2666 mox
2422 2616 2613 2683 patria:
2658 2617 2975 2686 muneribus
3017 2624 3441 2684 praesentcutur.
3489 2633 3507 2667 ι
3545 2615 3649 2669 Tot
3696 2619 3851 2686 igitur

2249 2694 2467 2758 tamque
2502 2688 2733 2758 diversis
2766 2685 2974 2757 legibus
3006 2703 3111 2739 non
3142 2688 3333 2741 deerat
3374 2687 3657 2758 judicibus
3702 2685 3849 2743 occa-

2246 2757 2352 2822 sio,
2386 2756 2488 2827 Qna
2522 2756 2757 2811 curiales
2793 2759 2843 2812 In
2885 2758 3093 2813 clerum
3138 2756 3387 2812 adscitos
3411 2763 3723 2827 importune
3767 2777 3850 2815 re-

2249 2838 2517 2897 peterent,
2553 2829 2783 2899 indeque
2814 2829 3136 2899 praesulibus
3164 2830 3523 2885 ecclesiarum
3549 2831 3848 2887 molestiam

2248 2911 2531 2954 crearent.

2834 2995 3167 3053 EPISTOL\
3206 2997 3269 3052 ll.

2404 3117 2444 3173 Ε
2481 3119 2649 3174 veteri
2677 3120 2975 3189 exemplari
3004 3117 3345 3187 Colbertino,
3376 3130 3488 3175 not.
3523 3118 3655 3175 939..

2248 3219 2290 3276 ι.
2325 3220 2393 3277 Ut
2422 3230 2569 3276 extra
2599 3222 2966 3275 conscientiam
2995 3220 3384 3289 metropolitani
3416 3220 3653 3289 episcopi
3687 3220 3854 3277 nullus

2320 3317 2680 3386 cpiswporum
2711 3316 2900 3369 audeat
2932 3315 3197 3368 ordinare.
3231 3344 3299 3354 —-
3326 3314 3387 3369 ll.
3425 3313 3492 3368 Ut
3522 3323 3643 3385 post
3680 3315 3854 3368 remis-

2317 3410 2513 3463 sionem
2555 3418 2881 3478 peccatorum
2930 3426 3031 3463 non
3072 3410 3377 3463 admittatur
3422 3408 3491 3461 ad
3538 3411 3736 3463 clerum
3774 3410 3855 3479 qui

2320 3506 2585 3577 cingulum
2618 3506 2817 3558 militite
2850 3506 3037 3560 habere
3066 3506 3294 3577 elegerit.
3339 3536 3409 3547 —
3444 3505 3535 3561 IIl.
3586 3506 3659 3562 Ut
3690 3524 3855 3563 omnes

2321 3601 2672 3655 contentiones
2702 3603 2778 3653 vel
2826 3617 2997 3655 causa:
3036 3602 3175 3655 inter
3202 3602 3417 3656 clericos
3448 3604 3727 3673 cujuslibet
3773 3620 3854 3658 or-

2322 3692 2459 3746 dinis
2509 3702 2733 3757 coortae,
2787 3710 2960 3747 coram
3006 3696 3455 3767 provincialibus,
3519 3698 3575 3750 id
3634 3708 3709 3753 est
3756 3698 3856 3752 suis

2322 3787 2598 3856 episcopis,
2633 3787 2985 3841 terminentur.
3018 3786 3086 3842 Ut
3115 3791 3339 3858 majores
3365 3806 3539 3844 causa:
3578 3792 3649 3843 ad
3692 3790 3855 3846 sedem

2323 3878 2664 3948 apostolicam
2694 3889 2808 3950 post
2840 3881 3135 3949 episcopale
3160 3880 3418 3951 judicium
3448 3885 3764 3953 referantur.
3797 3911 3856 3923 —

2323 3969 2414 4025 IV.
2447 3969 2515 4024 Ut
2546 3972 2763 4026 clericus
2793 3972 3043 4043 virginem
3072 3989 3286 4027 uxorem
3316 3974 3563 4044 accipiat.
3597 4006 3669 4016 -—-
3700 3974 3760 4029 γ.
3794 3973 3856 4031 Ut

2323 4064 2485 4118 laicus
2516 4064 2620 4117 sive
2661 4076 2779 4118 ante
2807 4064 3142 4135 baptismum,
3178 4067 3282 4120 sive
3308 4076 3419 4135 post
3449 4066 3793 4139 baptismum,
3816 4069 3858 4123 si

2323 4159 2531 4213 viduam
2553 4175 2767 4213 uxorem
2792 4161 3074 4229 acceperit,
3098 4176 3199 4213 non
3223 4161 3533 4214 admittatur
3556 4162 3627 4216 ad
3648 4164 3851 4215 tierunt.

2325 4280 2395 4292 —
2427 4250 2511 4304 Vl.
2549 4250 2617 4306 Ut
2646 4254 2733 4319 qui
2784 4255 3066 4305 secundam
3114 4252 3323 4307 duxerit
3353 4269 3601 4319 uxorem,
3654 4254 3858 4309 clericus

2325 4344 2561 4400 ordinari
2590 4360 2690 4397 non
2716 4343 2926 4408 debeat,
2953 4345 3045 4398 etsi
3074 4353 3193 4399 ante
3220 4344 3533 4414 baptismum
3575 4345 3725 4418 (tale)
3754 4351 3859 4419 fuc-

2327 4438 2392 4490 rit
2418 4436 2631 4489 sortitur
2659 4437 2997 4489 connubium.
3023 4466 3092 4476 -——
3117 4435 3229 4491 VII.
3268 4435 3334 4491 Ut
3358 4438 3422 4489 de
3450 4438 3623 4491 aliena
3651 4439 3859 4493 ecclesia

2332 4528 2577 4582 clericum
2608 4530 2853 4583 ordinare
2900 4530 3075 4583 nullus
3124 4540 3355 4599 usurpet.
3389 4559 3459 4571 —-
3485 4529 3622 4586 VIII.
3677 4530 3745 4587 Ut
3786 4548 3861 4587 vc-

2328 4621 2524 4675 nicntcs
2570 4638 2600 4673 a
2634 4619 2946 4675 Novatianis
2976 4622 3057 4677 vel
3099 4620 3451 4678 Montensibus
3484 4625 3739 4693 baptizati
3777 4641 3861 4698 per

2330 4732 2513 4769 manus
2545 4726 2743 4769 tantum
2771 4718 3158 4785 impositionem
3184 4719 3650 4786 suscipiantur.—
3675 4718 3763 4775 IX.
3798 4716 3860 4774 Ut

2328 4808 2622 4863 sacerdotes
2653 4819 2700 4863 et
2734 4808 2900 4864 levita
2944 4824 3060 4862 cum
3094 4808 3345 4863 umoribus
3388 4811 3497 4865 suis
3528 4828 3633 4865 non
3664 4820 3857 4870 coeant.

2328 4931 2399 4943 —
2439 4900 2507 4955 Χ.
2548 4898 2616 4955 Ut
2659 4901 2944 4954 monachus
2976 4901 3021 4954 si
3069 4901 3135 4954 ad
3184 4900 3460 4954 clericatus
3500 4901 3739 4956 ordinem
3773 4902 3861 4955 niti

2331 4995 2570 5060 voluerit,
2602 5012 2633 5048 α
2682 4995 2846 5067 priori
2872 4994 3159 5066 proposito,
3209 4994 3347 5063 quod
3375 4993 3662 5050 monachus
3692 4994 3859 5068 gessit,

2332 5103 2433 5140 non
2462 5086 2641 5141 debeat
2674 5086 2903 5140 deviare.
2932 5116 3003 5127 —
3030 5085 3123 5142 XI.
3152 5086 3219 5141 Ut
3248 5088 3336 5156 qui
3363 5098 3644 5158 corruptus
3674 5089 3742 5141 ad
3767 5089 3863 5143 clc-

2331 5181 2555 5233 ricatum
2584 5180 2757 5233 venire
2798 5179 3046 5247 voluerit,
3088 5178 3338 5250 spondeat
3382 5196 3433 5233 re
3464 5182 3744 5234 secundum
3785 5196 3863 5234 rc-

2332 5284 2495 5329 terum
2524 5272 2759 5345 regulam
2808 5288 3018 5326 uxorem
3065 5288 3166 5325 non
3196 5272 3400 5326 ducere.
3438 5302 3502 5317 —-—
3528 5272 3648 5328 XII.
3685 5273 3753 5329 Ut
3779 5291 3862 5328 cu-

2331 5370 2489 5423 riales
2530 5369 2607 5422 vel
2651 5366 2961 5437 quibuslibet
3010 5367 3362 5437 [unctionibus
3388 5370 3655 5435 occupati,
3698 5368 3861 5424 clerici

2332 5476 2436 5513 non
2464 5459 2611 5528 fiant.
2638 5487 2709 5498 --
2732 5456 2873 5511 XIII.
2903 5456 2971 5513 Ut
2998 5460 3210 5512 ancilla:
3243 5458 3335 5511 Dei
3363 5458 3570 5525 ναίηται,
3595 5461 3639 5513 εἰ
3670 5460 3862 5529 publica

2334 5554 2571 5609 nubendo
2615 5552 2693 5607 vcl
2721 5553 2921 5607 ot'culte
2963 5570 3019 5608 se
3048 5553 3372 5625 corruptioni
3403 5554 3737 5619 tradiderint,
3768 5570 3861 5608 non

2332 5649 2675 5703 admittuntur
2714 5644 2782 5697 ad
2825 5647 3210 5715 pozttitentiam,
3255 5647 3355 5699 nisi
3385 5648 3467 5699 cui
3500 5663 3553 5700 se
3580 5651 3863 5720 junxerunt

2331 5743 2394 5797 de
2424 5740 2615 5796 sarculo
2644 5740 2933 5796 recesserit.
2967 5771 3038 5780 —
3066 5739 3206 5796 XIV.
3240 5739 3309 5795 Ut
3338 5741 3546 5796 ancilla
3582 5741 3713 5807 Dei,
3753 5758 3862 5796 nec-

2332 5836 2455 5889 dum
2484 5843 2726 5896 sacratar,
2761 5833 2806 5886 si
2843 5842 2955 5903 post
2996 5837 3187 5890 nubere
3215 5834 3493 5902 voluerint,
3524 5836 3595 5891 ad
3623 5841 3862 5907 paniten-

2330 5932 2476 5995 tt’am,
2503 5929 2841 6001 recipiantur.
