4084 6342
265 351 366 408 469

1459 337 1825 397 EPISTOL£
1869 335 1956 392 ΕΤ
1999 333 2344 391 DECRETA.

3457 326 3574 396 ,470

266 471 304 526 Ε
336 468 623 524 veteribus
655 464 1000 524 collectionis
1042 461 1284 534 Dionysii
1340 458 1532 530 Exigni
1561 455 1864 512 codicibus.
1896 458 1943 518 Α
1973 453 2283 522 regionibus
2317 449 2554 525 propriis
2602 448 2851 507 ecclesiis
2890 434 3229 519 praesident,
3261 444 3572 516 regularum

265 565 352 624 IX.
372 563 523 632 Quod
535 573 693 618 extra
706 561 1077 616 conscientiam
1091 554 1473 620 metmpolitani
1486 569 1589 607 non
1603 552 1877 607 ordinetur

329 653 782 732 episcopus.—X.
801 663 825 690 ³
849 651 1029 722 Quiad
1042 652 1236 706 clerum
1249 647 1440 716 suscipi
1455 662 1554 698 non
1571 643 1788 714 possint.
1811 640 1878 695 Et

332 763 388 808 ut
409 753 730 807 clericorum
755 765 967 803 (austra
989 746 1215 817 propriis
1237 743 1577 799 terminentur
1595 739 1873 813 episcopis.

331 844 475 900 —Xl
490 842 598 898 bUt
612 843 705 898 vid
715 860 832 896 nam
849 841 1065 896 clericus
1080 856 1180 895 non
1193 839 1346 892 ducat
1361 833 1788 891 uxorem—XII.
1809 831 1879 889 Ut

334 943 376 995 si
403 941 574 994 laicus
607 938 824 992 uiduam
847 937 1085 1001 duxerit,
1116 935 1333 989 clericus
1366 948 1466 985 non
1493 931 1605 1000 ﬁat.
1636 959 1706 970 —
1735 926 1876 986 XIII.

337 1039 438 1106 Qui
470 1039 769 1094 secundam
797 1038 1030 1092 habuerit
1057 1051 1290 1097 uxorem,
1317 1032 1534 1086 clericus
1559 1045 1661 1085 non
1693 1029 1779 1084 sit.
1809 1057 1881 1068 —

333 1130 481 1186 XIV.
515 1130 587 1186 Ut
627 1132 850 1185 alterius
891 1130 1135 1184 clericum
1165 1126 1338 1181 nullus
1369 1134 1576 1193 usurpet
1611 1123 1880 1195 episcOpus

332 1224 608 1279 ordinare.
651 1254 725 1264 —
753 1222 871 1278 XV.
918 1220 985 1278 Ut
1016 1239 1117 1276 non
1145 1219 1530 1287 rebaptizentur
1559 1217 1645 1286 qui
1671 1215 1738 1267 ad
1777 1213 1881 1270 Ec—

333 1319 552 1373 clesium
603 1336 638 1373 α
673 1317 983 1372 Novatianis
1029 1316 1104 1370 vel
1149 1311 1500 1368 Montensibus
1543 1310 1770 1364 veniunt.
1813 1338 1882 1349 —

330 1412 472 1469 XVI.
502 1413 668 1481 Quod
691 1413 986 1468 sacerdotes
1019 1420 1064 1466 et
1090 1411 1256 1466 levitce
1277 1425 1392 1462 cum
1420 1405 1718 1461 mulieribus
1748 1403 1885 1458 coire

339 1527 440 1564 non
470 1509 724 1563 debeant.
756 1539 826 1550 —
848 1505 1011 1562 XVII.
1047 1505 1199 1572 Quod
1242 1503 1557 1565 monachus,
1595 1501 1637 1554 si
1667 1501 1884 1556 clericus

335 1604 507 1670 {actus
543 1584 737 1672 fuerit,
773 1611 794 1640 ο
826 1615 1038 1654 uxorem
1067 1614 1171 1652 non
1205 1598 1380 1650 ducat.
1403 1627 1474 1636 —
1502 1593 1688 1650 XVIII.
1725 1592 1792 1648 Ut
1820 1608 1884 1648 ex

337 1691 639 1746 curialibus
678 1692 902 1745 clericus
933 1707 1033 1744 non
1079 1690 1171 1759 ﬁat
1216 1697 1423 1759 propter
1453 1687 1734 1760 voluptates
1758 1703 1885 1755 quas

338 1805 369 1842 a
395 1788 616 1842 diabolo
651 1787 888 1841 inventas
911 1785 1148 1840 exhibere
1173 1784 1513 1853 compellitur.
1541 1811 1612 1822 ——
1633 1780 1778 1836 XIX.
1809 1779 1885 1834 De

337 1879 637 1952 virginibus
670 1876 696 1915 ἀ
729 1880 930 1945 velatis,
963 1879 1006 1932 si
1046 1878 1376 1932 deviaverint.
1413 1907 1483 1918 —
1511 1875 1632 1932 XX.
1672 1874 1750 1930 De
1781 1876 1884 1929 vir-

333 1973 545 2046 ginibus
575 1988 688 2028 non
718 1971 923 2037 velatis,
953 1971 998 2027 si
1028 1971 1365 2026 deviaverint.

336 2176 707 2234 lusoceurws
739 2187 761 2216 ε
805 2175 1084 2233 Vtc'rntmo
1122 2175 1381 2246 episcopo
1406 2174 1813 2244 Rotomagensi,

965 2269 1221 2325 salutem.

339 2407 388 2461 I.
425 2405 548 2462 Etsi
585 2405 724 2470 tibi,
757 2403 925 2460 t‘rater
953 2403 1302 2467 cbarissime,
1335 2419 1436 2475 pro
1463 2402 1664 2458 merito
1706 2411 1760 2458 et
1789 2401 1886 2456 bo-

273 2516 407 2556 nore
434 2499 744 2556 sacerdotii
777 2513 887 2570 quo
919 2499 1208 2568 plurimum
1253 2497 1444 2568 polles,
1471 2495 1686 2551 vivendi
1713 2505 1766 2550 et
1792 2494 1887 2550 do-

270 2595 425 2651 cendi
456 2592 475 2633 ι
506 2593 914 2650 ecclesiastica:
942 2593 1145 2665 regulre
1168 2603 1290 2648 nota
1322 2601 1451 2648 sunt
1480 2592 1686 2658 omnia,
1713 2607 1887 2662 neque

269 2696 353 2744 est
394 2686 613 2758 aliquid
641 2729 658 2753 ,
709 2686 856 2758 quod
905 2686 971 2741 de
1000 2687 1173 2743 sacris
1220 2687 1548 2744 lectionibus
1580 2686 1673 2741 tibi
1707 2686 1886 2740 minus

271 2781 570 2835 collectum
627 2793 756 2833 esse
797 2778 1078 2842 videatur;
1112 2789 1291 2834 tamen
1337 2779 1457 2848 quia
1496 2778 1756 2833 Romanae
1789 2778 1887 2833 Ec-

272 2873 451 2929 clesiae
483 2887 747 2928 normam
773 2881 798 2920 Β
831 2880 992 2942 atque
1015 2872 1396 2926 auctoritatem
1435 2885 1766 2941 magnopere
1793 2886 1886 2942 po-

274 2969 514 3035 stulasti,
551 2967 830 3023 voluntati
863 2975 968 3021 tua:
997 2981 1201 3022 morem
1233 2964 1520 3021 admodum
1547 2982 1773 3036 gerens,
1807 2965 1881 3021 di-

274 3074 455 3133 gestas
487 3063 624 3116 vitae
669 3069 727 3116 et
774 3076 984 3115 morum
1034 3060 1392 3131 probabilium
1446 3059 1763 3129 disciplinas
1793 3076 1888 3114 au-

273 3170 445 3210 ncxas
485 3153 698 3208 litteris
731 3153 868 3207 meis
899 3152 1044 3218 misi,
1081 3167 1176 3222 per
1212 3168 1346 3222 quas
1384 3151 1670 3208 advertant
1696 3155 1882 3209 Eccle-

1980 547 2124 604 hunc
2161 548 2360 604 librum
2408 545 2561 618 quasi
2604 541 2994 598 didascalicum
3036 550 3198 611 atque
3251 539 3576 596 monitorem

1979 642 2172 697 sedulo
2219 639 2526 704 insinuare;
2555 648 2611 693 ut
2651 647 2705 692 et
2745 646 2963 692 nostros
3009 647 3364 706 cognoscere,
3410 641 3466 687 et
3507 631 3577 686 ad

1982 734 2140 790 ﬁdem
2164 733 2554 790 conﬂuentium
2583 744 2766 785 mores
2790 729 3002 782 valeant
3033 725 3260 781 docendi
3289 721 3582 779 sedulitate

1982 825 2241 880 formare.
2271 827 2376 880 Aut
2414 825 2559 879 enim
2593 823 2932 894 propositum
2963 837 3119 876 suum
3163 835 3228 875 ex
3264 819 3367 874 hac
3395 829 3580 874 nostra

1983 922 2298 987 congruenti
2333 915 2568 972 lectione
2598 922 2956 986 cognoscent,
3003 922 3096 967 aut
3145 912 3188 965 si
3222 912 3350 984 quid
3405 910 3585 967 adhuc

1983 1011 2342 1078 desideratur,
2381 1007 2537 1064 facile
2567 1013 2820 1079 poterunt
2851 1021 2918 1060 ex
2947 1005 3088 1059 bona
3119 1003 3426 1059 imitatione
3453 1017 3582 1074 sup-

1985 1103 2156 1176 plere.

2055 1196 2110 1251 2.
2144 1194 2475 1266 Apostolatus
2504 1204 2552 1250 et
2581 1195 2906 1269 episcopatus
2936 1191 3208 1248 exordium
3237 1207 3267 1244 a
3298 1189 3475 1246 Petro.
3512 1219 3584 1232 --

1987 1291 2313 1361 Incipiamus
2337 1289 2519 1360 igitur,
2542 1289 2833 1359 adjuvante
2862 1286 2877 1324 ί
2907 1297 3101 1343 sancto
3126 1283 3374 1352 apostolo
3399 1283 3580 1355 Petro,

1986 1400 2084 1458 per
2131 1397 2292 1454 quem
2345 1391 2402 1438 et
2447 1381 2790 1453 apostolatus
2819 1390 2874 1436 et
2908 1380 3254 1451 episc0patus
3287 1375 3339 1430 in
3371 1374 3589 1430 Christo

1987 1479 2154 1548 cepit
2180 1475 2464 1532 exordium
2489 1515 2504 1540 ,
2547 1483 2605 1529 nt
2641 1475 2897 1545 quoniam
2953 1487 3097 1543 sarpe
3140 1469 3323 1540 plures
3353 1482 3592 1523 emerse-

1987 1577 2116 1626 runt
2139 1583 2345 1635 causaz,
2374 1582 2495 1638 qua:
2533 1567 2585 1620 in
2615 1565 2908 1635 aliquantis
2939 1578 3046 1619 non
3077 1572 3233 1617 erant
3259 1574 3457 1625 causa},
3489 1558 3588 1614 sed

1988 1663 2241 1726 crimina,
2272 1671 2332 1716 ut
2361 1660 2430 1717 de
2461 1669 2664 1714 cretero
2696 1657 3011 1713 sollicitudo
3062 1656 3134 1710 sit
3171 1654 3466 1723 unicuique
3503 1667 3592 1706 sa-

1989 1755 2196 1812 cerdoti
2243 1755 2294 1808 in
2324 1769 2420 1809 sua
2475 1751 2722 1808 Ecclesia
2755 1767 2940 1806 curam
2991 1746 3297 1820 hujusmodi
3343 1745 3544 1802 habere
3572 1787 3589 1814 ,

1915 1863 1963 1924 Β
1990 1851 2132 1904 sicut
2151 1848 2433 1921 apostolus
2456 1847 2715 1918 praedicat
2736 1845 2939 1900 Paulus
2959 1843 3186 1916 (Ephes.
3213 1839 3400 1912 v,27),
3427 1839 3588 1894 talem

1991 1943 2290 2001 Ecclesium
2319 1942 2430 1998 Deo
2454 1940 2846 2007 exhibendam,
2872 1955 2980 1996 non
3005 1938 3301 1994 habentem
3324 1934 3593 1991 maculam

1988 2045 2081 2092 aut
2123 2051 2336 2106 rugam,
2390 2050 2457 2089 ue
2490 2033 2724 2104 alicujus
2765 2031 3032 2088 morbida:
3079 2030 3200 2086 ovis
3231 2027 3416 2084 altlatu
3460 2042 3594 2083 con-

1987 2129 2214 2184 scientia
2263 2136 2448 2184 nostra
2498 2129 2866 2182 contaminata
2921 2124 3181 2180 violetur.
3234 2122 3466 2192 Pr0ptcr
3496 2135 3594 2178 eos

1989 2226 2174 2297 igitur,
2206 2225 2294 2294 qui
2329 2222 2414 2280 vel
2445 2222 2752 2294 ignorantia
2783 2221 2870 2278 vel
2898 2219 3108 2276 desidia
3134 2234 3240 2274 non
3285 2225 3472 2274 tenent
3499 2230 3594 2274 ec-

1987 2318 2351 2374 clesiasticam
2381 2317 2749 2388 disciplinam,
2779 2325 2836 2372 et
2863 2315 3032 2372 multa
3063 2329 3172 2369 non
3212 2312 3592 2383 praesumenda

1988 2419 2358 2483 praesumunt,
2411 2419 2560 2466 recte
2604 2407 2933 2480 postulasti,
2979 2415 3037 2462 ut
3086 2406 3142 2462 in
3186 2404 3294 2460 illis
3346 2404 3593 2476 partibus

1989 2505 2319 2573 istiusmodi,
2345 2519 2504 2576 quam
2539 2513 2687 2560 tenet
2716 2503 2948 2559 ecclesia
2975 2500 3243 2566 Romana,
3275 2498 3447 2554 forma
3478 2513 3595 2553 scr-

1989 2610 2166 2656 vetur.
2220 2599 2334 2656 Non
2382 2613 2490 2670 quo
2521 2612 2662 2654 nova
2703 2605 2977 2668 prarcepta
3006 2594 3186 2665 aliqua
3231 2593 3589 2662 imperentur,

1989 2693 2084 2749 sed
2116 2707 2200 2758 ea,
2235 2707 2356 2762 qute
2389 2705 2487 2761 per
2515 2689 2780 2746 desidiam
2814 2688 3116 2758 aliquorum
3166 2685 3412 2757 neglecta
3440 2693 3589 2750 sunt,

1988 2785 2057 2839 ab
2085 2784 2336 2840 omnibus
2364 2783 2646 2839 observari
2675 2781 2980 2853 cupiamus,
3004 2793 3126 2850 qua:
3158 2787 3335 2834 tamen
3370 2786 3594 2846 aposto-

1989 2877 2096 2934 Iica
2127 2885 2180 2932 et
2226 2883 2435 2946 patrum
2466 2873 2763 2932 traditione
2807 2885 2934 2929 sunt
2962 2873 3279 2928 constituta.
3313 2869 3589 2940 Scriptum

1989 2981 2075 3028 est
2098 2970 2378 3038 namquet'
2419 2968 2488 3024 ad
2519 2966 3070 3031 'I‘hessalonicenses,
3116 2965 3284 3020 Paulo
3331 2974 3590 3020 monente

1991 3065 2060 3138 (II
2080 3064 2261 3120 Thess.
2295 3079 2354 3128 tt,
2388 3061 2478 3133 M)
2506 3080 2517 3116 :
2551 3062 2720 3130 State,
2749 3070 2797 3115 et
2827 3071 2990 3115 tenete
3018 3059 3326 3113 traditiones
3364 3067 3586 3126 nostras,

1988 3175 2115 3229 quas
2145 3158 2336 3212 tradidi
2360 3157 2499 3212 vobis
2534 3157 2638 3211 sive
2669 3172 2761 3228 per
2790 3154 3014 3220 verbum,
3051 3153 3153 3209 sive
3179 3169 3270 3225 per
3297 3152 3586 3225 epistolam.

273 3249 475 3305 siarum
521 3248 779 3318 regionis
823 3256 1018 3303 vestra:
1067 3245 1288 3317 populi,
1323 3246 1517 3316 quibus
1564 3242 1589 3282 ιλ
1623 3247 1786 3302 rebus
1831 3257 1887 3305 et
1913 3260 1960 3324 ς
1992 3251 2130 3308 Illud
2173 3261 2322 3306 certe
2365 3258 2509 3304 tuam
2552 3248 2716 3304 debet
2759 3256 2996 3303 mentem
3025 3245 3408 3301 vehementius
3433 3245 3589 3301 exci—

274 3345 481 3414 regulis
522 3341 973 3398 Christianorum
1006 3340 1113 3394 vita
1159 3341 1212 3394 in
1241 3355 1338 3394 sua
1367 3340 1630 3410 cujusque
1677 3339 1887 3412 profes-

273 3438 426 3495 sione
465 3437 677 3493 debeat
720 3435 1016 3499 Contineri,
1049 3436 1333 3507 qualisque
1356 3445 1608 3489 servetur
1653 3434 1704 3489 in
1737 3435 1886 3489 ttrbis

274 3531 461 3587 Roma:
491 3529 758 3588 ecclesiis
787 3529 1094 3600 disciplina.
1124 3529 1238 3583 Erit
1277 3527 1590 3582 dilectionis
1616 3539 1720 3583 tua:
1743 3572 1756 3596 ,
1789 3545 1886 3600 per

274 3625 461 3695 plebes
490 3626 784 3691 ﬁnitimas,
808 3634 863 3680 et
885 3623 1307 3679 consacerdotes
1335 3632 1550 3678 nostros
1571 3625 1659 3694 qui
1693 3626 1743 3678 in
1770 3626 1877 3682 illis

346 3817 368 3844 ⁸
399 3807 456 3865 1η
491 3808 744 3877 Hispana
776 3805 1095 3860 collectione
1122 3815 1174 3877 et
1206 3803 1346 3873 apud
1377 3802 1662 3877 lsidornm,
1689 3804 1732 3861 II
1765 3825 1778 3862 :
1805 3805 1884 3862 De

273 3879 350 3934 bis
375 3882 465 3952 qui
491 3876 614 3952 pust
643 3879 964 3952 baptismum
987 3876 1253 3952 cingulum
1295 3876 1493 3952 militia
1516 3877 1763 3932 secularis
1793 3895 1883 3933 ac—

275 3948 538 4019 ceperunt,
558 3969 673 4005 non
697 3949 877 4005 debere
900 3950 965 4001 ad
985 3949 1250 4002 cleritatus
1273 3948 1502 4001 Ordinem
1529 3950 1750 4002 adntitti.
1776 3949 1846 4008 III
1868 3968 1881 4004 :

274 4021 352 4077 De
372 4026 545 4079 causis
573 4025 888 4077 clericorum
910 4037 1022 4092 qum
1046 4023 1095 4078 in
1121 4020 1383 4087 provincia
1398 4022 1542 4092 juste
1568 4036 1667 4072 non
1693 4022 1885 4087 ﬁniun-

276 4107 391 4155 tur.
426 4108 479 4149 ut
513 4097 583 4150 ab
623 4089 1060 4163 apostolira'sede
1105 4089 1459 4144 terminentur.
1487 4089 1540 4144 In
1576 4101 1886 4159 pervetusto

276 4169 585 4235 exctnplari
618 4164 820 4227 ϐοτη,
865 4164 930 4220 IV
964 4183 974 4216 :
1011 4163 1086 4235 De
1111 4164 1189 4216 Itis
1228 4165 1337 4235 qui
1365 4172 1479 4232 post
1505 4233 1512 4235 Α
1535 4165 1882 4235 remissionem

276 4233 610 4308 peccatorum
646 4238 911 4308 cingulum
956 4233 1158 4290 militice
1183 4234 1447 4308 surcularis
1494 4233 1784 4308 habuerint.
1821 4235 1881 4291 V:

277 4304 360 4365 Ne
391 4314 486 4364 ulli
535 4317 696 4365 liceat
726 4304 794 4360 ad
829 4309 985 4361 aliam
1013 4321 1291 4359 convocare
1321 4304 1622 4357 Ecclesium.

346 4382 370 4420 δ
403 4383 533 4438 Is-d.
566 4397 696 4438 Cum
725 4380 958 4446 Hispana
993 4378 1148 4441 coll.,
1176 4376 1270 4431 IV:
1298 4373 1372 4428 De
1401 4377 1643 4430 uxoribus
1675 4378 1884 4432 clerico—

274 4471 422 4518 rum,
454 4466 513 4508 ut
541 4453 834 4524 virginibus
865 4452 1141 4524 sociemur.
1165 4449 1525 4524 etsecunda":
1555 4465 1655 4502 non
1692 4447 1884 4511 ducant

277 4543 515 4581 uxorem.
567 4519 742 4580 Corh.
779 4539 904 4586 tus.,
942 4523 1007 4578 VI
1040 4541 1052 4576 :
1085 4520 1160 4574 De
1187 4519 1420 4578 clericis,
1453 4530 1505 4570 ut
1553 4536 1652 4572 non
1694 4520 1885 4575 ducant

276 4601 517 4652 mulieres
548 4612 770 4652 uxores.
799 4594 889 4649 VII
917 4613 929 4648 :
957 4594 1034 4648 De
1058 4595 1135 4647 his
1161 4595 1246 4662 qui
1271 4588 1505 4643 mulieres
1536 4591 1716 4644 ducent
1760 4610 1889 4647 uxo-

274 4687 352 4723 res
381 4688 399 4724 :
427 4687 491 4724 ca
535 4668 781 4723 mulieris
828 4669 1046 4722 nomine
1078 4667 1384 4736 intellecta,
1418 4678 1535 4736 qua:
1577 4679 1687 4736 non
1739 4666 1888 4736 virgo

275 4743 361 4796 sit.
388 4743 513 4810 Quo
562 4740 850 4810 intellectu
881 4739 1203 4793 Vocabulum
1248 4735 1387 4789 idem
1420 4750 1448 4788 a
1479 4734 1678 4789 Siricio
1723 4734 1883 4808 epist.

277 4813 303 4867 I
333 4809 668 4883 usurpatum
700 4809 953 4883 siditnus.

350 4897 371 4924 ε
407 4879 484 4938 Ita
517 4901 722 4956 purum
755 4882 1000 4956 Dionysii
1025 4879 1299 4956 esetupl‘ar
1331 4879 1576 4956 Regium.
1615 4879 1729 4956 Alia
1761 4895 1888 4934 vero

275 4951 734 5015 subinde'aucta.
761 4951 954 5022 quibus
986 4952 1110 5007 Isid.
1145 4964 1191 5006 et
1233 4951 1380 5020 lliSp.
1411 4952 1537 5006 coll.
1570 4952 1886 5020 concinunt,

275 5030 610 5102 propasitum
642 5043 792 5102 suum
817 5043 1017 5102 servare
1047 5022 1250 5102 debeat.

347 5094 383 5137 δ’
405 5103 462 5156 In
509 5100 674 5167 Hisp.
709 5099 816 5152 cnI.
853 5109 904 5154 et
954 5097 1104 5154 Isit|..
1138 5095 1214 5149 De
1243 5094 1519 5167 virginibus
1563 5095 1779 5167 sacratis
1802 5136 1814 5157 ,
1845 5095 1890 5148 si

278 5174 442 5241 lapsa!
469 5165 696 5239 fuerint.
730 5172 782 5226 In
809 5171 1102 5241 VCIt‘I‘I'IIIIO
1130 5185 1228 5220 tus.
1248 5167 1436 5241 Cm-b.,
1456 5165 1530 5221 De
1555 5166 1742 5235 puellis
1769 5184 1890 5221 sart-

281 5240 702 5307 ctimonialibus,
737 5243 956 5312 qualiter
984 5240 1198 5312 debeant
1226 5240 1404 5312 velari.

353 5328 375 5354 ο
407 5315 711 5370 Nonnullis
752 5308 814 5366 "in
850 5329 1006 5372 mss”
1047 5311 1316 5376 Victorio;
1349 5311 1398 5365 in
1447 5308 1765 5378 quibusdam
1787 5354 1800 5375 ,
1833 5319 1892 5366 ut

277 5391 421 5454 apud
449 5388 698 5447 Merliu.,
739 5385 1021 5450 Victorico;
1045 5385 1094 5436 in
1125 5383 1265 5447 aliis,
1289 5382 1598 5446 Victoricio;
1623 5381 1674 5434 itt
1699 5381 1886 5451 Regio,

285 5459 612 5522 Victoritio;
641 5457 696 5511 in
726 5458 940 5510 creteris
959 5499 971 5521 ,
1012 5454 1273 5508 Victricio.
1313 5455 1360 5511 Is
1389 5454 1671 5510 Victricius
1703 5454 1890 5523 quanti

273 5533 462 5589 meriti
496 5531 689 5593 fuerit,
718 5529 973 5584 Paulsnus
999 5527 1236 5582 Nolanus
1263 5529 1552 5597 episcopus
1577 5525 1784 5597 duabus
1813 5527 1890 5584 lit-

278 5605 413 5659 teris
445 5603 516 5657 ad
553 5603 735 5669 ipsum
765 5601 978 5668 scriptis
1010 5599 1285 5654 memoriae.
1307 5596 1740 5669 commendavit.

353 5675 375 5713 τ
412 5668 588 5731 Unus
624 5671 803 5728 codex
860 5671 1016 5726 tlnlb.
1071 5682 1125 5726 et
1167 5671 1303 5725 alter
1343 5668 1553 5723 Fossat.
1595 5683 1716 5721 cum
1755 5668 1884 5724 edit.

275 5745 441 5802 Boni.
475 5757 530 5800 et
565 5744 802 5812 Quesn..
831 5752 883 5796 ttt
909 5743 961 5798 in
1008 5744 1246 5811 margin
1271 5739 1458 5801 Crab.,
1503 5739 1779 5812 secundum
1806 5757 1880 5794 ec.

262 5811 613 5874 'clesiasticas
651 5815 891 5886 regulas,
947 5813 1354 5886 refragantibus
1384 5811 1503 5864 aliis
1536 5811 1651 5878 plus
1699 5811 1884 5886 viginti

278 5906 420 5950 mss.
454 5891 580 5945 Hoc
609 5883 794 5943 autem
818 5885 919 5942 sibi
944 5887 1056 5942 vult
1083 5883 1237 5941 :‘Etsi
1268 5884 1357 5940 tibi
1398 5891 1519 5937 nota
1550 5890 1672 5936 sunt
1705 5883 1884 5936 omnia

1994 3355 2141 3411 tare,
2190 3352 2251 3399 ut
2295 3345 2364 3398 ab
2404 3343 2550 3398 omni
2582 3341 2703 3397 labe
2731 3340 2913 3396 saeculi
2944 3341 3102 3396 istius
3143 3340 3433 3406 immunis,
3464 3347 3590 3394 ante

1994 3440 2088 3496 Dei
2137 3448 2490 3510 conspectum
2544 3453 2771 3493 securus
2833 3434 3154 3492 inveuiaris.
3205 3433 3303 3491 Cui
3359 3435 3587 3490 multum

1996 3535 2140 3590 enim
2165 3533 2426 3599 creditur,
2462 3531 2586 3602 plus
2627 3531 2696 3587 ab
2741 3546 2807 3587 eo
2833 3533 3068 3602 exigitur
3102 3529 3256 3602 (Luc.
3289 3546 3388 3599 xu,
3447 3529 3544 3600 48)
3571 3573 3586 3597 ,

1985 3627 2191 3686 kusura
2225 3645 2528 3700 pcenarum.
2556 3629 2700 3701 Ergo
2728 3630 2987 3700 quoniam
3019 3643 3124 3684 non
3152 3643 3249 3700 pro
3282 3629 3439 3686 nobis
3470 3637 3592 3685 tan-

1987 3807 2216 3891 docendi
2249 3822 2311 3891 ac
2343 3807 2558 3863 vivendi
2601 3815 2894 3878 praecepta,
2926 3821 3048 3878 quae
3096 3806 3280 3878 regula
3325 3807 3586 3865 ecclesia-

1989 3889 2122 3936 stica
2150 3889 2518 3935 continentur.

2063 3962 2088 3996 κ
2119 3951 2174 4008 In
2203 3961 2519 4022 pervetusto
2548 3965 2648 4006 ms.
2681 3952 2868 4017 Corh.,
2902 3959 2955 4005 et
2975 3965 3038 4005 ex
3067 3965 3134 4005 eo
3161 3950 3325 4006 Sirm.
3350 3960 3405 4006 et
3425 3952 3584 4020 Lab.,

1990 4041 2223 4078 normam
2255 4023 2324 4076 ad
2364 4023 2758 4086 auctoritatem;
2792 4023 2953 4078 lectio
2983 4037 3089 4076 non
3133 4024 3476 4090 spernenda.
3520 4041 3584 4081 eo

1991 4095 2103 4150 fere
2133 4095 2410 4165 intellectu
2438 4135 2452 4160 ,
2481 4110 2588 4165 qun
2618 4094 2910 4150 Concilium
2941 4091 3372 4165 Carthaginiense
3411 4096 3582 4161 infra,

1990 4166 2152 4230 epist.
2196 4164 2290 4232 26,
2349 4182 2404 4220 n.
2441 4163 2512 4229 I,‘
2533 4165 2600 4219 ad
2634 4166 2808 4233 ipsum
2845 4165 3218 4220 Innocentium
3269 4163 3337 4219 de
3365 4169 3583 4224 statutis

1987 4238 2099 4292 suis
2134 4237 2198 4291 ad
2226 4253 2350 4291 eum
2376 4235 2578 4292 referre
2607 4251 2664 4291 sc
2688 4235 2898 4300 scribit,
2919 4247 2975 4290 ut
3003 4236 3069 4289 iis
3100 4236 3253 4288 etiam
3283 4241 3585 4306 apostolica

1987 4308 2123 4363 sedis
2157 4308 2460 4362 adhibeatur
2488 4307 2789 4360 auctoritas.

2060 4375 2090 4418 λ
2114 4379 2296 4434 Codex
2318 4376 2485 4434 Corh.
2509 4393 2632 4432 cum
2660 4377 2899 4441 Fossat.,
2923 4376 3108 4450 quibus
3129 4385 3176 4431 et
3199 4379 3419 4450 regulis;
3445 4395 3582 4438 unus

1989 4451 2167 4515 Colh.,
2199 4450 2376 4522 quibus
2398 4451 2612 4520 regulis,
2643 4450 2846 4522 omisso
2874 4448 3045 4503 rebus.

2073 4522 2085 4559 ί
2116 4519 2356 4588 Merlin.,
2384 4522 2544 4576 Crab.
2577 4529 2634 4576 et
2662 4521 2792 4575 edit.
2816 4519 2975 4576 Rom.
3010 4535 3133 4575 cum
3171 4519 3303 4575 solis
3330 4521 3580 4584 coll..IIi-

1995 4610 2149 4661 Span.
2178 4604 2233 4667 ct
2269 4593 2395 4667 lsid_.
2421 4609 2580 4656 tuss.,
2603 4593 2883 4667 adjuvante
2912 4591 3022 4648 Deo
3050 4603 3099 4650 et
3126 4604 3304 4648 sancto
3332 4592 3428 4667 Dei
3447 4610 3584 4667 opo-

1991 4668 2142 4722 stola.
2180 4666 2332 4736 Quod
2362 4663 2710 4722 Innocentius
2741 4666 2828 4718 bic
2856 4665 3037 4729 docet,
3065 4681 3161 4734 pro
3183 4677 3335 4721 certo
3376 4663 3582 4724 habens

1989 4737 2260 4795 Cmsarius
2291 4738 2626 4793 Arelatensis
2652 4780 2667 4802 ,
2718 4736 3047 4808 Symmacho
3097 4752 3246 4806 papa;
3277 4737 3438 4806 epist.
3473 4740 3537 4795 14
3561 4779 3578 4806 ,

1992 4827 2048 4866 n.
2076 4811 2134 4874 ‘2,
2168 4811 2237 4866 ita
2263 4811 2483 4866 scribit:
2518 4810 2663 4866 Sicut
2699 4827 2730 4863 a
2766 4807 2988 4878 persona
3017 4808 3146 4865 beati
3191 4807 3332 4864 Petri
3362 4813 3586 4878 apostoli

1990 4884 2320 4953 episcopatus
2343 4883 2559 4950 sumpsit
2590 4881 2816 4939 initium.
2843 4883 2913 4934 ita
2939 4897 3142 4934 necesse
3156 4891 3230 4935 est
3270 4893 3326 4937 ut
3356 4883 3586 4950 discipli-

1991 4956 2070 5026 nis
2091 4953 2486 5026 competentibus
2509 4953 2753 5026 sanctitas
2771 4964 2939 5006 vestra
2964 4953 3181 5026 singulis
3202 4953 3429 5011 ecclesiis
3462 4956 3588 5026 quid

1991 5025 2257 5080 observare
2278 5024 2512 5090 debeant,
2543 5025 2800 5079 evidenter
2829 5024 3082 5078 ostendat.

2067 5100 2079 5146 t
2121 5097 2465 5166 Antiquiores
2491 5111 2620 5150 mss.
2647 5095 2825 5158 Colh.,
2860 5095 3076 5151 Fossat.
3097 5105 3153 5150 et
3180 5094 3370 5164 Corh.,
3399 5099 3466 5154 ad
3497 5100 3586 5154 Ti-

1990 5165 2278 5232 motheum;
2301 5167 2395 5223 sed
2427 5167 2480 5222 in
2521 5167 2625 5221 hoc
2655 5165 2914 5221 secundis
2958 5169 3104 5222 curis
3135 5170 3447 5226 restitutum
3499 5183 3584 5228 est

1989 5241 2058 5296 ad
2076 5239 2571 5294 Tltessalonicenses.
2589 5237 2645 5294 In
2673 5239 2862 5305 priscis
2883 5239 3016 5294 edit.
3039 5238 3272 5306 Concil.,
3291 5251 3344 5296 ttt
3370 5244 3420 5296 in
3445 5258 3578 5297 mss.

1989 5313 2113 5366 coll.
2139 5311 2302 5364 Iladr.
2327 5320 2382 5365 et
2413 5311 2660 5378 Ilispan.,
2680 5310 2874 5380 legitur
2896 5311 2964 5364 ad
3007 5309 3488 5367 Tltessalonicenses
3512 5313 3578 5379 Il,

1990 5393 2037 5440 et
2059 5383 2125 5437 ad
2137 5381 2480 5438 Timotheum.
2503 5382 2620 5437 Mox
2638 5391 2848 5438 veteres
2867 5383 3002 5439 edit.
3025 5383 3234 5438 Concil.
3251 5398 3372 5437 cum
3394 5383 3577 5450 Ronu,

1991 5455 2322 5520 tradidimus,
2353 5467 2450 5522 pro
2477 5455 2688 5521 tradidi,
2721 5455 3080 5510 renitentibus
3112 5469 3244 5510 tuss.

2064 5525 2087 5563 ¹ί
2121 5525 2292 5580 Verba
2311 5526 2444 5586 Ittrc.
2465 5536 2621 5580 usura
2645 5543 2933 5596 poenarum,
2965 5525 3161 5596 intuss.
3191 5523 3370 5596 Colh.,
3391 5525 3572 5595 Diou.,

1991 5598 2182 5663 Hadr.,
2201 5596 2448 5666 IIispan.,
2475 5597 2624 5665 Isid.,
2647 5595 2748 5654 nec
2775 5615 2879 5650 non
2901 5599 2950 5651 in
2978 5595 3248 5664 plerisque
3263 5595 3417 5656 edit.,
3438 5605 3500 5651 ut
3524 5609 3578 5654 et

1987 5670 2130 5737 apud
2157 5668 2443 5733 Siricium,
2499 5669 2898 5726 desiderantur.
2949 5669 3172 5737 Exstant
3203 5676 3381 5719 autem
3433 5671 3576 5735 apud

1989 5736 2183 5807 Sirm.,
2220 5739 2349 5795 [.ztb.
2374 5747 2430 5794 et
2454 5741 2682 5808 Qucsn.,
2711 5751 2762 5793 ut
2794 5741 2846 5792 in
2871 5736 3260 5794 vetustioribus
3285 5738 3574 5792 tuss.duo-

1991 5814 2089 5869 bus
2117 5813 2268 5867 Coll).
2291 5853 2307 5876 ,
2341 5829 2448 5868 lltto
2483 5811 2648 5866 Corh.
2683 5823 2735 5865 et
2782 5809 2992 5864 Fossat.
3015 5849 3030 5874 ,
3064 5821 3272 5862 necnon
3323 5811 3577 5867 secundis

1989 5885 2134 5942 curis
2165 5887 2216 5940 in
2245 5880 2473 5941 Coislin.
2508 5884 2634 5938 coll.
2670 5882 2892 5950 Ilispan.
