4084 6342
261 307 366 372 495

253 500 528 568 synodum
568 497 919 565 pertinentes
951 497 1199 564 intelligi.
1232 497 1394 554 Certe
1439 500 1507 556 de
1559 503 1822 558 'l‘oletano
1854 517 1870 556 ι

252 571 489 624 com-ilio
525 581 587 624 ut
617 573 827 625 dudum
854 572 1126 625 celebrato
1156 573 1399 624 laudatus
1430 588 1563 641 papa
1589 614 1601 633 ,
1638 591 1786 628 num.
1815 574 1870 639 6,

253 642 523 711 loquitur.
585 642 702 697 Nec
758 643 1044 697 Pulruinus
1090 643 1178 696 ille
1220 645 1522 698 venerabilis
1568 648 1827 699 memoria?
1859 685 1872 709 ,

254 715 408 782 Cujus
443 714 572 769 loco
606 715 934 783 Gregorium
986 713 1265 768 suffectum
1298 730 1449 778 esse,
1484 733 1631 769 num.
1663 717 1728 782 9,
1763 733 1877 768 mc.-

255 795 468 848 morat,
515 787 669 839 alius
713 788 932 840 videtur
963 786 1029 840 ab
1071 801 1137 840 eo
1177 788 1265 853 qui
1315 785 1560 841 Toletani
1597 803 1608 840 ι
1658 786 1875 842 concilii

254 857 564 910 canonibns
599 859 819 928 primus
847 858 1238 920 subscripsisse
1269 858 1484 928 legitur.
1521 859 1757 922 DcttiqUu
1791 859 1875 914 ln-

254 932 498 983 nocentii
524 929 636 984 hac
663 932 715 984 in
742 930 972 999 epistola
997 930 1231 983 studium
1261 945 1328 982 eo
1352 931 1402 982 in
1429 933 1616 996 primis
1643 942 1872 998 spectat,

254 1011 309 1054 ut
340 1002 592 1054 scltisnia
621 1019 693 1055 ex
727 1001 1086 1071 Symphosio,
1115 1000 1342 1053 Itictinio
1371 1003 1601 1071 aliisque
1625 1019 1744 1057 cum
1780 1004 1877 1054 lio-

253 1074 487 1144 noribus
516 1075 644 1127 suis
678 1073 732 1126 in
771 1073 1031 1126 'l'oletana
1065 1074 1272 1144 synodo
1301 1082 1533 1133 receptis
1564 1085 1750 1127 natum
1774 1115 1787 1136 ,
1821 1083 1877 1127 et

252 1143 415 1197 latius
450 1146 505 1197 iti
541 1147 674 1198 dlt's
714 1159 970 1214 serpens,
1003 1144 1321 1211 comprimat
1353 1159 1512 1214 atque
1560 1154 1872 1211 componat.

251 1215 529 1282 Qui-eirea
563 1217 719 1270 inter
749 1223 885 1270 hanc
915 1216 1200 1284 epistolam
1231 1224 1287 1270 et
1319 1217 1461 1270 illam
1497 1217 1764 1286 synodum
1798 1218 1875 1270 itt-

255 1290 555 1342 b-rvallum
589 1287 819 1354 aliquod
851 1291 1193 1354 interiectum
1226 1301 1347 1340 esse
1395 1292 1736 1343 mamt'estum
1769 1297 1872 1343 est.

252 1357 532 1427 Quantum
586 1374 726 1412 vero
779 1361 1144 1412 intercesserit
1174 1401 1187 1424 ,
1221 1358 1270 1411 d~
1295 1357 1435 1411 liuiri
1467 1371 1618 1412 certo
1665 1362 1871 1429 tit-quit.

251 1429 489 1484 Tantum
534 1431 826 1498 conjicere
856 1433 1016 1495 licet,
1046 1431 1329 1496 epistolam
1362 1429 1519 1483 istam
1551 1441 1676 1485 ante
1703 1436 1875 1500 scrip-

253 1509 360 1554 tam
391 1518 522 1556 esse
541 1548 555 1569 ,
583 1517 754 1571 quam
791 1503 1041 1572 llispania
1075 1502 1283 1555 bellicis
1312 1502 1634 1555 tumultibus
1663 1512 1875 1571 pertur-

252 1573 489 1628 bari-tur
513 1617 528 1640 ,
558 1578 707 1629 adeo
731 1590 817 1638 ine
845 1586 972 1626 ante
992 1589 1196 1627 annum
1227 1575 1330 1628 4υὸ
1354 1591 1461 1642 quo
1487 1574 1875 1629 Constantinus

254 1643 504 1700 Honorio
538 1647 884 1715 prminciam
919 1646 1062 1698 illam
1094 1645 1310 1716 eripuit.
1347 1645 1452 1699 Sed
1507 1657 1685 1699 utrum
1732 1652 1875 1714 epis-

254 1720 360 1770 tola
395 1717 682 1784 superiori
719 1720 983 1786 posterior
1010 1717 1111 1780 sit,
1143 1732 1348 1781 neciie,
1385 1717 1508 1771 lici-t
1536 1717 1869 1786 ignoremus,

251 1789 322 1841 ob
371 1806 564 1842 rerum
618 1801 804 1843 tamen
850 1789 918 1842 de
968 1790 1295 1842 clericorum
1335 1790 1769 1843 ordinationibus
1817 1791 1869 1843 itt

253 1870 492 1930 utraque
543 1859 902 1915 delinitarum
953 1862 1311 1924 altinitatem,
1361 1864 1550 1914 atultas
1597 1863 1869 1929 proximas
1906 1852 1943 1907 υ

254 1929 463 1986 habere
493 1933 698 1988 lectori
731 1944 940 1998 gratum
972 1942 1131 2000 atque
1160 1934 1504 1986 commodum
1532 1933 1654 1987 erit.
1686 1933 1869 2002 Neque

249 2002 358 2070 jam
421 2005 606 2072 ipsius
662 2005 955 2058 admodum
1004 2005 1229 2057 interest
1277 2015 1618 2072 compertum
1671 2006 1870 2059 habere

251 2084 470 2144 tempus
503 2093 622 2146 quo
653 2075 774 2130 haec
803 2076 1002 2139 scripta
1033 2076 1131 2139 sit,
1167 2090 1288 2128 cum
1319 2080 1551 2145 quibus,
1581 2092 1681 2146 qua
1713 2091 1874 2130 occa-

251 2148 448 2214 sione,
490 2161 549 2203 et
595 2165 713 2217 quo
763 2148 990 2202 consilio
1038 2149 1234 2216 scripta
1287 2147 1486 2211 fuerit,
1519 2155 1721 2202 teneat.
1775 2149 1870 2202 llic

256 2218 394 2272 forte
425 2222 735 2274 mirabitur
766 2234 1038 2273 nonnemo
1058 2261 1071 2282 ,
1107 2236 1214 2285 quo
1245 2228 1403 2288 pacto
1451 2220 1590 2273 idem
1625 2219 1868 2287 pontifex

255 2289 538 2347 Toletauaa
569 2291 773 2362 synodi
798 2306 918 2362 erga
957 2291 1276 2345 Priscilliani
1307 2293 1544 2346 asseclas
1586 2294 1872 2360 indulgen-

257 2362 380 2415 tiam
414 2380 568 2417 nunc
605 2373 720 2417 tam
754 2365 995 2432 impense
1025 2362 1205 2416 laudet
1233 2378 1297 2417 ac
1321 2364 1543 2432 probet,
1568 2363 1656 2432 qui
1685 2373 1871 2432 postea

254 2436 472 2489 clericis
505 2451 535 2488 a
570 2435 800 2490 Bonosu
837 2435 1100 2488 ordinatis
1141 2433 1379 2488 honores
1409 2451 1535 2490 suos
1575 2435 1872 2489 servandos

255 2520 376 2560 esse
402 2516 514 2561 tam
541 2516 870 2560 constanter
894 2510 1129 2575 negavit.
1156 2505 1355 2561 Verum
1380 2511 1596 2575 sapiens
1619 2509 1871 2561 sacerdos

258 2576 402 2631 inter
434 2579 651 2647 lepratn
689 2589 744 2633 et
779 2579 984 2646 lcpram
1015 2577 1316 2642 diJlltiiCul‘c
1337 2621 1350 2644 ,
1381 2591 1432 2634 et
1459 2579 1675 2648 quando
1702 2579 1871 2633 disci-

258 2650 420 2717 plime
447 2651 730 2704 sth-rilas
757 2663 846 2702 aut
877 2649 1153 2703 retinenda
1186 2661 1277 2703 aut.
1309 2653 1630 2704 remittenda
1663 2651 1732 2704 sit
1753 2692 1767 2714 ,
1794 2653 1876 2703 in-

257 2723 531 2790 vestigare
553 2724 742 2776 debet.
773 2722 1029 2786 Quamvis
1049 2723 1190 2776 cnim
1217 2723 1411 2777 eodem
1437 2723 1626 2790 Spiritu
1649 2722 1872 2777 animati

256 2792 369 2845 sint
400 2797 576 2847 saneti
613 2794 971 2849 ecclesiarum
1021 2793 1220 2857 duces,
1257 2796 1490 2849 diversis
1523 2806 1699 2847 tamen
1733 2806 1872 2848 tem-

259 2863 487 2934 poribus
517 2865 743 2921 diversa
783 2868 850 2918 de
891 2866 1104 2918 cteriCts
1144 2864 1210 2918 ab
1241 2865 1432 2920 lnercsi
1466 2866 1545 2920 vel
1580 2866 1874 2921 schismate

257 2941 325 2988 ait
361 2938 672 2991 Beclesiatn
720 2937 1068 2990 redeuntibus
1095 2940 1518 2992 cutistituerunt.
1551 2937 1752 2992 Nicauii
1777 2953 1870 3006 pa-

261 3015 377 3060 tres
399 3050 412 3073 ,
443 3024 568 3062 can.
602 3009 636 3064 8
661 3050 673 3071 ,
705 3006 1040 3062 Nomtianos
1073 3011 1124 3062 in
1155 3011 1302 3063 clero
1337 3011 1624 3063 voluerunt
1657 3024 1872 3078 perma-

258 3093 414 3132 nere.
443 3079 595 3136 Al'ris
627 3079 861 3134 te~tibus
895 3081 1318 3134 transmarinum
1347 3083 1660 3145 Concilium,
1689 3079 1872 3136 Siricii

257 3160 423 3220 atque
445 3152 727 3206 Ambrosii
763 3152 1096 3221 temporibus
1118 3193 1131 3217 ,
1160 3168 1229 3206 ne
1257 3155 1436 3207 clerici
1465 3155 1534 3206 ab
1561 3155 1754 3208 interest
1783 3168 1875 3206 ve-

1471 302 1829 369 EPlSTOLAE
1868 311 1958 372 ET
1996 306 2341 374 DECRETA.

255 427 342 482 hic
370 427 656 483 Toletanw
685 428 875 500 synodi
902 427 1119 482 nomine
1146 429 1434 500 episcopos
1465 431 1528 483 ad
1561 429 1874 486 Toletanam
1905 440 1954 498 Α

3466 317 3574 383 486

2051 433 2194 501 capis
2223 450 2255 488 α
2282 432 2476 499 Ruﬁno
2503 439 2552 487 et
2592 431 2806 487 Minicio
2834 435 2887 488 in
2917 435 3100 490 alienis
3141 436 3368 494 ecclesiis
3396 453 3575 497 contra

2048 539 2267 578 canones
2309 524 2789 579 ordinatis.-—-Ill.
2824 524 2891 580 Ut
2930 524 3152 581 Joannis
3199 531 3425 602 episcopi
3451 550 3577 586 catt-

2047 633 2105 669 sa
2134 621 2486 684 exanimetur,
2519 618 2836 690 aliorumque
2858 622 2942 689 qui
2973 627 3349 680 communionis
3370 645 3577 682 consor-

2049 711 2176 764 tium
2207 714 2550 786 refugiebant.
2577 745 2645 754 —
2687 717 2773 769 lV.
2811 713 2888 768 De
2933 717 3127 771 vitiosis
3165 722 3438 774 multorum
3487 740 3574 776 or-

2049 811 2424 878 dinationibus,
2459 815 2530 869 ita
2561 815 2882 869 dissimulari
2909 834 3020 886 (μιαν
3044 817 3301 872 Ιιιιτιθηυε
3329 833 3578 893 usurpata

2049 917 2198 974 sunt,
2229 919 2282 960 ut
2313 909 2366 962 in
2404 921 2664 980 posterum
2687 909 3159 983 prohibeantur.—
3186 912 3246 966 V.
3288 912 3355 968 Ut
3382 913 3579 986 Grego-

2047 999 2113 1050 rii
2143 997 2476 1054 Emeritensis
2503 1002 2740 1070 episcopi
2769 1003 2977 1071 querela
3023 1003 3350 1060 discutiatur.
3382 1036 3452 1047 —-
3487 1007 3576 1062 Ἠ.

2052 1089 2316 1155 Quasnam
2363 1093 2431 1144 ad
2473 1093 2748 1148 clericatus
2799 1097 3030 1148 ordinem
3076 1096 3351 1152 admittere
3391 1100 3577 1155 liceat:

2047 1185 2320 1258 qualesque
2363 1189 2584 1260 eligendi
2628 1175 2750 1242 sint.
2804 1189 2869 1243 Et
2910 1191 3049 1260 quod
3108 1192 3368 1266 bigantum
3418 1195 3576 1267 faciat

2049 1279 2202 1332 etiant
2231 1279 2324 1336 illa
2352 1295 2465 1350 qua:
2490 1290 2608 1334 ante
2631 1282 2942 1354 baptismum
2971 1300 3103 1337 uxor
3129 1287 3252 1356 fuit.

1979 1412 2332 1471 iNNOCEN'I'IUS
2357 1417 2627 1473 universis
2654 1419 2929 1488 episcopis
2969 1422 3021 1476 in
3050 1421 3312 1478 Toletana
3365 1426 3579 1496 synodo

2049 1509 2398 1578 constitutis,
2424 1510 2800 1567 dilectissimis
2827 1512 3119 1580 fratribus,
3156 1516 3205 1569 itt
3239 1517 3467 1573 Domino
3495 1535 3581 1572 sa-

2049 1603 2236 1660 ltttem.

2051 1719 2100 1773 i.
2138 1718 2204 1774 In
2230 1719 2486 1793 Hispania
2506 1723 2751 1778 schisma.
2786 1724 2851 1778 Et
2884 1742 3138 1780 canonum
3164 1737 3580 1799 contemptus.—

1976 1809 2134 1882 StL'pe
2162 1830 2247 1868 tne
2270 1824 2323 1867 et
2354 1813 2515 1869 nimia
2546 1833 2666 1869 cttm
2697 1825 2908 1872 teneret
2935 1836 3060 1872 cura
3092 1821 3381 1876 sollicitum
3414 1838 3581 1892 Super

1974 1903 2002 1942 b
2049 1906 2395 1962 dissensione
2427 1919 2482 1962 et
2527 1909 2822 1964 schismate
2856 1910 3255 1976 Ecclesiarum,
3292 1915 3435 1984 quod
3486 1932 3583 1985 per

1975 1995 2263 2067 Hispanias
2309 1999 2474 2054 latins
2515 2002 2565 2055 in
2609 2002 2724 2055 dics
2765 2018 2990 2072 serpere
3036 2015 3089 2057 et
3132 2005 3380 2060 citatiore
3412 2007 3581 2075 gradu

1975 2092 2230 2148 incedere
2290 2094 2431 2148 fama
2494 2097 2886 2167 proloquitttr;
2941 2102 3315 2154 necessarium
3371 2113 3583 2170 tempus

1975 2188 2232 2249 emersit,
2265 2203 2374 2258 quo
2404 2204 2510 2242 non
2560 2200 2748 2258 posset
2780 2192 3095 2246 emendatio
3151 2203 3292 2246 tanta
3342 2193 3584 2262 differri,

1974 2287 2024 2333 et
2058 2277 2281 2334 deberet
2310 2294 2547 2351 congrua
2583 2282 2850 2336 medicina
2886 2284 3183 2352 provideri.
3217 2284 3348 2338 Nam
3387 2285 3583 2339 fratres

1975 2374 2148 2426 nostri
2174 2375 2538 2444 ccepisCopus
2569 2374 2594 2405 °
2629 2375 2892 2440 llilarins,
2918 2386 2973 2430 et
3002 2375 3251 2445 Elpidins
3275 2379 3581 2448 presbyter,

1977 2467 2172 2535 partim
2205 2468 2434 2521 unitatis
2463 2484 2654 2524 amore
2696 2470 2962 2538 permoti,
2999 2479 3120 2538 part
3145 2487 3194 2524 m
3234 2486 3339 2539 qna
3373 2471 3586 2524 laborat

1975 2557 2256 2629 provincia
2289 2559 2564 2628 pernicie,
2601 2569 2657 2615 ut
2689 2563 2960 2632 oportuit,
2999 2563 3253 2629 excitati,
3288 2563 3354 2616 ad
3396 2561 3580 2618 icdi-m

1975 2655 2332 2721 apostolicam
2367 2667 2781 2721 eomtnearnnt,
2816 2668 2870 2712 et
2899 2657 2951 2711 in
2995 2657 3113 2726 ipso
3148 2659 3268 2712 sinu
3300 2657 3423 2712 lidei
3460 2658 3578 2712 vio-

1975 2743 2140 2798 latam
2173 2745 2312 2800 intra
2344 2748 2680 2817 provinciam
2721 2765 2946 2819 pacem,
2976 2751 3280 2820 disciplina:
3312 2754 3579 2806 rationem

1976 2851 2100 2892 esse
2142 2837 2424 2893 confusam
2452 2883 2466 2907 ,
2506 2851 2558 2895 et
2607 2843 2774 2896 multa
2803 2856 2992 2897 contra
3039 2859 3280 2899 canones
3333 2857 3579 2912 patrum,

1976 2937 2300 3000 contemplo
2322 2931 2550 2996 ordine,
2583 2935 2896 3004 regulisque
2939 2934 3231 3002 neglectis,
3267 2935 3320 2990 in
3352 2948 3587 3002 usurpa-

1976 3022 2124 3077 tione
2155 3023 2508 3080 ecclesiarum
2534 3025 2700 3082 fuisse
2726 3027 3019 3082 commissa
3038 3070 3052 3091 ,
3082 3043 3178 3082 ucc
3201 3026 3580 3092 COItCOl‘tliutll,

1977 3113 2168 3178 inqua
2219 3115 2344 3172 ﬁdei
2391 3131 2589 3173 nostrae
2617 3120 2890 3174 stabilitas
2937 3130 3050 3174 tota
3095 3120 3384 3186 consistit,
3422 3133 3586 3188 posse

258 3209 476 3277 ῃίέιηεε
532 3224 780 3303 honores
828 3209 955 3303 sntios
991 3209 1324 3303 servarent,
1368 3223 1680 3303 prohibuit.
1725 3223 1871 3303 Istud

1982 3209 2239 3277 retineri,
2269 3211 2616 3271 cumdolore
2642 3220 2698 3266 ct
2729 3214 2932 3282 gemitu
2969 3214 3242 3280 prosecmi
3273 3220 3431 3264 sunt:
3469 3226 3589 3281 quae

259 3307 428 3357 vero,
461 3311 612 3348 anno
661 3295 802 3357 400,
837 3293 1162 3349 Priscilliani
1206 3296 1430 3351 asseclts
1480 3295 1871 3367 indulgendum

259 3368 471 3421 Censuit
519 3367 852 3420 Toletanutn
898 3367 1227 3431 concilium,
1266 3369 1494 3437 ejusque
1539 3369 1866 3423 Sentemiam

260 3441 526 3511 preposito
559 3442 782 3492 unitatis
813 3455 953 3511 nunc
983 3439 1332 3494 Innocentius
1363 3442 1575 3508 probat,
1606 3441 1694 3511 qni
1725 3455 1868 3496 anno

260 3510 367 3564 Mi
399 3511 800 3565 ecelesiasticze
821 3510 1120 3580 disciplina:
1143 3514 1484 3568 severitatem
1516 3510 1657 3567 circa
1694 3514 1867 3567 Bono-

262 3583 437 3636 siacais
460 3592 668 3636 acriter
699 3583 1016 3636 vindicabit.
1045 3582 1469 3648 Carthaginiense
1513 3595 1691 3640 autem
1736 3600 1866 3640 con-

261 3653 472 3719 cilium,
505 3670 653 3708 anno
685 3654 786 3708 401
817 3657 1079 3712 halntum.
1118 3659 1217 3709 huc
1245 3664 1675 3721 lelllpt‘rillllt'lllo
1707 3667 1862 3711 uteti-

261 3722 387 3778 dmn
417 3727 782 3789 existimavit,
823 3740 876 3779 nt
918 3727 1132 3780 clericis
1163 3727 1536 3790 redeuntibus,
1560 3730 1645 3784 ubi
1679 3745 1868 3784 eorum

264 3797 437 3849 reditu
466 3797 649 3867 aliqua
684 3797 743 3851 lit
777 3799 996 3852 unititis
1023 3802 1420 3867 οειιιιρθιιδιιιιιι,
1454 3811 1745 3855 serventur
1767 3803 1868 3855 bo-

264 3882 428 3922 nnres
468 3872 697 3944 sui,_et.
724 3869 813 3922 ubi
847 3871 986 3923 nulla
1021 3882 1102 3923 cst
1141 3871 1442 3941 ilUjlhlllOdl
1475 3874 1867 3944 campeusatin,

267 3952 528 4010 negentur
556 3939 715 4010 (Cod.
750 3958 864 3994 can.
899 3945 1023 3996 eccl.
1061 3939 1220 4012 Ain,
1243 3961 1288 3996 ε.
1323 3945 1436 4012 68).
1600 3939 1618 3944 ”
1793 3941 1796 3943 ’

847 4036 1179 4092 EPISTULA
1221 4035 1306 4092 ΙΙΙ.

267 4127 344 4183 De
371 4139 395 4167 κ
419 4130 779 4186 dissensione
807 4141 1170 4202 corruptaque
1190 4131 1473 4202 disciplina
1507 4133 1870 4188 Ecclesiarum

921 4226 1212 4296 llispaniw.

271 4315 312 4373 1.
346 4318 498 4385 Quod
536 4319 777 4390 episcOpi
805 4321 1041 4374 nonnulli
1067 4320 1130 4373 ab
1157 4321 1277 4374 aliis
1307 4319 1368 4374 ob
1400 4332 1630 4389 receptos
1673 4320 1736 4375 ab
1766 4321 1872 4376 Ita:-

335 4419 436 4466 resi
465 4429 749 4467 conuersos
775 4429 1044 4483 perperam
1083 4413 1387 4469 dissideant.
1431 4445 1502 4455 —
1532 4414 1596 4471 ll.
1631 4414 1710 4472 De
1737 4416 1875 4487 epis-

339 4631 362 4658 ει
393 4622 550 4678 llunc
577 4621 798 4676 titulum
828 4636 890 4675 ac
918 4621 1318 4692 subsequentes
1346 4637 1377 4678 e
1404 4621 1699 4679 Sit-mundo
1727 4665 1739 4689 ,
1766 4641 1872 4678 non
1901 4626 1954 4687 D

271 4707 302 4749 e
331 4710 461 4748 mss.
499 4697 742 4746 mutuati
775 4709 982 4747 sumus.

338 4765 362 4803 ι’
391 4766 512 4820 Jam
542 4776 676 4818 ante
707 4765 998 4818 COIH'iiillln
1029 4766 1347 4820 Toletanum
1397 4784 1412 4821 l
1452 4768 1700 4836 quazdam
1737 4769 1878 4822 inter

271 4835 536 4904 Ilispanos
573 4839 896 4890 obtinuerat
936 4838 1076 4890 circa
1131 4835 1504 4894 ordinationes
1553 4842 1876 4896 clericorum

270 4909 562 4964 dissensio.
605 4908 878 4976 Quocirca
936 4908 1228 4964 Patruinus
1265 4910 1557 4978 episcopus
1613 4913 1664 4966 in
1719 4913 1878 4980 hujus

267 4983 480 5036 concilii
514 4983 794 5054 protr-mia
824 4981 902 5034 sic
937 4982 1224 5054 punimur:
1258 4983 1520 5046 Quoniam
1551 4985 1742 5054 singuli
1773 5001 1875 5038 cae-

269 5055 434 5122 pimus
465 5057 520 5106 in
550 5051 789 5107 ecclesiis
819 5053 1010 5105 nostris
1040 5056 1211 5122 facere.
1238 5055 1439 5107 diversa
1460 5097 1474 5118 ,
1507 5066 1553 5108 et
1581 5051 1703 5110 inde
1731 5066 1876 5109 tanta

267 5128 516 5180 scandala
545 5135 700 5183 sunt,
733 5141 846 5192 quia
888 5141 1047 5190 usque
1072 5123 1144 5196 ad
1192 5123 1416 5177 schisma
1463 5130 1758 5196 perveniunt
1785 5168 1798 5189 ,
1832 5129 1876 5180 si

267 5199 431 5268 placet
449 5241 464 5262 ,
499 5203 773 5251 cantarunt
802 5197 1020 5268 consilio
1045 5195 1380 5268 decernamus
1403 5195 1527 5264 quid
1549 5198 1611 5251 ab
1641 5200 1875 5251 omnibus

267 5266 517 5339 episcopis
541 5271 597 5321 in
627 5267 939 5321 ordinandis
963 5266 1166 5339 clericis
1187 5268 1251 5319 sit
1271 5274 1604 5335 sequendum.
1627 5272 1732 5325 Sed
1760 5280 1880 5338 post

266 5338 559 5395 concilium
593 5356 718 5393 mox
767 5339 970 5392 dictum
995 5380 1009 5402 ,
1039 5340 1104 5391 ad
1136 5338 1273 5393 hanc
1304 5341 1615 5395 St'ltiStllaliS
1655 5355 1876 5396 enusnm

265 5419 497 5467 accessit
525 5413 704 5465 altera
730 5452 742 5471 ,
775 5427 896 5464 cum
931 5425 1066 5475 quos
1097 5411 1286 5463 eadem
1319 5412 1564 5480 synodus
1596 5430 1621 5464 a
1658 5412 1876 5467 Priscil-

266 5482 388 5537 liaui
425 5484 626 5537 haere-i
657 5484 722 5534 ad
753 5481 1079 5535 catholic:nn
1107 5495 1547 5536 communionem
1583 5499 1876 5539 conversos

268 5555 317 5608 itt
351 5555 666 5610 honoribus
717 5553 830 5606 suis
873 5562 1187 5614 receperat,
1220 5555 1569 5607 admitterent
1623 5557 1711 5607 alii
1740 5597 1751 5614 ,
1785 5557 1875 5608 alii

267 5628 603 5695 rejiciendm
641 5639 769 5679 esse
798 5624 1207 5678 contenderent.
1244 5626 1450 5693 Duplici
1475 5627 1548 5678 illi
1583 5628 1719 5680 tanti
1746 5629 1872 5682 tnali

265 5711 442 5754 causa!
477 5697 692 5753 mederi
728 5710 872 5748 nunc
905 5696 1249 5749 Innocentius
1278 5707 1525 5750 Conatut‘.

338 5781 359 5809 ε
385 5771 532 5826 Inter
561 5783 682 5829 eos,
702 5768 794 5835 qui
817 5767 1081 5838 Toletano
1111 5767 1382 5824 tconcilio
1404 5769 1868 5838 subscripserunt,

266 5855 462 5914 quarto
487 5842 615 5898 loco
647 5839 848 5909 legitur
875 5837 1132 5892 Hilarius.

1979 3302 2032 3359 in
2063 3319 2324 3362 consessu
2369 3303 2395 3343 ά
2430 3307 2756 3378 presbyterii
2800 3317 3045 3363 actorum
3076 3305 3424 3362 confectione
3456 3303 3589 3360 teti-

1979 3407 2210 3465 nentur,
2240 3409 2296 3454 et
2323 3409 2554 3469 possunt
2583 3399 2740 3454 vobis
2770 3398 3004 3454 lectione
3035 3398 3352 3453 monstrari.

2045 3487 2175 3545 CAP.
2209 3491 2247 3546 Ι.
2273 3523 2343 3531 ——
2364 3491 2420 3546 2.
2452 3491 2706 3562 Episwpi
2734 3491 2915 3547 Βωιὶσί
2937 3503 3153 3564 promer
3191 3491 3474 3546 Gallamios
3504 3507 3588 3545 re-

1973 3593 2150 3655 ceptos
2176 3602 2207 3637 a
2236 3586 2436 3639 ueteris
2479 3602 2534 3639 se
2561 3597 2854 3657 segregant.
2878 3585 3087 3640 ——Jam
3137 3586 3409 3654 priurum,
3443 3585 3590 3653 qttnd

1973 3676 2039 3731 ad
2084 3679 2255 3747 ipsam
2286 3677 2448 3733 [idem
2490 3681 2722 3747 attinet,
2757 3679 2900 3750 quod
2934 3679 3124 3734 Baetici
3174 3679 3258 3733 vel
3292 3677 3588 3750 Carthagi-

1973 3784 2176 3826 nenses
2227 3771 2509 3842 episcopi,
2555 3784 2782 3842 promer
2828 3772 3187 3827 Galliciorum
3239 3774 3587 3826 con'irnunio.

1978 3881 2138 3931 nem,
2170 3880 2199 3920 a
2228 3880 2361 3936 pace
2392 3865 2631 3921 omnium
2680 3877 2701 3902 ε
2735 3867 3083 3922 discedet-unt
3107 3911 3120 3931 ,
3157 3875 3274 3921 orta
3308 3867 3584 3923 di5>ensio

1977 3967 2095 4016 est;
2121 3973 2241 4028 quae
2266 3973 2374 4013 non
2404 3959 2578 4013 solnrn
2614 3974 2720 4013 non
2754 3959 3018 4015 minuitur
3040 4004 3053 4026 ,
3089 3975 3276 4015 verum
3301 3961 3463 4014 etiam
3489 3975 3588 4028 per

1977 4049 2098 4105 dies
2125 4051 2373 4120 singulos
2406 4051 2585 4106 studio
2615 4053 2984 4107 contentio-iis
3011 4061 3266 4121 augetur,
3301 4067 3426 4107 cum
3447 4095 3460 4118 ,
3494 4052 3594 4108 ob-

1981 4143 2186 4197 tinendi
2231 4145 2516 4212 praposito
2571 4147 2943 4214 unusquisque
2993 4145 3135 4215 quod
3187 4144 3388 4208 voluit,
3424 4154 3586 4199 acter-

1981 4251 2108 4290 nttm
2137 4235 2325 4291 orbem
2375 4237 2500 4291 mali
2529 4246 2580 4291 et
2613 4236 2880 4292 circulum
2929 4237 3217 4307 quciridattt
3254 4240 3320 4292 de
3347 4237 3440 4291 tali
3467 4238 3589 4290 ani-

1979 4332 2231 4384 Inositate
2264 4328 2542 4383 iecerunt:
2567 4345 2688 4383 cum
2721 4330 2906 4398 utique
2933 4331 3074 4382 bono
3105 4329 3306 4398 cuique
3332 4330 3382 4382 in
3420 4329 3583 4382 rebus

1979 4421 2182 4478 talibus
2230 4421 2370 4476 vinci
2399 4421 2595 4476 melius
2623 4423 2730 4489 sit,
2759 4437 2924 4492 quam
2972 4421 3112 4476 malo
3161 4437 3312 4475 more
3360 4435 3586 4491 pravum

2051 4623 2076 4663 ἀ
2112 4625 2162 4681 id
2193 4637 2278 4681 est
2307 4626 2438 4682 clcri
2474 4625 2734 4694 Romani,
2768 4626 2873 4681 hoc
2906 4627 3125 4681 nomine
3180 4628 3412 4695 repetito
3434 4644 3462 4684 a
3491 4629 3580 4683 di-

1981 4698 2154 4768 gniori
2178 4700 2369 4768 gradu.
2403 4700 2480 4753 Ad
2506 4700 2753 4754 eumdem
2785 4714 3104 4753 consessum
3148 4701 3382 4753 maxime
3415 4705 3464 4754 in
3487 4704 3586 4755 htt-

1976 4771 2214 4846 jttsmoili
2247 4770 2459 4846 causis,
2494 4773 2656 4827 etiam
2708 4772 3003 4826 convocari
3051 4773 3301 4825 solebant
3340 4774 3588 4846 episcopi

1982 4843 2074 4910 qtti
2108 4843 2292 4896 Romae
2333 4845 2586 4914 agebant.

2055 4923 2077 4950 θ
2105 4914 2179 4969 Ita
2215 4932 2346 4970 mss.
2379 4917 2542 4969 Curb.
2577 4925 2633 4970 et
2679 4914 2835 4970 Colb.
2868 4920 2936 4969 At
2965 4916 3112 4985 apud
3157 4914 3325 4971 Sirm.
3360 4916 3592 4970 dissede-

1979 4996 2120 5038 runt.
2156 4985 2574 5041 Rcstituendum
2611 4987 2788 5050 potius
2829 4990 2971 5040 l'orct
3002 4989 3366 5040 discesserunt.
3417 4991 3590 5044 Antea

1983 5058 2033 5108 in
2067 5074 2170 5111 ms,
2214 5055 2377 5111 Corli.
2428 5057 2757 5117 Galliarum.
2793 5061 2843 5111 in
2889 5059 3046 5113 Cv-lli.
3093 5059 3420 5121 Galliarum,
3454 5065 3594 5115 lorte

1980 5126 2102 5181 loco
2143 5126 2463 5182 Gallicorum
2511 5145 2608 5183 seu
2641 5127 3014 5183 Gallwcornm.
3048 5131 3108 5186 Ut
3162 5132 3308 5183 enim
3341 5135 3591 5198 superius

1980 5215 2044 5253 ex
2097 5199 2265 5252 lilacii
2305 5199 2581 5253 Chronico
2629 5199 2975 5266 audivimus,
3024 5202 3296 5257 Galltt'cistt
3345 5201 3590 5270 epismpi

1982 5281 2141 5325 erant
2171 5270 2571 5342 Sympltosins,
2600 5270 2869 5342 DictiniUs
2900 5286 2952 5328 et
2985 5274 3074 5326 alii
3114 5276 3203 5338 qui
3236 5271 3500 5325 Toletana
3537 5277 3588 5325 in

1980 5343 2189 5414 synodo
2219 5341 2562 5396 ’l’riscilliani
2597 5341 2849 5397 htlfl't-ESilll
2903 5361 3026 5398 cum
3060 5344 3180 5413 ipso
3218 5349 3444 5395 ant-tore
3494 5358 3590 5396 sua

1981 5414 2385 5479 Subscriptioiie
2419 5416 2885 5479 condemnarunt;
2917 5432 3054 5485 quos
3099 5419 3147 5468 in
3181 5429 3367 5481 pacem
3401 5428 3590 5483 rerep-

1983 5492 2067 5537 tos
2097 5485 2283 5552 iniquo
2307 5487 2490 5537 animo
2523 5485 2710 5538 tulisse
2744 5486 2980 5542 Bmticos
3012 5501 3061 5540 et
3087 5486 3548 5548 Carthagini-uses
3575 5525 3588 5549 ,

1981 5567 2142 5625 atque
2176 5556 2298 5610 ideo
2328 5574 2353 5607 a
2384 5568 2709 5610 ceterorum
2741 5558 3124 5610 communione
3156 5555 3450 5608 descivisse
3483 5556 3588 5608 mi-

1979 5631 2124 5680 nime
2171 5633 2362 5680 mirunt
2397 5639 2499 5680 est.
2554 5628 2672 5681 Alta
2716 5629 3005 5697 Gregorius
3049 5627 3411 5697 Elibcritanus
3459 5627 3577 5697 epi-

1975 5712 2174 5768 scopus
2199 5700 2248 5751 in
2271 5699 2474 5769 Baetica
2503 5694 2992 5769 tirtit'ittcitiji7cerat
3021 5694 3344 5751 Lucileriaui
3369 5696 3578 5769 erroris

1973 5766 2202 5824 semina.
2239 5768 2425 5838 Neque
2454 5766 2893 5839 stupendum'est
2923 5785 2985 5823 ca
3013 5769 3081 5821 ad
3111 5766 3410 5820 Innocentii
3441 5775 3548 5824 tetu

1975 5856 2104 5911 pora
2147 5840 2415 5898 intel-icem
2439 5841 2672 5899 fructum
2700 5854 3046 5912 propagasse.
