4084 6342
246 329 346 386 43

210 546 213 549 ’
242 558 434 601 uxores
476 542 748 601 habuerit
797 544 957 616 (Vide
995 545 1267 616 epistolam
1294 547 1639 618 superiorem.
1671 566 1727 601 η.
1760 549 1841 619 9),

239 640 357 710 quia
372 640 579 701 Paulus
607 641 898 709 apostolus
924 642 1020 710 ait,
1044 640 1212 698 Unius
1242 646 1421 703 uxoris
1446 644 1611 697 virum
1636 644 1678 714 (Ι
1707 642 1839 701 Tim.

238 748 325 797 tu.
349 732 428 803 2).
460 732 575 789 Nec
606 734 748 791 illud
781 734 983 791 debere
1011 735 1246 805 admitti,
1278 736 1416 806 quod
1448 736 1710 808 aliquanti
1747 751 1844 806 pro

238 822 556 883 defensioue
578 826 737 897 pravi
770 827 975 883 erroris
1004 837 1288 900 opponunt
1311 836 1370 887 et
1395 838 1667 897 asserunt,
1697 827 1844 903 quod

239 930 354 974 ante
382 920 721 989 baptismum
756 937 900 975 uxor
925 933 1147 992 accepta
1178 937 1285 976 non
1326 922 1523 983 debeat
1546 922 1842 993 imputari,

237 1014 355 1083 quia
386 1013 436 1066 in
471 1013 755 1083 baptismo
787 1014 964 1068 omnia
989 1014 1370 1081 dimittuntur;
1404 1031 1510 1069 non
1541 1016 1845 1084 intelligen-

238 1114 314 1160 tes
351 1104 698 1175 hujusmodi,
734 1105 879 1175 quod
926 1106 1039 1161 sola
1094 1106 1147 1160 in
1199 1106 1467 1177 baptismo
1516 1116 1733 1176 peccata
1764 1106 1845 1160 di-

238 1199 545 1268 mittuntur,
574 1214 683 1257 nec
715 1216 942 1257 uxorum
973 1216 1233 1259 numerus
1266 1201 1531 1258 aboletur.
1564 1201 1695 1259 Nam
1727 1202 1770 1255 si
1813 1218 1845 1257 α

239 1291 361 1358 Deo,
410 1302 473 1349 ω
520 1293 796 1371 scriptum
842 1305 965 1361 est,
1012 1295 1627 1367 pra'puraturvironxor
1658 1294 1840 1367 (Prov.

237 1386 499 1458 311,14),
558 1396 619 1445 et
676 1387 818 1457 quod
869 1385 1007 1442 Deus
1045 1389 1246 1463 junxit,
1296 1388 1448 1442 homo
1494 1404 1597 1441 non
1646 1396 1844 1459 separet

236 1478 462 1552 (Matth.
498 1479 631 1553 ια’,
664 1480 726 1545 6;
751 1479 877 1535 Gen.
906 1496 956 1548 ι,
981 1479 1110 1553 28);
1142 1491 1197 1537 et
1226 1481 1329 1553 ipsi
1362 1489 1611 1539 auctores
1629 1479 1846 1553 generis

238 1569 450 1629 humani
468 1572 529 1629 in
554 1572 773 1644 origine
802 1588 831 1627 a
862 1574 1089 1632 Domino
1111 1574 1507 1633 benedicuntur
1532 1592 1543 1630 :
1569 1576 1845 1648 quomodo

236 1663 373 1721 inter
400 1676 661 1739 peccata,
701 1667 800 1721 ista
833 1666 1128 1725 creduntur
1156 1682 1315 1739 posse
1351 1668 1584 1725 dimitti?
1615 1666 1770 1735 Quod
1800 1668 1845 1723 si

234 1759 532 1814 secundum
584 1759 715 1814 illos
761 1761 857 1831 qui
911 1762 979 1815 ita
1034 1761 1266 1817 credunt
1317 1779 1508 1818 verum
1553 1772 1666 1829 est;
1717 1776 1846 1835 ergo

1432 333 1787 395 EPISTOLZE
1828 333 1918 393 ΕΤ
1958 334 2308 397 DECRETA.

242 459 293 506 et
311 447 462 517 alibi,
484 447 811 507 Sacerdotes
828 452 933 506 mei
962 450 1117 506 semel
1138 450 1357 511 nubant.
1379 450 1569 522 Neque
1596 454 1687 525 qui
1710 454 1846 510 duas
1870 462 1929 527 Α

3443 340 3549 397 494

2023 452 2251 509 dunensi
2303 462 2358 508 et
2408 449 3147 523 Bellovacensicollectionis
3176 450 3452 523 Hispanae,
3495 463 3549 508 et

2024 525 2199 595 qualis
2239 526 2293 579 in
2335 523 2576 578 Romana
2612 522 3009 595 potttiliciarum
3041 522 3390 591 epistularum
3435 523 3553 579 edi-

2024 594 2175 651 tione
2206 611 2269 651 ac
2296 597 2490 667 priscis
2519 594 2871 650 conciliorum
2903 595 3113 663 vulgata
3139 604 3240 650 est.

1949 711 1990 765 l.
2041 709 2114 763 De
2145 710 2459 780 Spaniorum
2487 710 2808 779 représsione
2834 707 2951 779 (pro
2981 708 3430 780 reprehensione)
3456 712 3539 779 qui

2022 803 2316 856 inordinate
2344 802 2657 855 constituunt
2686 801 2920 856 clericos.
2958 831 3027 841 ——
3056 799 3125 855 ll.
3170 799 3238 855 Ut
3277 802 3548 868 causidici,

2022 897 2098 950 rel
2125 897 2363 959 curiales,
2396 896 2473 949 vel
2516 895 2752 949 sa'culari
2800 895 2999 949 militia:
3042 895 3203 949 dediti
3243 896 3311 949 ad
3359 896 3553 949 clerum

2021 1005 2122 1042 non
2171 989 2529 1042 admittuntur.
2572 1018 2641 1027 —
2692 986 2779 1042 Ill.
2828 986 2895 1042 Ut
2923 989 3228 1058 quicumque
3254 987 3380 1041 tales
3410 987 3554 1041 ordi—

2020 1082 2126 1135 nati
2151 1084 2361 1150 fuerint,
2393 1098 2507 1135 cum
2543 1081 2926 1136 ordinatoribus
2966 1083 3071 1136 suis
3114 1083 3453 1154 deponantur.
3481 1110 3551 1123 --

2022 1173 2109 1229 IV.
2157 1174 2349 1240 Quales
2390 1175 2616 1245 eligendi
2665 1184 2781 1228 sunt
2821 1176 2872 1229 in
2923 1176 3102 1229 ordine
3124 1176 3450 1230 clericorum.
3478 1206 3553 1221 —-

2021 1268 2084 1321 ν.
2129 1265 2209 1323 De
2232 1284 2291 1322 eo
2323 1268 2411 1338 qui
2447 1280 2562 1322 ante
2598 1268 2909 1338 baptismum
2956 1285 3169 1345 umorem
3210 1270 3474 1336 habuerit,
3505 1282 3554 1325 et

2016 1370 2133 1430 post
2150 1360 2467 1432 baptismum
2490 1361 2671 1429 aliam,
2696 1362 2921 1419 clericus
2948 1380 3051 1419 non
3079 1364 3196 1434 ﬁat.

1947 1472 2304 1530 Innocua-tus
2331 1476 2602 1530 universis
2627 1476 2907 1549 episwpis
2954 1479 3013 1534 in
3046 1477 3309 1533 Toletana
3336 1479 3554 1551 (plures

2014 1584 2142 1623 mu.
2168 1567 2463 1640 Tolosam)
2478 1569 2694 1640 synodo
2715 1571 3029 1629 constitutis
3055 1572 3426 1630 dilectissimis
3442 1573 3558 1629 fra—

2016 1662 2191 1718 tribus
2214 1661 2274 1715 in
2309 1661 2544 1718 Domino
2563 1662 2819 1725 salutem.

2023 1775 2180 1845 Stepe
2212 1790 2297 1830 me
2328 1784 2383 1831 et
2414 1776 2638 1831 nimium
2672 1791 2797 1832 cum
2838 1785 3048 1834 teneret
3094 1794 3221 1834 cura
3260 1780 3554 1835 sollicitum

236 1851 408 1909 omnis
432 1850 683 1922 iustitia,
719 1868 839 1925 quae
866 1869 895 1907 a
922 1853 1331 1911 catechumenis
1356 1864 1485 1911 ante
1520 1855 1847 1924 baptisnmm

1962 1886 2119 1940 super
2148 1870 2507 1926 dissensionis
2532 1871 2825 1928 schismate
2854 1874 3229 1939 ecclesiarum,
3265 1876 3405 1946 quod
3442 1893 3557 1931 ma-

235 1942 393 2002 luerit
420 1956 680 2017 operata,
710 1960 810 2017 per
831 1946 1161 2017 baptismum
1187 1946 1483 2007 auferetur.
1510 1948 1699 2003 Nullus
1721 1962 1852 2019 ergo

236 2048 423 2095 contra
448 2038 789 2110 Apostolum
824 2040 928 2095 tale
951 2040 1153 2113 aliquid
1182 2041 1406 2109 sentiat,
1441 2058 1537 2097 nec
1563 2042 1848 2097 admittat:

235 2132 326 2191 sed
355 2134 603 2191 ﬁdeliter
634 2134 932 2204 intelligat,
965 2136 1117 2191 unius
1146 2137 1324 2193 uxoris
1364 2136 1531 2193 virum
1570 2136 1687 2193 sive
1726 2148 1852 2192 ante

236 2228 572 2303 baptismum
628 2229 749 2287 sive
798 2235 921 2299 post
966 2228 1297 2299 baptismum
1340 2245 1460 2287 csse
1487 2233 1848 2287 nominatum.

236 2318 290 2377 Si
316 2322 463 2378 enim
504 2338 647 2379 uxor
676 2328 805 2377 ante
840 2322 1165 2392 baptismum
1216 2334 1435 2397 accepta
1485 2341 1589 2381 non
1639 2324 1853 2381 ducitur

236 2413 287 2471 in
320 2430 659 2480 numerum,
695 2428 796 2469 nec
824 2414 921 2469 ﬁlii
952 2431 1020 2472 ex
1048 2416 1237 2473 eadem
1268 2419 1509 2487 suscepti
1540 2419 1681 2473 inter
1714 2418 1853 2473 ﬁlios

237 2515 501 2579 poterunt
532 2509 846 2563 numerari.
892 2508 1045 2578 Quod
1078 2526 1237 2583 quatn
1270 2511 1561 2565 absurdum
1594 2513 1663 2566 sit
1692 2522 1853 2583 atque

236 2599 502 2669 alienum,
538 2599 836 2670 prudentia
867 2613 1045 2658 vestra
1095 2603 1288 2660 melius
1336 2605 1647 2660 aestimabit.
1703 2604 1855 2663 Unde

237 2690 437 2750 nemini
474 2693 648 2749 liceat
682 2695 1032 2764 interpretari
1079 2695 1240 2751 aliter
1270 2696 1483 2751 divinas
1521 2696 1852 2768 Scriptttras,

238 2785 337 2841 nisi
386 2784 542 2856 quod
594 2796 748 2840 recta
799 2785 937 2841 ratio
968 2786 1233 2857 permittit
1260 2805 1272 2840 :
1306 2805 1372 2843 ne
1398 2788 1528 2844 dum
1559 2799 1583 2826 ει
1616 2790 1854 2846 remedia

238 2879 334 2934 sibi
363 2880 560 2953 iniqua
615 2881 683 2935 ad
736 2882 1148 2938 excusationem
1202 2894 1548 2955 praeparant,
1584 2896 1635 2940 et
1664 2900 1856 2942 corru-

238 2974 377 3047 pisse
405 2976 617 3049 legem,
648 2984 707 3032 et
737 2979 953 3046 regulas
982 2979 1249 3034 evertisse
1274 2978 1605 3049 judicentnr.
1642 2979 1749 3035 Sed
1789 2996 1852 3037 ea

239 3068 475 3125 tenenda
505 3074 660 3133 sunt,
693 3082 813 3138 qua:
842 3077 894 3125 et
921 3068 1224 3125 divinarum
1254 3070 1655 3140 Scripturarum
1684 3073 1854 3129 series

237 3162 507 3228 continet,
538 3170 595 3217 et
624 3177 653 3215 a
682 3162 1067 3219 sacerdotibus
1112 3164 1229 3221 utili
1272 3166 1483 3221 ratione
1531 3176 1659 3221 sunt
1698 3166 1855 3223 insti-

237 3263 370 3309 tuta.
414 3254 490 3311 Et
520 3255 637 3310 alia
665 3271 844 3308 ntanu.
883 3256 1027 3312 Bene
1053 3258 1253 3324 valete,
1290 3259 1489 3314 fratres
1519 3259 1847 3318 cbarissimi.
1879 3250 1923 3311 C

731 3347 1069 3407 EPISTOLA
1104 3349 1375 3406 EADEM.

233 3440 560 3510 Cuiusmodi
594 3442 881 3499 decurtata
909 3451 1090 3499 exstat
1121 3443 1172 3498 in
1199 3443 1474 3499 veteribus
1498 3444 1692 3500 lsidori
1714 3446 1854 3501 Mcr-

299 3516 509 3571 catoris
539 3515 982 3586 exemplaribus,
1032 3525 1090 3569 ut
1119 3516 1252 3571 etin
1292 3515 1679 3584 Noviomensi,
1714 3518 1854 3573 Lau-

1958 1965 2066 2018 lttm
2108 1979 2208 2034 per
2249 1964 2482 2034 Spanius
2515 1964 2675 2018 latius
2718 1966 2777 2019 in
2822 1966 2939 2021 dies
2986 1968 3351 2038 separationis
3382 1969 3561 2039 gradu

1958 2058 2208 2112 incedere
2275 2057 2414 2111 fama
2476 2058 2864 2129 prosequitur;
2919 2061 3291 2116 necessarium
3344 2071 3562 2131 tempus

1957 2150 2202 2216 emersit,
2233 2165 2339 2219 quo
2370 2165 2479 2205 non
2508 2152 2681 2220 possit
2711 2152 3023 2208 emendatio
3065 2164 3208 2209 tanta
3248 2154 3477 2221 dill‘erri,
3508 2165 3564 2209 et

1957 2243 2180 2298 deberet
2208 2257 2449 2314 congrua
2481 2244 2749 2299 medicina
2776 2245 3069 2314 provideri.
3100 2247 3231 2301 Nam
3257 2250 3323 2302 tle
3344 2249 3564 2303 ordina-

1959 2339 2218 2403 tionibus,
2250 2354 2385 2409 quas
2408 2353 2586 2408 pravze
2608 2341 3020 2396 consuetudinis
3043 2341 3177 2395 vitio
3204 2340 3561 2411 Spanienses,

1958 2442 2003 2485 et
2030 2430 2231 2503 reliqua
2254 2431 2499 2501 deinceps
2526 2442 2583 2485 ut
2624 2434 2675 2486 in
2705 2434 2974 2504 superiore
3017 2433 3250 2505 exemplo
3285 2452 3317 2488 α
3350 2452 3496 2491 num.
3531 2436 3564 2490 8

1958 2544 2114 2599 usque
2143 2528 2211 2582 ad
2236 2527 2412 2594 linem.
2438 2527 2537 2580 nisi
2572 2527 2709 2597 quod
2744 2544 2887 2585 num.
2933 2528 2965 2587 9
3010 2537 3267 2594 contentu,
3301 2530 3452 2583 etiam
3480 2528 3567 2584 hic

1958 2623 2421 2693 proctermittuntur
2447 2638 2465 2675 :
2503 2621 2631 2678 adeo
2680 2631 2739 2677 ut
2785 2622 2913 2677 solis
2963 2626 3173 2679 retentis
3233 2622 3564 2693 generalibus

1958 2716 2195 2784 decretis,
2231 2724 2417 2770 cwtera
2448 2730 2568 2783 quw
2609 2714 2680 2768 ad
2705 2732 2892 2773 causas
2924 2729 3235 2787 personam:
3264 2713 3561 2785 singulares

1959 2811 2197 2879 attinent,
2227 2827 2501 2884 suppressa
2527 2812 2649 2867 sint.

2495 2910 2836 2967 EPISTOLA
2879 2912 2944 2967 IV
2968 2910 3018 2965 δ.

2016 3019 2232 3062 IOANNIS
2268 3019 2918 3063 annuumannuum:
2960 3019 3113 3062 UBBIS
3151 3018 3389 3063 ιριεεοιιι
3428 3020 3497 3061 ΔΙ)

2458 3111 2825 3153 ΙΠΝΟΩΕΝΤΙΠΗ
2860 3113 3059 3154 ΡΛΡΔΙ.

1964 3188 2131 3258 Quqm
2162 3189 2356 3261 injuste
2396 3188 2520 3246 urbe
2544 3198 2592 3243 et
2616 3189 2833 3246 ecclesia
2874 3206 2971 3248 sua
3016 3188 3297 3257 Theophili
3342 3187 3569 3259 factione

2030 3279 2210 3349 pulsus
2240 3281 2326 3346 sit,
2355 3290 2402 3335 et
2426 3289 2618 3350 quanta
2648 3279 2784 3334 mala
2813 3281 2919 3335 sive
2944 3291 3073 3347 tum,
3118 3282 3225 3335 sive
3255 3289 3431 3351 postea
3468 3298 3565 3351 pa-

2024 3382 2161 3426 trata
2195 3374 2407 3444 fuerint.

1957 3465 2098 3529 (Haec
2125 3465 2334 3532 epistola,
2353 3469 2579 3532 proprius
2624 3467 2838 3532 habetur
2877 3467 3015 3516 inter
3036 3469 3254 3532 caeteras
3279 3468 3330 3518 S.
3356 3467 3561 3532 Chryso-

2105 3530 2268 3591 stomi,
2290 3529 2373 3583 ubi
2400 3529 2581 3580 videsis
2604 3536 2719 3581 tom.
2743 3530 2809 3584 lll
2837 3542 3047 3594 Operum
3067 3529 3121 3581 S.
3144 3529 3437 3593 hectoris.)

1646 3636 1983 3698 EPISTOLA
2023 3642 2066 3697 V
2112 3656 2155 3695 υ.

832 3769 1139 3814 INNOCENTII
1177 3770 1196 3812 Ι
1232 3771 1384 3812 ΡΔΡΕ
1422 3771 1493 3811 ΔΙ)
1534 3771 1850 3813 THEOPBILUI

1962 3772 2323 3816 LEX‘NDRJNIE
2377 3770 2644 3814 Εοοιεειιε
2681 3770 2990 3816 ΕΡΙΕΩΟΡΗΙ.

300 3874 373 3935 Se
396 3891 432 3931 α
460 3873 697 3931 Joannis
725 3876 1081 3930 communione
1119 3873 1376 3929 discedere
1415 3891 1517 3929 non
1548 3892 1717 3944 posse,
1760 3876 1863 3930 nisi
1890 3875 2119 3950 legitimo
2138 3877 2343 3950 judicio
2385 3877 2675 3933 damnetur.
2720 3876 3042 3948 Theophilus
3076 3878 3145 3932 ad
3192 3881 3493 3936 canonicam
3560 3893 3567 3915 ³

1587 3966 1842 4038 synodum
1874 3976 2201 4035 provocatur.

292 4082 506 4138 Frater
528 4079 863 4152 Theophile,
910 4095 1016 4137 nos
1045 4088 1099 4135 et
1127 4089 1181 4136 te
1221 4089 1276 4136 et
1305 4080 1527 4135 fratrem
1578 4080 1845 4135 Joannem

227 4173 498 4231 habemus
523 4173 692 4235 nobis
719 4175 1207 4242 communicantes,
1241 4175 1387 4229 sicut
1409 4182 1462 4227 et
1489 4174 1542 4227 itt
1574 4174 1848 4243 prioribus

225 4266 424 4325 litteris
455 4267 485 4305 ἀ
520 4276 768 4323 mentem
818 4277 1059 4321 nostram
1094 4256 1434 4321 manifestam
1482 4266 1734 4321 fecimus.
1768 4267 1848 4322 Ac

224 4375 477 4417 nunc
523 4360 755 4430 quidem
800 4359 873 4415 ab
910 4359 1111 4415 eodem
1164 4360 1447 4429 proposito
1492 4358 1846 4427 desistentes,

224 4467 449 4511 rursum
488 4453 592 4510 tibi
626 4454 820 4510 cadent
853 4455 1165 4520 scribimus,
1215 4463 1270 4509 et
1300 4454 1750 4525 quotiescumque
1782 4453 1848 4507 ad

225 4563 326 4603 nos
357 4545 754 4618 rescripseris,
781 4546 896 4602 lieri
927 4547 1131 4603 scilicet
1157 4562 1262 4605 non
1289 4561 1469 4617 posse,
1503 4556 1561 4601 ttt
1588 4546 1692 4602 nisi
1718 4562 1851 4603 con-

2025 4081 2227 4156 Ἀδελφὲ
2255 4084 2455 4158 Θεόφιλε
2474 4125 2489 4149 ,
2519 4087 2669 4155 ἡμεῖς
2691 4087 2774 4139 καί
2796 4107 2856 4141 σε
2880 4084 3031 4157 ἴσμεν
3054 4092 3342 4145 κοινωνικὸν
3369 4095 3453 4148 καὶ
3478 4095 3564 4150 τὸν

1950 4175 2158 4249 ἀδελφὸν
2185 4175 2438 4241 Ἰωάννην,
2471 4181 2539 4236 ὡς
2571 4179 2655 4231 καὶ
2684 4178 2732 4230 ἐν
2758 4181 2986 4253 πρώτοις
3037 4181 3309 4254 γράμμασι
3339 4189 3559 4258 φανερὰν

1952 4271 2090 4341 ἡμῶν
2109 4274 2198 4328 τήν
2226 4272 2426 4340 γνώμην
2470 4267 2807 4341 ἐποιήσαμεν·
2834 4275 2925 4327 καὶ
2952 4278 3035 4327 νῦν
3060 4272 3115 4329 δέ
3149 4276 3239 4329 οὐκ
3282 4277 3557 4341 ἐκστάντες

1950 4369 2042 4419 τῆς
2060 4362 2216 4421 αὐτῆς
2240 4360 2611 4435 προαιρέσεως,
2631 4359 2780 4415 πάλιν
2807 4383 2892 4416 σοι
2918 4365 2987 4418 τὰ
3006 4366 3145 4419 αὐτά
3169 4368 3445 4441 γράφομεν,
3470 4375 3558 4425 καὶ

1953 4452 2130 4514 ὁσάκις
2161 4448 2219 4508 ἂν
2246 4453 2575 4527 ἀποστείλῃς,
2606 4452 2685 4510 ὅτι
2712 4455 2796 4511 ἐὰν
2822 4462 2892 4527 μή
2920 4454 3114 4513 δέουσα
3135 4463 3305 4535 κρίσις
3328 4484 3558 4537 παρακο-

1951 4547 2175 4622 λουθήσῃ
2220 4547 2304 4603 ἐπὶ
2344 4554 2451 4609 τοῖς
2496 4544 2821 4621 παιγνιωδᾶκ
2863 4553 3240 4623 γεγενημένοις,
3280 4556 3556 4627 ἀμήχανόν

286 4746 321 4774 ί
361 4737 427 4791 In
460 4748 606 4789 mss.
634 4730 770 4785 coll.
810 4730 962 4800 Hisp.
984 4738 1038 4785 et
1067 4731 1194 4785 Isid.
1219 4729 1313 4783 hic
1334 4728 1585 4799 adjicitur
1603 4728 1840 4799 quidam.
1869 4734 1924 4796 Ι)
1947 4741 2052 4787 est.
2078 4731 2156 4786 Ex
2184 4730 2635 4800 interpretatione
2653 4730 2929 4787 Ambrosii
2952 4732 3386 4795 Camaldulensis
3416 4741 3560 4799 inter

292 4807 322 4846 ι’
354 4807 418 4862 In
454 4804 597 4860 edit.
626 4803 843 4857 Concil.
876 4811 995 4870 post
1031 4803 1120 4855 27.
1155 4801 1201 4856 Δ
1246 4801 1492 4855 Palladio
1533 4800 1587 4854 in
1624 4800 1844 4870 dialogo

219 4880 429 4937 devita
450 4878 515 4935 S.
541 4875 775 4931 Joannis
798 4873 1177 4945 Cltrysostmni
1206 4873 1363 4927 nobis
1392 4874 1712 4926 transmissa
1736 4885 1841 4927 est.

222 4951 353 5007 lude
378 4951 577 5005 Roma!
630 4948 775 5001 inter
816 4946 1077 5014 epistolas
1112 4947 1480 4999 Romanorum
1528 4946 1844 5015 pontiﬁcum

220 5024 472 5099 primum
506 5019 681 5099 latine
727 5034 789 5071 ex
838 5018 1292 5099 interpretatione
1325 5017 1600 5099 Aittbrusii
1629 5014 1848 5099 Qatnal-

218 5087 481 5151 dulcmis
504 5092 681 5155 edita,
714 5097 836 5158 post
861 5090 1023 5143 etiam
1053 5104 1232 5158 graece
1265 5090 1316 5141 in
1366 5087 1547 5141 fronte
1592 5089 1848 5156 epistola-

219 5182 345 5222 rum
397 5164 786 5237 Gltrysostont't
831 5176 954 5213 cum
1002 5176 1146 5237 noua
1168 5160 1640 5237 interpretatione
1674 5160 1847 5237 latina

218 5254 430 5294 excusa
466 5231 577 5291 est.
616 5234 843 5287 Dentum
876 5247 1020 5285 anno
1049 5232 1210 5299 1680,
1245 5232 1479 5285 Emerici
1510 5231 1707 5299 Bigotii
1736 5243 1849 5285 stu-

219 5309 313 5365 dio
343 5325 476 5365 cum
511 5317 629 5361 toto
671 5304 896 5357 Palladii
928 5305 1149 5373 dialogo
1185 5304 1501 5373 castigatior
1542 5314 1595 5357 et
1632 5304 1849 5370 elegan-

218 5382 329 5436 tior
358 5380 597 5450 prodiit.
620 5375 882 5430 Eamdem
901 5376 969 5429 de
999 5377 1210 5450 integro
1229 5377 1292 5429 ad
1324 5374 1844 5450 tnss.Cosliniatt_ntn

218 5463 276 5508 et
292 5446 781 5518 llamburgensem
798 5450 1098 5519 exegimus.
1116 5449 1368 5502 Proxime
1392 5456 1511 5513 post
1533 5446 1845 5501 violentiam

216 5526 482 5580 ecclesia:
513 5520 943 5588 Constantinop.
993 5520 1061 5571 ab
1110 5519 1436 5572 adversariis
1458 5520 1847 5590 tlltrysostomi

219 5596 274 5651 in
320 5597 517 5666 vigilia
563 5591 790 5666 Pascite!
838 5591 1064 5666 illatam,
1112 5590 1358 5661 adeoque
1402 5591 1545 5645 circa
1590 5604 1842 5645 mensem

217 5660 477 5742 hprilém
503 5662 656 5742 antri
681 5660 1013 5742 “Descripta
1032 5672 1139 5715 est.

296 5751 321 5777 σε
360 5739 420 5793 In
444 5733 830 5791 cditlloncil.
853 5734 953 5799 Si;
985 5751 1105 5803 qum
1128 5742 1307 5787 autem
1339 5733 1372 5787 5
1396 5742 1540 5799 erat,
1578 5732 1841 5803 nunc758.

220 5808 269 5867 Α
316 5810 595 5875 Palladio,
631 5805 722 5859 eui
758 5805 846 5858 uni
894 5802 1144 5868 debetur,
1195 5806 1403 5874 paginae
1447 5803 1518 5875 “24
1549 5802 1748 5873 dialogi
1776 5804 1846 5858 de

221 5883 339 5937 vita
374 5874 768 5951 0hrysOstomi
798 5876 915 5932 sine
943 5877 1106 5930 titulo
1138 5884 1230 5930 aut
1260 5874 1617 5943 inscriptione
1640 5875 1846 5927 inserta

1952 4802 2258 4871 pontiﬁeias
2276 4804 2538 4871 epistolas
2554 4802 2721 4857 latine
2742 4803 2935 4859 Romae
2956 4821 3180 4873 excusa,
3207 4818 3261 4863 et
3284 4812 3482 4868 exinde
3498 4818 3553 4871 in

1950 4874 2285 4929 editionibns
2316 4874 2674 4929 conciliorum
2708 4891 2899 4930 recusa
2933 4877 3055 4931 fuit.
3090 4880 3218 4946 Ejus
3249 4884 3553 4943 scribenda:

1946 4948 2295 5001 occasionem
2321 4960 2383 5001 ac
2406 4958 2619 5015 tempus
2645 4947 2785 5000 idem
2810 4947 3085 5004 Palladius
3104 4952 3233 5006 iltid.
3257 4955 3336 5007 sic
3359 4954 3551 5012 docet:

1952 5018 2150 5095 Paucis
2181 5027 2311 5095 post
2353 5017 2570 5095 diebus,
2603 5032 2762 5086 quam
2804 5017 3158 5095 Innocentius
3187 5038 3216 5076 a
3246 5024 3553 5095 'l‘heOpltilo

1953 5088 2497 5166 per_Ale.\‘_attdrinut'n
2521 5089 2776 5166 lector-gn
2793 5092 3117 5166 accipisset,
3138 5088 3421 5166 eidemque
3437 5102 3556 5156 red-

1953 5161 2430 5225 didissctlittcras,
2463 5175 2676 5212 rursum
2698 5160 2985 5224 TllCOlthlll
3021 5168 3242 5220 nomine
3272 5160 3549 5225 ill-Urbem

1952 5242 2218 5308 venerunt
2248 5231 2442 5308 Petrus
2474 5232 2640 5308 ipsius
2669 5232 2953 5308 presbyter
2979 5247 3029 5287 et
3056 5235 3349 5308 Martyt-ius
3375 5242 3555 5295 (δορια-

1948 5306 2045 5379 sia:
2086 5302 2710 5379 Cuttstanthtopolitaum
2739 5302 3023 5379 diaconus,
3073 5302 3231 5379 aliam
3262 5311 3550 5379 Tlteopltili

1947 5376 2235 5441 epistolam
2266 5389 2388 5427 cum
2420 5373 2742 5444 quibusdam
2771 5377 3037 5431 adversus
3077 5378 3344 5432 Joannem
3378 5373 3551 5445 gestis

1948 5446 2281 5501 deferentes.
2315 5446 2521 5513 Quibus
2549 5446 2803 5513 perlectis
2825 5447 3194 5515 lnnoct-ntius,
3223 5466 3343 5501 cutn
3375 5454 3549 5507 nullas

1949 5532 2140 5590 graves
2171 5533 2292 5572 esse
2315 5517 2694 5572 accusationes
2718 5521 3094 5587 comperisset,
3129 5535 3295 5590 novos
3321 5521 3445 5573 illos
3474 5522 3549 5577 le-

1946 5589 2101 5661 gatos
2147 5606 2269 5643 cum
2321 5590 2420 5642 hac
2469 5590 2640 5641 altera
2672 5591 2902 5659 epistola
2936 5590 3161 5643 dimisit.
3198 5589 3350 5643 Unde
3399 5591 3547 5648 illam

1950 5680 2059 5716 non
2094 5661 2253 5730 longo
2282 5670 2404 5731 post
2430 5662 2768 5731 snperioretn
2813 5662 3107 5717 intervallo
3135 5664 3393 5730 scriptam
3424 5677 3549 5720 esse

1949 5732 2244 5803 colligitur.

2022 5805 2048 5841 ἀ
2076 5804 2193 5859 Non
2226 5811 2439 5859 exstant
2470 5802 2553 5856 hac
2584 5803 2797 5856 littera'.
