4084 6342
271 307 371 366 ιθτ

1503 321 1872 383 81⁵15⁸1⁸0ιῶ
1915 325 2004 383 ET
2045 325 2390 387 DECRETA.

3485 347 3594 406 498

263 435 545 541 purgatos
572 431 687 490 sibi
719 433 994 492 vindicent
1025 434 1207 541 divina
1241 447 1266 478 α
1295 441 1591 500 ministeria
1627 445 1682 518 (l
1713 444 1885 502 Para-
1912 458 1966 518 Α
1989 449 2176 519 spiritu
2207 450 2384 524 (Rom.
2409 471 2523 523 vin,
2553 455 2610 530 9)
2635 475 2649 514 :
2683 455 2789 514 et"l
2813 459 3083 518 habentem
3106 465 3244 535 filios
3271 466 3317 541 (l
3346 467 3483 526 Tim.
3505 483 3590 539 ιιι,

261 521 354 591 tip.
391 523 593 595 xxiv):
653 542 836 597 neque
878 543 974 585 eos
1003 529 1068 584 ad
1118 533 1388 590 sacriﬁcia
1435 537 1515 592 fas
1545 539 1619 594 sit
1645 539 1880 608 admitti,

261 617 350 685 qui
373 629 652 676 exercent
673 623 758 678 vel
788 639 910 678 cum
937 641 1110 681 uxore
1132 633 1352 686 carnale
1376 633 1732 704 consortium,
1755 636 1882 706 quia

253 713 529 774 scriptum
562 726 696 772 est:
733 717 923 775 Sancti
948 731 1129 791 estote,
1177 726 1297 793 quia
1325 735 1371 781 et
1400 743 1494 802 ego
1524 738 1735 784 sanctus
1765 747 1882 784 sum

260 801 521 861 Dominus
555 807 706 865 Deus
735 824 894 867 uester
919 813 1110 885 (Leuit.
1134 833 1210 884 ιιι,
1237 819 1330 883 44,
1359 833 1411 874 et
1443 839 1530 890 xx,
1566 824 1643 894 7).
1671 825 1882 892 Quibus

260 897 464 968 utique,
520 915 762 972 promer
817 907 1023 964 sobolis
1063 914 1492 983 successionem,
1526 914 1554 955 δ
1589 929 1878 987 propterea

256 992 486 1047 uxorius
527 1010 668 1052 usus
701 999 882 1055 fuerat
911 1003 1213 1071 relaxatus,
1242 1012 1368 1077 quia
1401 1025 1466 1065 ex
1495 1011 1599 1066 alia
1638 1013 1780 1067 tribu
1808 1014 1876 1069 ad

255 1086 641 1145 sacerdotium
657 1093 844 1148 nullus
858 1092 1033 1152 fuerat
1055 1112 1354 1170 prmi-sepius
1370 1104 1654 1166 accedere.
1673 1117 1876 1174 quanto

256 1178 426 1248 magis
454 1178 708 1251 (Confer.
738 1188 924 1241 concil.
961 1187 1158 1247 Turon.
1189 1208 1226 1258 ι,
1259 1211 1348 1249 an.
1379 1196 1507 1265 461,
1532 1214 1578 1251 c.
1606 1198 1660 1269 1)
1704 1200 1757 1253 hi
1790 1215 1877 1255 sa-

254 1269 512 1351 cerdotes
536 1275 633 1329 vel
687 1276 872 1334 levita;
915 1280 1229 1350 pudicitiam
1263 1301 1335 1341 ex
1384 1288 1473 1345 die
1515 1292 1875 1352 ordinationis

249 1375 358 1417 sua:
385 1380 629 1424 servare
655 1369 886 1438 debent,
911 1377 1111 1445 quibus
1133 1379 1216 1433 vel
1244 1381 1633 1450 sacci-detinui,
1663 1386 1743 1442 vel
1776 1387 1876 1442 nii-

252 1456 548 1514 nisterium
582 1463 710 1519 sine
761 1470 1115 1526 successione
1160 1480 1266 1538 est,
1300 1489 1399 1529 nec
1445 1480 1685 1544 pru'tet'it
1729 1481 1869 1548 dies,

249 1565 350 1621 qua
381 1555 473 1610 vel
503 1572 537 1610 ει
572 1560 870 1616 sacriﬁciis
898 1563 1118 1630 divinis,
1147 1568 1232 1622 vel
1261 1586 1289 1620 ει
1323 1571 1662 1638 baptismatis
1689 1573 1872 1631 ofﬁcio

251 1652 484 1704 Vareni!
518 1650 662 1707 Nam
695 1655 740 1710 si
775 1655 976 1712 Paulus
1002 1658 1068 1714 ad
1094 1660 1411 1720 Corinthios
1436 1668 1630 1722 scribit
1654 1669 1866 1739 dicens,

246 1737 518 1799 Abstinete
547 1761 645 1800 uos
675 1748 748 1802 ad
776 1758 997 1822 tempus,
1031 1765 1086 1808 ut
1114 1757 1303 1811 vacetis
1333 1760 1553 1815 orationi
1587 1762 1630 1834 (Ι
1663 1737 1864 1818 Corint.

1986 543 2066 612 4),
2099 560 2205 600 non
2237 559 2610 617 generantem,
2634 552 2798 608 dixit.

2055 639 2110 693 4.
2139 639 2244 696 Sed
2286 657 2347 698 ea
2382 644 2541 713 plane
2588 645 2776 716 dlSpal‘
2822 659 2877 703 et
2909 658 2932 687 ο
2965 650 3134 706 divisa
3169 655 3442 710 sententia
3476 665 3587 716 est.

1981 730 2116 786 Nam
2149 735 2194 788 si
2223 735 2287 788 ad
2317 739 2530 808 aliquos
2575 738 2749 794 forma
2782 741 2874 796 illa
2904 744 3302 802 ecclesiasticae
3329 750 3455 804 vitae
3482 765 3588 820 pa-

1981 824 2116 880 riter
2155 838 2207 881 i-t
2235 827 2557 899 disciplinm,
2591 848 2712 903 quae
2741 835 2808 889 ab
2836 836 3099 906 episcopo
3127 838 3330 895 Siricio
3358 841 3426 896 ad
3460 858 3589 913 pro-

1980 917 2188 972 vincias
2234 925 2586 985 comiiieavit,
2622 939 2725 979 non
2761 927 3085 996 pi-obabi'ur
3115 933 3452 996 pervenisse,
3506 936 3590 990 liis

1981 1007 2339 1078 ignorationis
2366 1017 2521 1068 venia
2553 1017 2883 1078 remittetur,
2907 1021 2976 1073 ita
3008 1030 3067 1076 ut
3095 1022 3166 1078 de
3196 1035 3396 1080 caetero
3428 1025 3588 1094 peni-

1981 1113 2065 1160 tus
2085 1107 2348 1178 incipiant
2375 1111 2671 1169 abstiuerc.
2702 1114 2772 1170 Et
2795 1116 2865 1170 ita
2892 1118 3092 1188 gradus
3119 1133 3274 1182 suos,
3310 1120 3362 1175 in
3385 1121 3588 1191 quibus

1977 1197 2184 1256 inventi
2232 1201 2450 1271 fuerint,
2500 1208 2580 1260 sic
2610 1219 2910 1268 retentant.
2946 1220 3004 1265 ut
3050 1213 3131 1267 cis
3163 1229 3270 1268 non
3323 1214 3484 1270 liceat
3514 1215 3584 1272 ad

1979 1295 2186 1364 potiora
2215 1301 2607 1355 conscendere.
2632 1302 2842 1370 Quibus
2864 1305 2920 1359 in
2947 1305 3216 1361 beneﬁcio
3243 1323 3367 1364 esse
3395 1309 3582 1377 debet,

1977 1389 2120 1457 quod
2156 1391 2303 1446 hunc
2333 1393 2508 1462 ipsum
2542 1395 2741 1464 locum,
2772 1413 2934 1468 quem
2969 1400 3229 1467 retinent,
3267 1419 3373 1455 non
3418 1405 3588 1458 antit-

1977 1493 2115 1539 Iunt.
2144 1485 2200 1540 Si
2233 1493 2322 1556 qui
2355 1499 2536 1543 autem
2569 1489 2736 1544 scisse
2783 1490 3012 1546 fortnam
3042 1494 3266 1549 vivendi
3299 1496 3519 1550 missam
3551 1512 3583 1553 a

1976 1576 2173 1634 Siricio
2198 1579 2547 1648 detegantur,
2570 1599 2748 1652 neque
2770 1586 2954 1640 statim
2981 1588 3311 1659 cupiditates
3337 1589 3584 1647 libidinis

1974 1671 2244 1741 abjecisse
2261 1690 2275 1739 ;
2293 1675 2369 1730 itli
2394 1687 2522 1731 sunt
2544 1678 2718 1732 modis
2739 1678 2994 1735 omnibus
3012 1681 3398 1746 submerendi,
3440 1681 3459 1720 τ
3485 1683 3583 1752 qui

1975 1775 2091 1833 post
2141 1767 2572 1824 admonitionem
2622 1771 2917 1841 cognitam,
2954 1773 3382 1841 praeponendam
3431 1773 3583 1829 arbi—

245 1853 335 1904 vn,
367 1840 428 1910 5)
454 1856 470 1906 ;
507 1853 569 1896 et
599 1841 711 1901 hoc
739 1847 929 1918 utique
959 1847 1109 1906 laicis
1137 1854 1439 1922 praecepit;
1491 1858 1664 1914 multo
1695 1863 1867 1931 magis
1900 1865 1946 1925 Β
1974 1859 2101 1913 trali
2129 1869 2254 1914 sunt
2282 1861 2637 1933 voluptatem.

245 1934 600 2004 sacerdotes,
636 1937 840 2008 quibus
868 1952 924 1996 et
951 1943 1146 1998 orandi
1177 1960 1230 1999 et
1257 1947 1598 2004 sacriﬁcandi
1625 1951 1759 2022 juge
1790 1953 1874 2008 of-

245 2023 427 2082 ﬁcium
458 2040 575 2098 est,
607 2046 831 2104 semper
855 2035 1134 2093 debebunt
1153 2039 1222 2094 ab
1252 2041 1564 2112 liujusmodi
1591 2047 1873 2102 coiisiirtio

243 2118 554 2180 abstinere.
590 2125 698 2192 Qui
729 2129 774 2182 si
799 2132 1205 2188 contaminatus
1236 2134 1400 2189 fuerit
1429 2137 1632 2192 carnali
1663 2154 1870 2195 concu-

243 2215 537 2285 piscentia,
575 2235 690 2290 quo
721 2223 931 2291 pudore
975 2227 1060 2282 vel
1087 2228 1398 2284 sacriﬁcare
1438 2233 1744 2302 usurpabit,
1778 2243 1870 2288 aut

241 2333 345 2390 qua
371 2325 739 2380 conscientia
794 2341 972 2398 quove
1028 2334 1227 2386 merito
1273 2333 1522 2389 exaudiri
1569 2351 1630 2391 se
1669 2337 1864 2403 credit,

242 2435 360 2478 cum
393 2424 620 2482 dictum
649 2428 762 2482 sit:
801 2429 990 2484 Omnia
1030 2433 1224 2486 munda
1255 2437 1482 2501 mundis,
1513 2438 1867 2509 coinquinatis

242 2532 416 2579 autem
443 2538 495 2580 ct
529 2527 840 2596 inﬁdelibus
870 2531 1003 2586 nihil
1030 2533 1279 2588 mundum
1309 2534 1441 2606 (Tit.
1476 2551 1528 2606 ι,
1561 2538 1688 2608 15)?

307 2629 361 2682 3.
395 2628 518 2685 Sed
570 2628 816 2688 fortasse
848 2633 950 2690 hoc
994 2635 1162 2692 licere
1192 2638 1388 2703 credit,
1436 2639 1560 2711 quia
1595 2641 1866 2713 scriptum

241 2739 339 2795 est,
368 2731 540 2784 unius
568 2734 758 2788 uxoris
783 2736 948 2789 uirum
972 2735 1017 2806 (Ι
1047 2735 1180 2793 Tim.
1214 2754 1294 2807 ιιι,
1326 2740 1409 2810 2).
1441 2741 1559 2798 Νοιι
1593 2754 1614 2781 ε
1650 2758 1868 2813 perina-

241 2845 458 2893 nentem
491 2842 548 2893 in
585 2840 1036 2911 concupiscentia
1079 2849 1376 2916 generandi
1425 2848 1526 2905 hoc
1555 2851 1715 2918 dixit,
1765 2857 1862 2911 sed

161 2978 166 2982 ι
241 2951 468 3011 propter
497 2941 908 3000 continentiam
936 2945 1193 3002 futuram.
1228 2947 1418 3020 Neque
1444 2952 1588 3006 enim
1621 2954 1864 3025 integros

241 3055 474 3111 corpore
529 3060 650 3100 non
697 3045 945 3115 admisit,
991 3049 1082 3119 qui
1114 3050 1212 3116 ait,
1249 3027 1446 3105 Vellem
1489 3062 1661 3107 autem
1690 3071 1864 3119 omne;

233 3147 311 3226 _sic
333 3164 471 3209 esse.
504 3150 653 3203 sicut
682 3158 732 3204 ct
759 3145 851 3223 ego
892 3149 939 3219 (Ι
967 3149 1090 3207 Cor.
1123 3167 1217 3219 vn,
1251 3152 1307 3224 7)
1335 3169 1350 3209 :
1398 3164 1452 3208 et
1490 3157 1733 3225 apertius
1761 3156 1861 3212 de—

2047 1952 2178 2008 Ciie.
2213 1952 2280 2011 ll.
2311 1985 2382 1995 —
2406 1953 2460 2008 5.
2498 1957 2564 2010 Et
2606 1957 2710 2012 lioc
2745 1958 3030 2029 quiesitum
3081 1967 3189 2022 est,
3234 1957 3361 2029 quid
3394 1957 3466 2014 de
3494 1957 3584 2016 liis

1975 2044 2252 2100 observari
2277 2058 2546 2116 oporteat,
2567 2050 2654 2118 qui
2678 2028 3150 2119 postbaptismnm
3169 2028 3320 2106 omni
3341 2064 3584 2121 tempore

1975 2137 2389 2194 incontinentiae
2420 2141 2792 2207 voluptatibus
2841 2141 3034 2208 dediti,
3086 2143 3138 2196 iii
3189 2154 3440 2199 extremo
3477 2141 3585 2199 fine

1973 2232 2101 2287 vita;
2119 2246 2232 2286 suae
2256 2233 2631 2302 pmiiiteutiain
2658 2233 2818 2288 simul
2840 2243 2895 2287 et
2915 2233 3422 2290 reconciliationem
3437 2247 3587 2290 com-

1975 2327 2249 2381 munionis
2281 2337 2581 2393 exposcunt
2611 2328 2729 2391 (93,
2753 2344 2802 2395 q.
2829 2325 2886 2394 4,
2917 2344 2964 2383 c.
2991 2327 3109 2400 45).

2046 2419 2097 2473 6.
2126 2419 2200 2474 De
2225 2418 2626 2475 ltisitbservatio
2653 2421 2815 2490 prior,
2844 2422 3067 2486 durior;
3091 2422 3390 2493 posterior,
3409 2420 3583 2478 inter-

1971 2514 2231 2568 veniente
2261 2513 2666 2578 misericordia,
2698 2514 3032 2570 inclinatior.
3067 2514 3200 2570 Nam
3235 2515 3582 2572 consuetudo

1971 2609 2125 2679 prior
2156 2609 2350 2676 tenuit,
2384 2619 2438 2664 ut
2469 2611 2871 2664 eoncederetur
2919 2609 3260 2679 poenitentia,
3293 2611 3390 2666 sed
3421 2626 3578 2667 rom-

1972 2704 2162 2757 munio
2191 2712 2503 2774 negaretur.
2538 2704 2672 2758 Nam
2703 2719 2826 2760 cum
2862 2705 2967 2758 illis
3001 2705 3340 2775 temporibus
3369 2706 3582 2764 crebrae

1972 2798 2382 2866 persecutiones
2412 2806 2618 2863 essent,
2652 2814 2719 2853 ne
2764 2799 3168 2854 communioois
3198 2814 3459 2856 concessa
3494 2800 3574 2853 fa-

1969 2889 2150 2945 cilitas
2181 2891 2432 2945 homines
2459 2891 2527 2946 de
2551 2893 2997 2948 reconciliatione
3026 2909 3251 2948 securos
3283 2909 3390 2948 non
3421 2908 3580 2949 revo-

1969 2993 2120 3038 caret
2141 3000 2168 3036 a
2196 2983 2375 3053 lapsu,
2398 2986 2592 3039 merito
2617 2996 2809 3056 negata
2833 2988 3146 3042 communio
3169 2997 3284 3053 est;
3313 3003 3579 3044 concessa

1969 3080 2312 3150 pteuitentia,
2340 3097 2408 3135 ne
2431 3089 2599 3151 totum
2625 3082 2841 3151 penitus
2866 3091 3188 3150 negaretur:
3217 3091 3272 3136 et
3291 3081 3574 3136 duriorem

1968 3173 2348 3244 remissionem
2382 3174 2507 3228 fecit
2530 3186 2730 3241 tempm
2747 3174 2792 3228 is
2825 3175 2987 3229 ratio.
3015 3174 3120 3230 Sed
3153 3183 3438 3244 postquam
3466 3175 3574 3231 Do-

238 3247 430 3321 clarat,
467 3252 697 3317 dicens,
733 3251 837 3320 Qui
861 3263 1033 3307 autem
1063 3254 1118 3309 in
1158 3271 1313 3310 carne
1339 3265 1480 3324 sunt,
1515 3256 1624 3311 Deo
1652 3257 1858 3328 placere

1969 3243 2151 3324 minus
2182 3277 2371 3322 noster
2402 3281 2588 3337 pacem
2620 3267 2879 3322 Ecclesiis
2909 3269 3022 3321 suis
3053 3243 3310 3331 reddidit,
3335 3267 3449 3336 jam
3479 3265 3576 3323 de-

238 3371 338 3411 non
361 3367 618 3426 possunt.
654 3355 763 3413 Vos
783 3367 954 3413 autem
973 3361 1092 3433 jam
1119 3376 1226 3414 non
1252 3361 1376 3416 estis
1401 3361 1455 3415 in
1479 3377 1654 3430 carne,
1681 3362 1772 3417 sed
1801 3363 1856 3418 in

305 3592 330 3620 ι
359 3583 524 3639 Meri.
561 3581 824 3657 Crab.,et
865 3584 1114 3656 plerique
1145 3599 1299 3646 mss..
1328 3587 1593 3657 mysteria.
1626 3587 1855 3642 Retine-

233 3669 351 3710 mus
381 3671 514 3710 cum
551 3671 664 3710 ms.
697 3655 842 3710 Pilh.
872 3655 1090 3712 necnon
1121 3657 1255 3712 edit.
1292 3655 1447 3712 llom.
1481 3670 1533 3712 et
1565 3659 1706 3722 aliis,
1748 3660 1851 3712 mi-

233 3728 464 3782 nisteria.
487 3727 730 3784 Siricius
751 3729 968 3798 quidem
992 3730 1151 3797 epist.
1176 3731 1227 3794 t,
1253 3745 1306 3782 ιι.
1335 3732 1390 3784 Η
1409 3775 1422 3796 ,
1447 3731 1643 3798 sancit,
1670 3745 1855 3784 sacer-

231 3798 384 3854 dotes
403 3815 470 3853 ac
494 3800 699 3853 levitas
723 3802 1128 3854 incoiitinentes
1146 3817 1236 3854 nec
1256 3817 1500 3868 umquam
1519 3818 1666 3870 posse
1679 3801 1855 3856 divina

231 3880 514 3926 attrectare
542 3873 794 3942 mysteria
813 3887 832 3925 :
861 3870 957 3926 sed
989 3872 1060 3926 ibi
1086 3873 1154 3925 de
1178 3874 1557 3927 Sacerdoubus
1583 3888 1645 3928 ac
1673 3874 1854 3929 Invitis

229 3956 385 3996 nova:
419 3944 572 4012 legis
600 3946 862 4011 loquitur.
883 3942 1176 4010 Sequentia
1209 3954 1389 3997 autem
1413 3960 1536 3997 cum
1560 3944 1855 4000 Gratianus

228 4013 356 4068 dish
391 4016 492 4073 51.
525 4029 578 4069 ο.
611 4015 669 4080 6,
702 4015 784 4069 sic
810 4015 1015 4082 laudat,
1049 4015 1151 4068 Eos
1181 4014 1252 4068 ad
1279 4017 1542 4083 sacriﬁcia
1569 4019 1648 4079 fas
1669 4017 1738 4070 sit
1759 4017 1857 4070 ad-

227 4087 380 4150 mitti,
414 4088 517 4153 qui
545 4086 628 4141 vel
657 4102 774 4139 cum
801 4103 960 4141 uxore
983 4105 1081 4140 non
1106 4096 1341 4141 exercent
1364 4085 1572 4141 carnale
1595 4087 1850 4156 ofﬁciunt,

228 4157 562 4212 adulteram
596 4157 904 4212 Innocentii
943 4163 1229 4212 sententiae
1280 4158 1474 4212 merito
1522 4161 1851 4227 postuletur.

229 4227 358 4284 Eam
391 4232 516 4299 ipse
544 4229 679 4284 dist.
711 4229 801 4294 8‘2,
829 4245 879 4283 ο.
904 4232 960 4291 ‘2,
987 4229 1203 4282 ﬁdelius
1234 4229 1418 4283 refert.

293 4300 322 4338 δ
355 4298 589 4356 Ιιι-ειιίῑ.
626 4301 784 4355 Rom.
817 4302 1119 4355 secundum
1151 4301 1304 4354 Merl.
1337 4313 1386 4353 et
1416 4298 1579 4353 Crab.
1609 4300 1694 4353 liic
1727 4315 1856 4369 Stip-

226 4384 419 4439 preSso
453 4384 766 4439 prapterea,
817 4389 938 4427 mox
989 4383 1108 4440 post
1150 4371 1314 4425 verba
1354 4387 1418 4426 ea:
1447 4371 1556 4424 alia
1585 4371 1719 4425 tribu
1752 4374 1852 4426 ad-

226 4443 391 4515 ditur,
434 4453 635 4512 praster-
659 4442 852 4515 (Crab.
902 4443 1232 4515 minusculis
1260 4442 1457 4495 litteris
1496 4459 1670 4511 quam,
1706 4444 1850 4515 quod

227 4513 276 4569 in
307 4517 445 4572 edit.
489 4512 814 4571 ltom.‘sine
856 4518 962 4569 ulla
990 4514 1348 4570 distinctione
1374 4523 1456 4568 est
1487 4512 1850 4586 expressum)

225 4600 286 4639 ex
313 4589 520 4658 semine
550 4589 769 4641 Aaron:
805 4587 1202 4658 refragantibus
1227 4601 1360 4638 mss.

296 4669 319 4698 ε
353 4656 530 4714 Crab.
571 4669 627 4713 et
656 4658 790 4712 edit.
841 4655 1025 4727 Βοιὼ,
1061 4658 1128 4710 nd
1162 4665 1562 4725 permanentem.
1595 4655 1754 4722 Lab.,
1787 4658 1852 4712 de

225 4739 593 4801 permanente.
633 4731 866 4796 Quesn.,
923 4739 1136 4801 propter
1164 4727 1498 4801 monendum.
1539 4727 1689 4801 Unus
1740 4745 1844 4783 ms.

222 4798 406 4873 Cum,
427 4811 648 4869 propter
674 4798 1072 4873 permanentem.
1096 4799 1345 4854 Novium.
1376 4812 1431 4873 et
1461 4799 1704 4873 Lautlun.
1723 4817 1846 4856 cum

224 4871 482 4940 Merlino,
514 4871 862 4940 permanenti.
891 4873 995 4927 Alii
1033 4873 1156 4941 plus
1184 4872 1495 4935 ιΙιιωόιορίιιι,
1529 4872 1674 4940 iique
1707 4874 1849 4926 anti-

221 4944 467 5012 qui-res,
507 4953 932 5011 permanentem:
971 4946 1161 5014 sicque
1189 4943 1479 5014 legendum
1513 4958 1633 4998 esse
1659 4943 1848 4998 subse-

221 5029 397 5086 quens
431 5026 572 5071 nota
604 5015 976 5086 conﬁrmabit.

289 5085 315 5124 ά
350 5088 604 5144 Rursum
638 5086 772 5141 edit.
798 5085 955 5140 Rom.
991 5094 1132 5156 post.
1164 5084 1352 5150 Crab.,
1387 5097 1433 5140 et
1462 5085 1531 5139 ad
1552 5085 1844 5152 habentem,

222 5172 526 5229 perperam
558 5159 747 5212 addita
782 5161 1166 5229 praepositione
1197 5159 1285 5212 ad.
1318 5156 1647 5212 Ambrosius
1678 5159 1844 5226 epist.

218 5228 411 5296 63,:id
454 5231 732 5292 Vercell.,
769 5246 822 5284 ιι.
868 5228 960 5292 22,
994 5229 1242 5285 eamdem
1291 5231 1615 5283 sententiam
1653 5230 1843 5285 iisdem

219 5302 476 5369 Apostoli
516 5301 706 5357 verbis
736 5302 971 5354 illustrat
999 5301 1051 5355 in
1099 5301 1242 5355 hunc
1271 5299 1487 5354 modum
1515 5317 1527 5350 :
1577 5299 1845 5356 habentem

214 5375 354 5428 enim
383 5375 536 5428 dixit
567 5373 736 5442 ﬁlios.
776 5389 879 5425 non
923 5372 1214 5442 facientem.
1239 5372 1412 5427 Antea
1453 5371 1661 5425 εωιιυιιι
1709 5375 1841 5427 edit.

218 5456 340 5513 post
371 5446 602 5500 Merlin.
624 5485 640 5511 ,
694 5442 847 5510 Quod
877 5453 924 5497 ct
952 5443 1199 5512 apertius,
1251 5442 1436 5497 addito
1465 5443 1602 5512 quod
1646 5453 1845 5513 prmter

215 5517 381 5571 fidem
417 5530 562 5572 mss.

288 5598 314 5625 ε
350 5588 511 5644 Edit.
551 5587 712 5641 Rom.
743 5593 800 5641 et
827 5587 1160 5654 pOsteriores
1201 5585 1396 5640 concil.
1430 5586 1669 5639 diversa:
1698 5587 1843 5652 quod

217 5661 268 5715 in
298 5676 415 5714 uno
470 5668 689 5712 tantum
725 5673 826 5711 ms.
865 5657 1004 5713 ΡίιΙι.
1057 5658 1382 5724 reperimus.
1416 5657 1497 5711 Ex
1537 5659 1658 5709 aliis
1689 5657 1842 5712 libris

214 5744 562 5787 revocamus
582 5728 772 5792 divisa,
797 5729 1004 5782 scilicet
1021 5730 1074 5782 in
1097 5729 1229 5780 duas
1250 5740 1451 5797 partes,
1476 5743 1704 5790 quorum
1738 5743 1842 5783 una

214 5798 283 5865 ad
305 5814 408 5858 eos
431 5801 662 5855 attinet.
691 5800 779 5866 qui
802 5797 1024 5853 decreta
1044 5799 1222 5854 Siricii
1246 5798 1312 5853 ad
1341 5799 1651 5865 provincias
1676 5797 1841 5852 missa

215 5869 562 5943 internatus
587 5873 972 5942 peccaverunt.
1005 5869 1175 5928 alters
1206 5867 1274 5925 iid
1304 5880 1401 5927 eos
1427 5870 1518 5937 qui
1549 5867 1809 5924 seiciunt

1877 4552 1929 4612 D

1965 3363 2125 3434 pulso
2153 3372 2387 3429 terrore,
2415 3361 2860 3416 communionem
2891 3359 3009 3415 dari
3042 3367 3067 3408 ε
3095 3357 3420 3414 abeuntibus
3451 3357 3572 3431 pla-

2040 3586 2062 3626 ί
2079 3587 2245 3661 Editi,
2265 3597 2492 3658 excepto
2510 3589 2710 3657 Quesn.
2726 3589 2849 3661 quia
2864 3596 3000 3651 post:
3013 3588 3419 3652 refragantibus
3432 3606 3567 3651 mss.

2039 3669 2062 3707 8
2097 3659 2188 3716 Slt'
2218 3661 2375 3722 ιηιι..
2423 3661 2589 3716 Slrttt.
2622 3673 2676 3716 et
2707 3659 2894 3730 plures
2919 3677 2980 3714 ac
3013 3667 3260 3730 ptitimes‘
3293 3679 3425 3719 "28¢.
3460 3665 3568 3720 Alii

1964 3747 2098 3786 vero
2143 3731 2298 3798 editi,
2332 3732 2674 3798 abeuntibus;
2714 3745 2764 3788 cl
2801 3733 2940 3787 infra
2973 3748 3005 3788 c
3030 3750 3096 3786 im
3143 3733 3300 3787 Dion.
3335 3743 3393 3790 et
3436 3736 3564 3791 laid.

1962 3804 2227 3873 subsequi,
2269 3820 2369 3874 pro
2413 3806 2575 3874 sequi.
2606 3804 2898 3873 Disciplina
2931 3807 3018 3856 illa
3061 3805 3276 3872 durior,
3307 3808 3376 3859 ali
3410 3807 3572 3862 luno-

1961 3879 2146 3930 cenlio
2193 3887 2516 3941 nio-morata,
2566 3876 2800 3930 maxime.
2844 3876 2897 3930 iii
2949 3876 3287 3930 Eliberitatio
3327 3882 3568 3935 Concilio

1963 3961 2085 4000 can.
2133 3947 2188 4010 6,
2239 3947 2374 4012 7,8,
2419 3957 2550 4012 etc.,
2604 3949 2836 4002 obtinet.
2870 3948 3182 4002 Oliiiiiuerat
3229 3961 3279 4002 et
3326 3965 3481 4005 antea
3511 3952 3565 4006 in

1963 4016 2170 4081 Ali-ira,
2205 4019 2301 4071 sed
2343 4022 2480 4084 apud
2511 4019 2776 4087 quos-ilum
2810 4021 3088 4072 dumtaxat
3121 4021 3435 4089 episcopos,
3470 4023 3564 4088 qui

1963 4089 2179 4160 quidem
2213 4091 2281 4140 ita
2331 4089 2558 4142 dandam
2595 4107 2772 4160 paceni
2809 4108 2839 4142 ιι
2861 4089 3015 4143 uec/tis
3037 4107 3138 4160 non
3165 4100 3490 4159 putauerunt,
3517 4102 3570 4147 et

1961 4159 2016 4212 in
2045 4170 2206 4212 totum
2231 4162 2539 4234 paenitentia:
2563 4159 2730 4213 lacum
2754 4171 2933 4213 contra
2955 4159 3213 4234 adulteria
3239 4166 3559 4234 clauserunt,

1963 4243 2218 4284 tutamen
2271 4247 2298 4282 a
2341 4233 2787 4298 eoi-pisi-Oporttm
2840 4245 3060 4284 suorum
3109 4233 3272 4286 aliter
3317 4234 3565 4287 sentien-

1965 4305 2120 4364 titttn,
2165 4316 2227 4355 oc
2257 4315 2446 4370 pacein
2497 4302 2576 4354 eis
2607 4301 3022 4354 concedetttinm
3055 4303 3290 4371 ciillegio
3331 4305 3422 4358 mii
3447 4302 3561 4361 imo

1962 4373 2315 4435 recesserint,
2350 4385 2407 4425 ut
2451 4372 2616 4425 tradit
2649 4371 2953 4442 Cyprianus
2981 4386 3141 4441 epiSI.
3172 4374 3263 4434 52.
3297 4375 3360 4428 ad
3390 4378 3565 4430 Anto-

1961 4445 2203 4496 niannin.
2223 4443 2539 4499 Severitatis
2555 4443 2713 4508 liujos
2726 4445 2998 4512 quoddam
3015 4456 3276 4511 pra-terra
3292 4462 3341 4496 ιγ-
3356 4456 3370 4497 t
3385 4462 3567 4501 exem-

1962 4516 2110 4582 plum
2165 4513 2217 4568 in
2248 4514 2468 4583 vulgato
2516 4516 2788 4568 Ambrosii
2826 4513 2963 4567 libro
3011 4515 3080 4567 tle
3132 4514 3286 4583 lapsu
3333 4518 3561 4585 virginis

1954 4596 2316 4650 consociata,
2369 4588 2436 4639 ad
2479 4603 2640 4648 uitam
2689 4601 2739 4640 c.
2773 4587 2826 4649 8,
2859 4603 2912 4639 ιι.
2946 4588 3036 4649 '58,
3084 4600 3165 4639 ρει
3215 4587 3301 4641 liic
3331 4604 3556 4645 sermo:

1954 4656 2166 4712 Iri/itere
2209 4658 2518 4729 pauitantia:
2545 4675 2706 4729 usque.
2729 4659 2796 4710 att
2847 4667 3131 4711 extremum
3175 4659 3309 4723 iittr,
3349 4675 3441 4714 nec
3471 4659 3564 4715 tibi

1953 4729 2327 4814 prtrslnmnslab
2352 4727 2579 4814 hnmana
2603 4727 2686 4814 die
2709 4732 2908 4814 veniq‘n
2937 4731 3095 4813 dari;
3118 4737 3240 4800 quia
3265 4732 3343 4814 dei
3359 4732 3555 4814 ipit_te,

1951 4799 2040 4862 qui
2070 4801 2167 4856 hoc
2191 4801 2281 4855 tibi
2303 4799 2540 4872 polliceri
2561 4799 2803 4858 voluerit.
2833 4800 2961 4865 Qtta’
2985 4802 3114 4855 eui-tt
3131 4799 3350 4873 proprie
3372 4799 3424 4857 in
3453 4799 3562 4860 Do;

1952 4879 2150 4926 minum
2176 4875 2418 4943 peccasti,
2445 4876 2508 4948 ab
2549 4874 2662 4948 ipso
2687 4874 2797 4925 iolo
2823 4885 2867 4925 te
2911 4874 3148 4926 convenit
3180 4877 3231 4948 in
3259 4875 3343 4948 dic
3366 4877 3564 4948 judicii

1951 4957 2249 5016 exspectate
2276 4944 2579 4998 remedium.
2626 4945 2887 5011 Quamvis
2936 4955 3116 4999 autem
3168 4944 3472 5016 Cyprianus
3504 4950 3560 5004 in

1950 5013 2167 5068 latttlala
2198 5018 2430 5081 epi~tola
2472 5017 2640 5077 lapsis
2673 5032 2773 5069 nec
2817 5013 3330 5083 pmnitetttiam—ttec
3379 5018 3562 5074 indul-

1950 5090 2190 5156 gentiam
2220 5089 2598 5153 denegandam
2633 5086 2755 5140 fuse
2799 5090 2984 5151 probet
3017 5103 3031 5151 ;
3059 5090 3159 5141 stili
3187 5091 3434 5151 ejusdem
3479 5101 3559 5145 ta-

1949 5174 2072 5212 men
2095 5159 2256 5210 Ιὶιιοιιιι
2279 5157 2378 5231 ltoi-
2402 5158 2676 5211 ili-cernit:
2710 5157 3184 5215 Pwnitentiamnon
3207 5169 3441 5231 agentes,
3467 5177 3562 5215 nec

1950 5229 2183 5283 dolorem
2208 5230 2514 5282 delictorum
2552 5246 2762 5301 suorum
2789 5242 2896 5282 tOlo
2921 5231 3073 5283 corde
3110 5243 3155 5284 et
3180 5229 3454 5301 manifesta
3477 5234 3558 5285 la-

1949 5301 2276 5354 mentatiOnis
2307 5316 2414 5354 suae
2437 5299 2752 5369 professione
2775 5310 3034 5373 testantes.
3068 5299 3414 5373 prohibendos
3438 5318 3554 5354 om-

1948 5373 2072 5426 nino
2119 5373 2412 5426 nin-nimus
2450 5389 2481 5424 a
2505 5389 2594 5428 sue
2617 5372 3099 5425 coinmimirmionis
3134 5381 3180 5423 et
3227 5373 3389 5438 pacis.
3428 5373 3474 5423 si
3501 5373 3559 5427 in

1948 5443 2250 5514 inﬁrmitate
2291 5444 2518 5510 atquein
2559 5441 2793 5514 periculo
2824 5443 3064 5513 coeperint
3103 5441 3368 5514 deprecari
3392 5456 3410 5492 :
3432 5443 3558 5514 quia

1947 5511 2131 5586 rogate
2158 5512 2274 5566 illas
2304 5530 2406 5567 non
2430 5511 2604 5586 delicti
2644 5511 2965 5582 paenitentia.
2989 5516 3076 5566 sed
3113 5511 3291 5563 mortis
3315 5526 3360 5561 u:
3379 5513 3548 5586 gentis

1947 5584 2233 5638 admonitio
2257 5585 2559 5652 compellit;
2600 5603 2692 5638 nec
2716 5586 2903 5650 dignus
2929 5594 2998 5635 est
3033 5588 3087 5633 in
3128 5584 3553 5652 mortqaccipere

1948 5657 2212 5718 solatium,
2235 5657 2321 5724 qui
2347 5650 2398 5710 ie
2421 5671 2520 5708 nan
2539 5658 2780 5728 cogitavit
2795 5672 2907 5728 esse
2926 5654 3249 5728 titoriturutn.
3273 5650 3405 5714 Quae
3425 5656 3551 5728 qui-

1947 5729 2071 5782 de".
2097 5721 2362 5779 sententia
2389 5731 2430 5779 si
2456 5743 2578 5780 cum
2601 5721 2845 5780 l’ninelin
2874 5723 3034 5786 paulo
3059 5721 3544 5799 tlttrior.cettsetttlg

1946 5811 2024 5854 est
2037 5838 2050 5861 ,
2077 5797 2533 5866 iilemdlcendtim
2557 5804 2662 5852 erit
2677 5807 2733 5851 et
2748 5796 2816 5848 de
2834 5795 2936 5846 lioc
2953 5803 2984 5842 .-\
2996 5796 3107 5866 rela
3119 5804 3126 5839 |
3139 5794 3285 5844 ensis
3306 5801 3324 5842 ι
3346 5794 3552 5866 synodi

1947 5875 2156 5925 satione
2178 5865 2251 5922 23
2280 5881 2292 5923 t
2325 5867 2405 5925 Ds
2426 5867 2489 5925 iis
2524 5871 2611 5937 qui
2655 5869 2951 5936 apOstatant
2991 5865 3039 5915 ct
3074 5870 3352 5927 numquam
3392 5872 3446 5916 ss
3478 5865 3555 5919 ait
