4084 6342
490 331 604 388 499

1755 320 1816 379 8-.
1861 316 2260 376 ιιιιιορειιτιι
2300 318 2315 373 Ι
2361 312 2566 373 ΡΑΡΒ

3708 312 3812 368 500

491 444 628 509 cuit,
656 449 714 498 et
727 438 1656 513 trepterDominimisericordiam,
1677 437 2100 508 tyuasiviatietm
2129 442 2184 500 Α
2211 444 2425 508 peccata
2452 433 2767 488 vindictam.
2807 431 2916 486 Viri
2951 440 3130 487 autem
3163 431 3396 487 liberius
3427 443 3632 486 uxores
3660 430 3809 487 adni-

495 537 845 609 prol'ecturis,
895 546 945 590 et
979 551 1047 589 ne
1077 534 1371 589 Novatiani
1413 531 1675 599 haeretici,
1721 531 1971 601 negantis
2005 543 2100 585 ve-

491 633 664 699 niam,
696 632 1050 702 asperitatem
1079 635 1136 685 et
1165 628 1422 683 duritiam
1459 626 1616 696 sequi
1647 625 1947 680 videamur.
1978 622 2101 678 Tri-

493 730 694 786 buetur
738 743 869 800 ergo
899 743 1025 782 eum
1076 724 1398 795 panitentia
1446 730 1692 777 extrema
1745 719 2093 774 communio:

495 833 558 879 ut
588 823 842 878 homines
891 821 1206 892 huiusmodi
1242 819 1328 873 vel
1382 818 1436 871 in
1483 816 1756 886 supremis
1785 814 1921 878 suis,
1973 827 2100 883 per-

487 922 745 976 mittente
771 921 1061 980 S'tlvature
1104 923 1320 978 nostro,
1371 927 1403 968 ει
1445 921 1716 983 perpetuo
1757 910 1928 964 exitio
1978 910 2097 963 vln-

497 1013 771 1069 dicentur.

567 1107 696 1163 Csr.
733 1105 818 1160 ill.
848 1131 920 1147 -
951 1104 1001 1156 7.
1032 1102 1332 1171 Quaesitum
1351 1101 1511 1155 etiam
1545 1108 1626 1152 est
1657 1109 1824 1166 super
1852 1095 1937 1150 his
1958 1136 1971 1160 ,
2005 1095 2097 1164 qui

495 1211 622 1271 post
648 1199 974 1270 baptismum
1003 1195 1566 1257 administraverant,
1597 1199 1652 1246 et
1698 1201 1791 1245 aut
1828 1199 2096 1246 tormenta

496 1302 525 1334 ⁸
567 1293 682 1348 sola
735 1299 1129 1355 exercuerunt,
1161 1299 1258 1344 aut
1298 1288 1462 1344 etiam
1501 1285 1786 1356 capitalem
1818 1285 2097 1356 protulere

494 1386 846 1442 sententiam.

566 1482 620 1535 8.
640 1480 714 1534 De
743 1479 830 1532 his
855 1477 987 1532 nihil
1014 1477 1244 1547 legimus
1271 1490 1299 1528 a
1329 1474 1633 1546 majoribus
1652 1474 1956 1530 deﬁnitum.
1987 1473 2094 1529 Me-

489 1573 770 1627 minerant
798 1571 944 1627 enim
993 1586 1022 1623 a
1063 1571 1179 1624 Deo
1209 1578 1506 1639 potestates
1531 1568 1630 1624 bas
1672 1568 1840 1623 fuisse
1867 1581 2096 1622 conces-

488 1683 582 1725 sas
603 1710 616 1732 ,
646 1677 702 1722 et
726 1675 951 1737 propter
974 1665 1272 1720 vindictam
1303 1664 1596 1718 noxiorum
1616 1708 1629 1731 ,
1661 1662 1900 1732 gladium
1932 1661 2098 1718 fuisse

485 1761 827 1832 permissum
850 1801 862 1822 ,
907 1767 961 1813 et
989 1759 1089 1813 Dei
1115 1772 1237 1813 esse
1282 1757 1594 1811 ministrum
1625 1753 1972 1810 vindieemin
1998 1755 2096 1808 hu-

2203 539 2349 585 teras
2396 527 2539 599 apud
2585 526 2899 582 sacerdotes
2943 525 3156 581 deferre
3182 532 3530 580 consuerunt
3561 541 3576 577 :
3610 531 3665 578 et
3695 523 3811 580 ideo

2201 623 2550 688 mulieribus,
2582 619 2798 690 prodito
2821 634 3013 674 earum
3055 619 3317 685 crimine,
3351 617 3678 672 communio
3719 616 3810 674 ἀοι

2202 725 2460 786 negatur.
2493 713 2745 768 Vit-erum
2776 723 2958 767 autem
2985 753 3002 780 ,
3053 712 3257 767 latente
3308 711 3610 766 commisso
3634 751 3649 776 ,
3707 725 3809 766 non

2202 809 2362 865 facile
2382 809 2577 878 aliquis
2605 823 2670 862 ex
2697 807 3094 876 suspicionibus
3119 808 3456 862 abstinetur.
3493 805 3600 874 Qui
3630 805 3812 876 utique

2199 906 2613 962 submovebitur
2637 948 2651 972 ,
2678 907 2723 962 si
2756 905 3146 977 eiusllagitium
3170 904 3482 975 detegatnr.
3513 904 3654 958 Cum
3685 917 3808 974 ergo

2202 1013 2302 1070 par
2332 1013 2501 1053 causa
2525 1000 2594 1054 sit
2619 1039 2635 1067 ,
2657 999 2927 1054 interdum
2956 1041 2969 1064 ,
3003 999 3330 1070 probatione
3359 1005 3618 1053 cessante
3641 1039 3655 1066 ,
3697 997 3811 1052 vin-

2201 1091 2356 1146 dicta:
2380 1093 2520 1146 ratio
2541 1092 2897 1164 conquiescit.

2272 1187 2400 1243 Car.
2435 1187 2594 1244 V.—
2625 1188 2713 1243 ll.
2751 1188 2892 1244 lllud
2922 1189 3086 1244 etiam
3122 1187 3219 1260 (2'5
3242 1230 3256 1254 ,
3292 1203 3344 1258 ιγ.
3386 1185 3424 1240 ι
3448 1228 3464 1255 ,
3499 1201 3547 1240 c.
3580 1184 3684 1254 l6;
3721 1182 3812 1241 Iro

2201 1297 2255 1348 ρ.
2283 1281 2368 1346 ll),
2399 1297 2447 1334 c.
2468 1280 2561 1350 94)
2610 1281 2876 1337 sciscitari
2899 1280 2926 1319 ιι
2960 1281 3198 1349 voluisti,
3236 1296 3305 1334 an
3343 1293 3537 1351 preces
3561 1278 3813 1335 dictanti-

2201 1374 2303 1430 bus
2326 1376 2554 1430 liberum
2572 1375 2923 1443 concedatur,
2957 1377 3138 1446 utique
3163 1384 3285 1446 post
3304 1375 3565 1444 baptismi
3597 1388 3815 1445 regene-

2201 1469 2471 1526 rationem
2498 1511 2511 1535 ,
2547 1484 2576 1523 a
2617 1469 2950 1540 principibus;
2986 1483 3205 1538 poscere
3244 1478 3481 1524 mortem
3531 1468 3762 1537 alicujus
3789 1511 3807 1536 ,

2202 1564 2286 1617 vel
2315 1563 2634 1634 sanguinem
2664 1562 2732 1617 de
2781 1572 2952 1617 reatu.
2981 1562 3153 1630 Qiatn
3193 1577 3310 1617 rem
3345 1562 3629 1632 principes
3661 1575 3812 1614 nuut-

2202 1673 2364 1730 quam
2388 1659 2504 1713 sine
2525 1659 2834 1730 cognitione
2855 1658 3185 1724 concedunt;
3217 1658 3313 1713 sed
3339 1658 3405 1712 ad
3435 1656 3650 1728 indices
3661 1671 3811 1711 com-

2202 1754 2370 1809 missa
2391 1752 2507 1823 ipsa
2530 1753 2614 1808 vel
2643 1752 2872 1808 crimina
2897 1765 3115 1822 semper
3141 1753 3430 1806 remittunt
3456 1792 3472 1818 ,
3505 1759 3564 1803 ut
3595 1760 3620 1788 ε
3649 1761 3809 1804 causa

486 1854 727 1924 jusmodi
753 1854 938 1908 datum
966 1853 1144 1923 (Rom.
1178 1869 1292 1915 xm,
1326 1855 1379 1920 l,
1407 1853 1484 1921 4).
1505 1851 1976 1920 Quemadmodum
2000 1851 2099 1922 igi—
2129 1865 2175 1925 Β
2204 1845 2420 1918 cognita
2438 1845 2806 1902 vindicentur.
2829 1845 2961 1914 Quae
2987 1859 3108 1900 cum
3133 1845 3416 1916 quaesituri
3436 1841 3648 1898 fuerint
3667 1841 3810 1922 dele-

487 1955 582 1999 tur
637 1944 1108 2013 reprehenderent
1148 1943 1381 2009 factum,
1433 1944 1580 2015 quod
1625 1955 1847 2000 auctore
1880 1945 1991 1999 Deo
2020 1945 2099 1997 vi.

493 2038 688 2096 derent
720 2053 842 2094 esse
866 2039 1229 2094 concessum?
1257 2039 1330 2094 De
1355 2039 1438 2094 his
1467 2053 1598 2110 ergo
1627 2039 1722 2105 ita,
1755 2048 1811 2092 ut
1840 2038 2102 2094 hactenus

489 2142 774 2190 servatum
803 2142 908 2198 est,
939 2133 1018 2187 sic.
1048 2131 1346 2199 habemus,
1377 2147 1445 2188 ne
1469 2143 1561 2188 aut
1583 2133 1926 2204 disciplinam
1947 2149 2104 2190 ever-

486 2234 607 2280 tere
628 2267 642 2292 ,
675 2235 767 2280 aut
795 2233 983 2279 contra
1013 2225 1393 2280 auctoritatem
1447 2227 1657 2281 Domini
1709 2228 1893 2283 venire
1924 2226 2105 2283 videa-

490 2335 639 2372 mur.
678 2319 811 2389 Ipsis
841 2329 1018 2374 autem
1051 2318 1108 2374 in
1137 2319 1354 2375 ratione
1381 2319 1657 2376 reddenda
1687 2329 1836 2391 gesta
1868 2335 1965 2376 sua
1987 2334 2106 2374 om-

495 2411 582 2466 nia
605 2413 1000 2469 servabuntur.

562 2504 693 2560 CAP.
729 2505 816 2559 IV.
847 2534 916 2547 --
944 2504 996 2560 9.
1032 2505 1098 2559 Et
1127 2503 1260 2560 illud
1289 2504 1658 2561 desideratum
1690 2515 1776 2562 est
1805 2507 1928 2563 sciri
1959 2549 1973 2574 ,
2004 2521 2103 2563 cur

491 2598 964 2655 communicantes
992 2597 1094 2652 viri
1117 2612 1242 2652 cum
1267 2599 1528 2654 adulteris
1552 2600 1812 2655 uxoribus
1833 2615 1939 2654 non
1970 2616 2103 2656 con-

489 2691 720 2744 veniant
746 2731 761 2754 ,
813 2704 942 2744 cum
972 2700 1159 2745 contra
1193 2705 1396 2745 uxores
1427 2691 1478 2744 in
1527 2694 1806 2748 consortio
1827 2693 2103 2750 adultero-

492 2798 618 2837 rum
653 2783 898 2836 virorum
934 2799 1154 2838 manere
1183 2783 1488 2840 videantur.

571 2877 657 2928 10.
691 2874 867 2945 Super
899 2876 999 2930 hoc
1035 2876 1158 2947 (ΞΩ,
1189 2894 1240 2948 q.
1276 2877 1332 2940 6,
1378 2895 1423 2930 c.
1467 2878 1568 2944 25;
1604 2877 1697 2933 Ιυο
1729 2897 1782 2950 ρ.
1817 2879 1869 2950 8,
1902 2898 1950 2938 c.
1973 2883 2102 2956 214)

496 2967 806 3024 Christiana
848 2969 1040 3039 religio
1069 2969 1398 3026 adulterium
1448 2973 1500 3026 in
1548 2983 1784 3042 utroque
1823 2990 1954 3030 sexu
1988 2978 2105 3047 pari

494 3064 712 3119 ratione
748 3063 1100 3118 condemnat.
1134 3063 1242 3119 Sed
1275 3067 1421 3120 viros
1448 3081 1576 3121 suos
1609 3069 1863 3123 mulieres
1891 3085 2000 3125 non
2025 3072 2102 3125 l‘a-

494 3155 596 3210 cile
621 3155 693 3211 de
729 3155 994 3212 adulterio
1033 3168 1337 3226 accusant,
1386 3170 1440 3214 et
1481 3176 1588 3214 non
1635 3162 1838 3218 habent
1886 3163 2104 3219 latentia

2207 1949 2328 2009 gata
2357 1955 2373 2003 ;
2403 1947 2498 1995 aut
2525 1937 2803 1992 absolutio
2828 1980 2842 2004 ,
2873 1944 2969 1992 aut
2993 1937 3270 1992 damnatio
3318 1952 3415 2008 pro
3447 1936 3653 2006 negotii
3683 1950 3812 2006 qua-

2209 2033 2364 2088 litate
2384 2031 2683 2104 profertur.
2718 2032 2784 2088 Et
2823 2031 2952 2087 dum
2976 2032 3154 2100 legum
3185 2032 3238 2086 in
3273 2030 3560 2102 improbos
3583 2045 3802 2085 exerce-

2210 2141 2296 2186 tur
2327 2129 2624 2184 auctoritas
2651 2168 2665 2193 ,
2699 2127 2806 2181 erit
2830 2126 3064 2181 dictator
3095 2126 3376 2180 immunis.

2283 2224 2414 2278 CAP.
2451 2221 2538 2277 Vl.
2563 2253 2634 2263 —
2662 2221 2751 2276 ﬂ.
2797 2220 2875 2276 De
2915 2221 2998 2275 his
3031 2221 3193 2275 etiam
3245 2218 3541 2288 requisivit
3591 2216 3814 2272 dilectio

2210 2326 2325 2384 ttta,
2356 2317 2450 2386 qui
2472 2316 2873 2372 interveniente
2917 2315 3147 2385 repudio
3172 2357 3185 2380 ,
3219 2315 3311 2369 alii
3351 2329 3412 2370 se
3458 2313 3815 2370 matrimonio

2205 2413 2554 2484 copularent.
2603 2412 2753 2478 Quos
2796 2410 2854 2467 in
2907 2421 3139 2479 utraque
3183 2419 3337 2480 parte
3380 2408 3667 2464 adulteros
3696 2423 3815 2464 esse

2199 2508 2548 2564 manifestum
2578 2516 2682 2564 est.
2710 2506 2815 2575 Qui
2839 2521 2971 2564 vero
3012 2505 3101 2566 vel
3135 2520 3306 2562 nitore
3339 2506 3596 2570 vivente,
3625 2521 3815 2575 qnam-

2205 2607 2289 2660 vis
2315 2605 2670 2660 disseciatum
2706 2602 2958 2658 videatur
2987 2616 3109 2656 esse
3140 2600 3452 2670 coniugium
3485 2642 3500 2667 ,
3547 2599 3615 2654 ad
3655 2598 3812 2654 aliam

2203 2697 2458 2763 capulum
2500 2695 2861 2760 festinarunt,
2899 2710 3076 2768 neque
3135 2703 3365 2764 possunt
3415 2693 3660 2749 adulteri
3709 2707 3813 2750 non

2207 2792 2401 2858 videri,
2451 2792 2752 2850 intantnm.
2781 2790 3016 2845 utetiam
3043 2789 3125 2843 bat
3151 2804 3422 2859 personat,
3449 2788 3652 2860 quibus
3685 2787 3814 2844 tales

2210 2886 2525 2957 conjuncta:
2567 2895 2712 2948 sunt,
2746 2886 2906 2938 etiam
2932 2883 3065 2954 ipsa:
3105 2882 3434 2936 adulterium
3469 2880 3812 2935 commisisse

2209 2978 2524 3044 vidcantur,
2553 2976 2849 3032 secundum
2885 2975 3014 3029 illud
3047 2974 3189 3044 quod
3233 2975 3462 3044 legimus
3494 2974 3549 3026 in
3573 2973 3814 3042 Eraugco

2213 3071 2285 3126 lio
2324 3089 2335 3123 :
2373 3070 2476 3138 Qui
2522 3071 2772 3125 dimiserit
2816 3085 3026 3123 uxorem
3074 3085 3254 3130 sitam,
3307 3075 3354 3120 et
3389 3067 3595 3122 duxerit
3629 3068 3807 3130 aliam,

2212 3165 2238 3204 ἀ
2267 3168 2581 3232 moechatur;
2613 3167 2846 3222 similiter
2866 3176 2912 3222 et
2937 3166 3030 3238 qui
3060 3165 3326 3219 dimissam
3338 3165 3568 3230 duxerit,
3594 3163 3812 3218 man/ta-

499 3364 714 3422 ecclesia
735 3381 764 3416 ιι
803 3373 1193 3437 repraesentant,
1236 3379 1298 3437 ne
1319 3363 1522 3433 quidem
1569 3365 1920 3427 pauitantia»:
1951 3381 2102 3437 agerc
2131 3367 2175 3430 C
2207 3365 2310 3421 Cui
2331 3367 2651 3422 Ambrosius
2677 3366 2780 3418 tu?
2803 3365 3099 3433 restiondet
3124 3383 3138 3418 :
3166 3365 3323 3430 Sunt,
3350 3376 3498 3421 extra
3525 3362 3809 3422 Ecclesium

496 3447 754 3504 quazrunt,
808 3446 854 3489 et
879 3446 1052 3506 postea
1098 3435 1402 3503 inﬁrmitate
1442 3438 1632 3507 arrepti
1669 3447 1843 3506 petunt
1876 3435 2102 3490 commu-

496 3513 746 3573 nionem,
821 3507 1012 3571 placuit
1070 3507 1142 3557 eis
1197 3522 1298 3557 non
1354 3507 1581 3558 dandam
1639 3511 2057 3561 communionem
2089 3551 2102 3571 ,

497 3585 598 3637 nisi
641 3578 950 3635 rwnluerint
976 3617 991 3641 ,
1042 3577 1314 3651 et__eg¢rint
1362 3577 1557 3651 dignos
1620 3579 1818 3650 fructus
1861 3581 2106 3651 pmniten-

501 3656 605 3708 tite.
669 3653 868 3706 Verum
930 3651 1030 3702 hoc
1070 3647 1181 3720 illis
1226 3647 1294 3720 ita
1325 3647 1499 3703 visunt
1551 3647 1656 3712 est,
1714 3666 1820 3720 non
1851 3647 1992 3720 quod
2039 3651 2106 3705 dc

505 3726 602 3780 Dei
647 3719 1091 3792 Iletneutla,_sed
1132 3719 1275 3789 quod
1304 3719 1372 3792 de
1407 3721 1742 3789 pmnitentize
1793 3719 2104 3792 huiusmodi

497 3798 738 3848 veritate
768 3790 1282 3865 valdedilllulerent.
1307 3790 1375 3846 Et
1415 3791 1633 3860 quidem
1663 3790 1972 3865 Cyprianus
2005 3798 2106 3848 sub

494 3865 662 3921 ﬁnem
713 3864 838 3916 libri
881 3863 948 3916 ad
995 3863 1404 3918 Demetrianum
1432 3865 1613 3927 docet,
1667 3863 1871 3918 nullam
1923 3881 2102 3920 serum

494 3951 624 3992 esse
652 3934 1026 4004 paenitentiam
1051 3933 1233 3988 adhuc
1265 3936 1316 3988 in
1353 3936 1456 3989 hoc
1480 3935 1683 3990 mundo
1708 3939 1974 4003 manenti,
2013 3953 2105 3992 ne-

493 4009 813 4074 tninemque
844 4005 913 4058 ab
949 4020 1012 4056 ea
1049 4005 1348 4060 absterreri
1393 4016 1487 4061 aut
1515 4007 1755 4075 peccatis
1784 4007 1985 4063 debere
2014 4019 2108 4064 aut

497 4080 694 4142 annis;
729 4076 942 4131 veniam
978 4075 1260 4131 conﬁtenti
1289 4077 1429 4141 dari,
1459 4088 1513 4132 et
1539 4077 1606 4131 ad
1634 4079 2103 4136 immortalitatem

496 4153 602 4206 sub
633 4151 747 4219 ipsa
777 4158 952 4221 morte
969 4148 1218 4221 transiri.
1250 4150 1380 4214 Quae
1411 4150 1540 4203 licet
1564 4151 1633 4204 de
1654 4150 1906 4216 baptismi
1930 4154 2104 4221 gratia

498 4223 741 4277 maxime
758 4219 920 4280 dicat,
948 4219 1175 4274 dubium
1202 4230 1383 4275 tamen
1411 4235 1518 4275 non
1541 4231 1624 4276 est
1643 4223 1772 4291 quin
1797 4219 1940 4278 etde
1957 4225 2105 4279 onmi

597 4295 824 4348 nitentia
858 4302 979 4361 post
1003 4292 1331 4360 baptismum
1355 4303 1633 4358 suscepta,
1665 4295 1825 4347 modo
1858 4311 1988 4349 vera
2011 4299 2102 4360 sit,

496 4363 646 4421 idem
696 4365 919 4420 sentiat.
957 4363 1116 4428 Hine,
1171 4372 1229 4417 ut
1278 4364 1446 4433 ipsius
1497 4365 1862 4431 epistolis‘ll’t,
1901 4366 2103 4432 ΗΑΒ,

498 4445 634 4504 etc.,
664 4436 849 4489 videre
873 4443 978 4499 est,
1000 4449 1196 4504 magno
1224 4437 1405 4488 studio
1426 4451 1646 4504 semper
1667 4439 1828 4502 cavit,
1861 4453 1928 4491 ne
1955 4439 2110 4492 dees-

495 4519 584 4564 set
623 4509 715 4578 qui
751 4507 939 4572 lapsis,
969 4507 1013 4578 si
1046 4507 1206 4572 premi
1247 4507 1551 4571 infirmitate
1584 4508 1759 4576 aliqua
1800 4517 1846 4559 et
1879 4511 2108 4576 periculo

497 4574 760 4650 eruperint,
798 4574 1144 4650 eromologesi
1177 4577 1313 4644 facta
1349 4592 1544 4650 pacem
1573 4587 1628 4650 et
1665 4574 2108 4633 communionem

494 4647 834 4714 impertiret.
860 4647 1016 4711 Quod
1045 4661 1178 4699 vero
1208 4662 1352 4701 nunc
1381 4647 1575 4702 deﬁnit
1605 4647 1975 4713 Innocentius,
2005 4650 2108 4704 hoc

499 4727 691 4787 postea
723 4717 1054 4788 Ctelestittus
1084 4717 1243 4788 epist.
1279 4721 1332 4781 4,
1359 4717 1426 4771 ad
1457 4718 1748 4788 episcopos
1781 4719 2108 4776 Viennensis

496 4798 556 4844 et
585 4787 962 4842 Narbonensis
994 4787 1290 4858 provinciae
1321 4804 1375 4842 n.
1399 4788 1450 4848 5.
1487 4799 1542 4842 et
1565 4787 1674 4843 Leo
1698 4791 1860 4858 epist.
1899 4792 2020 4856 10),
2042 4793 2109 4848 ad

503 4859 886 4922 Theodorum,
920 4874 976 4910 ιι.
1009 4859 1062 4920 5,
1083 4857 1289 4912 diserte
1310 4860 1656 4925 confirmant,
1679 4870 1736 4914 et
1757 4870 1912 4917 antea
1937 4864 2115 4921 clerus

438 4968 441 4969 ν
499 4931 786 4988 Romanus
817 4928 960 4998 apud
988 4926 1321 4999 Cyprianum
1351 4931 1513 4998 epist.
1546 4933 1599 4998 5,
1630 4932 1694 4985 ad
1734 4933 1942 4988 clerum
1976 4935 2112 4990 Car-

498 5003 906 5075 thaginensem.
958 5000 1371 5075 praescripserat
1416 5001 1502 5056 his
1542 5003 1758 5058 verbi:
1811 5006 1893 5071 Si,
1937 5009 2026 5075 qui
2061 5011 2113 5063 in

501 5072 645 5147 lianc
690 5071 1020 5124 tentats'onem
1050 5071 1361 5147 inciderunt,
1406 5081 1649 5144 eruperint
1683 5071 2000 5147 apprehendi
2026 5080 2112 5133 in-

504 5142 772 5212 ﬁrmitate,
803 5154 850 5195 et
881 5151 1043 5212 agant
1083 5143 1435 5210 pauitantiam
1467 5142 1590 5214 facti
1619 5142 1726 5212 sui,
1747 5142 1794 5201 et
1825 5147 2114 5205 desiderent

503 5214 949 5291 continuationem1
973 5214 1150 5291 utique
1169 5214 1528 5291 subvenirieis
1551 5218 1714 5273 debet.
1752 5219 2112 5291 Hieronymus

499 5299 666 5352 supra
699 5299 818 5353 pag.
848 5283 957 5360 550
980 5283 1214 5360 latronis
1241 5289 1550 5356 exemplum
1585 5292 1744 5346 nobis
1773 5283 2111 5360 propositum

496 5364 676 5432 notat,
699 5371 768 5432 ne
809 5356 927 5425 quis
949 5355 1239 5432 aliquando
1270 5355 1437 5432 serant
1472 5355 1848 5416 conversionem
1872 5355 2105 5432 putaret.

496 5424 608 5482 Sed
633 5424 1126 5502 ibiconversionem
1153 5442 1217 5484 ae
1250 5429 1603 5502 mutationem
1629 5435 1783 5502 petit.

570 5508 597 5576 ᾗ
632 5499 774 5552 Pitli.
813 5514 940 5576 ms_.,
974 5511 1233 5576 tormenta
1259 5515 1376 5554 sua.
1411 5499 1708 5576 Yeriusalii
1735 5503 1870 5566 sola,
1901 5506 2100 5576 quibus

495 5568 620 5623 scil.
650 5584 796 5621 mors
827 5570 936 5624 rcis
966 5585 1070 5622 non
1102 5568 1385 5626 inferatur.
1411 5573 1685 5640 Quorsum
1717 5579 1830 5630 baro
1853 5568 2101 5631 institua-

495 5646 592 5692 tur
617 5642 850 5709 qumsuo
873 5683 886 5706 ,
913 5656 979 5695 ex
1013 5641 1241 5713 epistola
1283 5642 1354 5696 25'
1385 5645 1676 5713 Ambrosii,
1706 5647 1773 5700 ad
1815 5648 2088 5713 Studium,

493 5713 758 5789 supplere
806 5722 858 5765 ct
885 5713 1160 5789 explicare
1183 5711 1363 5789 liceat.
1394 5714 1443 5769 ls
1466 5711 1671 5786 quippe
1712 5721 1916 5784 pariter
1952 5711 2096 5789 quai-

497 5783 669 5856 sierat
689 5823 703 5847 ,
735 5794 920 5838 utrum
944 5785 1066 5852 quis
1094 5791 1218 5853 post
1246 5784 1410 5840 latam
1441 5783 1725 5856 capitalem
1769 5783 2094 5845 senteniiam

499 5851 778 5907 abstinere
811 5871 838 5907 a
891 5851 1358 5910 sacramentorum
1409 5851 1791 5914 communione
1839 5861 2086 5916 deberet.

2138 4764 2191 4824 D

2215 3450 2384 3491 tamen
2419 3481 2433 3502 ,
2467 3439 2557 3508 qui
2596 3455 2682 3490 eos
2721 3439 2773 3489 in
2804 3439 3214 3490 communionem
3265 3455 3367 3492 non
3412 3450 3592 3492 vocent
3642 3455 3811 3494 sacra-

2212 3521 2505 3562 mentorum
2554 3510 2837 3581 cozlestium
2861 3553 2874 3574 ,
2906 3510 2998 3579 qui
3026 3511 3079 3562 in
3112 3509 3320 3578 aliquos
3373 3511 3658 3581 capitalem
3703 3527 3809 3564 sen-

2212 3583 2430 3634 tentiam
2481 3579 2752 3650 ferendam
2796 3581 3198 3634 astimaverunt.
3245 3579 3552 3650 Statimque
3595 3579 3740 3636 addit
3792 3600 3807 3636 :

2211 3651 2463 3723 Plerique
2492 3653 2650 3704 etiam
2675 3661 2857 3723 sponte
2881 3668 2935 3704 se
2966 3651 3264 3717 abstinent;
3303 3662 3352 3706 et
3381 3651 3674 3707 laudantur
3703 3655 3814 3723 qui-

2213 3724 2368 3796 dem;
2410 3739 2502 3777 nec
2534 3723 2637 3792 ipsi
2661 3739 2748 3796 eos
2793 3739 3064 3781 possumus
3088 3739 3195 3796 non
3226 3724 3550 3792 prtrdicare,
3583 3726 3675 3796 qui
3694 3741 3815 3779 anc-

2211 3795 2473 3849 toritatem
2523 3795 2759 3864 Apostoli
2789 3806 3000 3849 eatenus
3041 3795 3370 3850 observamus
3399 3840 3411 3859 ,
3459 3805 3515 3849 ut
3560 3795 3628 3851 iis
3678 3813 3813 3850 cont-

2211 3868 2513 3920 munionem
2542 3884 2643 3921 non
2673 3867 2958 3938 audeamus
2979 3882 3186 3937 negare.
3224 3868 3451 3923 Demunt
3482 3869 3614 3938 quid
3644 3875 3812 3937 majo-

2210 3939 2365 3990 ribus
2394 3953 2458 3992 ea
2502 3939 2573 3993 de
2613 3955 2670 3993 re
2697 3937 2874 3992 visum
2914 3939 2985 3992 sit
3025 3955 3077 3991 n.
3109 3939 3144 3993 9
3175 3940 3349 4006 aperit
3379 3939 3464 3991 his
3491 3937 3710 3994 verbis:
3744 3939 3815 3993 Et

2210 4009 2325 4082 ideo
2350 4013 2578 4082 majores
2600 4011 2765 4082 nostri
2788 4009 3087 4082 proluerunt
3105 4009 3511 4082 indulgentiores
3541 4027 3653 4065 esse
3677 4014 3812 4066 circa

2203 4080 2435 4149 judices,
2467 4090 2522 4134 ut
2545 4080 2671 4134 dum
2700 4080 2911 4151 gladius
2953 4096 3132 4134 eorum
3162 4080 3374 4135 timetur
3394 4123 3407 4142 ,
3440 4083 3814 4146 reprimeretur

2209 4153 2472 4226 scelerum
2493 4155 2666 4226 furor,
2691 4162 2737 4204 et
2768 4168 2871 4204 non
2896 4151 3403 4226 incitaretur:quod
3448 4154 3492 4226 si
3535 4165 3810 4226 negaretur

2213 4225 2508 4297 communio
2533 4267 2547 4292 ,
2585 4225 2844 4297 videretur
2897 4223 3293 4297 criminosorum
3342 4223 3618 4297 vindicata
3640 4243 3802 4297 pwna.

2213 4293 2514 4370 Malueram
2543 4295 2706 4369 igitur
2731 4295 2926 4370 priores
2958 4296 3140 4370 nostri,
3178 4305 3230 4370 ut
3256 4297 3309 4370 in
3338 4296 3607 4370 uoluntate
3640 4293 3810 4370 "magis

2211 4364 2516 4437 abstinentia
2544 4364 2739 4437 {quam
2768 4368 2821 4419 in
2863 4367 3156 4420 necessitate
3177 4368 3245 4421 sit
3270 4366 3420 4437 legis.

2283 4435 2311 4476 δ
2344 4438 2426 4492 Ad
2458 4435 2755 4507 marginem
2808 4453 2910 4490 ms.
2945 4437 3100 4490 (lolb.
3146 4435 3386 4507 Languit.
3441 4439 3542 4492 ista
3593 4446 3810 4494 notatur

2213 4511 2406 4582 capitis
2429 4509 2590 4580 bnjns
2610 4524 2820 4563 summa
2850 4525 2863 4582 ξ
2893 4508 3402 4582 DeAadvocatis,qui
3423 4511 3712 4564 secundum
3734 4511 3812 4582 fa-

2212 4579 2359 4652 cinus
2381 4590 2627 4649 promunt
2647 4581 2926 4635 sententias
2950 4579 3149 4635 Verum
3178 4581 3245 4634 de
3272 4581 3335 4634 iis
3366 4583 3569 4648 potius,
3599 4582 3693 4652 qni
3723 4579 3811 4637 ea-

2213 4649 2413 4721 pitales
2454 4661 2684 4720 poscunt
2730 4653 3060 4716 sententias,
3097 4653 3262 4705 immo
3288 4653 3376 4720 qui
3405 4667 3501 4705 eas
3537 4649 3783 4721 poscenti

2216 4719 2536 4796 busprettes
2561 4724 2768 4778 dictant
2799 4763 2811 4781 ,
2847 4739 3005 4790 quam
3036 4725 3104 4778 de
3131 4724 3194 4778 iis
3214 4719 3320 4796 qui:
3341 4719 3597 4791 promunt
3629 4725 3814 4796 hujus-

2217 4793 2364 4846 modi
2393 4796 2694 4848 sententias
2720 4840 2733 4861 ,
2764 4796 2994 4862 qtttrstio
3020 4796 3254 4849 exsistit.
3284 4795 3408 4849 lla-c
3437 4809 3646 4858 autem,
3677 4793 3810 4851 sicut

2219 4873 2423 4937 etqua:
2462 4880 2582 4933 cap.
2617 4866 2650 4918 5
2696 4866 2972 4934 proposita
3012 4874 3131 4933 est,
3163 4874 3428 4936 quantum
3473 4882 3501 4920 a
3547 4869 3808 4937 sanguine

2217 4935 2512 4992 abhorreat
2538 4937 2780 4992 Ecclesia
2809 4976 2822 5000 ,
2854 4935 3199 5004 patefaciunt.
3251 4937 3346 4993 Sic
3381 4953 3512 4992 vero
3546 4935 3808 4994 innocen—

2218 5005 2326 5059 tius
2350 5008 2412 5061 iis
2439 5051 2452 5071 ,
2486 5009 2573 5078 qui
2606 5016 2730 5077 post
2776 5008 3100 5077 baptismum
3133 5009 3218 5062 vel
3263 5009 3802 5077 administraverint,

2218 5078 2306 5131 vel
2336 5077 2623 5149 capitalem
2654 5077 2983 5133 sententiam
3019 5081 3422 5147 postulantibus
3463 5097 3659 5149 preces
3699 5084 3806 5136 dic-

2217 5151 2487 5221 tavetint,
2521 5150 2965 5205 communionem
2996 5166 3100 5205 non
3134 5161 3314 5221 negat,
3350 5161 3408 5206 ut
3436 5167 3533 5207 eos
3567 5165 3746 5210 tamen
3775 5168 3802 5208 a

2214 5220 2365 5274 clero
2381 5225 2558 5277 arceri
2590 5225 2754 5290 epist.
2779 5224 2869 5287 57,
2898 5238 2951 5275 ιι.
2981 5221 3035 5289 5,
3066 5220 3280 5276 docent.

2288 5302 2310 5330 ο
2342 5293 2540 5346 Priscae
2569 5295 2770 5348 concil.
2802 5294 2933 5347 edit.
2965 5309 3028 5347 ac
3067 5295 3256 5362 plures
3307 5308 3468 5360 mss.,
3504 5310 3676 5351 causa
3725 5312 3804 5350 co-

2205 5363 2383 5432 gnita.
2409 5364 2698 5432 Exemplar
2722 5366 2950 5434 Regium
2975 5365 3102 5419 coll.
3133 5366 3290 5420 Dion.
3320 5379 3444 5420 cum
3471 5367 3635 5422 Colb.
3668 5369 3803 5422 Lan-

2205 5434 2354 5507 gen,
2391 5450 2547 5488 causa
2595 5436 2804 5507 cognita
2849 5435 3151 5490 vindicetur.
3203 5436 3514 5492 Secundam
3565 5449 3800 5493 nostram

2203 5505 2703 5575 lectionem,qn:tin
2733 5507 2994 5561 exhibent
3020 5508 3109 5560 alii
3135 5507 3277 5571 libri,
3311 5519 3438 5564 ante
3461 5510 3795 5572 vindicentur,

2199 5575 2551 5649 subauditur
2575 5579 2814 5631 crimina.
2863 5578 2995 5632 Vide
3042 5576 3179 5632 Cod.
3214 5578 3315 5633 Th.
3370 5579 3462 5633 lib.
3500 5595 3561 5644 ιι,
3597 5583 3680 5636 tit.
3714 5581 3796 5649 18,

2197 5644 2302 5715 leg.
2342 5651 2389 5711 l,
2417 5656 2470 5699 et
2497 5648 2595 5702 lib.
2627 5664 2744 5711 tux,
2781 5653 2863 5704 tit.
2888 5653 2978 5714 ιι),
3011 5650 3116 5716 leg.
3153 5651 3204 5704 l.

2276 5717 2304 5757 ά
2334 5717 2391 5772 ln
2418 5728 2602 5774 vetere
2629 5735 2731 5774 ms.
2753 5722 2913 5775 (ἔοι-ιι.
2961 5731 3018 5776 et
3045 5723 3216 5775 altero
3263 5721 3419 5777 Colb.
3458 5723 3547 5778 hic
3579 5739 3688 5780 non
3711 5739 3801 5778 er-

2203 5797 2312 5844 stat
2341 5787 2640 5867 intuebatur.
2691 5791 2858 5867 Salva
2883 5803 3030 5867 esset
3075 5794 3370 5849 sententiae
3399 5789 3689 5867 integrita‘!
3711 5837 3724 5861 ,
3752 5795 3798 5850 si

2204 5870 2394 5932 postea
2425 5862 2750 5916 mouebantur
2777 5863 3134 5934 subiicerent.
