4084 6342
281 317 376 375 501

1505 319 1869 380 ΕΡΙΒἸῸῐηΕ
1912 322 2001 379 ΕΤ
2039 321 2394 382 DECRETA.

3479 332 3588 389 502

279 441 362 486 tur
381 430 607 503 (Matth.
641 445 740 488 xu
760 473 776 500 ,
803 431 880 503 9).
911 432 978 488 Et
1004 432 1130 489 ideo
1161 443 1186 472 α
1208 449 1399 490 omnes
1430 449 1457 488 a
1488 437 1877 491 communione
1907 446 1959 506 Α
1985 437 2441 507 Paralipomenon
2497 439 2614 495 libri
2649 440 2779 495 duo.
2829 439 2965 496 Item
3017 443 3140 498 novi
3186 441 3525 502 Testamenti
3566 463 3581 502 :

278 525 519 581 ﬁdelium
551 524 934 582 abstinendos.
970 527 1044 582 De
1087 529 1407 597 parentibus
1442 538 1622 584 autem
1644 571 1658 596 ,
1688 538 1782 584 aut
1808 528 1876 584 de

274 619 603 688 propinquis
653 632 850 674 eorum
899 619 1032 674 nihil
1077 620 1185 674 tale
1218 622 1383 676 statui
1410 629 1628 692 potest,
1659 621 1757 676 nisi
1790 624 1874 676 in.

274 724 527 769 centores
543 714 725 769 illiciti
752 716 1012 771 consortii
1036 717 1204 773 fuisse
1232 718 1575 790 detegantur.

339 804 471 862 Car.
500 807 618 864 VII.
648 837 722 848 —
754 810 842 864 15.
894 810 993 878 Qui
1020 826 1148 866 vero
1172 812 1291 867 libri
1341 814 1677 884 recipiantur
1706 814 1759 869 in
1785 829 1874 870 ca-

271 914 413 956 none
442 945 457 967 ,
491 899 522 940 δ
553 902 740 958 brevis
772 919 1015 959 annexus
1043 905 1298 962 ostendit.
1327 906 1452 962 Hinc
1478 916 1603 962 sunt
1623 923 1746 979 qua:
1775 907 1873 963 de-

269 995 504 1051 siderata
534 1000 757 1053 moneri
794 1013 933 1054 voce
963 999 1186 1054 voluisti
1219 1000 1425 1072 :Moysi
1453 1001 1580 1056 libri
1610 1002 1871 1073 quinque,

267 1087 320 1144 id
345 1097 469 1155 est,
494 1089 766 1157 Genesis,
803 1091 996 1160 Exodi,
1047 1093 1292 1159 Levitici,
1326 1095 1575 1164 Numeri,
1607 1096 1872 1152 Deutero-

267 1184 455 1249 nomii,
488 1193 549 1240 et
569 1185 706 1241 Iesu
730 1186 901 1252 Nave,
934 1186 1183 1243 Judicum
1218 1203 1374 1256 unus,
1410 1189 1720 1261 Regnorum
1753 1192 1875 1248 libri

265 1287 519 1348 quatuor,
570 1278 742 1334 simul
769 1288 827 1335 et
871 1280 1041 1347 Ruth,
1071 1281 1466 1353 Prophetarum
1506 1284 1630 1340 libri
1681 1285 1871 1340 sexde—

265 1370 391 1436 cim,
418 1370 746 1427 Salomonis
774 1373 902 1428 libri
929 1374 1170 1446 quinque
1191 1417 1205 1443 ,
1239 1376 1586 1432 Psalterium.
1617 1378 1748 1434 Item
1767 1379 1876 1435 ltis-

287 1463 573 1531 oriarum,
603 1463 712 1522 Job
737 1466 881 1524 liber
911 1483 1051 1524 unus
1071 1511 1085 1534 ,
1115 1469 1252 1525 Tobi
1284 1471 1426 1528 liber
1463 1486 1605 1528 unus
1625 1514 1640 1539 ,
1677 1473 1875 1531 Esther

267 1569 401 1611 unus
423 1598 439 1625 ,
469 1557 663 1613 Juditb
695 1575 862 1628 unus,
893 1561 1330 1619 Macbabaaorum
1357 1565 1500 1633 duo,
1531 1565 1717 1622 Esdrae
1741 1567 1870 1635 duo,

1985 531 2408 601 Evangeliorum
2435 532 2557 588 libri
2587 542 2852 604 quatuor,
2889 535 3041 590 Pauli
3075 537 3308 606 apostoli
3339 537 3587 606 epistola:

1983 625 2426 694 quatuordecim,
2461 628 2706 696 epistola:
2746 627 2976 683 Joannis
3006 640 3145 698 tres,
3176 628 3420 700 epistolae
3443 630 3592 687 Petri

1983 718 2122 785 dute,
2151 720 2381 789 epismla
2411 721 2592 790 Judtc,
2622 723 2854 792 epistola
2885 723 3076 780 Jacobi
3105 767 3120 792 ,
3153 728 3320 779 Actus
3347 727 3586 796 Aposto-

1984 811 2161 867 lorum
2191 856 2204 880 ,
2237 825 2260 853 ο
2292 815 2652 886 Apocalypsis
2681 816 2928 871 Joannis.
2966 816 3180 873 Caetera
3207 827 3388 872 autem
3421 860 3435 883 ,
3463 833 3587 889 qua:

1982 906 2066 962 vel
2100 908 2203 962 sub
2223 909 2448 964 nomine
2471 907 2712 963 Matthire
2738 910 2856 965 sive
2877 909 3064 966 Jacobi
3091 909 3338 977 minoris,
3364 909 3451 966 vel
3484 910 3585 966 sub

1979 1002 2200 1058 nomine
2245 1002 2391 1058 Petri
2424 1013 2479 1058 et
2523 1005 2751 1060 Joannis
2785 1046 2798 1071 ,
2839 1020 2964 1075 quae
3011 1021 3038 1059 a
3091 1006 3324 1076 quodam
3377 1006 3585 1061 Leucio

1975 1095 2178 1165 scripta
2210 1105 2338 1152 sunt
2367 1093 2394 1134 ἀ
2423 1095 2529 1169 [vel
2559 1098 2660 1152 sub
2687 1101 2909 1153 nomine
2934 1099 3184 1167 Andreae,
3211 1115 3376 1171 qnma
3399 1100 3588 1155 Nexo-

1975 1192 2203 1248 charide
2255 1201 2310 1248 et
2354 1194 2592 1250 Leonida
2641 1195 3030 1269 philosophis],
3081 1197 3164 1252 vel
3228 1196 3330 1252 sub
3363 1197 3588 1253 nomine

1976 1283 2227 1356 Thomas,
2260 1297 2315 1342 ct
2343 1287 2516 1359 siqua
2545 1299 2674 1343 sunt
2698 1289 2825 1358 alia,
2861 1305 2968 1345 non
3003 1291 3181 1345 solum
3217 1291 3581 1360 repudianda,

1983 1397 2172 1437 verum
2195 1381 2360 1437 etiam
2407 1384 2628 1438 noveris
2658 1398 2780 1440 esse
2807 1383 3137 1440 damnanda.
3169 1384 3301 1439 Data
3337 1402 3366 1439 χ
3391 1383 3578 1441 kalen-

1983 1477 2082 1533 das
2107 1478 2328 1533 lllartias
2363 1487 2409 1546 ε,
2462 1477 2735 1534 Stilicoue
2763 1479 3008 1534 secundo
3037 1489 3090 1536 et
3125 1479 3422 1536 Anthemio
3453 1480 3584 1537 viris

1981 1569 2307 1628 clarissimis
2335 1573 2674 1630 consulibus.

1649 1680 1988 1740 EPISTOLA
2027 1683 2119 1740 Vll
2166 1683 2211 1740 τ.

1196 1790 1265 1829 AD
1301 1788 1518 1830 οιῑιιιιισ
1556 1789 1626 1830 ΕΤ
1663 1791 1908 1833 Ρορυιιιιι
1945 1793 2645 1837 οοΝετΑιιτιΝοροιιτΑιιωι.

260 1861 362 1918 Eos
389 1881 454 1918 ea:
502 1866 853 1938 ipsorummet
884 1868 1134 1926 sententia
1187 1869 1482 1923 consolatus
1545 1867 1919 1936 Innocentius,
1965 1871 2197 1944 iniquam
2254 1874 2466 1928 alterius
2509 1873 2738 1945 episcOpi
2775 1872 2830 1926 in
2875 1871 3043 1927 locum
3095 1872 3318 1928 Joannis
3367 1875 3581 1929 viventis

324 1959 750 2029 subrogationem
780 1957 1040 2032 deplorat.
1073 1957 1207 2013 Tum
1231 1959 1368 2014 solos
1399 1975 1622 2014 canones
1669 1957 1910 2014 Nicwnos
1952 1963 2279 2034 recipiendos
2299 2006 2312 2030 ,
2341 1964 2574 2034 aliosque
2601 1963 2692 2034 qui
2713 1963 2786 2016 eis
2829 1961 3162 2018 adversentur
3187 2007 3202 2033 ,
3230 1967 3581 2035 repudiandos

324 2069 431 2108 esse
459 2053 722 2108 declarat.
763 2054 981 2110 Demum
1012 2055 1272 2127 signiﬁcat
1295 2055 1391 2109 sibi
1413 2071 1552 2109 cum
1575 2071 1682 2109 esse
1711 2064 1768 2109 ut
1794 2056 2102 2110 oecumenica
2126 2057 2357 2126 synodus
2384 2067 2737 2129 congregetur.

252 2169 606 2228 INNOCENTIUS
654 2169 954 2240 episcopus
987 2169 1322 2242 presbyteris
1373 2177 1430 2234 et
1477 2169 1728 2224 diacouis
1757 2211 1772 2235 ,
1808 2177 1863 2224 et

1972 2168 2283 2230 Ἰννοκέντιος
2323 2167 2606 2231 ἐπίσκοπος
2645 2171 3024 2248 πρεσϐυτέροις
3066 2174 3154 2226 καὶ
3198 2169 3446 2235 διακόνοις
3492 2179 3579 2232 καὶ

323 2265 590 2321 universo
611 2263 764 2320 clero
791 2277 855 2318 ac
892 2264 1098 2333 p0|llll0
1127 2263 1377 2318 ecclesia:
1404 2264 1865 2333 Constantinopo-

322 2356 536 2424 litanae,
563 2357 658 2425 qui
684 2366 815 2410 sunt
836 2357 935 2412 sub
955 2356 1165 2414 Joanne
1190 2355 1452 2428 episcopo
1470 2397 1484 2420 ,
1509 2355 1726 2410 dilectis
1756 2355 1862 2410 fra-

323 2447 502 2503 tribus
535 2449 800 2504 salutem.

322 2541 374 2596 1.
419 2541 506 2596 Ad
536 2558 602 2596 ea
625 2558 748 2613 qua:
769 2543 1044 2615 patiuntur
1068 2558 1173 2595 una
1203 2550 1278 2597 est
1328 2542 1593 2610 patientiae
1621 2541 1861 2595 consola-

254 2636 342 2689 tio.
376 2636 454 2690 Ex
480 2638 695 2692 litteris
714 2637 998 2692 charitatis
1021 2645 1217 2691 vestrae
1245 2681 1258 2703 ,
1294 2652 1429 2706 quas
1465 2651 1560 2705 per
1584 2645 1608 2682 ε
1637 2635 1864 2690 Germa-

255 2742 378 2782 num
407 2728 808 2801 presbyterum
834 2738 888 2784 et
918 2731 1241 2784 Cassianum
1267 2729 1558 2785 diaconum
1594 2729 1821 2782 misistis
1844 2769 1857 2794 ,

253 2832 474 2874 scenam
507 2820 789 2874 malorum
825 2864 842 2888 ,
866 2837 1026 2888 quam
1053 2821 1124 2875 ob
1153 2823 1338 2876 oculos
1373 2820 1663 2892 posuistis,
1694 2819 1861 2875 anxia

253 2911 629 2967 sollicitudine
687 2915 918 2984 cognovi
952 2931 965 2968 :
998 2917 1332 2985 quantisque
1371 2913 1774 2969 calamitatibus
1807 2924 1862 2968 et

255 3007 514 3062 terumnis
575 3006 718 3062 ﬁdes
769 3008 1016 3076 laboret,
1088 3011 1312 3081 repetita
1371 3011 1571 3080 sa‘pins
1626 3010 1862 3064 lectione

254 3101 530 3173 perspexi.
559 3101 740 3170 Quam
767 3102 982 3172 quidem
1008 3119 1126 3158 rem
1161 3104 1272 3158 sola
1305 3101 1581 3174 patientia:
1613 3103 1864 3159 consola-

253 3193 330 3245 tio
385 3209 592 3250 sanare
627 3203 830 3268 potest.
883 3196 1040 3250 Dabit
1085 3198 1232 3252 enim
1288 3196 1439 3250 brevi
1477 3196 1621 3251 Deus
1673 3205 1865 3250 noster

253 3284 412 3341 linem
437 3289 612 3354 tantis
633 3271 1076 3345 tribulationibus
1095 3300 1179 3358 ,et
1206 3288 1323 3344 haec
1341 3288 1552 3359 juvabit
1575 3288 1859 3344 tolerasse.

325 3505 350 3534 ι
388 3496 450 3552 ln
487 3495 698 3567 priscis
725 3495 861 3550 edit.
891 3495 977 3551 hic.
1008 3495 1227 3550 additur
1258 3495 1386 3551 tales
1418 3513 1436 3552 :
1473 3494 1618 3566 quod
1644 3495 1801 3550 abest
1832 3510 1860 3549 a

254 3582 384 3626 mss.
431 3567 650 3627 Deinde
680 3582 782 3624 sex
808 3567 989 3634 probs:
1014 3577 1154 3626 notae
1178 3582 1310 3625 mss.
1338 3569 1662 3636 subjiciunt,
1689 3583 1864 3621 omnes

253 3656 285 3694 α
308 3641 677 3695 communione
699 3637 1050 3698 abstinendae.
1082 3639 1210 3692 Post
1234 3640 1461 3694 verbum
1493 3649 1673 3696 autem
1701 3638 1834 3692 absti
1850 3667 1863 3677 ι

255 3714 470 3777 nendos,
507 3710 667 3766 istud
695 3757 708 3778 ,
744 3728 850 3765 esse.
881 3711 1211 3779 manifestum
1242 3719 1318 3763 est
1344 3754 1358 3776 ,
1412 3711 1560 3782 quod
1590 3711 1860 3764 Innocen-

256 3785 359 3838 tius
389 3783 776 3851 resjtonsionis
804 3782 972 3852 hujus
1003 3784 1160 3837 ittitio
1200 3781 1493 3852 expressit,
1517 3781 1861 3836 subauditur.

257 3854 434 3923 Quare
467 3853 608 3908 nihil
634 3862 751 3917 est,
782 3869 880 3908 cur
904 3870 1028 3908 cum
1075 3853 1280 3921 Quesn.
1311 3855 1675 3909 substituatur
1705 3853 1864 3908 absti-

255 3928 415 3980 nendi
439 3935 650 3992 praeter
680 3925 844 3980 ﬁdem
869 3941 1002 3987 mss.

324 3997 351 4036 δ
388 3997 694 4069 Dionysius
752 3997 839 4052 hic
897 3996 1106 4054 addidit
1162 3997 1558 4069 scripturarum.
1607 3995 1708 4050 Cui
1746 3998 1864 4050 voci

257 4069 486 4125 subinde
519 4069 782 4139 Hispanae
809 4069 1156 4124 collectionis
1179 4078 1370 4122 auctor
1397 4071 1689 4138 prmposuit
1717 4083 1867 4121 sanc-

257 4150 444 4195 tarum.
473 4140 788 4212 Utramque
819 4141 1051 4209 arripuit
1082 4139 1234 4202 Isid,
1266 4140 1360 4194 sed
1387 4152 1635 4212 neutram
1663 4139 1868 4192 habent

257 4214 342 4267 alii
374 4229 513 4268 mss.
567 4211 743 4267 Porro
774 4211 860 4271 hic
903 4213 1062 4267 brevis
1105 4227 1302 4265 nomen
1335 4211 1637 4281 catalogum
1682 4218 1863 4264 sonat.

257 4284 418 4340 Iidem
440 4283 761 4352 librisacri,
789 4285 888 4339 etsi
908 4284 1219 4338 noneodem
1250 4283 1465 4340 ordine.
1485 4283 1536 4335 in
1556 4294 1765 4339 canone
1798 4281 1865 4335 47

258 4356 476 4411 concilii
535 4355 990 4425 Carthagincnsis
1033 4356 1157 4418 111,
1199 4369 1342 4408 anno
1387 4355 1514 4418 597,
1567 4353 1868 4421 consignati

259 4426 401 4482 inter
420 4429 729 4482 ranonicas
751 4428 1063 4497 Scripturas
1090 4437 1468 4481 recensentur.
1492 4425 1662 4497 Hujus
1684 4433 1866 4497 autem

256 4501 480 4555 Concilii
517 4499 776 4554 laudatus
803 4494 974 4556 canon
1008 4497 1194 4554 Codici
1236 4513 1356 4552 can.
1391 4497 1524 4552 eccl.
1566 4495 1681 4551 Afr.
1726 4511 1774 4549 c.
1798 4494 1866 4549 2i

256 4571 499 4627 insertus
535 4570 740 4641 legitur
766 4586 886 4625 cum
913 4570 1012 4625 ista
1046 4571 1358 4625 accessione
1389 4585 1403 4622 :
1437 4567 1554 4641 Hoc
1577 4569 1733 4622 etiam
1762 4568 1869 4638 [ra-

259 4644 325 4696 trt'
355 4653 403 4698 et
444 4637 819 4698 consacerdoti
849 4653 1027 4696 nostro
1075 4641 1350 4712 Bonifacio
1401 4637 1476 4694 vel
1526 4642 1645 4694 aliis
1691 4637 1868 4712 carum

259 4718 489 4786 partium
522 4716 783 4788 episcopis
829 4731 934 4788 pro
963 4711 1332 4788 conﬁrmando
1365 4714 1462 4766 isto
1481 4728 1682 4788 canone
1712 4711 1864 4788 inno-

260 4781 414 4842 tescat
458 4806 478 4845 :
529 4781 657 4860 quia
697 4781 729 4839 ἱι
776 4781 1005 4860 patribus
1037 4781 1134 4839 ista
1161 4785 1456 4860 necopinum
1473 4787 1525 4837 in
1553 4784 1765 4860 ecclesia
1796 4781 1869 4860 le-

293 4861 452 4914 enda.
487 4855 653 4920 unde
675 4855 991 4924 conjectura
1023 4867 1103 4910 est
1131 4898 1145 4920 ,
1170 4855 1388 4911 concilii
1418 4855 1869 4924 Carthaginiensis

285 4929 350 4997 ll,
387 4931 460 4988 de
496 4930 679 4988 sacris
720 4928 872 4982 libris
922 4931 1235 4991 decretum,
1296 4930 1348 4980 in
1404 4928 1582 4982 altero
1635 4925 1868 4980 concilio

260 5001 725 5074 Carthaginensi,
769 4999 909 5070 quod
960 5015 1105 5052 anno
1156 4999 1264 5074 -119
1294 4997 1576 5053 Bonifacio
1619 4997 1866 5051 Romano

259 5073 520 5144 pontifice
547 5073 891 5144 celebratum
924 5080 1042 5144 est,
1073 5073 1361 5125 recitatum
1393 5085 1515 5125 esse
1545 5081 1706 5138 atque
1741 5084 1863 5122 cum

261 5141 387 5202 inox
409 5151 562 5206 dicta
583 5141 832 5201 clausula
855 5143 1254 5196 conﬁrmatum.

337 5228 358 5256 ε
403 5222 524 5276 lluc
549 5217 866 5286 reSpexisse
895 5213 1108 5270 videtur
1138 5214 1426 5268 concilium
1459 5213 1782 5286 r’l‘oﬁletanum
1815 5228 1865 5266 tv

265 5304 408 5344 anno
452 5293 564 5349 635
612 5284 980 5353 celebratum,
1026 5301 1147 5341 cum
1178 5301 1298 5339 can.
1336 5287 1401 5340 15
1438 5284 1570 5339 dixit
1605 5303 1617 5338 :
1655 5284 1861 5355 Apoca-

265 5359 456 5432 ιυρεῑηι
476 5364 672 5417 librum
689 5356 969 5412 multorum.
987 5357 1327 5432 conciliorum
1341 5357 1629 5432 auctoritas
1647 5365 1692 5408 et
1709 5372 1864 5432 syno-

267 5425 386 5488 dica
417 5445 727 5489 sanctorum
757 5432 1039 5499 prccantum
1074 5428 1423 5482 Romanorum
1471 5429 1675 5482 decreta
1714 5425 1876 5499 Joan-

268 5507 347 5561 nis
368 5506 709 5580 euangelista:
737 5496 846 5580 esse
867 5501 1242 5580 prtnscribttnt,‘
1260 5512 1306 5554 et
1332 5501 1464 5553 inter
1487 5501 1553 5580 di:
1573 5517 1686 5552 mos
1707 5496 1874 5580 libros

267 5568 655 5648 recipiendum.
675 5573 806 5628 Inde
829 5568 881 5626 ei
897 5573 1033 5626 hanc
1048 5571 1335 5642 epistolam
1363 5572 1679 5642 synodicam
1703 5568 1873 5623 fuisse

268 5650 530 5720 colligere
558 5656 667 5704 est.

337 5723 364 5759 ά
396 5712 528 5789 Quze
565 5715 786 5774 uncinis
815 5715 1174 5789 inclusa__sunt
1203 5757 1215 5777 ,
1243 5714 1444 5789 omittit
1466 5712 1668 5789 Quesn.
1697 5726 1876 5789 neque

268 5781 491 5850 exsta‘nt
520 5790 632 5848 nisi
656 5789 711 5843 iu
737 5786 1142 5854 exemplaribus
1169 5784 1292 5839 eoll.
1311 5784 1468 5838 Dion.
1496 5783 1648 5852 Hisp.
1673 5794 1725 5836 et
1744 5781 1875 5838 Isid.

268 5865 395 5924 Mox
425 5865 572 5936 idem
598 5862 814 5933 Qucsn.
846 5874 968 5919 cum
995 5874 1103 5915 uno
1125 5872 1229 5914 ms.
1253 5855 1410 5913 Colb.
1443 5864 1501 5911 et
1529 5855 1701 5912 altero
1732 5854 1874 5909 Pith.

2039 2263 2191 2317 παντί
2231 2268 2306 2335 τῷ
2332 2261 2500 2338 κλήρῳ
2520 2262 2600 2316 καὶ
2625 2270 2698 2334 τῷ
2725 2263 2834 2336 λαῷ
2868 2270 2960 2322 τῆς
2991 2265 3566 2330 Κωνσταντινουπὸλεως

2041 2355 2331 2421 ἐκκλησίας,
2363 2363 2469 2416 τοῖς
2508 2356 2609 2411 ὑπὸ
2653 2357 2736 2411 τὸν
2781 2357 3056 2411 ἐπίσκοπον
3085 2354 3338 2422 Ἰωάννην,
3365 2358 3571 2432 ἀγαπη-

2041 2456 2155 2510 τοῖς
2181 2446 2415 2521 ἀδελφοῖς
2443 2451 2670 2522 χαίρειν.

2038 2538 2122 2594 Ἐκ
2151 2547 2252 2595 τῶν
2282 2541 2598 2616 γραμμάτων
2626 2546 2718 2600 τῆς
2746 2540 2996 2617 ὑμετέρας
3043 2541 3282 2612 ἀγάπης,
3311 2541 3462 2599 ἅτινα
3483 2541 3572 2600 διὰ

1967 2635 2232 2707 Γερμάνου
2272 2640 2365 2688 τοῦ
2408 2635 2769 2710 πρεσϐυτέρου
2805 2637 2894 2688 καὶ
2927 2635 3169 2691 Κασιάνου
3210 2642 3304 2692 τοῦ
3341 2635 3572 2692 διακόνου

1967 2727 2352 2791 ἀπεστάλκατε,
2379 2730 2468 2784 τήν
2495 2730 2682 2785 σκηνήν
2708 2732 2806 2780 τῶν
2836 2733 3024 2791 κακῶν,
3055 2727 3113 2786 ἢν
3139 2728 3242 2802 πρὸ
3271 2735 3373 2784 τῶν
3401 2729 3576 2803 ὀφθαλ-

1964 2829 2074 2894 μῶν
2104 2823 2309 2880 ἐθήκατε
2330 2863 2345 2887 ,
2372 2822 2664 2896 ἔμμερίμνῳ
2690 2819 2913 2896 φροντίδι
2944 2823 3228 2894 κατέμαθον
3246 2865 3261 2888 ,
3291 2822 3438 2885 ὅσαις
3459 2845 3514 2880 τε
3541 2828 3572 2885 ἡ

1965 2919 2143 2978 πίστις
2169 2918 2350 2987 κάμνει
2375 2915 2746 2990 ταλαιπωρίαις
2771 2935 2826 2970 τι
2847 2918 2930 2971 καὶ
2953 2916 3148 2980 πόνοις,
3179 2917 3572 2992 ἐπαναληφθεῖσῃ

1962 3008 2204 3071 πολλάκις
2233 3018 2295 3081 τῇ
2321 3011 2604 3082 ἀναγνώσει
2652 3006 2898 3066 κατεῖδον.
2940 3007 3104 3083 Ὀπερ
3132 3016 3353 3087 πρᾶγμα
3387 3011 3511 3082 μόνη
3543 3015 3573 3071 tri

1964 3103 2284 3171 παράκλησις
2327 3117 2420 3163 τῆς
2461 3102 2722 3173 ὑπομονῆς
2766 3105 2925 3156 ἰᾶται.
2960 3105 3123 3158 Acbari
3147 3105 3246 3178 ’γὰρ
3275 3105 3327 3159 ἐν
3353 3107 3511 3176 τάχει
3541 3105 3567 3161 ὃ

1968 3198 2215 3272 ἡμέτερος
2244 3195 2352 3258 θεὸς
2389 3203 2504 3257 ταῖς
2542 3195 2824 3254 τοσαύταις
2853 3194 3054 3265 etiam
3094 3195 3260 3257 τέλος,
3290 3199 3376 3251 καὶ
3405 3202 3570 3252 ταῦτα

1970 3291 2196 3346 συνοίσει
2241 3289 2635 3360 ὑπενηνοχὲναι.
2663 3288 2810 3346 Ἀλλὰ
2834 3289 2933 3362 γὰρ
2970 3289 3130 3348 αὐτὴν
3158 3293 3249 3347 τήν
3287 3290 3570 3362 ἀναγκαίαν

1971 3494 2277 3618 ιιι-ιιδΐεὶζιβι
2298 3496 2342 3548 si
2376 3510 2477 3566 qua
2499 3503 2615 3549 sunt
2641 3491 2786 3560 talia,
2807 3492 2900 3551 ubi
2921 3493 3140 3550 caeteris
3167 3494 3220 3549 in
3251 3492 3406 3550 libris
3439 3494 3571 3565 legi—

1971 3578 2057 3618 llll'
2087 3585 2118 3618 α
2144 3584 2215 3618 ια.

1971 3578 2057 3624 ιιιι·
2087 3578 2215 3621 alia.

2043 3649 2065 3677 ο
2099 3638 2386 3694 Februarii
2407 3636 2478 3693 20
2506 3683 2519 3706 ,
2553 3652 2683 3691 ann.
2714 3635 2840 3693 405.
2874 3635 3029 3706 Apud
3047 3636 3260 3692 Merlin.
3286 3643 3342 3692 et
3359 3633 3566 3705 Quesn.

1967 3719 2029 3766 ut
2060 3716 2111 3765 in
2149 3710 2362 3764 duobus
2397 3726 2518 3763 mox
2563 3707 2726 3763 dictis
2757 3723 2890 3764 mss.
2926 3709 3273 3764 desideratur
3303 3711 3570 3776 secundo;

1969 3783 2111 3852 quod
2148 3784 2200 3836 in
2247 3783 2368 3834 aliis
2423 3792 2574 3835 recte
2601 3795 2922 3848 expressum
2956 3796 3081 3836 esse
3109 3780 3424 3848 adiunctum
3456 3779 3572 3836 An-

1972 3854 2158 3909 themii
2191 3854 2417 3923 collegm
2452 3869 2650 3907 nomen
2698 3854 3008 3908 conﬁrmat.

2046 3924 2066 3962 ί
2100 3924 2158 3979 1η
2191 3923 2550 3980 edit.Concil.
2584 3923 2691 3988 29;
2727 3940 2848 3991 qua:
2880 3933 3060 3978 autem
3082 3924 3272 3991 7erat,
3307 3939 3450 3979 nunc
3480 3924 3565 3980 18.

1972 3995 2250 4067 Descripta
2299 4007 2383 4052 est
2412 4011 2476 4049 ex
2516 3996 2852 4067 Sozoineno,
2917 3996 3007 4064 qui
3048 4011 3166 4049 eam
3208 3994 3566 4067 cum_snbse-

1971 4065 2177 4136 quenti'
2207 4068 2434 4136 epistola
2478 4067 2546 4120 12
2595 4081 2627 4121 e
2660 4066 2850 4121 Latino
2907 4081 3166 4120 sermone
3217 4066 3271 4121 iu
3313 4065 3562 4121 Gra'cum

1971 4151 2288 4192 Conversam
2318 4146 2512 4191 nactus
2539 4183 2552 4205 ,
2587 4146 2874 4204 utramque
2903 4137 2996 4190 lib.
3032 4153 3144 4203 vui,
3176 4153 3226 4192 c.
3259 4136 3350 4197 26.
3385 4139 3567 4192 eden—

1970 4207 2094 4263 dam
2123 4210 2350 4262 curavit.
2398 4207 2527 4262 lnde
2555 4208 2744 4260 ambas
2775 4209 2985 4278 accepit
3010 4219 3192 4278 postea
3225 4207 3568 4278 Nicephorus

1971 4279 2182 4333 Callisti
2212 4322 2225 4344 ,
2260 4287 2315 4333 et
2347 4279 2483 4332 libro
2511 4295 2601 4334 xm
2622 4319 2635 4342 ,
2668 4294 2716 4331 (τ.
2767 4278 2838 4330 5?.
2866 4277 3119 4332 Historia:
3159 4293 3270 4332 suae
3311 4277 3565 4331 inseruit.

1971 4350 2078 4405 Per
2109 4351 2249 4405 banc
2284 4348 2631 4405 Innocentius
2673 4348 2876 4403 litteris
2926 4348 3027 4402 sibi
3070 4347 3140 4401 ab
3178 4349 3367 4402 eodetn
3418 4349 3565 4402 clero

1972 4420 2226 4477 Germani
2279 4429 2442 4490 atque
2516 4417 2760 4475 Cassiani
2808 4435 2974 4489 opera
3033 4420 3263 4485 missis,
3321 4419 3567 4485 adeoque

1972 4508 2114 4547 anno
2142 4493 2248 4548 4tt5
2269 4491 2513 4548 nonnihil
2541 4493 2648 4562 jam
2682 4491 3011 4562 procedente
3038 4491 3304 4562 acceptis,
3330 4490 3566 4562 rescrip-

1970 4565 2065 4622 sit.
2085 4565 2299 4634 Quippe
2321 4611 2333 4632 ,
2378 4571 2437 4618 ut
2463 4560 2740 4617 Palladius
2780 4579 2900 4633 pag.
2925 4561 2994 4634 26
3022 4572 3076 4618 et
3103 4561 3170 4616 27
3203 4573 3420 4634 narrat,
3454 4560 3564 4634 no.-

1974 4631 2124 4691 mam
2145 4631 2484 4692 advenerunt
2509 4631 2821 4690 Germanus
2851 4631 2903 4688 et
2925 4633 3221 4690 Cassianus
3241 4644 3362 4702 post
3391 4631 3566 4687 Palla-

1973 4710 2156 4772 dium,
2191 4706 2465 4764 Palladius
2494 4716 2673 4762 autem
2705 4706 2890 4777 elapso
2919 4721 3108 4762 mense
3141 4717 3258 4774 post
3277 4704 3564 4777 Cyriacum

1974 4781 2364 4854 Synnadorum
2404 4783 2752 4854 episcopum;
2794 4779 2900 4854 _qui
2935 4778 3165 4854 quidem
3191 4778 3562 4854 _uost__lcgem

1974 4847 2117 4908 anno
2147 4854 2272 4916 404,
2320 4847 2645 4908 Novembris
2681 4852 2746 4905 18
2778 4850 2890 4911 die.
2923 4847 3396 4917 constantinOpoli
3436 4865 3562 4918 pro-

1896 4899 1949 4959 Β
1974 4899 2290 4996 mulgatani,
2322 4941 2388 4978 ex
2435 4899 2914 4996 Orientellomam
2967 4921 3257 4996 confugere
3283 4899 3563 4996 receperat.

1969 4991 2126 5063 Apud
2159 4997 2524 5052 Sozomenum
2573 5005 2626 5049 et
2653 4993 3013 5059 Nicephorum
3053 4991 3388 5063 inseriptioui
3413 4991 3566 5048 Ἰννο-
3627 5049 3632 5054 _

1967 5061 2156 5130 κέντιος
2195 5070 2495 5129 ἐπίσκοπος,
2539 5075 2667 5128 etc.,
2720 5065 2850 5117 nibil
2904 5064 3269 5133 praemittitur.
3303 5061 3564 5130 Quocirca

1970 5139 2242 5192 titulusin
2267 5135 2599 5191 editionibus
2650 5135 3008 5190 conciliorum
3057 5137 3103 5189 ei
3160 5137 3454 5202 pra'lixus,
3513 5136 3565 5186 in

1968 5211 2409 5288 (μισ-ἀρχιερέως
2447 5222 2643 5288 nomen
2670 5207 2984 5288 Innocentio
3004 5206 3301 5288 tribuitur,
3339 5215 3396 5257 ut
3420 5206 3566 5288 omni

1968 5277 2255 5336 thSllllllll~
2279 5277 2640 5342 auctoritate,
2685 5278 2818 5332 nihil
2841 5279 2980 5334 valet
3006 5320 3020 5343 ,
3059 5289 3111 5332 ut
3142 5284 3403 5332 ttStlatttm
3441 5285 3568 5327 tunc

1966 5354 2130 5428 fuisse
2154 5351 2720 5428 probelurdpxtePéw;
2737 5350 3083 5428 vocabulum.
3108 5349 3250 5428 Ide-tn
3275 5347 3566 5428 dicent-lunt

1979 5434 2036 5479 et
2068 5416 2379 5490 deépistola
2417 5416 2606 5482 1⁴ἑξίιῖ
2635 5423 2788 5490 enjus
2821 5425 2981 5474 titulo
3015 5419 3365 5490 conciliorum
3397 5416 3569 5468 edito-

1979 5511 2070 5551 res
2101 5506 2156 5554 et
2188 5488 2555 5571 luuocentinm
2585 5488 2870 5571 ᾀρχιερέα,
2902 5503 2956 5546 et
3001 5490 3261 5545 Joannem
3311 5488 3565 5560 ἀρχιιπί-

1980 5589 2178 5624 σκοπον
2209 5567 2276 5620 de
2306 5582 2402 5618 suo
2435 5567 2727 5634 appellant.

2053 5648 2078 5685 κ
2110 5639 2224 5690 Non
2254 5637 2394 5691 alius
2415 5627 2626 5690 videtur
2652 5652 2772 5691 esse
2817 5634 3120 5707 Germanus
3151 5631 3255 5682 iste
3278 5627 3446 5707 abeo,
3465 5641 3571 5707 cu-

1975 5711 2066 5780 jus
2092 5709 2512 5781 CltrySostonms
2553 5723 2712 5775 supra
2743 5708 2900 5774 epist.
2927 5710 2978 5768 4,
3006 5720 3059 5756 ιι.
3086 5703 3138 5767 ’5,
3173 5699 3438 5781 meminit.
3463 5699 3573 5781 Nec

1982 5769 2387 5852 dubiumiquiu
2429 5769 2736 5852 Cassianus
2771 5769 2863 5852 sit‘
2886 5781 3076 5828 auctor
3106 5769 3458 5852 collationuotn
3481 5809 3496 5834 ,
3517 5771 3572 5824 in

1982 5854 2180 5925 quibus
2209 5839 2517 5908 Germanus
2542 5857 2604 5905 ut
2629 5851 2813 5906 socius
2838 5846 3092 5915 frequens
3123 5839 3533 5908 interloquitur.
