  <div class='ocr_page' id='page_1' title='image "/cluster/home/n/w/nwhite01/storage/ocr_20150623/20/hvd.32044015471352/258.png"; bbox 0 0 4084 6342; ppageno 0'>
   <div class='ocr_carea' id='block_1_1' title="bbox 254 309 358 367">
    <p class='ocr_par' dir='ltr' id='par_1_1' title="bbox 254 309 358 367">
     <span class='ocr_line' id='line_1_1' title="bbox 254 309 358 367; baseline 0 0"><span class='ocrx_word' id='word_1_1' title='bbox 254 309 358 367; x_wconf 80' lang='lat'><strong>505</strong></span> 
     </span>
    </p>
   </div>
   <div class='ocr_carea' id='block_1_2' title="bbox 1473 313 2360 378">
    <p class='ocr_par' dir='ltr' id='par_1_2' title="bbox 1473 313 2360 378">
     <span class='ocr_line' id='line_1_2' title="bbox 1473 313 2360 378; baseline 0.005 -7"><span class='ocrx_word' id='word_1_2' title='bbox 1473 313 1838 373; x_wconf 63' lang='lat' dir='ltr'><strong>EPISTOLIE</strong></span> <span class='ocrx_word' id='word_1_3' title='bbox 1880 317 1969 375; x_wconf 86' lang='lat' dir='ltr'><strong>ET</strong></span> <span class='ocrx_word' id='word_1_4' title='bbox 2007 317 2360 378; x_wconf 82' lang='lat' dir='ltr'><strong>DECRETA.</strong></span> 
     </span>
    </p>
   </div>
   <div class='ocr_carea' id='block_1_3' title="bbox 3397 314 3567 391">
    <p class='ocr_par' dir='ltr' id='par_1_3' title="bbox 3397 314 3567 391">
     <span class='ocr_line' id='line_1_3' title="bbox 3397 314 3567 391; baseline 0.024 -4"><span class='ocrx_word' id='word_1_5' title='bbox 3397 314 3399 316; x_wconf 82' lang='grc'><em>’</em></span> <span class='ocrx_word' id='word_1_6' title='bbox 3456 330 3567 391; x_wconf 79' lang='lat' dir='ltr'><strong>sos</strong></span> 
     </span>
    </p>
   </div>
   <div class='ocr_carea' id='block_1_4' title="bbox 251 425 1847 515">
    <p class='ocr_par' dir='ltr' id='par_1_4' title="bbox 251 425 1847 500">
     <span class='ocr_line' id='line_1_4' title="bbox 251 425 1847 500; baseline 0.004 -21"><span class='ocrx_word' id='word_1_7' title='bbox 251 425 355 481; x_wconf 93' lang='lat' dir='ltr'><strong>illis</strong></span> <span class='ocrx_word' id='word_1_8' title='bbox 394 428 714 498; x_wconf 88' lang='lat' dir='ltr'><strong>parendum</strong></span> <span class='ocrx_word' id='word_1_9' title='bbox 775 443 898 486; x_wconf 89' lang='lat' dir='ltr'><strong>esse</strong></span> <span class='ocrx_word' id='word_1_10' title='bbox 943 428 1217 494; x_wconf 83' lang='lat' dir='ltr'><strong>dicimus,</strong></span> <span class='ocrx_word' id='word_1_11' title='bbox 1263 428 1358 500; x_wconf 91' lang='lat' dir='ltr'><strong>qui</strong></span> <span class='ocrx_word' id='word_1_12' title='bbox 1400 427 1595 486; x_wconf 79' lang='lat' dir='ltr'><strong>Nicaeae</strong></span> <span class='ocrx_word' id='word_1_13' title='bbox 1645 431 1847 487; x_wconf 82' lang='lat' dir='ltr'><strong>detiniti</strong></span> 
     </span>
    </p>
   </div>
   <div class='ocr_carea' id='block_1_5' title="bbox 1950 425 3568 515">
    <p class='ocr_par' dir='ltr' id='par_1_5' title="bbox 1960 432 3568 515">
     <span class='ocr_line' id='line_1_5' title="bbox 1960 432 3568 515; baseline 0.011 -26"><span class='ocrx_word' id='word_1_14' title='bbox 1960 436 2097 507; x_wconf 80' lang='grc' dir='ltr'>μένοι</span> <span class='ocrx_word' id='word_1_15' title='bbox 2114 476 2128 499; x_wconf 94' lang='grc'><em>,</em></span> <span class='ocrx_word' id='word_1_16' title='bbox 2155 432 2228 498; x_wconf 78' lang='grc' dir='ltr'>οἷς</span> <span class='ocrx_word' id='word_1_17' title='bbox 2265 437 2438 509; x_wconf 85' lang='grc' dir='ltr'>μόνοις</span> <span class='ocrx_word' id='word_1_18' title='bbox 2466 439 2646 515; x_wconf 72' lang='grc' dir='ltr'>ὀφείλει</span> <span class='ocrx_word' id='word_1_19' title='bbox 2674 441 3007 508; x_wconf 78' lang='grc' dir='ltr'>ἑξακολουθεῖν</span> <span class='ocrx_word' id='word_1_20' title='bbox 3035 446 3067 504; x_wconf 74' lang='lat' dir='ltr'><strong>tri</strong></span> <span class='ocrx_word' id='word_1_21' title='bbox 3101 447 3328 509; x_wconf 73' lang='grc' dir='ltr'>καθολικῆ</span> <span class='ocrx_word' id='word_1_22' title='bbox 3361 448 3568 513; x_wconf 77' lang='grc' dir='ltr'>Ἐκκλη·</span> 
     </span>
    </p>
   </div>
   <div class='ocr_carea' id='block_1_6' title="bbox 250 522 1859 594">
    <p class='ocr_par' dir='ltr' id='par_1_6' title="bbox 250 522 1859 594">
     <span class='ocr_line' id='line_1_6' title="bbox 250 522 1859 594; baseline 0.004 -21"><span class='ocrx_word' id='word_1_23' title='bbox 250 529 411 586; x_wconf 90' lang='lat' dir='ltr'><strong>sunt;</strong></span> <span class='ocrx_word' id='word_1_24' title='bbox 442 537 588 592; x_wconf 87' lang='lat' dir='ltr'><strong>quos</strong></span> <span class='ocrx_word' id='word_1_25' title='bbox 614 524 768 578; x_wconf 88' lang='lat' dir='ltr'><strong>solos</strong></span> <span class='ocrx_word' id='word_1_26' title='bbox 802 532 826 560; x_wconf 77' lang='grc' dir='ltr'>α</span> <span class='ocrx_word' id='word_1_27' title='bbox 856 523 1054 579; x_wconf 79' lang='lat' dir='ltr'><strong>sectari</strong></span> <span class='ocrx_word' id='word_1_28' title='bbox 1076 535 1130 580; x_wconf 91' lang='lat' dir='ltr'><strong>et</strong></span> <span class='ocrx_word' id='word_1_29' title='bbox 1146 538 1447 594; x_wconf 85' lang='lat' dir='ltr'><strong>agnoscere</strong></span> <span class='ocrx_word' id='word_1_30' title='bbox 1473 522 1639 579; x_wconf 89' lang='lat' dir='ltr'><strong>debet</strong></span> <span class='ocrx_word' id='word_1_31' title='bbox 1668 524 1859 580; x_wconf 85' lang='lat' dir='ltr'><strong>Eccle-</strong></span> 
     </span>
    </p>
   </div>
   <div class='ocr_carea' id='block_1_7' title="bbox 246 613 1858 689">
    <p class='ocr_par' dir='ltr' id='par_1_7' title="bbox 246 613 1858 689">
     <span class='ocr_line' id='line_1_7' title="bbox 246 613 1858 689; baseline 0.003 -22"><span class='ocrx_word' id='word_1_32' title='bbox 246 613 322 668; x_wconf 87' lang='lat' dir='ltr'><strong>sia</strong></span> <span class='ocrx_word' id='word_1_33' title='bbox 354 615 660 672; x_wconf 84' lang='lat' dir='ltr'><strong>catholica.</strong></span> <span class='ocrx_word' id='word_1_34' title='bbox 695 617 790 675; x_wconf 90' lang='lat' dir='ltr'><strong>Sin</strong></span> <span class='ocrx_word' id='word_1_35' title='bbox 823 631 1000 673; x_wconf 89' lang='lat' dir='ltr'><strong>autem</strong></span> <span class='ocrx_word' id='word_1_36' title='bbox 1030 633 1059 672; x_wconf 91' lang='lat' dir='ltr'><strong>a</strong></span> <span class='ocrx_word' id='word_1_37' title='bbox 1092 617 1413 689; x_wconf 86' lang='lat' dir='ltr'><strong>quibusdam</strong></span> <span class='ocrx_word' id='word_1_38' title='bbox 1443 620 1534 673; x_wconf 84' lang='lat' dir='ltr'><strong>alii</strong></span> <span class='ocrx_word' id='word_1_39' title='bbox 1573 619 1858 688; x_wconf 79' lang='lat' dir='ltr'><strong>proferan-</strong></span> 
     </span>
    </p>
   </div>
   <div class='ocr_carea' id='block_1_8' title="bbox 249 709 1855 777">
    <p class='ocr_par' dir='ltr' id='par_1_8' title="bbox 249 709 1855 777">
     <span class='ocr_line' id='line_1_8' title="bbox 249 709 1855 777; baseline -0.003 -6"><span class='ocrx_word' id='word_1_40' title='bbox 249 713 364 770; x_wconf 72' lang='grc' dir='ltr'><strong>ῑιιτ,</strong></span> <span class='ocrx_word' id='word_1_41' title='bbox 395 709 488 776; x_wconf 85' lang='lat' dir='ltr'><strong>qui</strong></span> <span class='ocrx_word' id='word_1_42' title='bbox 516 725 546 761; x_wconf 88' lang='lat' dir='ltr'><strong>a</strong></span> <span class='ocrx_word' id='word_1_43' title='bbox 580 709 823 766; x_wconf 67' lang='lat' dir='ltr'><strong>Nicmnis</strong></span> <span class='ocrx_word' id='word_1_44' title='bbox 844 711 1141 766; x_wconf 83' lang='lat' dir='ltr'><strong>canonibus</strong></span> <span class='ocrx_word' id='word_1_45' title='bbox 1169 711 1522 777; x_wconf 68' lang='lat' dir='ltr'><strong>dis~entianl,</strong></span> <span class='ocrx_word' id='word_1_46' title='bbox 1556 721 1611 766; x_wconf 89' lang='lat' dir='ltr'><strong>et</strong></span> <span class='ocrx_word' id='word_1_47' title='bbox 1641 711 1710 764; x_wconf 88' lang='lat' dir='ltr'><strong>ab</strong></span> <span class='ocrx_word' id='word_1_48' title='bbox 1742 710 1855 766; x_wconf 76' lang='lat' dir='ltr'><strong>lite-</strong></span> 
     </span>
    </p>
   </div>
   <div class='ocr_carea' id='block_1_9' title="bbox 249 787 1858 874">
    <p class='ocr_par' dir='ltr' id='par_1_9' title="bbox 249 787 1858 874">
     <span class='ocr_line' id='line_1_9' title="bbox 249 787 1858 874; baseline 0.004 -20"><span class='ocrx_word' id='word_1_49' title='bbox 249 799 436 854; x_wconf 78' lang='lat' dir='ltr'><strong>reticis</strong></span> <span class='ocrx_word' id='word_1_50' title='bbox 485 787 792 872; x_wconf 82' lang='lat' dir='ltr'><strong>compositi</strong></span> <span class='ocrx_word' id='word_1_51' title='bbox 843 818 965 859; x_wconf 79' lang='lat' dir='ltr'><strong>esse</strong></span> <span class='ocrx_word' id='word_1_52' title='bbox 1000 816 1334 874; x_wconf 71' lang='lat' dir='ltr'><strong>arguantur.</strong></span> <span class='ocrx_word' id='word_1_53' title='bbox 1370 803 1423 858; x_wconf 85' lang='lat' dir='ltr'><strong>hi</strong></span> <span class='ocrx_word' id='word_1_54' title='bbox 1468 804 1536 857; x_wconf 87' lang='lat' dir='ltr'><strong>ab</strong></span> <span class='ocrx_word' id='word_1_55' title='bbox 1581 805 1858 874; x_wconf 78' lang='lat' dir='ltr'><strong>episcopis</strong></span> 
     </span>
    </p>
   </div>
   <div class='ocr_carea' id='block_1_10' title="bbox 247 893 1855 969">
    <p class='ocr_par' dir='ltr' id='par_1_10' title="bbox 247 893 1855 969">
     <span class='ocr_line' id='line_1_10' title="bbox 247 893 1855 969; baseline 0.003 -22"><span class='ocrx_word' id='word_1_56' title='bbox 247 893 533 948; x_wconf 87' lang='lat' dir='ltr'><strong>catholicis</strong></span> <span class='ocrx_word' id='word_1_57' title='bbox 579 895 927 965; x_wconf 86' lang='lat' dir='ltr'><strong>reiiciuntur.</strong></span> <span class='ocrx_word' id='word_1_58' title='bbox 977 897 1113 952; x_wconf 79' lang='lat' dir='ltr'><strong>Nam</strong></span> <span class='ocrx_word' id='word_1_59' title='bbox 1135 913 1255 969; x_wconf 65' lang='lat' dir='ltr'><strong>qua:</strong></span> <span class='ocrx_word' id='word_1_60' title='bbox 1303 897 1371 952; x_wconf 91' lang='lat' dir='ltr'><strong>ab</strong></span> <span class='ocrx_word' id='word_1_61' title='bbox 1422 897 1697 953; x_wconf 64' lang='lat' dir='ltr'><strong>haereticis</strong></span> <span class='ocrx_word' id='word_1_62' title='bbox 1728 908 1855 952; x_wconf 89' lang='lat' dir='ltr'><strong>sunt</strong></span> 
     </span>
    </p>
   </div>
   <div class='ocr_carea' id='block_1_11' title="bbox 245 988 1846 1062">
    <p class='ocr_par' dir='ltr' id='par_1_11' title="bbox 245 988 1846 1062">
     <span class='ocr_line' id='line_1_11' title="bbox 245 988 1846 1062; baseline 0.004 -21"><span class='ocrx_word' id='word_1_63' title='bbox 245 988 556 1058; x_wconf 81' lang='lat' dir='ltr'><strong>excogitata</strong></span> <span class='ocrx_word' id='word_1_64' title='bbox 601 1035 616 1058; x_wconf 95' lang='lat'><strong>,</strong></span> <span class='ocrx_word' id='word_1_65' title='bbox 678 1005 744 1046; x_wconf 83' lang='lat' dir='ltr'><strong>ea</strong></span> <span class='ocrx_word' id='word_1_66' title='bbox 794 990 1079 1046; x_wconf 91' lang='lat' dir='ltr'><strong>catholicis</strong></span> <span class='ocrx_word' id='word_1_67' title='bbox 1130 991 1332 1060; x_wconf 83' lang='lat' dir='ltr'><strong>regulis</strong></span> <span class='ocrx_word' id='word_1_68' title='bbox 1381 991 1683 1062; x_wconf 89' lang='lat' dir='ltr'><strong>adiungere</strong></span> <span class='ocrx_word' id='word_1_69' title='bbox 1736 1008 1846 1047; x_wconf 91' lang='lat' dir='ltr'><strong>non</strong></span> 
     </span>
    </p>
   </div>
   <div class='ocr_carea' id='block_1_12' title="bbox 242 1078 1853 1154">
    <p class='ocr_par' dir='ltr' id='par_1_12' title="bbox 242 1078 1853 1154">
     <span class='ocr_line' id='line_1_12' title="bbox 242 1078 1853 1154; baseline 0.003 -19"><span class='ocrx_word' id='word_1_70' title='bbox 242 1078 390 1135; x_wconf 90' lang='lat' dir='ltr'><strong>licet.</strong></span> <span class='ocrx_word' id='word_1_71' title='bbox 413 1081 641 1151; x_wconf 79' lang='lat' dir='ltr'><strong>Quippe</strong></span> <span class='ocrx_word' id='word_1_72' title='bbox 676 1083 759 1138; x_wconf 89' lang='lat' dir='ltr'><strong>illi</strong></span> <span class='ocrx_word' id='word_1_73' title='bbox 791 1100 886 1152; x_wconf 92' lang='lat' dir='ltr'><strong>per</strong></span> <span class='ocrx_word' id='word_1_74' title='bbox 906 1084 1179 1139; x_wconf 86' lang='lat' dir='ltr'><strong>contraria</strong></span> <span class='ocrx_word' id='word_1_75' title='bbox 1204 1093 1260 1138; x_wconf 90' lang='lat' dir='ltr'><strong>et</strong></span> <span class='ocrx_word' id='word_1_76' title='bbox 1288 1085 1475 1140; x_wconf 78' lang='lat' dir='ltr'><strong>illicita</strong></span> <span class='ocrx_word' id='word_1_77' title='bbox 1507 1083 1703 1154; x_wconf 88' lang='lat' dir='ltr'><strong>placita</strong></span> <span class='ocrx_word' id='word_1_78' title='bbox 1731 1099 1853 1150; x_wconf 88' lang='lat' dir='ltr'><strong>per-</strong></span> 
     </span>
    </p>
   </div>
   <div class='ocr_carea' id='block_1_13' title="bbox 247 1175 1853 1248">
    <p class='ocr_par' dir='ltr' id='par_1_13' title="bbox 247 1175 1853 1248">
     <span class='ocr_line' id='line_1_13' title="bbox 247 1175 1853 1248; baseline 0.002 -19"><span class='ocrx_word' id='word_1_79' title='bbox 247 1184 408 1244; x_wconf 87' lang='lat' dir='ltr'><strong>pettto</strong></span> <span class='ocrx_word' id='word_1_80' title='bbox 441 1175 493 1229; x_wconf 92' lang='lat' dir='ltr'><strong>id</strong></span> <span class='ocrx_word' id='word_1_81' title='bbox 527 1189 736 1247; x_wconf 83' lang='lat' dir='ltr'><strong>agunt,</strong></span> <span class='ocrx_word' id='word_1_82' title='bbox 765 1185 824 1232; x_wconf 87' lang='lat' dir='ltr'><strong>ut</strong></span> <span class='ocrx_word' id='word_1_83' title='bbox 873 1177 1214 1232; x_wconf 69' lang='lat' dir='ltr'><strong>Nic-annorum</strong></span> <span class='ocrx_word' id='word_1_84' title='bbox 1264 1187 1478 1248; x_wconf 84' lang='lat' dir='ltr'><strong>patrum</strong></span> <span class='ocrx_word' id='word_1_85' title='bbox 1525 1180 1853 1234; x_wconf 72' lang='lat' dir='ltr'><strong>sententiam</strong></span> 
     </span>
    </p>
   </div>
   <div class='ocr_carea' id='block_1_14' title="bbox 243 1264 1851 1339">
    <p class='ocr_par' dir='ltr' id='par_1_14' title="bbox 243 1264 1851 1339">
     <span class='ocr_line' id='line_1_14' title="bbox 243 1264 1851 1339; baseline 0.006 -21"><span class='ocrx_word' id='word_1_86' title='bbox 243 1264 599 1322; x_wconf 67' lang='lat' dir='ltr'><strong>labefactent.</strong></span> <span class='ocrx_word' id='word_1_87' title='bbox 652 1269 764 1324; x_wconf 89' lang='lat' dir='ltr'><strong>llos</strong></span> <span class='ocrx_word' id='word_1_88' title='bbox 794 1269 959 1339; x_wconf 84' lang='lat' dir='ltr'><strong>igitur</strong></span> <span class='ocrx_word' id='word_1_89' title='bbox 1002 1284 1240 1325; x_wconf 75' lang='lat' dir='ltr'><strong>Canones</strong></span> <span class='ocrx_word' id='word_1_90' title='bbox 1269 1286 1376 1326; x_wconf 92' lang='lat' dir='ltr'><strong>non</strong></span> <span class='ocrx_word' id='word_1_91' title='bbox 1407 1271 1585 1325; x_wconf 88' lang='lat' dir='ltr'><strong>solum</strong></span> <span class='ocrx_word' id='word_1_92' title='bbox 1628 1287 1734 1326; x_wconf 91' lang='lat' dir='ltr'><strong>non</strong></span> <span class='ocrx_word' id='word_1_93' title='bbox 1765 1285 1851 1327; x_wconf 60' lang='lat' dir='ltr'><strong>sev</strong></span> 
     </span>
    </p>
   </div>
   <div class='ocr_carea' id='block_1_15' title="bbox 243 1359 1856 1428">
    <p class='ocr_par' dir='ltr' id='par_1_15' title="bbox 243 1359 1856 1428">
     <span class='ocr_line' id='line_1_15' title="bbox 243 1359 1856 1428; baseline 0.004 -17"><span class='ocrx_word' id='word_1_94' title='bbox 243 1359 494 1428; x_wconf 89' lang='lat' dir='ltr'><strong>quendos</strong></span> <span class='ocrx_word' id='word_1_95' title='bbox 517 1403 533 1424; x_wconf 90' lang='lat'><strong>,</strong></span> <span class='ocrx_word' id='word_1_96' title='bbox 573 1377 770 1416; x_wconf 83' lang='lat' dir='ltr'><strong>verum</strong></span> <span class='ocrx_word' id='word_1_97' title='bbox 801 1363 962 1417; x_wconf 82' lang='lat' dir='ltr'><strong>etiam</strong></span> <span class='ocrx_word' id='word_1_98' title='bbox 993 1378 1095 1416; x_wconf 87' lang='lat' dir='ltr'><strong>una</strong></span> <span class='ocrx_word' id='word_1_99' title='bbox 1129 1379 1248 1417; x_wconf 89' lang='lat' dir='ltr'><strong>cum</strong></span> <span class='ocrx_word' id='word_1_100' title='bbox 1283 1362 1556 1419; x_wconf 66' lang='lat' dir='ltr'><strong>ltarreticis</strong></span> <span class='ocrx_word' id='word_1_101' title='bbox 1587 1372 1641 1418; x_wconf 90' lang='lat' dir='ltr'><strong>et</strong></span> <span class='ocrx_word' id='word_1_102' title='bbox 1683 1363 1856 1418; x_wconf 87' lang='lat' dir='ltr'><strong>schis-</strong></span> 
     </span>
    </p>
   </div>
   <div class='ocr_carea' id='block_1_16' title="bbox 242 1454 1849 1526">
    <p class='ocr_par' dir='ltr' id='par_1_16' title="bbox 242 1454 1849 1526">
     <span class='ocr_line' id='line_1_16' title="bbox 242 1454 1849 1526; baseline 0.002 -17"><span class='ocrx_word' id='word_1_103' title='bbox 242 1454 456 1509; x_wconf 87' lang='lat' dir='ltr'><strong>maticis</strong></span> <span class='ocrx_word' id='word_1_104' title='bbox 488 1455 850 1526; x_wconf 80' lang='lat' dir='ltr'><strong>dogmatibus</strong></span> <span class='ocrx_word' id='word_1_105' title='bbox 903 1458 1352 1512; x_wconf 80' lang='lat' dir='ltr'><strong>cuntlcmnattdos</strong></span> <span class='ocrx_word' id='word_1_106' title='bbox 1398 1473 1520 1513; x_wconf 77' lang='lat' dir='ltr'><strong>esse</strong></span> <span class='ocrx_word' id='word_1_107' title='bbox 1569 1457 1802 1512; x_wconf 85' lang='lat' dir='ltr'><strong>dicimus</strong></span> <span class='ocrx_word' id='word_1_108' title='bbox 1835 1497 1849 1523; x_wconf 90' lang='lat'><strong>,</strong></span> 
     </span>
    </p>
   </div>
   <div class='ocr_carea' id='block_1_17' title="bbox 240 1549 1855 1622">
    <p class='ocr_par' dir='ltr' id='par_1_17' title="bbox 240 1549 1855 1622">
     <span class='ocr_line' id='line_1_17' title="bbox 240 1549 1855 1622; baseline 0.005 -24"><span class='ocrx_word' id='word_1_109' title='bbox 240 1549 717 1616; x_wconf 79' lang='lat' dir='ltr'><strong>quemadmodum</strong></span> <span class='ocrx_word' id='word_1_110' title='bbox 741 1549 979 1606; x_wconf 87' lang='lat' dir='ltr'><strong>etiamin</strong></span> <span class='ocrx_word' id='word_1_111' title='bbox 1012 1550 1324 1607; x_wconf 81' lang='lat' dir='ltr'><strong>Sardicensi</strong></span> <span class='ocrx_word' id='word_1_112' title='bbox 1355 1551 1694 1622; x_wconf 87' lang='lat' dir='ltr'><strong>synodojam</strong></span> <span class='ocrx_word' id='word_1_113' title='bbox 1723 1566 1855 1606; x_wconf 88' lang='lat' dir='ltr'><strong>eon-</strong></span> 
     </span>
    </p>
   </div>
   <div class='ocr_carea' id='block_1_18' title="bbox 240 1638 1848 1718">
    <p class='ocr_par' dir='ltr' id='par_1_18' title="bbox 240 1638 1848 1718">
     <span class='ocr_line' id='line_1_18' title="bbox 240 1638 1848 1718; baseline 0.005 -24"><span class='ocrx_word' id='word_1_114' title='bbox 240 1638 481 1696; x_wconf 83' lang='lat' dir='ltr'><strong>demnati</strong></span> <span class='ocrx_word' id='word_1_115' title='bbox 513 1653 652 1698; x_wconf 89' lang='lat' dir='ltr'><strong>sunt</strong></span> <span class='ocrx_word' id='word_1_116' title='bbox 701 1643 729 1683; x_wconf 74' lang='lat' dir='ltr'><strong>b</strong></span> <span class='ocrx_word' id='word_1_117' title='bbox 759 1645 827 1701; x_wconf 88' lang='lat' dir='ltr'><strong>ab</strong></span> <span class='ocrx_word' id='word_1_118' title='bbox 856 1647 1135 1717; x_wconf 88' lang='lat' dir='ltr'><strong>episcopis</strong></span> <span class='ocrx_word' id='word_1_119' title='bbox 1162 1647 1254 1718; x_wconf 88' lang='lat' dir='ltr'><strong>qui</strong></span> <span class='ocrx_word' id='word_1_120' title='bbox 1287 1662 1388 1702; x_wconf 90' lang='lat' dir='ltr'><strong>nos</strong></span> <span class='ocrx_word' id='word_1_121' title='bbox 1419 1659 1848 1718; x_wconf 64' lang='lat' dir='ltr'><strong>praecesserunt.</strong></span> 
     </span>
    </p>
   </div>
   <div class='ocr_carea' id='block_1_19' title="bbox 238 1732 1851 1810">
    <p class='ocr_par' dir='ltr' id='par_1_19' title="bbox 238 1732 1851 1810">
     <span class='ocr_line' id='line_1_19' title="bbox 238 1732 1851 1810; baseline 0.003 -19"><span class='ocrx_word' id='word_1_122' title='bbox 238 1732 416 1792; x_wconf 89' lang='lat' dir='ltr'><strong>Satius</strong></span> <span class='ocrx_word' id='word_1_123' title='bbox 464 1739 623 1793; x_wconf 89' lang='lat' dir='ltr'><strong>enim</strong></span> <span class='ocrx_word' id='word_1_124' title='bbox 671 1739 838 1794; x_wconf 78' lang='lat' dir='ltr'><strong>fuerit</strong></span> <span class='ocrx_word' id='word_1_125' title='bbox 884 1756 946 1796; x_wconf 88' lang='lat' dir='ltr'><strong>ea</strong></span> <span class='ocrx_word' id='word_1_126' title='bbox 974 1757 1096 1810; x_wconf 71' lang='lat' dir='ltr'><strong>qua:</strong></span> <span class='ocrx_word' id='word_1_127' title='bbox 1133 1752 1154 1780; x_wconf 74' lang='grc' dir='ltr'><strong>ο</strong></span> <span class='ocrx_word' id='word_1_128' title='bbox 1205 1751 1355 1797; x_wconf 91' lang='lat' dir='ltr'><strong>recte</strong></span> <span class='ocrx_word' id='word_1_129' title='bbox 1389 1741 1532 1797; x_wconf 82' lang='lat' dir='ltr'><strong>facta</strong></span> <span class='ocrx_word' id='word_1_130' title='bbox 1563 1751 1690 1796; x_wconf 90' lang='lat' dir='ltr'><strong>sunt</strong></span> <span class='ocrx_word' id='word_1_131' title='bbox 1717 1758 1851 1796; x_wconf 87' lang='lat' dir='ltr'><strong>con-</strong></span> 
     </span>
    </p>
   </div>
   <div class='ocr_carea' id='block_1_20' title="bbox 237 1827 1928 1905">
    <p class='ocr_par' dir='ltr' id='par_1_20' title="bbox 237 1827 1928 1905">
     <span class='ocr_line' id='line_1_20' title="bbox 237 1827 1928 1905; baseline 0.004 -22"><span class='ocrx_word' id='word_1_132' title='bbox 237 1827 531 1895; x_wconf 89' lang='lat' dir='ltr'><strong>demnari,</strong></span> <span class='ocrx_word' id='word_1_133' title='bbox 566 1847 736 1901; x_wconf 90' lang='lat' dir='ltr'><strong>quam</strong></span> <span class='ocrx_word' id='word_1_134' title='bbox 785 1848 849 1888; x_wconf 89' lang='lat' dir='ltr'><strong>ea</strong></span> <span class='ocrx_word' id='word_1_135' title='bbox 899 1849 1018 1905; x_wconf 70' lang='lat' dir='ltr'><strong>qua:</strong></span> <span class='ocrx_word' id='word_1_136' title='bbox 1049 1843 1237 1890; x_wconf 87' lang='lat' dir='ltr'><strong>contra</strong></span> <span class='ocrx_word' id='word_1_137' title='bbox 1285 1851 1524 1892; x_wconf 89' lang='lat' dir='ltr'><strong>canones</strong></span> <span class='ocrx_word' id='word_1_138' title='bbox 1570 1847 1693 1891; x_wconf 88' lang='lat' dir='ltr'><strong>acta</strong></span> <span class='ocrx_word' id='word_1_139' title='bbox 1719 1842 1850 1891; x_wconf 90' lang='lat' dir='ltr'><strong>sunt</strong></span> <span class='ocrx_word' id='word_1_140' title='bbox 1878 1838 1928 1898; x_wconf 88' lang='lat' dir='ltr'><strong>B</strong></span> 
     </span>
    </p>
   </div>
   <div class='ocr_carea' id='block_1_21' title="bbox 240 1922 1704 1994">
    <p class='ocr_par' dir='ltr' id='par_1_21' title="bbox 240 1922 1704 1994">
     <span class='ocr_line' id='line_1_21' title="bbox 240 1922 1704 1994; baseline 0.003 -15"><span class='ocrx_word' id='word_1_141' title='bbox 240 1922 409 1980; x_wconf 85' lang='lat' dir='ltr'><strong>ullam</strong></span> <span class='ocrx_word' id='word_1_142' title='bbox 455 1923 790 1981; x_wconf 83' lang='lat' dir='ltr'><strong>ﬁrmitatem</strong></span> <span class='ocrx_word' id='word_1_143' title='bbox 822 1928 1073 1984; x_wconf 87' lang='lat' dir='ltr'><strong>obtinere</strong></span> <span class='ocrx_word' id='word_1_144' title='bbox 1098 1970 1114 1994; x_wconf 96' lang='lat'><strong>,</strong></span> <span class='ocrx_word' id='word_1_145' title='bbox 1146 1928 1344 1984; x_wconf 81' lang='lat' dir='ltr'><strong>fratres</strong></span> <span class='ocrx_word' id='word_1_146' title='bbox 1371 1929 1704 1984; x_wconf 89' lang='lat' dir='ltr'><strong>cbarissimi.</strong></span> 
     </span>
    </p>
   </div>
   <div class='ocr_carea' id='block_1_22' title="bbox 303 2018 1848 2094">
    <p class='ocr_par' dir='ltr' id='par_1_22' title="bbox 303 2018 1848 2094">
     <span class='ocr_line' id='line_1_22' title="bbox 303 2018 1848 2094; baseline 0.005 -22"><span class='ocrx_word' id='word_1_147' title='bbox 303 2019 347 2072; x_wconf 65' lang='grc'><strong>4</strong></span> <span class='ocrx_word' id='word_1_148' title='bbox 404 2018 530 2074; x_wconf 87' lang='lat' dir='ltr'><strong>Una</strong></span> <span class='ocrx_word' id='word_1_149' title='bbox 556 2022 878 2076; x_wconf 69' lang='lat' dir='ltr'><strong>accumenica</strong></span> <span class='ocrx_word' id='word_1_150' title='bbox 898 2024 1095 2094; x_wconf 83' lang='lat' dir='ltr'><strong>synodo</strong></span> <span class='ocrx_word' id='word_1_151' title='bbox 1116 2025 1256 2079; x_wconf 84' lang='lat' dir='ltr'><strong>mala</strong></span> <span class='ocrx_word' id='word_1_152' title='bbox 1282 2026 1460 2079; x_wconf 87' lang='lat' dir='ltr'><strong>sanari</strong></span> <span class='ocrx_word' id='word_1_153' title='bbox 1481 2023 1848 2094; x_wconf 52' lang='lat' dir='ltr'><strong>passae—Sed</strong></span> 
     </span>
    </p>
   </div>
   <div class='ocr_carea' id='block_1_23' title="bbox 233 2113 1846 2186">
    <p class='ocr_par' dir='ltr' id='par_1_23' title="bbox 233 2113 1846 2186">
     <span class='ocr_line' id='line_1_23' title="bbox 233 2113 1846 2186; baseline 0.005 -21"><span class='ocrx_word' id='word_1_154' title='bbox 233 2113 357 2183; x_wconf 89' lang='lat' dir='ltr'><strong>quid</strong></span> <span class='ocrx_word' id='word_1_155' title='bbox 386 2113 674 2170; x_wconf 87' lang='lat' dir='ltr'><strong>adversus</strong></span> <span class='ocrx_word' id='word_1_156' title='bbox 697 2114 802 2170; x_wconf 85' lang='lat' dir='ltr'><strong>ista</strong></span> <span class='ocrx_word' id='word_1_157' title='bbox 830 2116 882 2171; x_wconf 88' lang='lat' dir='ltr'><strong>in</strong></span> <span class='ocrx_word' id='word_1_158' title='bbox 907 2118 1163 2186; x_wconf 64' lang='lat' dir='ltr'><strong>priusenti</strong></span> <span class='ocrx_word' id='word_1_159' title='bbox 1187 2120 1446 2175; x_wconf 79' lang='lat' dir='ltr'><strong>faciamus</strong></span> <span class='ocrx_word' id='word_1_160' title='bbox 1474 2120 1496 2174; x_wconf 74' lang='lat'><strong>‘2</strong></span> <span class='ocrx_word' id='word_1_161' title='bbox 1525 2119 1846 2176; x_wconf 82' lang='lat' dir='ltr'><strong>NeceSSaria</strong></span> 
     </span>
    </p>
   </div>
   <div class='ocr_carea' id='block_1_24' title="bbox 233 2207 1846 2286">
    <p class='ocr_par' dir='ltr' id='par_1_24' title="bbox 233 2207 1846 2286">
     <span class='ocr_line' id='line_1_24' title="bbox 233 2207 1846 2286; baseline 0.006 -26"><span class='ocrx_word' id='word_1_162' title='bbox 233 2216 310 2260; x_wconf 84' lang='lat' dir='ltr'><strong>est</strong></span> <span class='ocrx_word' id='word_1_163' title='bbox 339 2207 597 2269; x_wconf 69' lang='lat' dir='ltr'><strong>cognitio</strong></span> <span class='ocrx_word' id='word_1_164' title='bbox 629 2209 822 2280; x_wconf 80' lang='lat' dir='ltr'><strong>synodi</strong></span> <span class='ocrx_word' id='word_1_165' title='bbox 847 2252 864 2276; x_wconf 94' lang='lat'><strong>,</strong></span> <span class='ocrx_word' id='word_1_166' title='bbox 897 2227 1057 2281; x_wconf 84' lang='lat' dir='ltr'><strong>quam</strong></span> <span class='ocrx_word' id='word_1_167' title='bbox 1097 2223 1152 2268; x_wconf 91' lang='lat' dir='ltr'><strong>et</strong></span> <span class='ocrx_word' id='word_1_168' title='bbox 1186 2215 1298 2284; x_wconf 84' lang='lat' dir='ltr'><strong>iam</strong></span> <span class='ocrx_word' id='word_1_169' title='bbox 1350 2214 1562 2284; x_wconf 88' lang='lat' dir='ltr'><strong>pridem</strong></span> <span class='ocrx_word' id='word_1_170' title='bbox 1615 2230 1846 2286; x_wconf 86' lang='lat' dir='ltr'><strong>congre-</strong></span> 
     </span>
    </p>
   </div>
   <div class='ocr_carea' id='block_1_25' title="bbox 231 2297 1849 2377">
    <p class='ocr_par' dir='ltr' id='par_1_25' title="bbox 231 2297 1849 2377">
     <span class='ocr_line' id='line_1_25' title="bbox 231 2297 1849 2377; baseline 0.007 -28"><span class='ocrx_word' id='word_1_171' title='bbox 231 2297 468 2368; x_wconf 83' lang='lat' dir='ltr'><strong>gandam</strong></span> <span class='ocrx_word' id='word_1_172' title='bbox 503 2314 637 2356; x_wconf 83' lang='lat' dir='ltr'><strong>esse</strong></span> <span class='ocrx_word' id='word_1_173' title='bbox 669 2302 930 2356; x_wconf 79' lang='lat' dir='ltr'><strong>diximus.</strong></span> <span class='ocrx_word' id='word_1_174' title='bbox 967 2303 1041 2358; x_wconf 87' lang='lat' dir='ltr'><strong>Ea</strong></span> <span class='ocrx_word' id='word_1_175' title='bbox 1087 2306 1232 2359; x_wconf 87' lang='lat' dir='ltr'><strong>enim</strong></span> <span class='ocrx_word' id='word_1_176' title='bbox 1265 2307 1380 2361; x_wconf 89' lang='lat' dir='ltr'><strong>sola</strong></span> <span class='ocrx_word' id='word_1_177' title='bbox 1413 2317 1500 2362; x_wconf 88' lang='lat' dir='ltr'><strong>est</strong></span> <span class='ocrx_word' id='word_1_178' title='bbox 1525 2347 1540 2374; x_wconf 90' lang='lat'><strong>,</strong></span> <span class='ocrx_word' id='word_1_179' title='bbox 1580 2322 1705 2377; x_wconf 74' lang='lat' dir='ltr'><strong>qua:</strong></span> <span class='ocrx_word' id='word_1_180' title='bbox 1749 2307 1849 2361; x_wconf 85' lang='lat' dir='ltr'><strong>hu-</strong></span> 
     </span>
    </p>
   </div>
   <div class='ocr_carea' id='block_1_26' title="bbox 229 2391 1848 2472">
    <p class='ocr_par' dir='ltr' id='par_1_26' title="bbox 229 2391 1848 2472">
     <span class='ocr_line' id='line_1_26' title="bbox 229 2391 1848 2472; baseline 0.008 -27"><span class='ocrx_word' id='word_1_181' title='bbox 229 2391 467 2462; x_wconf 90' lang='lat' dir='ltr'><strong>iusmodi</strong></span> <span class='ocrx_word' id='word_1_182' title='bbox 501 2403 900 2465; x_wconf 86' lang='lat' dir='ltr'><strong>tempestatum</strong></span> <span class='ocrx_word' id='word_1_183' title='bbox 930 2409 1112 2454; x_wconf 87' lang='lat' dir='ltr'><strong>motus</strong></span> <span class='ocrx_word' id='word_1_184' title='bbox 1139 2401 1334 2457; x_wconf 75' lang='lat' dir='ltr'><strong>sedare</strong></span> <span class='ocrx_word' id='word_1_185' title='bbox 1367 2404 1559 2472; x_wconf 86' lang='lat' dir='ltr'><strong>possit.</strong></span> <span class='ocrx_word' id='word_1_186' title='bbox 1583 2403 1756 2471; x_wconf 83' lang='lat' dir='ltr'><strong>Quam</strong></span> <span class='ocrx_word' id='word_1_187' title='bbox 1787 2412 1848 2458; x_wconf 91' lang='lat' dir='ltr'><strong>ut</strong></span> 
     </span>
    </p>
   </div>
   <div class='ocr_carea' id='block_1_27' title="bbox 231 2490 1846 2558">
    <p class='ocr_par' dir='ltr' id='par_1_27' title="bbox 231 2490 1846 2558">
     <span class='ocr_line' id='line_1_27' title="bbox 231 2490 1846 2558; baseline 0.006 -16"><span class='ocrx_word' id='word_1_188' title='bbox 231 2500 681 2558; x_wconf 67' lang='lat' dir='ltr'><strong>consequamur,</strong></span> <span class='ocrx_word' id='word_1_189' title='bbox 717 2490 853 2545; x_wconf 84' lang='lat' dir='ltr'><strong>utile</strong></span> <span class='ocrx_word' id='word_1_190' title='bbox 880 2491 1044 2548; x_wconf 85' lang='lat' dir='ltr'><strong>fuerit</strong></span> <span class='ocrx_word' id='word_1_191' title='bbox 1078 2492 1297 2548; x_wconf 86' lang='lat' dir='ltr'><strong>interim</strong></span> <span class='ocrx_word' id='word_1_192' title='bbox 1345 2495 1540 2550; x_wconf 84' lang='lat' dir='ltr'><strong>borum</strong></span> <span class='ocrx_word' id='word_1_193' title='bbox 1575 2497 1846 2552; x_wconf 87' lang='lat' dir='ltr'><strong>malorum</strong></span> 
     </span>
    </p>
   </div>
   <div class='ocr_carea' id='block_1_28' title="bbox 238 2582 1848 2660">
    <p class='ocr_par' dir='ltr' id='par_1_28' title="bbox 238 2582 1848 2660">
     <span class='ocr_line' id='line_1_28' title="bbox 238 2582 1848 2660; baseline 0.006 -25"><span class='ocrx_word' id='word_1_194' title='bbox 238 2582 575 2636; x_wconf 85' lang='lat' dir='ltr'><strong>medicinam</strong></span> <span class='ocrx_word' id='word_1_195' title='bbox 609 2598 640 2636; x_wconf 91' lang='lat' dir='ltr'><strong>a</strong></span> <span class='ocrx_word' id='word_1_196' title='bbox 669 2584 958 2641; x_wconf 81' lang='lat' dir='ltr'><strong>voluntate</strong></span> <span class='ocrx_word' id='word_1_197' title='bbox 1002 2586 1097 2642; x_wconf 88' lang='lat' dir='ltr'><strong>Dei</strong></span> <span class='ocrx_word' id='word_1_198' title='bbox 1141 2589 1322 2656; x_wconf 84' lang='lat' dir='ltr'><strong>magni</strong></span> <span class='ocrx_word' id='word_1_199' title='bbox 1355 2599 1407 2643; x_wconf 91' lang='lat' dir='ltr'><strong>et</strong></span> <span class='ocrx_word' id='word_1_200' title='bbox 1433 2587 1643 2644; x_wconf 81' lang='lat' dir='ltr'><strong>Chriin</strong></span> <span class='ocrx_word' id='word_1_201' title='bbox 1678 2589 1848 2660; x_wconf 87' lang='lat' dir='ltr'><strong>ipsius</strong></span> 
     </span>
    </p>
   </div>
   <div class='ocr_carea' id='block_1_29' title="bbox 237 2673 1846 2753">
    <p class='ocr_par' dir='ltr' id='par_1_29' title="bbox 237 2673 1846 2753">
     <span class='ocr_line' id='line_1_29' title="bbox 237 2673 1846 2753; baseline 0.006 -25"><span class='ocrx_word' id='word_1_202' title='bbox 237 2673 457 2728; x_wconf 88' lang='lat' dir='ltr'><strong>Domini</strong></span> <span class='ocrx_word' id='word_1_203' title='bbox 519 2676 698 2731; x_wconf 74' lang='lat' dir='ltr'><strong>n0stri</strong></span> <span class='ocrx_word' id='word_1_204' title='bbox 747 2689 1090 2749; x_wconf 82' lang='lat' dir='ltr'><strong>exspectare.</strong></span> <span class='ocrx_word' id='word_1_205' title='bbox 1139 2679 1370 2747; x_wconf 87' lang='lat' dir='ltr'><strong>Omnia,</strong></span> <span class='ocrx_word' id='word_1_206' title='bbox 1406 2697 1527 2752; x_wconf 74' lang='lat' dir='ltr'><strong>qua:</strong></span> <span class='ocrx_word' id='word_1_207' title='bbox 1559 2697 1703 2737; x_wconf 91' lang='lat' dir='ltr'><strong>nunc</strong></span> <span class='ocrx_word' id='word_1_208' title='bbox 1751 2698 1846 2753; x_wconf 88' lang='lat' dir='ltr'><strong>per</strong></span> 
     </span>
    </p>
   </div>
   <div class='ocr_carea' id='block_1_30' title="bbox 232 2775 1842 2852">
    <p class='ocr_par' dir='ltr' id='par_1_30' title="bbox 232 2775 1842 2852">
     <span class='ocr_line' id='line_1_30' title="bbox 232 2775 1842 2852; baseline 0.006 -22"><span class='ocrx_word' id='word_1_209' title='bbox 232 2775 496 2831; x_wconf 78' lang='lat' dir='ltr'><strong>invidiam</strong></span> <span class='ocrx_word' id='word_1_210' title='bbox 541 2777 751 2832; x_wconf 85' lang='lat' dir='ltr'><strong>diaboli</strong></span> <span class='ocrx_word' id='word_1_211' title='bbox 799 2778 866 2833; x_wconf 90' lang='lat' dir='ltr'><strong>ad</strong></span> <span class='ocrx_word' id='word_1_212' title='bbox 906 2780 1146 2836; x_wconf 81' lang='lat' dir='ltr'><strong>ﬁdelium</strong></span> <span class='ocrx_word' id='word_1_213' title='bbox 1196 2783 1572 2852; x_wconf 83' lang='lat' dir='ltr'><strong>probationem</strong></span> <span class='ocrx_word' id='word_1_214' title='bbox 1621 2795 1842 2840; x_wconf 84' lang='lat' dir='ltr'><strong>contur-</strong></span> 
     </span>
    </p>
   </div>
   <div class='ocr_carea' id='block_1_31' title="bbox 233 2868 1845 2948">
    <p class='ocr_par' dir='ltr' id='par_1_31' title="bbox 233 2868 1845 2948">
     <span class='ocr_line' id='line_1_31' title="bbox 233 2868 1845 2948; baseline 0.007 -25"><span class='ocrx_word' id='word_1_215' title='bbox 233 2868 353 2924; x_wconf 84' lang='lat' dir='ltr'><strong>bata</strong></span> <span class='ocrx_word' id='word_1_216' title='bbox 381 2880 514 2925; x_wconf 88' lang='lat' dir='ltr'><strong>sunt</strong></span> <span class='ocrx_word' id='word_1_217' title='bbox 545 2913 561 2937; x_wconf 97' lang='lat'><strong>,</strong></span> <span class='ocrx_word' id='word_1_218' title='bbox 594 2873 957 2941; x_wconf 87' lang='lat' dir='ltr'><strong>pacabuntur.</strong></span> <span class='ocrx_word' id='word_1_219' title='bbox 992 2872 1138 2930; x_wconf 87' lang='lat' dir='ltr'><strong>Nihil</strong></span> <span class='ocrx_word' id='word_1_220' title='bbox 1174 2891 1279 2930; x_wconf 87' lang='lat' dir='ltr'><strong>non</strong></span> <span class='ocrx_word' id='word_1_221' title='bbox 1311 2877 1576 2932; x_wconf 86' lang='lat' dir='ltr'><strong>debemus</strong></span> <span class='ocrx_word' id='word_1_222' title='bbox 1620 2894 1719 2948; x_wconf 84' lang='lat' dir='ltr'><strong>per</strong></span> <span class='ocrx_word' id='word_1_223' title='bbox 1761 2879 1845 2934; x_wconf 83' lang='lat' dir='ltr'><strong>lir-</strong></span> 
     </span>
    </p>
   </div>
   <div class='ocr_carea' id='block_1_32' title="bbox 234 2972 1840 3045">
    <p class='ocr_par' dir='ltr' id='par_1_32' title="bbox 234 2972 1840 3045">
     <span class='ocr_line' id='line_1_32' title="bbox 234 2972 1840 3045; baseline 0.005 -19"><span class='ocrx_word' id='word_1_224' title='bbox 234 2972 485 3028; x_wconf 88' lang='lat' dir='ltr'><strong>mitatem</strong></span> <span class='ocrx_word' id='word_1_225' title='bbox 525 2973 653 3029; x_wconf 82' lang='lat' dir='ltr'><strong>ﬁdei</strong></span> <span class='ocrx_word' id='word_1_226' title='bbox 685 2989 715 3028; x_wconf 85' lang='lat' dir='ltr'><strong>a</strong></span> <span class='ocrx_word' id='word_1_227' title='bbox 747 2974 977 3030; x_wconf 91' lang='lat' dir='ltr'><strong>Domino</strong></span> <span class='ocrx_word' id='word_1_228' title='bbox 1031 2991 1278 3045; x_wconf 82' lang='lat' dir='ltr'><strong>Sperare.</strong></span> <span class='ocrx_word' id='word_1_229' title='bbox 1331 2977 1464 3034; x_wconf 86' lang='lat' dir='ltr'><strong>Nam</strong></span> <span class='ocrx_word' id='word_1_230' title='bbox 1507 2989 1564 3034; x_wconf 89' lang='lat' dir='ltr'><strong>et</strong></span> <span class='ocrx_word' id='word_1_231' title='bbox 1593 2995 1695 3034; x_wconf 86' lang='lat' dir='ltr'><strong>nos</strong></span> <span class='ocrx_word' id='word_1_232' title='bbox 1745 2981 1840 3034; x_wconf 88' lang='lat' dir='ltr'><strong>diu</strong></span> 
     </span>
    </p>
   </div>
   <div class='ocr_carea' id='block_1_33' title="bbox 231 3067 1838 3140">
    <p class='ocr_par' dir='ltr' id='par_1_33' title="bbox 231 3067 1838 3140">
     <span class='ocr_line' id='line_1_33' title="bbox 231 3067 1838 3140; baseline 0.006 -20"><span class='ocrx_word' id='word_1_233' title='bbox 231 3068 581 3138; x_wconf 89' lang='lat' dir='ltr'><strong>multumque</strong></span> <span class='ocrx_word' id='word_1_234' title='bbox 628 3067 972 3138; x_wconf 80' lang='lat' dir='ltr'><strong>cogitamus,</strong></span> <span class='ocrx_word' id='word_1_235' title='bbox 1004 3085 1243 3140; x_wconf 83' lang='lat' dir='ltr'><strong>quonam</strong></span> <span class='ocrx_word' id='word_1_236' title='bbox 1293 3071 1453 3124; x_wconf 91' lang='lat' dir='ltr'><strong>modo</strong></span> <span class='ocrx_word' id='word_1_237' title='bbox 1497 3074 1838 3129; x_wconf 76' lang='lat' dir='ltr'><strong>meumenica</strong></span> 
     </span>
    </p>
   </div>
   <div class='ocr_carea' id='block_1_34' title="bbox 231 3159 1842 3230">
    <p class='ocr_par' dir='ltr' id='par_1_34' title="bbox 231 3159 1842 3230">
     <span class='ocr_line' id='line_1_34' title="bbox 231 3159 1842 3230; baseline 0.006 -19"><span class='ocrx_word' id='word_1_238' title='bbox 231 3159 478 3230; x_wconf 80' lang='lat' dir='ltr'><strong>synodus</strong></span> <span class='ocrx_word' id='word_1_239' title='bbox 528 3159 916 3230; x_wconf 76' lang='lat' dir='ltr'><strong>congreganda</strong></span> <span class='ocrx_word' id='word_1_240' title='bbox 947 3161 1056 3229; x_wconf 88' lang='lat' dir='ltr'><strong>sit,</strong></span> <span class='ocrx_word' id='word_1_241' title='bbox 1093 3171 1150 3215; x_wconf 86' lang='grc' dir='ltr'><strong>ιιι</strong></span> <span class='ocrx_word' id='word_1_242' title='bbox 1182 3162 1485 3218; x_wconf 86' lang='lat' dir='ltr'><strong>turbulenti</strong></span> <span class='ocrx_word' id='word_1_243' title='bbox 1515 3174 1696 3219; x_wconf 90' lang='lat' dir='ltr'><strong>motus</strong></span> <span class='ocrx_word' id='word_1_244' title='bbox 1745 3164 1842 3220; x_wconf 88' lang='lat' dir='ltr'><strong>Dei</strong></span> 
     </span>
    </p>
   </div>
   <div class='ocr_carea' id='block_1_35' title="bbox 230 3252 1842 3328">
    <p class='ocr_par' dir='ltr' id='par_1_35' title="bbox 230 3252 1842 3328">
     <span class='ocr_line' id='line_1_35' title="bbox 230 3252 1842 3328; baseline 0.003 -21"><span class='ocrx_word' id='word_1_245' title='bbox 230 3261 364 3308; x_wconf 89' lang='lat' dir='ltr'><strong>nutu</strong></span> <span class='ocrx_word' id='word_1_246' title='bbox 393 3252 624 3308; x_wconf 86' lang='lat' dir='ltr'><strong>tandem</strong></span> <span class='ocrx_word' id='word_1_247' title='bbox 667 3255 1086 3324; x_wconf 82' lang='lat' dir='ltr'><strong>conquiescant.</strong></span> <span class='ocrx_word' id='word_1_248' title='bbox 1137 3255 1520 3313; x_wconf 90' lang='lat' dir='ltr'><strong>Snstineamus</strong></span> <span class='ocrx_word' id='word_1_249' title='bbox 1551 3259 1715 3328; x_wconf 83' lang='lat' dir='ltr'><strong>igitur</strong></span> <span class='ocrx_word' id='word_1_250' title='bbox 1741 3259 1842 3312; x_wconf 92' lang='lat' dir='ltr'><strong>ali-</strong></span> 
     </span>
    </p>
   </div>
   <div class='ocr_carea' id='block_1_36' title="bbox 229 3347 1836 3418">
    <p class='ocr_par' dir='ltr' id='par_1_36' title="bbox 229 3347 1836 3418">
     <span class='ocr_line' id='line_1_36' title="bbox 229 3347 1836 3418; baseline 0.004 -18"><span class='ocrx_word' id='word_1_251' title='bbox 229 3348 598 3417; x_wconf 81' lang='lat' dir='ltr'><strong>quantiSper;</strong></span> <span class='ocrx_word' id='word_1_252' title='bbox 631 3356 685 3400; x_wconf 90' lang='lat' dir='ltr'><strong>et</strong></span> <span class='ocrx_word' id='word_1_253' title='bbox 721 3347 863 3402; x_wconf 86' lang='lat' dir='ltr'><strong>vallo</strong></span> <span class='ocrx_word' id='word_1_254' title='bbox 919 3348 1195 3416; x_wconf 71' lang='lat' dir='ltr'><strong>patientia:</strong></span> <span class='ocrx_word' id='word_1_255' title='bbox 1246 3352 1569 3406; x_wconf 89' lang='lat' dir='ltr'><strong>communiti</strong></span> <span class='ocrx_word' id='word_1_256' title='bbox 1597 3393 1612 3418; x_wconf 94' lang='lat'><strong>,</strong></span> <span class='ocrx_word' id='word_1_257' title='bbox 1642 3363 1836 3407; x_wconf 91' lang='lat' dir='ltr'><strong>cuncta</strong></span> 
     </span>
    </p>
   </div>
   <div class='ocr_carea' id='block_1_37' title="bbox 232 3439 1838 3512">
    <p class='ocr_par' dir='ltr' id='par_1_37' title="bbox 232 3439 1838 3512">
     <span class='ocr_line' id='line_1_37' title="bbox 232 3439 1838 3512; baseline 0.004 -19"><span class='ocrx_word' id='word_1_258' title='bbox 232 3440 439 3494; x_wconf 81' lang='lat' dir='ltr'><strong>auxilio</strong></span> <span class='ocrx_word' id='word_1_259' title='bbox 495 3439 595 3494; x_wconf 90' lang='lat' dir='ltr'><strong>Dei</strong></span> <span class='ocrx_word' id='word_1_260' title='bbox 652 3439 830 3494; x_wconf 90' lang='lat' dir='ltr'><strong>nostri</strong></span> <span class='ocrx_word' id='word_1_261' title='bbox 883 3441 1223 3496; x_wconf 88' lang='lat' dir='ltr'><strong>restituenda</strong></span> <span class='ocrx_word' id='word_1_262' title='bbox 1277 3457 1586 3512; x_wconf 85' lang='lat' dir='ltr'><strong>speremus.</strong></span> <span class='ocrx_word' id='word_1_263' title='bbox 1644 3443 1838 3500; x_wconf 87' lang='lat' dir='ltr'><strong>Omnia</strong></span> 
     </span>
    </p>
   </div>
   <div class='ocr_carea' id='block_1_38' title="bbox 231 3533 1839 3606">
    <p class='ocr_par' dir='ltr' id='par_1_38' title="bbox 231 3533 1839 3606">
     <span class='ocr_line' id='line_1_38' title="bbox 231 3533 1839 3606; baseline 0.005 -20"><span class='ocrx_word' id='word_1_264' title='bbox 231 3547 395 3604; x_wconf 87' lang='lat' dir='ltr'><strong>porro</strong></span> <span class='ocrx_word' id='word_1_265' title='bbox 424 3573 441 3599; x_wconf 92' lang='lat'><strong>,</strong></span> <span class='ocrx_word' id='word_1_266' title='bbox 474 3549 600 3604; x_wconf 75' lang='lat' dir='ltr'><strong>qua:</strong></span> <span class='ocrx_word' id='word_1_267' title='bbox 631 3548 732 3588; x_wconf 81' lang='lat' dir='ltr'><strong>vos</strong></span> <span class='ocrx_word' id='word_1_268' title='bbox 755 3533 1002 3604; x_wconf 85' lang='lat' dir='ltr'><strong>perferre</strong></span> <span class='ocrx_word' id='word_1_269' title='bbox 1024 3535 1239 3590; x_wconf 82' lang='lat' dir='ltr'><strong>dixistis</strong></span> <span class='ocrx_word' id='word_1_270' title='bbox 1269 3577 1284 3602; x_wconf 93' lang='lat'><strong>,</strong></span> <span class='ocrx_word' id='word_1_271' title='bbox 1321 3536 1432 3606; x_wconf 87' lang='lat' dir='ltr'><strong>iam</strong></span> <span class='ocrx_word' id='word_1_272' title='bbox 1461 3547 1621 3593; x_wconf 87' lang='lat' dir='ltr'><strong>antea</strong></span> <span class='ocrx_word' id='word_1_273' title='bbox 1653 3553 1680 3591; x_wconf 92' lang='lat' dir='ltr'><strong>a</strong></span> <span class='ocrx_word' id='word_1_274' title='bbox 1711 3553 1839 3594; x_wconf 91' lang='lat' dir='ltr'><strong>eoe-</strong></span> 
     </span>
    </p>
   </div>
   <div class='ocr_carea' id='block_1_39' title="bbox 235 3627 1837 3705">
    <p class='ocr_par' dir='ltr' id='par_1_39' title="bbox 235 3627 1837 3705">
     <span class='ocr_line' id='line_1_39' title="bbox 235 3627 1837 3705; baseline 0.004 -22"><span class='ocrx_word' id='word_1_275' title='bbox 235 3627 474 3701; x_wconf 89' lang='lat' dir='ltr'><strong>piscopis</strong></span> <span class='ocrx_word' id='word_1_276' title='bbox 499 3627 712 3684; x_wconf 90' lang='lat' dir='ltr'><strong>nostris</strong></span> <span class='ocrx_word' id='word_1_277' title='bbox 739 3670 754 3695; x_wconf 91' lang='lat'><strong>,</strong></span> <span class='ocrx_word' id='word_1_278' title='bbox 785 3629 872 3701; x_wconf 90' lang='lat' dir='ltr'><strong>qui</strong></span> <span class='ocrx_word' id='word_1_279' title='bbox 898 3628 1126 3686; x_wconf 83' lang='lat' dir='ltr'><strong>Romam</strong></span> <span class='ocrx_word' id='word_1_280' title='bbox 1153 3631 1282 3688; x_wconf 88' lang='lat' dir='ltr'><strong>licet</strong></span> <span class='ocrx_word' id='word_1_281' title='bbox 1310 3631 1543 3690; x_wconf 87' lang='lat' dir='ltr'><strong>diversis</strong></span> <span class='ocrx_word' id='word_1_282' title='bbox 1571 3631 1599 3670; x_wconf 72' lang='lat' dir='ltr'><strong>d</strong></span> <span class='ocrx_word' id='word_1_283' title='bbox 1625 3641 1837 3705; x_wconf 85' lang='lat' dir='ltr'><strong>tempo-</strong></span> 
     </span>
    </p>
   </div>
   <div class='ocr_carea' id='block_1_40' title="bbox 233 3816 1842 3888">
    <p class='ocr_par' dir='ltr' id='par_1_40' title="bbox 233 3816 1842 3888">
     <span class='ocr_line' id='line_1_40' title="bbox 233 3816 1842 3888; baseline 0 -15"><span class='ocrx_word' id='word_1_284' title='bbox 233 3817 519 3873; x_wconf 77' lang='lat' dir='ltr'><strong>Albanasii</strong></span> <span class='ocrx_word' id='word_1_285' title='bbox 548 3816 904 3873; x_wconf 58' lang='lat' dir='ltr'><strong>adversarios</strong></span> <span class='ocrx_word' id='word_1_286' title='bbox 936 3818 1139 3888; x_wconf 85' lang='lat' dir='ltr'><strong>primas</strong></span> <span class='ocrx_word' id='word_1_287' title='bbox 1166 3817 1220 3872; x_wconf 91' lang='lat' dir='ltr'><strong>in</strong></span> <span class='ocrx_word' id='word_1_288' title='bbox 1248 3833 1313 3872; x_wconf 91' lang='lat' dir='ltr'><strong>eo</strong></span> <span class='ocrx_word' id='word_1_289' title='bbox 1345 3819 1588 3873; x_wconf 87' lang='lat' dir='ltr'><strong>tenuisse</strong></span> <span class='ocrx_word' id='word_1_290' title='bbox 1620 3818 1676 3874; x_wconf 89' lang='lat' dir='ltr'><strong>in</strong></span> <span class='ocrx_word' id='word_1_291' title='bbox 1707 3832 1842 3873; x_wconf 85' lang='lat' dir='ltr'><strong>con-</strong></span> 
     </span>
    </p>
   </div>
   <div class='ocr_carea' id='block_1_41' title="bbox 233 3888 1832 3960">
    <p class='ocr_par' dir='ltr' id='par_1_41' title="bbox 233 3888 1832 3960">
     <span class='ocr_line' id='line_1_41' title="bbox 233 3888 1832 3960; baseline -0.001 -16"><span class='ocrx_word' id='word_1_292' title='bbox 233 3889 379 3945; x_wconf 74' lang='lat' dir='ltr'><strong>fesso</strong></span> <span class='ocrx_word' id='word_1_293' title='bbox 407 3894 522 3944; x_wconf 83' lang='lat' dir='ltr'><strong>sit:</strong></span> <span class='ocrx_word' id='word_1_294' title='bbox 557 3899 724 3958; x_wconf 78' lang='lat' dir='ltr'><strong>atque</strong></span> <span class='ocrx_word' id='word_1_295' title='bbox 750 3888 908 3957; x_wconf 81' lang='lat' dir='ltr'><strong>huius</strong></span> <span class='ocrx_word' id='word_1_296' title='bbox 933 3891 1010 3944; x_wconf 90' lang='lat' dir='ltr'><strong>rei</strong></span> <span class='ocrx_word' id='word_1_297' title='bbox 1042 3890 1200 3944; x_wconf 75' lang='lat' dir='ltr'><strong>teStis</strong></span> <span class='ocrx_word' id='word_1_298' title='bbox 1230 3900 1308 3942; x_wconf 82' lang='lat' dir='ltr'><strong>est</strong></span> <span class='ocrx_word' id='word_1_299' title='bbox 1341 3891 1586 3960; x_wconf 87' lang='lat' dir='ltr'><strong>prolatus</strong></span> <span class='ocrx_word' id='word_1_300' title='bbox 1613 3905 1790 3943; x_wconf 87' lang='lat' dir='ltr'><strong>canon</strong></span> <span class='ocrx_word' id='word_1_301' title='bbox 1819 3931 1832 3955; x_wconf 95' lang='lat'><strong>,</strong></span> 
     </span>
    </p>
   </div>
   <div class='ocr_carea' id='block_1_42' title="bbox 234 3961 1841 4032">
    <p class='ocr_par' dir='ltr' id='par_1_42' title="bbox 234 3961 1841 4032">
     <span class='ocr_line' id='line_1_42' title="bbox 234 3961 1841 4032; baseline -0.001 -16"><span class='ocrx_word' id='word_1_302' title='bbox 234 3965 321 4031; x_wconf 91' lang='lat' dir='ltr'><strong>qui</strong></span> <span class='ocrx_word' id='word_1_303' title='bbox 374 3963 630 4016; x_wconf 69' lang='lat' dir='ltr'><strong>c0ttstt|l0</strong></span> <span class='ocrx_word' id='word_1_304' title='bbox 673 3962 739 4014; x_wconf 84' lang='lat' dir='ltr'><strong>ad</strong></span> <span class='ocrx_word' id='word_1_305' title='bbox 789 3976 1019 4032; x_wconf 67' lang='lat' dir='ltr'><strong>attinent</strong></span> <span class='ocrx_word' id='word_1_306' title='bbox 1062 3961 1421 4016; x_wconf 54' lang='lat' dir='ltr'><strong>restitutionis</strong></span> <span class='ocrx_word' id='word_1_307' title='bbox 1468 3977 1621 4032; x_wconf 84' lang='lat' dir='ltr'><strong>spem</strong></span> <span class='ocrx_word' id='word_1_308' title='bbox 1673 3961 1841 4015; x_wconf 85' lang='lat' dir='ltr'><strong>Atha-</strong></span> 
     </span>
    </p>
   </div>
   <div class='ocr_carea' id='block_1_43' title="bbox 236 4030 1198 4088">
    <p class='ocr_par' dir='ltr' id='par_1_43' title="bbox 236 4030 1198 4088">
     <span class='ocr_line' id='line_1_43' title="bbox 236 4030 1198 4088; baseline -0.002 0"><span class='ocrx_word' id='word_1_309' title='bbox 236 4030 390 4088; x_wconf 68' lang='lat' dir='ltr'><strong>nasio</strong></span> <span class='ocrx_word' id='word_1_310' title='bbox 414 4032 776 4087; x_wconf 70' lang='lat' dir='ltr'><strong>auferendum</strong></span> <span class='ocrx_word' id='word_1_311' title='bbox 797 4031 975 4087; x_wconf 60' lang='lat' dir='ltr'><strong>editus</strong></span> <span class='ocrx_word' id='word_1_312' title='bbox 999 4030 1198 4086; x_wconf 77' lang='lat' dir='ltr'><strong>fuerat.</strong></span> 
     </span>
    </p>
   </div>
   <div class='ocr_carea' id='block_1_44' title="bbox 307 4103 1844 4173">
    <p class='ocr_par' dir='ltr' id='par_1_44' title="bbox 307 4103 1844 4173">
     <span class='ocr_line' id='line_1_44' title="bbox 307 4103 1844 4173; baseline -0.001 -14"><span class='ocrx_word' id='word_1_313' title='bbox 307 4115 331 4142; x_wconf 67' lang='grc' dir='ltr'><strong>ιδ</strong></span> <span class='ocrx_word' id='word_1_314' title='bbox 377 4105 588 4159; x_wconf 64' lang='lat' dir='ltr'><strong>Praeter</strong></span> <span class='ocrx_word' id='word_1_315' title='bbox 637 4105 767 4156; x_wconf 90' lang='lat' dir='ltr'><strong>illos</strong></span> <span class='ocrx_word' id='word_1_316' title='bbox 795 4144 808 4165; x_wconf 91' lang='lat'><strong>,</strong></span> <span class='ocrx_word' id='word_1_317' title='bbox 847 4106 1021 4173; x_wconf 83' lang='lat' dir='ltr'><strong>inquit</strong></span> <span class='ocrx_word' id='word_1_318' title='bbox 1065 4103 1322 4158; x_wconf 86' lang='lat' dir='ltr'><strong>Pascltas.</strong></span> <span class='ocrx_word' id='word_1_319' title='bbox 1355 4104 1686 4171; x_wconf 75' lang='lat' dir='ltr'><strong>Qucsnellus</strong></span> <span class='ocrx_word' id='word_1_320' title='bbox 1717 4103 1844 4157; x_wconf 86' lang='lat' dir='ltr'><strong>Dis-</strong></span> 
     </span>
    </p>
   </div>
   <div class='ocr_carea' id='block_1_45' title="bbox 236 4175 1842 4242">
    <p class='ocr_par' dir='ltr' id='par_1_45' title="bbox 236 4175 1842 4242">
     <span class='ocr_line' id='line_1_45' title="bbox 236 4175 1842 4242; baseline -0.004 -11"><span class='ocrx_word' id='word_1_321' title='bbox 236 4186 370 4234; x_wconf 84' lang='lat' dir='ltr'><strong>sert.</strong></span> <span class='ocrx_word' id='word_1_322' title='bbox 408 4175 475 4230; x_wconf 73' lang='lat' dir='ltr'><strong>l2</strong></span> <span class='ocrx_word' id='word_1_323' title='bbox 501 4179 569 4229; x_wconf 88' lang='lat' dir='ltr'><strong>ad</strong></span> <span class='ocrx_word' id='word_1_324' title='bbox 600 4175 811 4229; x_wconf 88' lang='lat' dir='ltr'><strong>calcem</strong></span> <span class='ocrx_word' id='word_1_325' title='bbox 835 4191 1059 4242; x_wconf 89' lang='lat' dir='ltr'><strong>operum</strong></span> <span class='ocrx_word' id='word_1_326' title='bbox 1089 4175 1291 4230; x_wconf 85' lang='lat' dir='ltr'><strong>Leonis</strong></span> <span class='ocrx_word' id='word_1_327' title='bbox 1339 4192 1388 4228; x_wconf 70' lang='grc' dir='ltr'><strong>(ι.</strong></span> <span class='ocrx_word' id='word_1_328' title='bbox 1421 4175 1476 4240; x_wconf 74' lang='lat'><strong>2,</strong></span> <span class='ocrx_word' id='word_1_329' title='bbox 1513 4179 1679 4229; x_wconf 84' lang='lat' dir='ltr'><strong>etiam</strong></span> <span class='ocrx_word' id='word_1_330' title='bbox 1713 4175 1842 4230; x_wconf 88' lang='lat' dir='ltr'><strong>Sar-</strong></span> 
     </span>
    </p>
   </div>
   <div class='ocr_carea' id='block_1_46' title="bbox 235 4244 1843 4317">
    <p class='ocr_par' dir='ltr' id='par_1_46' title="bbox 235 4244 1843 4317">
     <span class='ocr_line' id='line_1_46' title="bbox 235 4244 1843 4317; baseline -0.002 -16"><span class='ocrx_word' id='word_1_331' title='bbox 235 4249 466 4302; x_wconf 72' lang='lat' dir='ltr'><strong>dicenses</strong></span> <span class='ocrx_word' id='word_1_332' title='bbox 509 4247 794 4317; x_wconf 79' lang='lat' dir='ltr'><strong>recipiebat</strong></span> <span class='ocrx_word' id='word_1_333' title='bbox 826 4244 1162 4300; x_wconf 79' lang='lat' dir='ltr'><strong>Innocentius</strong></span> <span class='ocrx_word' id='word_1_334' title='bbox 1184 4289 1198 4307; x_wconf 84' lang='lat'><strong>,</strong></span> <span class='ocrx_word' id='word_1_335' title='bbox 1231 4245 1320 4300; x_wconf 86' lang='lat' dir='ltr'><strong>sed</strong></span> <span class='ocrx_word' id='word_1_336' title='bbox 1361 4245 1566 4300; x_wconf 85' lang='lat' dir='ltr'><strong>habitos</strong></span> <span class='ocrx_word' id='word_1_337' title='bbox 1614 4261 1706 4315; x_wconf 81' lang='lat' dir='ltr'><strong>pro</strong></span> <span class='ocrx_word' id='word_1_338' title='bbox 1743 4245 1843 4298; x_wconf 85' lang='lat' dir='ltr'><strong>Ni-</strong></span> 
     </span>
    </p>
   </div>
   <div class='ocr_carea' id='block_1_47' title="bbox 238 4318 1838 4386">
    <p class='ocr_par' dir='ltr' id='par_1_47' title="bbox 238 4318 1838 4386">
     <span class='ocr_line' id='line_1_47' title="bbox 238 4318 1838 4386; baseline -0.001 -13"><span class='ocrx_word' id='word_1_339' title='bbox 238 4323 412 4381; x_wconf 73' lang='lat' dir='ltr'><strong>ctenis,</strong></span> <span class='ocrx_word' id='word_1_340' title='bbox 447 4334 736 4386; x_wconf 83' lang='lat' dir='ltr'><strong>eorumque</strong></span> <span class='ocrx_word' id='word_1_341' title='bbox 763 4322 969 4372; x_wconf 84' lang='lat' dir='ltr'><strong>nomine</strong></span> <span class='ocrx_word' id='word_1_342' title='bbox 1017 4319 1284 4372; x_wconf 87' lang='lat' dir='ltr'><strong>decoratos</strong></span> <span class='ocrx_word' id='word_1_343' title='bbox 1310 4335 1370 4370; x_wconf 90' lang='lat' dir='ltr'><strong>ac</strong></span> <span class='ocrx_word' id='word_1_344' title='bbox 1399 4318 1626 4372; x_wconf 82' lang='lat' dir='ltr'><strong>vestitos.</strong></span> <span class='ocrx_word' id='word_1_345' title='bbox 1681 4318 1742 4370; x_wconf 70' lang='lat' dir='ltr'><strong>lit</strong></span> <span class='ocrx_word' id='word_1_346' title='bbox 1775 4333 1838 4371; x_wconf 84' lang='lat' dir='ltr'><strong>ex</strong></span> 
     </span>
    </p>
   </div>
   <div class='ocr_carea' id='block_1_48' title="bbox 239 4387 1843 4461">
    <p class='ocr_par' dir='ltr' id='par_1_48' title="bbox 239 4387 1843 4461">
     <span class='ocr_line' id='line_1_48' title="bbox 239 4387 1843 4461; baseline -0.006 -14"><span class='ocrx_word' id='word_1_347' title='bbox 239 4407 306 4447; x_wconf 89' lang='lat' dir='ltr'><strong>eo</strong></span> <span class='ocrx_word' id='word_1_348' title='bbox 333 4393 588 4461; x_wconf 87' lang='lat' dir='ltr'><strong>quidem,</strong></span> <span class='ocrx_word' id='word_1_349' title='bbox 615 4394 764 4459; x_wconf 75' lang='lat' dir='ltr'><strong>quint</strong></span> <span class='ocrx_word' id='word_1_350' title='bbox 787 4390 879 4444; x_wconf 86' lang='lat' dir='ltr'><strong>ille</strong></span> <span class='ocrx_word' id='word_1_351' title='bbox 911 4390 1154 4459; x_wconf 70' lang='lat' dir='ltr'><strong>pontifex</strong></span> <span class='ocrx_word' id='word_1_352' title='bbox 1185 4390 1252 4444; x_wconf 89' lang='lat' dir='ltr'><strong>de</strong></span> <span class='ocrx_word' id='word_1_353' title='bbox 1283 4389 1599 4442; x_wconf 83' lang='lat' dir='ltr'><strong>Sardiceosi</strong></span> <span class='ocrx_word' id='word_1_354' title='bbox 1630 4387 1843 4461; x_wconf 80' lang='lat' dir='ltr'><strong>synodo</strong></span> 
     </span>
    </p>
   </div>
   <div class='ocr_carea' id='block_1_49' title="bbox 239 4459 1844 4529">
    <p class='ocr_par' dir='ltr' id='par_1_49' title="bbox 239 4459 1844 4529">
     <span class='ocr_line' id='line_1_49' title="bbox 239 4459 1844 4529; baseline -0.004 -11"><span class='ocrx_word' id='word_1_355' title='bbox 239 4459 618 4518; x_wconf 78' lang='lat' dir='ltr'><strong>Antioclleuus</strong></span> <span class='ocrx_word' id='word_1_356' title='bbox 671 4476 909 4516; x_wconf 83' lang='lat' dir='ltr'><strong>canones</strong></span> <span class='ocrx_word' id='word_1_357' title='bbox 965 4461 1368 4515; x_wconf 83' lang='lat' dir='ltr'><strong>condemnattte</strong></span> <span class='ocrx_word' id='word_1_358' title='bbox 1403 4461 1648 4529; x_wconf 83' lang='lat' dir='ltr'><strong>proxime</strong></span> <span class='ocrx_word' id='word_1_359' title='bbox 1675 4459 1844 4526; x_wconf 85' lang='lat' dir='ltr'><strong>subji-</strong></span> 
     </span>
    </p>
   </div>
   <div class='ocr_carea' id='block_1_50' title="bbox 240 4530 1844 4604">
    <p class='ocr_par' dir='ltr' id='par_1_50' title="bbox 240 4530 1844 4604">
     <span class='ocr_line' id='line_1_50' title="bbox 240 4530 1844 4604; baseline -0.004 -14"><span class='ocrx_word' id='word_1_360' title='bbox 240 4536 346 4601; x_wconf 92' lang='lat' dir='ltr'><strong>cit,</strong></span> <span class='ocrx_word' id='word_1_361' title='bbox 380 4537 740 4604; x_wconf 67' lang='lat' dir='ltr'><strong>perspicuum</strong></span> <span class='ocrx_word' id='word_1_362' title='bbox 795 4543 880 4587; x_wconf 90' lang='lat' dir='ltr'><strong>est</strong></span> <span class='ocrx_word' id='word_1_363' title='bbox 932 4533 1000 4586; x_wconf 78' lang='lat' dir='ltr'><strong>ali</strong></span> <span class='ocrx_word' id='word_1_364' title='bbox 1051 4539 1170 4604; x_wconf 82' lang='lat' dir='ltr'><strong>ipso</strong></span> <span class='ocrx_word' id='word_1_365' title='bbox 1222 4533 1388 4598; x_wconf 77' lang='lat' dir='ltr'><strong>recipi</strong></span> <span class='ocrx_word' id='word_1_366' title='bbox 1441 4549 1559 4604; x_wconf 68' lang='lat' dir='ltr'><strong>quae</strong></span> <span class='ocrx_word' id='word_1_367' title='bbox 1605 4530 1844 4604; x_wconf 58' lang='lat' dir='ltr'><strong>Sardicte</strong></span> 
     </span>
    </p>
   </div>
   <div class='ocr_carea' id='block_1_51' title="bbox 237 4602 1846 4676">
    <p class='ocr_par' dir='ltr' id='par_1_51' title="bbox 237 4602 1846 4676">
     <span class='ocr_line' id='line_1_51' title="bbox 237 4602 1846 4676; baseline -0.004 -16"><span class='ocrx_word' id='word_1_368' title='bbox 237 4602 390 4676; x_wconf 61' lang='lat' dir='ltr'><strong>gesta</strong></span> <span class='ocrx_word' id='word_1_369' title='bbox 415 4602 565 4660; x_wconf 72' lang='lat' dir='ltr'><strong>sunt.</strong></span> <span class='ocrx_word' id='word_1_370' title='bbox 618 4603 728 4659; x_wconf 85' lang='lat' dir='ltr'><strong>Sed</strong></span> <span class='ocrx_word' id='word_1_371' title='bbox 758 4619 880 4658; x_wconf 87' lang='lat' dir='ltr'><strong>eum</strong></span> <span class='ocrx_word' id='word_1_372' title='bbox 911 4605 996 4657; x_wconf 86' lang='lat' dir='ltr'><strong>illa</strong></span> <span class='ocrx_word' id='word_1_373' title='bbox 1030 4603 1208 4657; x_wconf 89' lang='lat' dir='ltr'><strong>laudet</strong></span> <span class='ocrx_word' id='word_1_374' title='bbox 1265 4605 1487 4672; x_wconf 85' lang='lat' dir='ltr'><strong>prOprio</strong></span> <span class='ocrx_word' id='word_1_375' title='bbox 1518 4602 1846 4676; x_wconf 66' lang='lat' dir='ltr'><strong>Sardicensis</strong></span> 
     </span>
    </p>
   </div>
   <div class='ocr_carea' id='block_1_52' title="bbox 239 4673 1847 4749">
    <p class='ocr_par' dir='ltr' id='par_1_52' title="bbox 239 4673 1847 4749">
     <span class='ocr_line' id='line_1_52' title="bbox 239 4673 1847 4749; baseline -0.003 -18"><span class='ocrx_word' id='word_1_376' title='bbox 239 4673 424 4749; x_wconf 69' lang='lat' dir='ltr'><strong>synodi</strong></span> <span class='ocrx_word' id='word_1_377' title='bbox 471 4677 738 4741; x_wconf 88' lang='lat' dir='ltr'><strong>nomine;</strong></span> <span class='ocrx_word' id='word_1_378' title='bbox 773 4677 1130 4749; x_wconf 63' lang='lat' dir='ltr'><strong>Sardiceitses</strong></span> <span class='ocrx_word' id='word_1_379' title='bbox 1156 4690 1408 4749; x_wconf 33' lang='grc' dir='ltr'><strong>-ισιιιιοιιθε</strong></span> <span class='ocrx_word' id='word_1_380' title='bbox 1447 4683 1506 4728; x_wconf 88' lang='lat' dir='ltr'><strong>ut</strong></span> <span class='ocrx_word' id='word_1_381' title='bbox 1545 4689 1574 4728; x_wconf 92' lang='lat' dir='ltr'><strong>a</strong></span> <span class='ocrx_word' id='word_1_382' title='bbox 1614 4673 1847 4727; x_wconf 79' lang='lat' dir='ltr'><strong>Nn-a-nis</strong></span> 
     </span>
    </p>
   </div>
   <div class='ocr_carea' id='block_1_53' title="bbox 245 4745 1850 4817">
    <p class='ocr_par' dir='ltr' id='par_1_53' title="bbox 245 4745 1850 4817">
     <span class='ocr_line' id='line_1_53' title="bbox 245 4745 1850 4817; baseline -0.004 -14"><span class='ocrx_word' id='word_1_383' title='bbox 245 4745 532 4804; x_wconf 47' lang='lat' dir='ltr'><strong>distinctos</strong></span> <span class='ocrx_word' id='word_1_384' title='bbox 564 4789 581 4814; x_wconf 91' lang='lat'><strong>,</strong></span> <span class='ocrx_word' id='word_1_385' title='bbox 619 4764 728 4800; x_wconf 89' lang='lat' dir='ltr'><strong>non</strong></span> <span class='ocrx_word' id='word_1_386' title='bbox 759 4756 817 4802; x_wconf 94' lang='lat' dir='ltr'><strong>ut</strong></span> <span class='ocrx_word' id='word_1_387' title='bbox 839 4764 931 4816; x_wconf 86' lang='lat' dir='ltr'><strong>pro</strong></span> <span class='ocrx_word' id='word_1_388' title='bbox 961 4745 1194 4808; x_wconf 77' lang='lat' dir='ltr'><strong>Nictcnis</strong></span> <span class='ocrx_word' id='word_1_389' title='bbox 1226 4747 1426 4800; x_wconf 82' lang='lat' dir='ltr'><strong>habitos</strong></span> <span class='ocrx_word' id='word_1_390' title='bbox 1455 4761 1728 4817; x_wconf 84' lang='lat' dir='ltr'><strong>eorumque</strong></span> <span class='ocrx_word' id='word_1_391' title='bbox 1755 4761 1850 4797; x_wconf 82' lang='lat' dir='ltr'><strong>no-</strong></span> 
     </span>
    </p>
   </div>
   <div class='ocr_carea' id='block_1_54' title="bbox 243 4817 1849 4885">
    <p class='ocr_par' dir='ltr' id='par_1_54' title="bbox 243 4817 1849 4885">
     <span class='ocr_line' id='line_1_54' title="bbox 243 4817 1849 4885; baseline -0.003 -12"><span class='ocrx_word' id='word_1_392' title='bbox 243 4824 376 4876; x_wconf 86' lang='lat' dir='ltr'><strong>mine</strong></span> <span class='ocrx_word' id='word_1_393' title='bbox 401 4832 616 4875; x_wconf 79' lang='lat' dir='ltr'><strong>vestitos</strong></span> <span class='ocrx_word' id='word_1_394' title='bbox 647 4859 662 4882; x_wconf 93' lang='lat'><strong>,</strong></span> <span class='ocrx_word' id='word_1_395' title='bbox 696 4819 764 4872; x_wconf 86' lang='lat' dir='ltr'><strong>ab</strong></span> <span class='ocrx_word' id='word_1_396' title='bbox 787 4836 853 4872; x_wconf 80' lang='lat' dir='ltr'><strong>eo</strong></span> <span class='ocrx_word' id='word_1_397' title='bbox 880 4831 1132 4885; x_wconf 85' lang='lat' dir='ltr'><strong>receptos</strong></span> <span class='ocrx_word' id='word_1_398' title='bbox 1174 4832 1299 4872; x_wconf 88' lang='lat' dir='ltr'><strong>esse</strong></span> <span class='ocrx_word' id='word_1_399' title='bbox 1331 4835 1435 4871; x_wconf 87' lang='lat' dir='ltr'><strong>tton</strong></span> <span class='ocrx_word' id='word_1_400' title='bbox 1465 4819 1645 4871; x_wconf 88' lang='lat' dir='ltr'><strong>minus</strong></span> <span class='ocrx_word' id='word_1_401' title='bbox 1677 4817 1849 4868; x_wconf 88' lang='lat' dir='ltr'><strong>mani-</strong></span> 
     </span>
    </p>
   </div>
   <div class='ocr_carea' id='block_1_55' title="bbox 244 4889 1848 4956">
    <p class='ocr_par' dir='ltr' id='par_1_55' title="bbox 244 4889 1848 4956">
     <span class='ocr_line' id='line_1_55' title="bbox 244 4889 1848 4956; baseline -0.003 -11"><span class='ocrx_word' id='word_1_402' title='bbox 244 4893 440 4946; x_wconf 77' lang='lat' dir='ltr'><strong>festum</strong></span> <span class='ocrx_word' id='word_1_403' title='bbox 489 4901 597 4945; x_wconf 86' lang='lat' dir='ltr'><strong>est.</strong></span> <span class='ocrx_word' id='word_1_404' title='bbox 650 4891 915 4956; x_wconf 77' lang='lat' dir='ltr'><strong>Quocirca</strong></span> <span class='ocrx_word' id='word_1_405' title='bbox 967 4889 1344 4942; x_wconf 87' lang='lat' dir='ltr'><strong>Innocentium</strong></span> <span class='ocrx_word' id='word_1_406' title='bbox 1382 4892 1450 4943; x_wconf 86' lang='lat' dir='ltr'><strong>ita</strong></span> <span class='ocrx_word' id='word_1_407' title='bbox 1494 4890 1848 4956; x_wconf 81' lang='lat' dir='ltr'><strong>intelligimus</strong></span> 
     </span>
    </p>
   </div>
   <div class='ocr_carea' id='block_1_56' title="bbox 244 4961 1844 5030">
    <p class='ocr_par' dir='ltr' id='par_1_56' title="bbox 244 4961 1844 5030">
     <span class='ocr_line' id='line_1_56' title="bbox 244 4961 1844 5030; baseline -0.004 -12"><span class='ocrx_word' id='word_1_408' title='bbox 244 4968 385 5018; x_wconf 87' lang='lat' dir='ltr'><strong>solos</strong></span> <span class='ocrx_word' id='word_1_409' title='bbox 424 4962 685 5018; x_wconf 70' lang='lat' dir='ltr'><strong>Nicaanos</strong></span> <span class='ocrx_word' id='word_1_410' title='bbox 740 4975 979 5015; x_wconf 85' lang='lat' dir='ltr'><strong>canones</strong></span> <span class='ocrx_word' id='word_1_411' title='bbox 1019 4961 1308 5014; x_wconf 79' lang='lat' dir='ltr'><strong>sectandos</strong></span> <span class='ocrx_word' id='word_1_412' title='bbox 1352 4961 1697 5030; x_wconf 67' lang='lat' dir='ltr'><strong>prmdicare,</strong></span> <span class='ocrx_word' id='word_1_413' title='bbox 1741 4975 1844 5012; x_wconf 89' lang='lat' dir='ltr'><strong>non</strong></span> 
     </span>
    </p>
   </div>
   <div class='ocr_carea' id='block_1_57' title="bbox 245 5031 1850 5106">
    <p class='ocr_par' dir='ltr' id='par_1_57' title="bbox 245 5031 1850 5106">
     <span class='ocr_line' id='line_1_57' title="bbox 245 5031 1850 5106; baseline -0.005 -16"><span class='ocrx_word' id='word_1_414' title='bbox 245 5048 300 5090; x_wconf 84' lang='lat' dir='ltr'><strong>ut</strong></span> <span class='ocrx_word' id='word_1_415' title='bbox 330 5037 657 5106; x_wconf 71' lang='lat' dir='ltr'><strong>rejicmntur</strong></span> <span class='ocrx_word' id='word_1_416' title='bbox 695 5043 788 5087; x_wconf 89' lang='lat' dir='ltr'><strong>aut</strong></span> <span class='ocrx_word' id='word_1_417' title='bbox 817 5043 1150 5106; x_wconf 70' lang='lat' dir='ltr'><strong>Spertiautur</strong></span> <span class='ocrx_word' id='word_1_418' title='bbox 1181 5033 1272 5106; x_wconf 88' lang='lat' dir='ltr'><strong>qui</strong></span> <span class='ocrx_word' id='word_1_419' title='bbox 1314 5049 1456 5106; x_wconf 83' lang='lat' dir='ltr'><strong>cutu__</strong></span> <span class='ocrx_word' id='word_1_420' title='bbox 1478 5031 1589 5106; x_wconf 83' lang='lat' dir='ltr'><strong>illis</strong></span> <span class='ocrx_word' id='word_1_421' title='bbox 1617 5045 1850 5106; x_wconf 70' lang='lat' dir='ltr'><strong>consen-</strong></span> 
     </span>
    </p>
   </div>
   <div class='ocr_carea' id='block_1_58' title="bbox 246 5102 1846 5173">
    <p class='ocr_par' dir='ltr' id='par_1_58' title="bbox 246 5102 1846 5173">
     <span class='ocr_line' id='line_1_58' title="bbox 246 5102 1846 5173; baseline -0.006 -10"><span class='ocrx_word' id='word_1_422' title='bbox 246 5102 403 5170; x_wconf 57' lang='lat' dir='ltr'><strong>tiant,</strong></span> <span class='ocrx_word' id='word_1_423' title='bbox 436 5106 537 5162; x_wconf 85' lang='lat' dir='ltr'><strong>sed</strong></span> <span class='ocrx_word' id='word_1_424' title='bbox 570 5107 604 5159; x_wconf 88' lang='lat' dir='ltr'><strong>ii</strong></span> <span class='ocrx_word' id='word_1_425' title='bbox 635 5113 846 5159; x_wconf 87' lang='lat' dir='ltr'><strong>tantum</strong></span> <span class='ocrx_word' id='word_1_426' title='bbox 895 5102 991 5173; x_wconf 88' lang='lat' dir='ltr'><strong>qui</strong></span> <span class='ocrx_word' id='word_1_427' title='bbox 1033 5103 1385 5157; x_wconf 79' lang='lat' dir='ltr'><strong>dissentiam:</strong></span> <span class='ocrx_word' id='word_1_428' title='bbox 1419 5103 1676 5169; x_wconf 81' lang='lat' dir='ltr'><strong>Quoniam</strong></span> <span class='ocrx_word' id='word_1_429' title='bbox 1703 5143 1718 5166; x_wconf 96' lang='lat'><strong>,</strong></span> <span class='ocrx_word' id='word_1_430' title='bbox 1764 5102 1846 5154; x_wconf 92' lang='lat' dir='ltr'><strong>in-</strong></span> 
     </span>
    </p>
   </div>
   <div class='ocr_carea' id='block_1_59' title="bbox 244 5173 1846 5250">
    <p class='ocr_par' dir='ltr' id='par_1_59' title="bbox 244 5173 1846 5250">
     <span class='ocr_line' id='line_1_59' title="bbox 244 5173 1846 5250; baseline -0.006 -17"><span class='ocrx_word' id='word_1_431' title='bbox 244 5182 346 5250; x_wconf 84' lang='lat' dir='ltr'><strong>quit</strong></span> <span class='ocrx_word' id='word_1_432' title='bbox 383 5190 444 5234; x_wconf 89' lang='lat' dir='ltr'><strong>et</strong></span> <span class='ocrx_word' id='word_1_433' title='bbox 475 5179 590 5232; x_wconf 86' lang='lat' dir='ltr'><strong>Leo</strong></span> <span class='ocrx_word' id='word_1_434' title='bbox 619 5178 784 5245; x_wconf 86' lang='lat' dir='ltr'><strong>epist.</strong></span> <span class='ocrx_word' id='word_1_435' title='bbox 825 5174 896 5230; x_wconf 81' lang='lat'><strong>96</strong></span> <span class='ocrx_word' id='word_1_436' title='bbox 922 5216 936 5239; x_wconf 97' lang='lat'><strong>,</strong></span> <span class='ocrx_word' id='word_1_437' title='bbox 971 5173 1035 5227; x_wconf 86' lang='lat' dir='ltr'><strong>ad</strong></span> <span class='ocrx_word' id='word_1_438' title='bbox 1071 5174 1409 5228; x_wconf 84' lang='lat' dir='ltr'><strong>Pulclteriam</strong></span> <span class='ocrx_word' id='word_1_439' title='bbox 1430 5215 1446 5239; x_wconf 89' lang='lat'><strong>,</strong></span> <span class='ocrx_word' id='word_1_440' title='bbox 1487 5191 1550 5250; x_wconf 33' lang='grc' dir='ltr'><strong>ιι..</strong></span> <span class='ocrx_word' id='word_1_441' title='bbox 1573 5174 1637 5234; x_wconf 69' lang='lat'><strong>2,</strong></span> <span class='ocrx_word' id='word_1_442' title='bbox 1663 5184 1846 5250; x_wconf 77' lang='lat' dir='ltr'><strong>contra</strong></span> 
     </span>
    </p>
   </div>
   <div class='ocr_carea' id='block_1_60' title="bbox 243 5245 1848 5315">
    <p class='ocr_par' dir='ltr' id='par_1_60' title="bbox 243 5245 1848 5315">
     <span class='ocr_line' id='line_1_60' title="bbox 243 5245 1848 5315; baseline -0.005 -10"><span class='ocrx_word' id='word_1_443' title='bbox 243 5245 432 5305; x_wconf 47' lang='lat' dir='ltr'><strong>s&#39;ta&#39;uta</strong></span> <span class='ocrx_word' id='word_1_444' title='bbox 475 5264 741 5304; x_wconf 82' lang='lat' dir='ltr'><strong>canonum</strong></span> <span class='ocrx_word' id='word_1_445' title='bbox 787 5256 1122 5311; x_wconf 81' lang='lat' dir='ltr'><strong>paternorum</strong></span> <span class='ocrx_word' id='word_1_446' title='bbox 1153 5285 1166 5308; x_wconf 97' lang='lat'><strong>,</strong></span> <span class='ocrx_word' id='word_1_447' title='bbox 1214 5261 1329 5310; x_wconf 72' lang='lat' dir='ltr'><strong>quo:</strong></span> <span class='ocrx_word' id='word_1_448' title='bbox 1373 5256 1493 5299; x_wconf 82' lang='lat' dir='ltr'><strong>ante</strong></span> <span class='ocrx_word' id='word_1_449' title='bbox 1532 5245 1848 5315; x_wconf 67' lang='lat' dir='ltr'><strong>longissimae</strong></span> 
     </span>
    </p>
   </div>
   <div class='ocr_carea' id='block_1_61' title="bbox 243 5316 1846 5386">
    <p class='ocr_par' dir='ltr' id='par_1_61' title="bbox 243 5316 1846 5386">
     <span class='ocr_line' id='line_1_61' title="bbox 243 5316 1846 5386; baseline -0.006 -10"><span class='ocrx_word' id='word_1_450' title='bbox 243 5325 407 5376; x_wconf 72' lang='lat' dir='ltr'><strong>(etatis</strong></span> <span class='ocrx_word' id='word_1_451' title='bbox 435 5337 608 5375; x_wconf 85' lang='lat' dir='ltr'><strong>annos</strong></span> <span class='ocrx_word' id='word_1_452' title='bbox 635 5320 687 5371; x_wconf 85' lang='lat' dir='ltr'><strong>in</strong></span> <span class='ocrx_word' id='word_1_453' title='bbox 719 5317 841 5370; x_wconf 84' lang='lat' dir='ltr'><strong>urbe</strong></span> <span class='ocrx_word' id='word_1_454' title='bbox 873 5316 921 5370; x_wconf 83' lang='grc' dir='ltr'><em>Ν</em></span> <span class='ocrx_word' id='word_1_455' title='bbox 931 5319 1092 5369; x_wconf 76' lang='grc' dir='ltr'>ἱειεηα</span> <span class='ocrx_word' id='word_1_456' title='bbox 1122 5316 1447 5382; x_wconf 83' lang='lat' dir='ltr'><strong>spiritalibus</strong></span> <span class='ocrx_word' id='word_1_457' title='bbox 1479 5329 1595 5369; x_wconf 86' lang='lat' dir='ltr'><strong>sunt</strong></span> <span class='ocrx_word' id='word_1_458' title='bbox 1626 5318 1846 5386; x_wconf 71' lang='lat' dir='ltr'><strong>fundata</strong></span> 
     </span>
    </p>
   </div>
   <div class='ocr_carea' id='block_1_62' title="bbox 244 5387 1846 5460">
    <p class='ocr_par' dir='ltr' id='par_1_62' title="bbox 244 5387 1846 5460">
     <span class='ocr_line' id='line_1_62' title="bbox 244 5387 1846 5460; baseline -0.007 -12"><span class='ocrx_word' id='word_1_459' title='bbox 244 5395 494 5455; x_wconf 81' lang='lat' dir='ltr'><strong>decretis,</strong></span> <span class='ocrx_word' id='word_1_460' title='bbox 527 5390 668 5444; x_wconf 84' lang='lat' dir='ltr'><strong>nihil</strong></span> <span class='ocrx_word' id='word_1_461' title='bbox 699 5404 944 5460; x_wconf 79' lang='lat' dir='ltr'><strong>umquam</strong></span> <span class='ocrx_word' id='word_1_462' title='bbox 995 5388 1187 5440; x_wconf 83' lang='lat' dir='ltr'><strong>audere</strong></span> <span class='ocrx_word' id='word_1_463' title='bbox 1223 5388 1566 5454; x_wconf 83' lang='lat' dir='ltr'><strong>conceditur;</strong></span> <span class='ocrx_word' id='word_1_464' title='bbox 1598 5390 1671 5441; x_wconf 85' lang='lat' dir='ltr'><strong>im</strong></span> <span class='ocrx_word' id='word_1_465' title='bbox 1710 5395 1764 5438; x_wconf 89' lang='lat' dir='ltr'><strong>ut</strong></span> <span class='ocrx_word' id='word_1_466' title='bbox 1800 5387 1846 5460; x_wconf 83' lang='lat' dir='ltr'><strong>si</strong></span> 
     </span>
    </p>
   </div>
   <div class='ocr_carea' id='block_1_63' title="bbox 242 5458 1841 5536">
    <p class='ocr_par' dir='ltr' id='par_1_63' title="bbox 242 5458 1841 5536">
     <span class='ocr_line' id='line_1_63' title="bbox 242 5458 1841 5536; baseline -0.004 -19"><span class='ocrx_word' id='word_1_467' title='bbox 242 5468 354 5536; x_wconf 82' lang='lat' dir='ltr'><strong>quis</strong></span> <span class='ocrx_word' id='word_1_468' title='bbox 378 5467 655 5536; x_wconf 68' lang='lat' dir='ltr'><strong>diuersum</strong></span> <span class='ocrx_word' id='word_1_469' title='bbox 705 5458 904 5523; x_wconf 72' lang='lat' dir='ltr'><strong>aliquid</strong></span> <span class='ocrx_word' id='word_1_470' title='bbox 957 5461 1228 5536; x_wconf 65' lang='lat' dir='ltr'><strong>decernere</strong></span> <span class='ocrx_word' id='word_1_471' title='bbox 1252 5461 1375 5536; x_wconf 52' lang='lat' dir='ltr'><strong>uelit</strong></span> <span class='ocrx_word' id='word_1_472' title='bbox 1399 5501 1414 5521; x_wconf 86' lang='lat'><strong>,</strong></span> <span class='ocrx_word' id='word_1_473' title='bbox 1443 5475 1496 5513; x_wconf 81' lang='lat' dir='ltr'><strong>se</strong></span> <span class='ocrx_word' id='word_1_474' title='bbox 1545 5459 1714 5536; x_wconf 77' lang='lat' dir='ltr'><strong>potius</strong></span> <span class='ocrx_word' id='word_1_475' title='bbox 1747 5458 1841 5536; x_wconf 78' lang='lat' dir='ltr'><strong>mi-</strong></span> 
     </span>
    </p>
   </div>
   <div class='ocr_carea' id='block_1_64' title="bbox 244 5529 1838 5608">
    <p class='ocr_par' dir='ltr' id='par_1_64' title="bbox 244 5529 1838 5608">
     <span class='ocr_line' id='line_1_64' title="bbox 244 5529 1838 5608; baseline -0.007 -17"><span class='ocrx_word' id='word_1_476' title='bbox 244 5529 388 5603; x_wconf 71' lang='lat' dir='ltr'><strong>nuat,</strong></span> <span class='ocrx_word' id='word_1_477' title='bbox 407 5549 572 5608; x_wconf 83' lang='lat' dir='ltr'><strong>quam</strong></span> <span class='ocrx_word' id='word_1_478' title='bbox 596 5531 688 5585; x_wconf 81' lang='lat' dir='ltr'><strong>illa</strong></span> <span class='ocrx_word' id='word_1_479' title='bbox 709 5541 1032 5608; x_wconf 62' lang='lat' dir='ltr'><strong>corrumpet.</strong></span> <span class='ocrx_word' id='word_1_480' title='bbox 1060 5529 1483 5608; x_wconf 77' lang='lat' dir='ltr'><strong>Certe_Ntc:en:n</strong></span> <span class='ocrx_word' id='word_1_481' title='bbox 1510 5532 1702 5600; x_wconf 83' lang='lat' dir='ltr'><strong>synodi</strong></span> <span class='ocrx_word' id='word_1_482' title='bbox 1729 5529 1838 5608; x_wconf 49' lang='lat' dir='ltr'><strong>vel:</strong></span> 
     </span>
    </p>
   </div>
   <div class='ocr_carea' id='block_1_65' title="bbox 244 5602 1837 5675">
    <p class='ocr_par' dir='ltr' id='par_1_65' title="bbox 244 5602 1837 5675">
     <span class='ocr_line' id='line_1_65' title="bbox 244 5602 1837 5675; baseline -0.008 -12"><span class='ocrx_word' id='word_1_483' title='bbox 244 5619 300 5663; x_wconf 92' lang='lat' dir='ltr'><strong>ut</strong></span> <span class='ocrx_word' id='word_1_484' title='bbox 329 5602 616 5675; x_wconf 61' lang='lat' dir='ltr'><strong>appendix</strong></span> <span class='ocrx_word' id='word_1_485' title='bbox 660 5602 992 5675; x_wconf 74' lang='lat' dir='ltr'><strong>sardicensis</strong></span> <span class='ocrx_word' id='word_1_486' title='bbox 1037 5603 1250 5675; x_wconf 81' lang='lat' dir='ltr'><strong>censeri</strong></span> <span class='ocrx_word' id='word_1_487' title='bbox 1283 5611 1457 5669; x_wconf 82' lang='lat' dir='ltr'><strong>petest</strong></span> <span class='ocrx_word' id='word_1_488' title='bbox 1483 5610 1722 5675; x_wconf 12' lang='lat' dir='ltr'><strong>,‘utpote</strong></span> <span class='ocrx_word' id='word_1_489' title='bbox 1750 5602 1837 5675; x_wconf 81' lang='lat' dir='ltr'><strong>cui</strong></span> 
     </span>
    </p>
   </div>
   <div class='ocr_carea' id='block_1_66' title="bbox 245 5670 1842 5752">
    <p class='ocr_par' dir='ltr' id='par_1_66' title="bbox 245 5670 1842 5752">
     <span class='ocr_line' id='line_1_66' title="bbox 245 5670 1842 5752; baseline -0.008 -16"><span class='ocrx_word' id='word_1_490' title='bbox 245 5670 457 5752; x_wconf 67' lang='lat' dir='ltr'><strong>praefuit</strong></span> <span class='ocrx_word' id='word_1_491' title='bbox 482 5677 685 5752; x_wconf 70' lang='lat' dir='ltr'><strong>Osins,</strong></span> <span class='ocrx_word' id='word_1_492' title='bbox 721 5675 811 5743; x_wconf 90' lang='lat' dir='ltr'><strong>qui</strong></span> <span class='ocrx_word' id='word_1_493' title='bbox 841 5673 1034 5752; x_wconf 54' lang='lat' dir='ltr'><strong>Nicone</strong></span> <span class='ocrx_word' id='word_1_494' title='bbox 1057 5672 1140 5726; x_wconf 75' lang='lat' dir='ltr'><strong>Vt&#39;l</strong></span> <span class='ocrx_word' id='word_1_495' title='bbox 1172 5673 1422 5752; x_wconf 75' lang='lat' dir='ltr'><strong>princeps</strong></span> <span class='ocrx_word' id='word_1_496' title='bbox 1451 5673 1530 5725; x_wconf 76' lang='lat' dir='ltr'><strong>vel</strong></span> <span class='ocrx_word' id='word_1_497' title='bbox 1558 5673 1704 5752; x_wconf 79' lang='lat' dir='ltr'><strong>inter</strong></span> <span class='ocrx_word' id='word_1_498' title='bbox 1711 5670 1842 5752; x_wconf 46' lang='lat' dir='ltr'><strong>“pii-</strong></span> 
     </span>
    </p>
   </div>
   <div class='ocr_carea' id='block_1_67' title="bbox 245 5740 1842 5818">
    <p class='ocr_par' dir='ltr' id='par_1_67' title="bbox 245 5740 1842 5818">
     <span class='ocr_line' id='line_1_67' title="bbox 245 5740 1842 5818; baseline -0.004 -18"><span class='ocrx_word' id='word_1_499' title='bbox 245 5740 448 5810; x_wconf 79' lang='lat' dir='ltr'><strong>inarios</strong></span> <span class='ocrx_word' id='word_1_500' title='bbox 478 5740 752 5818; x_wconf 72' lang='lat' dir='ltr'><strong>praesules</strong></span> <span class='ocrx_word' id='word_1_501' title='bbox 780 5740 1102 5818; x_wconf 61' lang='lat' dir='ltr'><strong>consederat</strong></span> <span class='ocrx_word' id='word_1_502' title='bbox 1128 5775 1143 5807; x_wconf 85' lang='lat'><strong>,</strong></span> <span class='ocrx_word' id='word_1_503' title='bbox 1176 5753 1231 5795; x_wconf 88' lang='lat' dir='ltr'><strong>et</strong></span> <span class='ocrx_word' id='word_1_504' title='bbox 1253 5745 1313 5818; x_wconf 68' lang='lat' dir='ltr'><strong>in</strong></span> <span class='ocrx_word' id='word_1_505' title='bbox 1336 5740 1440 5810; x_wconf 78' lang='lat' dir='ltr'><strong>tina</strong></span> <span class='ocrx_word' id='word_1_506' title='bbox 1471 5745 1658 5818; x_wconf 76' lang='lat' dir='ltr'><strong>eadem</strong></span> <span class='ocrx_word' id='word_1_507' title='bbox 1708 5743 1842 5794; x_wconf 84' lang='lat' dir='ltr'><strong>ﬁdes</strong></span> 
     </span>
    </p>
   </div>
   <div class='ocr_carea' id='block_1_68' title="bbox 244 5810 1842 5888">
    <p class='ocr_par' dir='ltr' id='par_1_68' title="bbox 244 5810 1842 5888">
     <span class='ocr_line' id='line_1_68' title="bbox 244 5810 1842 5888; baseline -0.006 -14"><span class='ocrx_word' id='word_1_508' title='bbox 244 5810 492 5880; x_wconf 62' lang='lat' dir='ltr'><strong>stabilita&#39;</strong></span> <span class='ocrx_word' id='word_1_509' title='bbox 522 5846 538 5888; x_wconf 59' lang='grc' dir='ltr'>ι</span> <span class='ocrx_word' id='word_1_510' title='bbox 581 5817 882 5887; x_wconf 78' lang='lat' dir='ltr'><strong>eademque</strong></span> <span class='ocrx_word' id='word_1_511' title='bbox 909 5812 1131 5869; x_wconf 64' lang='lat' dir='ltr'><strong>ltzt&#39;t&#39;esls</strong></span> <span class='ocrx_word' id='word_1_512' title='bbox 1159 5810 1445 5885; x_wconf 75' lang='lat' dir='ltr'><strong>proﬂigata</strong></span> <span class='ocrx_word' id='word_1_513' title='bbox 1475 5814 1574 5869; x_wconf 66' lang='lat' dir='ltr'><strong>catt</strong></span> <span class='ocrx_word' id='word_1_514' title='bbox 1614 5812 1842 5867; x_wconf 80' lang='lat' dir='ltr'><strong>Dnntaso</strong></span> 
     </span>
    </p>
   </div>
   <div class='ocr_carea' id='block_1_69' title="bbox 1960 533 3562 613">
    <p class='ocr_par' dir='ltr' id='par_1_69' title="bbox 1960 533 3562 613">
     <span class='ocr_line' id='line_1_69' title="bbox 1960 533 3562 613; baseline 0.009 -29"><span class='ocrx_word' id='word_1_515' title='bbox 1960 534 2091 595; x_wconf 86' lang='grc' dir='ltr'>σία,</span> <span class='ocrx_word' id='word_1_516' title='bbox 2139 533 2222 585; x_wconf 85' lang='grc' dir='ltr'><strong>καί</strong></span> <span class='ocrx_word' id='word_1_517' title='bbox 2268 534 2488 594; x_wconf 78' lang='grc' dir='ltr'><strong>τούτους</strong></span> <span class='ocrx_word' id='word_1_518' title='bbox 2539 539 2820 612; x_wconf 70' lang='grc' dir='ltr'><strong>γνωρίζειν.</strong></span> <span class='ocrx_word' id='word_1_519' title='bbox 2866 539 2922 590; x_wconf 82' lang='grc' dir='ltr'><strong>Εἰ</strong></span> <span class='ocrx_word' id='word_1_520' title='bbox 2964 534 3018 592; x_wconf 72' lang='grc' dir='ltr'><em>δέ</em></span> <span class='ocrx_word' id='word_1_521' title='bbox 3059 538 3225 613; x_wconf 81' lang='grc' dir='ltr'>ἕτεροι</span> <span class='ocrx_word' id='word_1_522' title='bbox 3266 541 3370 597; x_wconf 88' lang='grc' dir='ltr'><strong>ὑπό</strong></span> <span class='ocrx_word' id='word_1_523' title='bbox 3413 563 3562 599; x_wconf 86' lang='grc' dir='ltr'>τινων</span> 
     </span>
    </p>
   </div>
   <div class='ocr_carea' id='block_1_70' title="bbox 1958 625 3555 706">
    <p class='ocr_par' dir='ltr' id='par_1_70' title="bbox 1958 625 3555 706">
     <span class='ocr_line' id='line_1_70' title="bbox 1958 625 3555 706; baseline 0.009 -30"><span class='ocrx_word' id='word_1_524' title='bbox 1958 625 2356 697; x_wconf 81' lang='grc' dir='ltr'>προσφέρονται,</span> <span class='ocrx_word' id='word_1_525' title='bbox 2389 627 2566 688; x_wconf 80' lang='grc' dir='ltr'>οἵτινες</span> <span class='ocrx_word' id='word_1_526' title='bbox 2597 629 2700 683; x_wconf 83' lang='grc' dir='ltr'>ἀπὸ</span> <span class='ocrx_word' id='word_1_527' title='bbox 2738 636 2836 684; x_wconf 85' lang='grc' dir='ltr'><strong>τῶν</strong></span> <span class='ocrx_word' id='word_1_528' title='bbox 2882 631 2935 683; x_wconf 85' lang='grc' dir='ltr'>ἐν</span> <span class='ocrx_word' id='word_1_529' title='bbox 2977 633 3156 706; x_wconf 78' lang='grc' dir='ltr'>Νικαίᾳ</span> <span class='ocrx_word' id='word_1_530' title='bbox 3211 631 3555 705; x_wconf 62' lang='grc' dir='ltr'>διαφωνοῦσι,</span> 
     </span>
    </p>
   </div>
   <div class='ocr_carea' id='block_1_71' title="bbox 1959 716 3559 804">
    <p class='ocr_par' dir='ltr' id='par_1_71' title="bbox 1959 716 3559 804">
     <span class='ocr_line' id='line_1_71' title="bbox 1959 716 3559 804; baseline 0.01 -36"><span class='ocrx_word' id='word_1_531' title='bbox 1959 717 2045 769; x_wconf 87' lang='grc' dir='ltr'>καὶ</span> <span class='ocrx_word' id='word_1_532' title='bbox 2081 716 2182 770; x_wconf 90' lang='grc' dir='ltr'>ὑπό</span> <span class='ocrx_word' id='word_1_533' title='bbox 2217 717 2480 795; x_wconf 77' lang='grc' dir='ltr'>αἰρετικῶν</span> <span class='ocrx_word' id='word_1_534' title='bbox 2511 721 2781 791; x_wconf 81' lang='grc' dir='ltr'>ἐλέχονται</span> <span class='ocrx_word' id='word_1_535' title='bbox 2811 723 3167 794; x_wconf 82' lang='grc' dir='ltr'><strong>συντετάχθαι</strong></span> <span class='ocrx_word' id='word_1_536' title='bbox 3186 766 3199 788; x_wconf 87' lang='grc'>,</span> <span class='ocrx_word' id='word_1_537' title='bbox 3230 721 3372 780; x_wconf 80' lang='grc' dir='ltr'>οὗτοι</span> <span class='ocrx_word' id='word_1_538' title='bbox 3406 727 3559 804; x_wconf 84' lang='grc' dir='ltr'><strong>παρά</strong></span> 
     </span>
    </p>
   </div>
   <div class='ocr_carea' id='block_1_72' title="bbox 1957 811 3558 895">
    <p class='ocr_par' dir='ltr' id='par_1_72' title="bbox 1957 811 3558 895">
     <span class='ocr_line' id='line_1_72' title="bbox 1957 811 3558 895; baseline 0.007 -31"><span class='ocrx_word' id='word_1_539' title='bbox 1957 817 2056 864; x_wconf 85' lang='grc' dir='ltr'>τῶν</span> <span class='ocrx_word' id='word_1_540' title='bbox 2096 811 2361 865; x_wconf 82' lang='grc' dir='ltr'>καθολικῶν</span> <span class='ocrx_word' id='word_1_541' title='bbox 2409 813 2700 870; x_wconf 86' lang='grc' dir='ltr'>ἐπισκόπων</span> <span class='ocrx_word' id='word_1_542' title='bbox 2743 815 3136 871; x_wconf 80' lang='grc' dir='ltr'>ἁποϐάλλονται.</span> <span class='ocrx_word' id='word_1_543' title='bbox 3181 818 3255 871; x_wconf 84' lang='grc' dir='ltr'>Τά</span> <span class='ocrx_word' id='word_1_544' title='bbox 3305 821 3407 895; x_wconf 73' lang='grc' dir='ltr'><strong>γὰρ</strong></span> <span class='ocrx_word' id='word_1_545' title='bbox 3452 820 3558 875; x_wconf 86' lang='grc' dir='ltr'><strong>ὑπὸ</strong></span> 
     </span>
    </p>
   </div>
   <div class='ocr_carea' id='block_1_73' title="bbox 1958 903 3631 979">
    <p class='ocr_par' dir='ltr' id='par_1_73' title="bbox 1958 903 3631 979">
     <span class='ocr_line' id='line_1_73' title="bbox 1958 903 3631 979; baseline 0.008 -25"><span class='ocrx_word' id='word_1_546' title='bbox 1958 909 2059 955; x_wconf 87' lang='grc' dir='ltr'>τῶν</span> <span class='ocrx_word' id='word_1_547' title='bbox 2110 903 2372 977; x_wconf 84' lang='grc' dir='ltr'>αἱρετικῶν</span> <span class='ocrx_word' id='word_1_548' title='bbox 2402 905 2700 979; x_wconf 77' lang='grc' dir='ltr'><strong>εὑρεθέντα,</strong></span> <span class='ocrx_word' id='word_1_549' title='bbox 2734 913 2902 964; x_wconf 85' lang='grc' dir='ltr'>ταῦτα</span> <span class='ocrx_word' id='word_1_550' title='bbox 2947 910 3040 962; x_wconf 90' lang='grc' dir='ltr'><strong>οὑκ</strong></span> <span class='ocrx_word' id='word_1_551' title='bbox 3090 906 3207 965; x_wconf 78' lang='grc' dir='ltr'>ἔστι</span> <span class='ocrx_word' id='word_1_552' title='bbox 3259 918 3372 971; x_wconf 83' lang='grc' dir='ltr'>τοῖς</span> <span class='ocrx_word' id='word_1_553' title='bbox 3415 914 3561 967; x_wconf 86' lang='grc' dir='ltr'>καθο-</span> <span class='ocrx_word' id='word_1_554' title='bbox 3623 969 3631 978; x_wconf 66' lang='grc'><em>,</em></span> 
     </span>
    </p>
   </div>
   <div class='ocr_carea' id='block_1_74' title="bbox 1958 995 3559 1078">
    <p class='ocr_par' dir='ltr' id='par_1_74' title="bbox 1958 995 3559 1078">
     <span class='ocr_line' id='line_1_74' title="bbox 1958 995 3559 1078; baseline 0.007 -29"><span class='ocrx_word' id='word_1_555' title='bbox 1958 995 2113 1058; x_wconf 85' lang='grc' dir='ltr'>λικοῖς</span> <span class='ocrx_word' id='word_1_556' title='bbox 2163 998 2343 1053; x_wconf 83' lang='grc' dir='ltr'><strong>κανόσι</strong></span> <span class='ocrx_word' id='word_1_557' title='bbox 2388 1001 2732 1075; x_wconf 78' lang='grc' dir='ltr'><strong>προσάπτειν.</strong></span> <span class='ocrx_word' id='word_1_558' title='bbox 2780 999 2881 1056; x_wconf 82' lang='grc' dir='ltr'><strong>Ἀεὶ</strong></span> <span class='ocrx_word' id='word_1_559' title='bbox 2925 1004 3025 1078; x_wconf 73' lang='grc' dir='ltr'><strong>γὰρ</strong></span> <span class='ocrx_word' id='word_1_560' title='bbox 3065 1000 3150 1058; x_wconf 83' lang='grc' dir='ltr'>διὰ</span> <span class='ocrx_word' id='word_1_561' title='bbox 3191 1009 3291 1059; x_wconf 87' lang='grc' dir='ltr'><strong>τῶν</strong></span> <span class='ocrx_word' id='word_1_562' title='bbox 3319 1006 3559 1061; x_wconf 81' lang='grc' dir='ltr'><strong>ἐναντίων</strong></span> 
     </span>
    </p>
   </div>
   <div class='ocr_carea' id='block_1_75' title="bbox 1958 1091 3608 1170">
    <p class='ocr_par' dir='ltr' id='par_1_75' title="bbox 1958 1091 3608 1170">
     <span class='ocr_line' id='line_1_75' title="bbox 1958 1091 3608 1170; baseline 0.008 -28"><span class='ocrx_word' id='word_1_563' title='bbox 1958 1092 2045 1143; x_wconf 82' lang='grc' dir='ltr'><strong>καί</strong></span> <span class='ocrx_word' id='word_1_564' title='bbox 2071 1091 2326 1160; x_wconf 80' lang='grc' dir='ltr'><strong>ἀθέσμων,</strong></span> <span class='ocrx_word' id='word_1_565' title='bbox 2355 1097 2445 1151; x_wconf 79' lang='grc' dir='ltr'><strong>τήν</strong></span> <span class='ocrx_word' id='word_1_566' title='bbox 2470 1101 2570 1148; x_wconf 81' lang='grc' dir='ltr'><strong>τῶν</strong></span> <span class='ocrx_word' id='word_1_567' title='bbox 2594 1097 2642 1148; x_wconf 83' lang='grc' dir='ltr'>ἐν</span> <span class='ocrx_word' id='word_1_568' title='bbox 2667 1097 2847 1170; x_wconf 78' lang='grc' dir='ltr'>Νικαίᾳ</span> <span class='ocrx_word' id='word_1_569' title='bbox 2872 1102 3044 1167; x_wconf 86' lang='grc' dir='ltr'>μειοῦν</span> <span class='ocrx_word' id='word_1_570' title='bbox 3071 1097 3252 1156; x_wconf 77' lang='grc' dir='ltr'>ϐουλὴν</span> <span class='ocrx_word' id='word_1_571' title='bbox 3283 1098 3558 1156; x_wconf 82' lang='grc' dir='ltr'>ἐθέλουσιν.</span> <span class='ocrx_word' id='word_1_572' title='bbox 3605 1147 3608 1150; x_wconf 96' lang='grc'>.</span> 
     </span>
    </p>
   </div>
   <div class='ocr_carea' id='block_1_76' title="bbox 1958 1178 3559 1259">
    <p class='ocr_par' dir='ltr' id='par_1_76' title="bbox 1958 1178 3559 1259">
     <span class='ocr_line' id='line_1_76' title="bbox 1958 1178 3559 1259; baseline 0.007 -23"><span class='ocrx_word' id='word_1_573' title='bbox 1958 1184 2029 1236; x_wconf 90' lang='grc' dir='ltr'><strong>Οὑ</strong></span> <span class='ocrx_word' id='word_1_574' title='bbox 2056 1182 2207 1254; x_wconf 86' lang='grc' dir='ltr'>μόνον</span> <span class='ocrx_word' id='word_1_575' title='bbox 2233 1178 2324 1236; x_wconf 74' lang='grc' dir='ltr'>οὖν</span> <span class='ocrx_word' id='word_1_576' title='bbox 2350 1183 2553 1257; x_wconf 82' lang='grc' dir='ltr'>λέγομεν</span> <span class='ocrx_word' id='word_1_577' title='bbox 2580 1189 2783 1248; x_wconf 89' lang='grc' dir='ltr'>τούτοις</span> <span class='ocrx_word' id='word_1_578' title='bbox 2810 1193 2879 1259; x_wconf 79' lang='grc' dir='ltr'><strong>μή</strong></span> <span class='ocrx_word' id='word_1_579' title='bbox 2906 1187 3008 1243; x_wconf 85' lang='grc' dir='ltr'>δεῖν</span> <span class='ocrx_word' id='word_1_580' title='bbox 3038 1189 3406 1255; x_wconf 80' lang='grc' dir='ltr'>ὲξακολουθεῖν,</span> <span class='ocrx_word' id='word_1_581' title='bbox 3435 1192 3559 1248; x_wconf 81' lang='grc' dir='ltr'>ἀλλὰ</span> 
     </span>
    </p>
   </div>
   <div class='ocr_carea' id='block_1_77' title="bbox 1957 1279 3559 1358">
    <p class='ocr_par' dir='ltr' id='par_1_77' title="bbox 1957 1279 3559 1358">
     <span class='ocr_line' id='line_1_77' title="bbox 1957 1279 3559 1358; baseline 0.005 -26"><span class='ocrx_word' id='word_1_582' title='bbox 1957 1279 2146 1347; x_wconf 82' lang='grc' dir='ltr'>μᾶλλον</span> <span class='ocrx_word' id='word_1_583' title='bbox 2175 1280 2364 1340; x_wconf 82' lang='grc' dir='ltr'>αὑτούς</span> <span class='ocrx_word' id='word_1_584' title='bbox 2403 1283 2534 1352; x_wconf 84' lang='grc' dir='ltr'>μετά</span> <span class='ocrx_word' id='word_1_585' title='bbox 2560 1281 2823 1357; x_wconf 78' lang='grc' dir='ltr'>αἱρετικῶν</span> <span class='ocrx_word' id='word_1_586' title='bbox 2851 1286 2935 1338; x_wconf 86' lang='grc' dir='ltr'><strong>καί</strong></span> <span class='ocrx_word' id='word_1_587' title='bbox 2975 1291 3339 1354; x_wconf 84' lang='grc' dir='ltr'>σχισματικῶν</span> <span class='ocrx_word' id='word_1_588' title='bbox 3365 1283 3559 1358; x_wconf 77' lang='grc' dir='ltr'>δογμά-</span> 
     </span>
    </p>
   </div>
   <div class='ocr_carea' id='block_1_78' title="bbox 1957 1367 3557 1452">
    <p class='ocr_par' dir='ltr' id='par_1_78' title="bbox 1957 1367 3557 1452">
     <span class='ocr_line' id='line_1_78' title="bbox 1957 1367 3557 1452; baseline 0.004 -26"><span class='ocrx_word' id='word_1_589' title='bbox 1957 1393 2057 1426; x_wconf 80' lang='grc' dir='ltr'><strong>των</strong></span> <span class='ocrx_word' id='word_1_590' title='bbox 2095 1367 2221 1426; x_wconf 81' lang='grc' dir='ltr'>εἶναι</span> <span class='ocrx_word' id='word_1_591' title='bbox 2261 1375 2632 1448; x_wconf 75' lang='grc' dir='ltr'>κατακριτέους</span> <span class='ocrx_word' id='word_1_592' title='bbox 2651 1415 2664 1438; x_wconf 84' lang='grc'>,</span> <span class='ocrx_word' id='word_1_593' title='bbox 2696 1376 2920 1452; x_wconf 83' lang='grc' dir='ltr'>καθάπερ</span> <span class='ocrx_word' id='word_1_594' title='bbox 2951 1379 3039 1430; x_wconf 86' lang='grc' dir='ltr'>καὶ</span> <span class='ocrx_word' id='word_1_595' title='bbox 3082 1375 3328 1452; x_wconf 85' lang='grc' dir='ltr'>πρότερον</span> <span class='ocrx_word' id='word_1_596' title='bbox 3355 1379 3557 1449; x_wconf 66' lang='grc' dir='ltr'>γέγονεν</span> 
     </span>
    </p>
   </div>
   <div class='ocr_carea' id='block_1_79' title="bbox 1957 1463 3553 1546">
    <p class='ocr_par' dir='ltr' id='par_1_79' title="bbox 1957 1463 3553 1546">
     <span class='ocr_line' id='line_1_79' title="bbox 1957 1463 3553 1546; baseline 0.006 -28"><span class='ocrx_word' id='word_1_597' title='bbox 1957 1466 2008 1520; x_wconf 76' lang='grc' dir='ltr'>ἐν</span> <span class='ocrx_word' id='word_1_598' title='bbox 2034 1473 2097 1538; x_wconf 78' lang='grc' dir='ltr'>τῇ</span> <span class='ocrx_word' id='word_1_599' title='bbox 2127 1463 2339 1541; x_wconf 78' lang='grc' dir='ltr'>Σαρδίκῃ</span> <span class='ocrx_word' id='word_1_600' title='bbox 2370 1465 2567 1540; x_wconf 82' lang='grc' dir='ltr'>συνόδῳ</span> <span class='ocrx_word' id='word_1_601' title='bbox 2595 1467 2696 1521; x_wconf 89' lang='grc' dir='ltr'><strong>ύπὸ</strong></span> <span class='ocrx_word' id='word_1_602' title='bbox 2720 1476 2820 1522; x_wconf 85' lang='grc' dir='ltr'>τῶν</span> <span class='ocrx_word' id='word_1_603' title='bbox 2845 1469 2948 1546; x_wconf 86' lang='grc' dir='ltr'>πρὸ</span> <span class='ocrx_word' id='word_1_604' title='bbox 2975 1471 3115 1541; x_wconf 79' lang='grc' dir='ltr'>ἡμῶν</span> <span class='ocrx_word' id='word_1_605' title='bbox 3142 1466 3453 1525; x_wconf 85' lang='grc' dir='ltr'>ἐπισκόπων.</span> <span class='ocrx_word' id='word_1_606' title='bbox 3476 1472 3553 1528; x_wconf 83' lang='grc' dir='ltr'>Τά</span> 
     </span>
    </p>
   </div>
   <div class='ocr_carea' id='block_1_80' title="bbox 1954 1559 3554 1642">
    <p class='ocr_par' dir='ltr' id='par_1_80' title="bbox 1954 1559 3554 1642">
     <span class='ocr_line' id='line_1_80' title="bbox 1954 1559 3554 1642; baseline 0.003 -30"><span class='ocrx_word' id='word_1_607' title='bbox 1954 1560 2052 1634; x_wconf 69' lang='grc' dir='ltr'>’γάρ</span> <span class='ocrx_word' id='word_1_608' title='bbox 2078 1559 2242 1619; x_wconf 86' lang='grc' dir='ltr'>καλῶς</span> <span class='ocrx_word' id='word_1_609' title='bbox 2268 1561 2571 1634; x_wconf 82' lang='grc' dir='ltr'>πραχθέντα</span> <span class='ocrx_word' id='word_1_610' title='bbox 2599 1564 2982 1637; x_wconf 78' lang='grc' dir='ltr'>κατακρίνεσθαι</span> <span class='ocrx_word' id='word_1_611' title='bbox 3004 1563 3186 1634; x_wconf 81' lang='grc' dir='ltr'>μᾶλλον</span> <span class='ocrx_word' id='word_1_612' title='bbox 3211 1571 3492 1642; x_wconf 79' lang='grc' dir='ltr'>προσῆκεν,</span> <span class='ocrx_word' id='word_1_613' title='bbox 3523 1563 3554 1624; x_wconf 74' lang='grc' dir='ltr'><em>ἢ</em></span> 
     </span>
    </p>
   </div>
   <div class='ocr_carea' id='block_1_81' title="bbox 1956 1645 3552 1729">
    <p class='ocr_par' dir='ltr' id='par_1_81' title="bbox 1956 1645 3552 1729">
     <span class='ocr_line' id='line_1_81' title="bbox 1956 1645 3552 1729; baseline 0.006 -25"><span class='ocrx_word' id='word_1_614' title='bbox 1956 1645 2198 1722; x_wconf 79' lang='grc' dir='ltr'>ἄντικρυς</span> <span class='ocrx_word' id='word_1_615' title='bbox 2226 1657 2325 1706; x_wconf 85' lang='grc' dir='ltr'><strong>τῶν</strong></span> <span class='ocrx_word' id='word_1_616' title='bbox 2368 1653 2586 1708; x_wconf 81' lang='grc' dir='ltr'>κανόνων</span> <span class='ocrx_word' id='word_1_617' title='bbox 2624 1653 2866 1726; x_wconf 74' lang='grc' dir='ltr'>γενόμενα</span> <span class='ocrx_word' id='word_1_618' title='bbox 2892 1652 3036 1728; x_wconf 61' lang='grc' dir='ltr'>ἔχειν</span> <span class='ocrx_word' id='word_1_619' title='bbox 3059 1656 3171 1713; x_wconf 80' lang='grc' dir='ltr'>τινὰ</span> <span class='ocrx_word' id='word_1_620' title='bbox 3199 1656 3510 1729; x_wconf 77' lang='grc' dir='ltr'>βεϐαιότητα</span> <span class='ocrx_word' id='word_1_621' title='bbox 3534 1696 3552 1726; x_wconf 83' lang='grc'><em>,</em></span> 
     </span>
    </p>
   </div>
   <div class='ocr_carea' id='block_1_82' title="bbox 1955 1743 2497 1820">
    <p class='ocr_par' dir='ltr' id='par_1_82' title="bbox 1955 1743 2497 1820">
     <span class='ocr_line' id='line_1_82' title="bbox 1955 1743 2497 1820; baseline -0.002 -19"><span class='ocrx_word' id='word_1_622' title='bbox 1955 1743 2158 1820; x_wconf 79' lang='grc' dir='ltr'>ἀδελφοί</span> <span class='ocrx_word' id='word_1_623' title='bbox 2183 1749 2497 1819; x_wconf 85' lang='grc' dir='ltr'>τιμιώτατοι.</span> 
     </span>
    </p>
   </div>
   <div class='ocr_carea' id='block_1_83' title="bbox 2023 2040 3557 2118">
    <p class='ocr_par' dir='ltr' id='par_1_83' title="bbox 2023 2040 3557 2118">
     <span class='ocr_line' id='line_1_83' title="bbox 2023 2040 3557 2118; baseline 0.004 -23"><span class='ocrx_word' id='word_1_624' title='bbox 2023 2041 2079 2095; x_wconf 71' lang='grc'><strong>4.</strong></span> <span class='ocrx_word' id='word_1_625' title='bbox 2111 2040 2264 2095; x_wconf 79' lang='grc' dir='ltr'>Ἀλλὰ</span> <span class='ocrx_word' id='word_1_626' title='bbox 2305 2043 2356 2098; x_wconf 85' lang='grc' dir='ltr'><strong>τί</strong></span> <span class='ocrx_word' id='word_1_627' title='bbox 2391 2042 2521 2097; x_wconf 81' lang='grc' dir='ltr'>κατὰ</span> <span class='ocrx_word' id='word_1_628' title='bbox 2567 2048 2667 2098; x_wconf 85' lang='grc' dir='ltr'><strong>τῶν</strong></span> <span class='ocrx_word' id='word_1_629' title='bbox 2711 2041 2958 2098; x_wconf 82' lang='grc' dir='ltr'>τοιούτων</span> <span class='ocrx_word' id='word_1_630' title='bbox 3003 2047 3093 2098; x_wconf 88' lang='grc' dir='ltr'><strong>νῦν</strong></span> <span class='ocrx_word' id='word_1_631' title='bbox 3135 2044 3186 2098; x_wconf 72' lang='grc' dir='ltr'>ἓν</span> <span class='ocrx_word' id='word_1_632' title='bbox 3229 2051 3302 2117; x_wconf 85' lang='grc' dir='ltr'><strong>τῷ</strong></span> <span class='ocrx_word' id='word_1_633' title='bbox 3334 2043 3557 2118; x_wconf 79' lang='grc' dir='ltr'>παρόντι</span> 
     </span>
    </p>
   </div>
   <div class='ocr_carea' id='block_1_84' title="bbox 1950 2135 3557 2211">
    <p class='ocr_par' dir='ltr' id='par_1_84' title="bbox 1950 2135 3557 2211">
     <span class='ocr_line' id='line_1_84' title="bbox 1950 2135 3557 2211; baseline 0.002 -20"><span class='ocrx_word' id='word_1_634' title='bbox 1950 2140 2258 2206; x_wconf 88' lang='grc' dir='ltr'>ποιήσομεν;</span> <span class='ocrx_word' id='word_1_635' title='bbox 2307 2135 2578 2211; x_wconf 70' lang='grc' dir='ltr'>’Δναγκαία</span> <span class='ocrx_word' id='word_1_636' title='bbox 2617 2139 2729 2193; x_wconf 79' lang='grc' dir='ltr'>ἐστὶ</span> <span class='ocrx_word' id='word_1_637' title='bbox 2767 2135 3044 2211; x_wconf 73' lang='grc' dir='ltr'>διάγνωσις</span> <span class='ocrx_word' id='word_1_638' title='bbox 3075 2137 3316 2199; x_wconf 78' lang='grc' dir='ltr'>συνοδικὴ</span> <span class='ocrx_word' id='word_1_639' title='bbox 3342 2179 3356 2198; x_wconf 84' lang='lat'><strong>.</strong></span> <span class='ocrx_word' id='word_1_640' title='bbox 3387 2140 3445 2199; x_wconf 81' lang='grc' dir='ltr'>ἢν</span> <span class='ocrx_word' id='word_1_641' title='bbox 3468 2142 3557 2195; x_wconf 76' lang='grc' dir='ltr'>καὶ</span> 
     </span>
    </p>
   </div>
   <div class='ocr_carea' id='block_1_85' title="bbox 1951 2227 3555 2308">
    <p class='ocr_par' dir='ltr' id='par_1_85' title="bbox 1951 2227 3555 2308">
     <span class='ocr_line' id='line_1_85' title="bbox 1951 2227 3555 2308; baseline 0.003 -24"><span class='ocrx_word' id='word_1_642' title='bbox 1951 2228 2110 2284; x_wconf 85' lang='grc' dir='ltr'>πάλαι</span> <span class='ocrx_word' id='word_1_643' title='bbox 2126 2227 2308 2302; x_wconf 77' lang='grc' dir='ltr'>ἔφημεν</span> <span class='ocrx_word' id='word_1_644' title='bbox 2330 2232 2745 2308; x_wconf 65' lang='grc' dir='ltr'>ωναθροιστέαν.</span> <span class='ocrx_word' id='word_1_645' title='bbox 2767 2231 2900 2288; x_wconf 84' lang='grc' dir='ltr'>Μόνη</span> <span class='ocrx_word' id='word_1_646' title='bbox 2921 2233 3020 2307; x_wconf 76' lang='grc' dir='ltr'>γάρ</span> <span class='ocrx_word' id='word_1_647' title='bbox 3045 2232 3182 2287; x_wconf 85' lang='grc' dir='ltr'>ἐστιν</span> <span class='ocrx_word' id='word_1_648' title='bbox 3206 2233 3319 2293; x_wconf 78' lang='grc' dir='ltr'>ἥτις</span> <span class='ocrx_word' id='word_1_649' title='bbox 3341 2231 3555 2289; x_wconf 88' lang='grc' dir='ltr'>δύναται</span> 
     </span>
    </p>
   </div>
   <div class='ocr_carea' id='block_1_86' title="bbox 1949 2322 3554 2396">
    <p class='ocr_par' dir='ltr' id='par_1_86' title="bbox 1949 2322 3554 2396">
     <span class='ocr_line' id='line_1_86' title="bbox 1949 2322 3554 2396; baseline 0.002 -20"><span class='ocrx_word' id='word_1_650' title='bbox 1949 2322 2042 2381; x_wconf 84' lang='grc' dir='ltr'>τὰς</span> <span class='ocrx_word' id='word_1_651' title='bbox 2071 2326 2291 2384; x_wconf 81' lang='grc' dir='ltr'><strong>κινήσεις</strong></span> <span class='ocrx_word' id='word_1_652' title='bbox 2331 2331 2432 2379; x_wconf 86' lang='grc' dir='ltr'><strong>τῶν</strong></span> <span class='ocrx_word' id='word_1_653' title='bbox 2471 2325 2712 2379; x_wconf 77' lang='grc' dir='ltr'>τοιούτων</span> <span class='ocrx_word' id='word_1_654' title='bbox 2747 2323 3076 2380; x_wconf 68' lang='grc' dir='ltr'>καταστεῖλαι</span> <span class='ocrx_word' id='word_1_655' title='bbox 3107 2322 3434 2396; x_wconf 69' lang='grc' dir='ltr'>καταιγίδων.</span> <span class='ocrx_word' id='word_1_656' title='bbox 3462 2323 3554 2389; x_wconf 81' lang='grc' dir='ltr'>Ἧς</span> 
     </span>
    </p>
   </div>
   <div class='ocr_carea' id='block_1_87' title="bbox 1947 2413 3556 2491">
    <p class='ocr_par' dir='ltr' id='par_1_87' title="bbox 1947 2413 3556 2491">
     <span class='ocr_line' id='line_1_87' title="bbox 1947 2413 3556 2491; baseline 0.002 -24"><span class='ocrx_word' id='word_1_657' title='bbox 1947 2413 2029 2467; x_wconf 84' lang='grc' dir='ltr'>ἶνα</span> <span class='ocrx_word' id='word_1_658' title='bbox 2070 2416 2318 2486; x_wconf 83' lang='grc' dir='ltr'>τύχωμεν</span> <span class='ocrx_word' id='word_1_659' title='bbox 2339 2458 2353 2479; x_wconf 83' lang='grc'><em>,</em></span> <span class='ocrx_word' id='word_1_660' title='bbox 2388 2415 2650 2491; x_wconf 88' lang='grc' dir='ltr'>χρήσιμόν</span> <span class='ocrx_word' id='word_1_661' title='bbox 2676 2416 2788 2471; x_wconf 82' lang='grc' dir='ltr'>ἐστι</span> <span class='ocrx_word' id='word_1_662' title='bbox 2814 2417 2939 2476; x_wconf 83' lang='grc' dir='ltr'>τέως</span> <span class='ocrx_word' id='word_1_663' title='bbox 2969 2415 3332 2491; x_wconf 78' lang='grc' dir='ltr'>ὑπερτίθεσθαι</span> <span class='ocrx_word' id='word_1_664' title='bbox 3353 2421 3446 2475; x_wconf 79' lang='grc' dir='ltr'><strong>τήν</strong></span> <span class='ocrx_word' id='word_1_665' title='bbox 3473 2417 3556 2470; x_wconf 83' lang='grc' dir='ltr'>ία-</span> 
     </span>
    </p>
   </div>
   <div class='ocr_carea' id='block_1_88' title="bbox 1947 2507 3549 2584">
    <p class='ocr_par' dir='ltr' id='par_1_88' title="bbox 1947 2507 3549 2584">
     <span class='ocr_line' id='line_1_88' title="bbox 1947 2507 3549 2584; baseline 0.002 -23"><span class='ocrx_word' id='word_1_666' title='bbox 1947 2509 2120 2582; x_wconf 89' lang='grc' dir='ltr'>τρείαν</span> <span class='ocrx_word' id='word_1_667' title='bbox 2146 2514 2208 2582; x_wconf 74' lang='grc' dir='ltr'>τῇ</span> <span class='ocrx_word' id='word_1_668' title='bbox 2234 2507 2476 2577; x_wconf 80' lang='grc' dir='ltr'>βουλήσει</span> <span class='ocrx_word' id='word_1_669' title='bbox 2514 2512 2606 2562; x_wconf 91' lang='grc' dir='ltr'><strong>τοῦ</strong></span> <span class='ocrx_word' id='word_1_670' title='bbox 2651 2507 2873 2579; x_wconf 78' lang='grc' dir='ltr'>μεγάλου</span> <span class='ocrx_word' id='word_1_671' title='bbox 2903 2512 3030 2562; x_wconf 82' lang='grc' dir='ltr'><strong>Θεοῦ</strong></span> <span class='ocrx_word' id='word_1_672' title='bbox 3060 2510 3147 2561; x_wconf 81' lang='grc' dir='ltr'><strong>καί</strong></span> <span class='ocrx_word' id='word_1_673' title='bbox 3187 2512 3278 2562; x_wconf 90' lang='grc' dir='ltr'><strong>τοῦ</strong></span> <span class='ocrx_word' id='word_1_674' title='bbox 3315 2513 3549 2584; x_wconf 77' lang='grc' dir='ltr'>Χριστοῦ</span> 
     </span>
    </p>
   </div>
   <div class='ocr_carea' id='block_1_89' title="bbox 1949 2606 3552 2686">
    <p class='ocr_par' dir='ltr' id='par_1_89' title="bbox 1949 2606 3552 2686">
     <span class='ocr_line' id='line_1_89' title="bbox 1949 2606 3552 2686; baseline 0.002 -22"><span class='ocrx_word' id='word_1_675' title='bbox 1949 2610 2115 2665; x_wconf 86' lang='grc' dir='ltr'>αὑτῶν</span> <span class='ocrx_word' id='word_1_676' title='bbox 2134 2616 2227 2665; x_wconf 88' lang='grc' dir='ltr'><strong>τοῦ</strong></span> <span class='ocrx_word' id='word_1_677' title='bbox 2249 2613 2426 2686; x_wconf 83' lang='grc' dir='ltr'>κυρίου</span> <span class='ocrx_word' id='word_1_678' title='bbox 2453 2612 2611 2683; x_wconf 81' lang='grc' dir='ltr'>ήμῶν.</span> <span class='ocrx_word' id='word_1_679' title='bbox 2634 2611 2806 2666; x_wconf 87' lang='grc' dir='ltr'>Πάντα</span> <span class='ocrx_word' id='word_1_680' title='bbox 2826 2606 2920 2664; x_wconf 84' lang='grc' dir='ltr'>ὅσα</span> <span class='ocrx_word' id='word_1_681' title='bbox 2938 2617 3024 2664; x_wconf 91' lang='grc' dir='ltr'><strong>νῦν</strong></span> <span class='ocrx_word' id='word_1_682' title='bbox 3045 2617 3118 2682; x_wconf 85' lang='grc' dir='ltr'><strong>τῷ</strong></span> <span class='ocrx_word' id='word_1_683' title='bbox 3144 2611 3298 2684; x_wconf 76' lang='grc' dir='ltr'>φθόνῳ</span> <span class='ocrx_word' id='word_1_684' title='bbox 3319 2617 3409 2667; x_wconf 87' lang='grc' dir='ltr'><strong>τοῦ</strong></span> <span class='ocrx_word' id='word_1_685' title='bbox 3435 2610 3552 2668; x_wconf 86' lang='grc' dir='ltr'>δια-</span> 
     </span>
    </p>
   </div>
   <div class='ocr_carea' id='block_1_90' title="bbox 1951 2710 3552 2790">
    <p class='ocr_par' dir='ltr' id='par_1_90' title="bbox 1951 2710 3552 2790">
     <span class='ocr_line' id='line_1_90' title="bbox 1951 2710 3552 2790; baseline 0.005 -26"><span class='ocrx_word' id='word_1_686' title='bbox 1951 2710 2097 2765; x_wconf 82' lang='grc' dir='ltr'>ϐόλου</span> <span class='ocrx_word' id='word_1_687' title='bbox 2149 2714 2280 2788; x_wconf 83' lang='grc' dir='ltr'>πρὸς</span> <span class='ocrx_word' id='word_1_688' title='bbox 2330 2717 2419 2771; x_wconf 78' lang='grc' dir='ltr'><strong>τήν</strong></span> <span class='ocrx_word' id='word_1_689' title='bbox 2471 2719 2572 2768; x_wconf 86' lang='grc' dir='ltr'><strong>τῶν</strong></span> <span class='ocrx_word' id='word_1_690' title='bbox 2625 2719 2824 2768; x_wconf 87' lang='grc' dir='ltr'>πιστῶν</span> <span class='ocrx_word' id='word_1_691' title='bbox 2885 2711 3185 2785; x_wconf 80' lang='grc' dir='ltr'>δοκιμασίαν</span> <span class='ocrx_word' id='word_1_692' title='bbox 3243 2716 3552 2790; x_wconf 84' lang='grc' dir='ltr'>τετάρακται</span> 
     </span>
    </p>
   </div>
   <div class='ocr_carea' id='block_1_91' title="bbox 1945 2811 3554 2890">
    <p class='ocr_par' dir='ltr' id='par_1_91' title="bbox 1945 2811 3554 2890">
     <span class='ocr_line' id='line_1_91' title="bbox 1945 2811 3554 2890; baseline 0.002 -23"><span class='ocrx_word' id='word_1_693' title='bbox 1945 2813 2325 2886; x_wconf 77' lang='grc' dir='ltr'>πραϋνθήσεται</span> <span class='ocrx_word' id='word_1_694' title='bbox 2347 2811 2504 2883; x_wconf 82' lang='lat' dir='ltr'><strong>[Lab.</strong></span> <span class='ocrx_word' id='word_1_695' title='bbox 2530 2811 3003 2889; x_wconf 83' lang='grc' dir='ltr'>παραμυθήσεται].</span> <span class='ocrx_word' id='word_1_696' title='bbox 3030 2813 3183 2868; x_wconf 77' lang='grc' dir='ltr'>Οὐδέν</span> <span class='ocrx_word' id='word_1_697' title='bbox 3209 2815 3463 2888; x_wconf 76' lang='grc' dir='ltr'>ὀφείλομεν</span> <span class='ocrx_word' id='word_1_698' title='bbox 3489 2822 3554 2890; x_wconf 75' lang='grc' dir='ltr'>τῇ</span> 
     </span>
    </p>
   </div>
   <div class='ocr_carea' id='block_1_92' title="bbox 1949 2914 3551 2991">
    <p class='ocr_par' dir='ltr' id='par_1_92' title="bbox 1949 2914 3551 2991">
     <span class='ocr_line' id='line_1_92' title="bbox 1949 2914 3551 2991; baseline 0.002 -22"><span class='ocrx_word' id='word_1_699' title='bbox 1949 2914 2254 2988; x_wconf 76' lang='grc' dir='ltr'>στεῤῥότητι</span> <span class='ocrx_word' id='word_1_700' title='bbox 2287 2923 2378 2976; x_wconf 81' lang='grc' dir='ltr'>τῆς</span> <span class='ocrx_word' id='word_1_701' title='bbox 2423 2915 2649 2976; x_wconf 84' lang='grc' dir='ltr'>πίστεως</span> <span class='ocrx_word' id='word_1_702' title='bbox 2694 2915 2839 2991; x_wconf 81' lang='grc' dir='ltr'>παρὰ</span> <span class='ocrx_word' id='word_1_703' title='bbox 2879 2919 2977 2970; x_wconf 87' lang='grc' dir='ltr'><strong>τοῦ</strong></span> <span class='ocrx_word' id='word_1_704' title='bbox 3023 2917 3200 2990; x_wconf 87' lang='grc' dir='ltr'>κυρίου</span> <span class='ocrx_word' id='word_1_705' title='bbox 3244 2915 3551 2973; x_wconf 82' lang='grc' dir='ltr'>ἁπελπίσαι.</span> 
     </span>
    </p>
   </div>
   <div class='ocr_carea' id='block_1_93' title="bbox 1946 3013 3556 3091">
    <p class='ocr_par' dir='ltr' id='par_1_93' title="bbox 1946 3013 3556 3091">
     <span class='ocr_line' id='line_1_93' title="bbox 1946 3013 3556 3091; baseline 0.002 -21"><span class='ocrx_word' id='word_1_706' title='bbox 1946 3019 2040 3071; x_wconf 78' lang='grc' dir='ltr'><strong>Καὶ</strong></span> <span class='ocrx_word' id='word_1_707' title='bbox 2067 3018 2167 3091; x_wconf 75' lang='grc' dir='ltr'>γάρ</span> <span class='ocrx_word' id='word_1_708' title='bbox 2200 3019 2349 3088; x_wconf 79' lang='grc' dir='ltr'>ἡμεῖς</span> <span class='ocrx_word' id='word_1_709' title='bbox 2392 3017 2553 3071; x_wconf 78' lang='grc' dir='ltr'>πολλὰ</span> <span class='ocrx_word' id='word_1_710' title='bbox 2589 3016 2916 3088; x_wconf 76' lang='grc' dir='ltr'>σκεπτόμεθα</span> <span class='ocrx_word' id='word_1_711' title='bbox 2937 3057 2950 3080; x_wconf 86' lang='grc'><strong><em>,</em></strong></span> <span class='ocrx_word' id='word_1_712' title='bbox 2979 3013 3033 3071; x_wconf 82' lang='grc' dir='ltr'>ὄν</span> <span class='ocrx_word' id='word_1_713' title='bbox 3059 3017 3248 3090; x_wconf 87' lang='grc' dir='ltr'>τρόπον</span> <span class='ocrx_word' id='word_1_714' title='bbox 3283 3020 3313 3076; x_wconf 84' lang='grc' dir='ltr'><strong>ή</strong></span> <span class='ocrx_word' id='word_1_715' title='bbox 3343 3017 3556 3082; x_wconf 85' lang='grc' dir='ltr'>σύνοδος·</span> 
     </span>
    </p>
   </div>
   <div class='ocr_carea' id='block_1_94' title="bbox 1946 3114 3554 3193">
    <p class='ocr_par' dir='ltr' id='par_1_94' title="bbox 1946 3114 3554 3193">
     <span class='ocr_line' id='line_1_94' title="bbox 1946 3114 3554 3193; baseline 0.001 -20"><span class='ocrx_word' id='word_1_716' title='bbox 1946 3121 2254 3190; x_wconf 86' lang='grc' dir='ltr'>οίκουμενική</span> <span class='ocrx_word' id='word_1_717' title='bbox 2285 3119 2594 3190; x_wconf 69' lang='grc' dir='ltr'>συναχθείη*</span> <span class='ocrx_word' id='word_1_718' title='bbox 2630 3114 2771 3178; x_wconf 83' lang='grc' dir='ltr'>ὅπως</span> <span class='ocrx_word' id='word_1_719' title='bbox 2807 3126 2870 3193; x_wconf 74' lang='grc' dir='ltr'><strong>τῇ</strong></span> <span class='ocrx_word' id='word_1_720' title='bbox 2913 3117 3159 3189; x_wconf 78' lang='grc' dir='ltr'>βουλήσει</span> <span class='ocrx_word' id='word_1_721' title='bbox 3198 3124 3288 3173; x_wconf 85' lang='grc' dir='ltr'><strong>τοῦ</strong></span> <span class='ocrx_word' id='word_1_722' title='bbox 3325 3126 3456 3174; x_wconf 85' lang='grc' dir='ltr'>Θεοῦ</span> <span class='ocrx_word' id='word_1_723' title='bbox 3498 3119 3554 3176; x_wconf 78' lang='grc' dir='ltr'><strong>αἱ</strong></span> 
     </span>
    </p>
   </div>
   <div class='ocr_carea' id='block_1_95' title="bbox 1869 3215 3556 3308">
    <p class='ocr_par' dir='ltr' id='par_1_95' title="bbox 1869 3215 3556 3308">
     <span class='ocr_line' id='line_1_95' title="bbox 1869 3215 3556 3308; baseline -0.002 -30"><span class='ocrx_word' id='word_1_724' title='bbox 1869 3244 1915 3308; x_wconf 77' lang='lat' dir='ltr'><strong>C</strong></span> <span class='ocrx_word' id='word_1_725' title='bbox 1945 3220 2278 3298; x_wconf 78' lang='grc' dir='ltr'>ταραχώδεις</span> <span class='ocrx_word' id='word_1_726' title='bbox 2305 3225 2527 3282; x_wconf 81' lang='grc' dir='ltr'>κινήσεις</span> <span class='ocrx_word' id='word_1_727' title='bbox 2554 3218 2880 3276; x_wconf 80' lang='grc' dir='ltr'>παύσωνται.</span> <span class='ocrx_word' id='word_1_728' title='bbox 2905 3217 3293 3296; x_wconf 72' lang='grc' dir='ltr'>’Υπερμείνομεν</span> <span class='ocrx_word' id='word_1_729' title='bbox 3312 3215 3402 3274; x_wconf 71' lang='grc' dir='ltr'>οὖν</span> <span class='ocrx_word' id='word_1_730' title='bbox 3425 3220 3556 3282; x_wconf 77' lang='grc' dir='ltr'>τέως</span> 
     </span>
    </p>
   </div>
   <div class='ocr_carea' id='block_1_96' title="bbox 1948 3321 3554 3397">
    <p class='ocr_par' dir='ltr' id='par_1_96' title="bbox 1948 3321 3554 3397">
     <span class='ocr_line' id='line_1_96' title="bbox 1948 3321 3554 3397; baseline -0.001 -19"><span class='ocrx_word' id='word_1_731' title='bbox 1948 3327 2033 3378; x_wconf 86' lang='grc' dir='ltr'><strong>καί</strong></span> <span class='ocrx_word' id='word_1_732' title='bbox 2081 3332 2153 3395; x_wconf 87' lang='grc' dir='ltr'><strong>τῷ</strong></span> <span class='ocrx_word' id='word_1_733' title='bbox 2200 3325 2370 3396; x_wconf 89' lang='grc' dir='ltr'>τείχει</span> <span class='ocrx_word' id='word_1_734' title='bbox 2418 3331 2510 3383; x_wconf 80' lang='grc' dir='ltr'><strong>τῆς</strong></span> <span class='ocrx_word' id='word_1_735' title='bbox 2549 3323 2812 3394; x_wconf 77' lang='grc' dir='ltr'>ὑπομονῆς</span> <span class='ocrx_word' id='word_1_736' title='bbox 2857 3322 3233 3397; x_wconf 83' lang='grc' dir='ltr'>ὀχυρούμενοι,</span> <span class='ocrx_word' id='word_1_737' title='bbox 3264 3321 3554 3393; x_wconf 76' lang='grc' dir='ltr'>ἐλπίσωμεν</span> 
     </span>
    </p>
   </div>
   <div class='ocr_carea' id='block_1_97' title="bbox 1944 3424 3554 3502">
    <p class='ocr_par' dir='ltr' id='par_1_97' title="bbox 1944 3424 3554 3502">
     <span class='ocr_line' id='line_1_97' title="bbox 1944 3424 3554 3502; baseline -0.001 -19"><span class='ocrx_word' id='word_1_738' title='bbox 1944 3429 2110 3484; x_wconf 85' lang='grc' dir='ltr'>πάντα</span> <span class='ocrx_word' id='word_1_739' title='bbox 2128 3435 2191 3502; x_wconf 79' lang='grc' dir='ltr'><strong>τῇ</strong></span> <span class='ocrx_word' id='word_1_740' title='bbox 2209 3427 2410 3500; x_wconf 81' lang='grc' dir='ltr'>βοηθείᾳ</span> <span class='ocrx_word' id='word_1_741' title='bbox 2431 3430 2521 3480; x_wconf 89' lang='grc' dir='ltr'><strong>τοῦ</strong></span> <span class='ocrx_word' id='word_1_742' title='bbox 2545 3431 2676 3500; x_wconf 64' lang='grc' dir='ltr'>θεοῦ</span> <span class='ocrx_word' id='word_1_743' title='bbox 2697 3424 2837 3497; x_wconf 80' lang='grc' dir='ltr'>ήμῶν</span> <span class='ocrx_word' id='word_1_744' title='bbox 2859 3424 3366 3483; x_wconf 78' lang='grc' dir='ltr'>ἀποκατασταθῆναι.</span> <span class='ocrx_word' id='word_1_745' title='bbox 3385 3424 3554 3481; x_wconf 83' lang='grc' dir='ltr'>Πάντα</span> 
     </span>
    </p>
   </div>
   <div class='ocr_carea' id='block_1_98' title="bbox 1943 3522 3555 3602">
    <p class='ocr_par' dir='ltr' id='par_1_98' title="bbox 1943 3522 3555 3602">
     <span class='ocr_line' id='line_1_98' title="bbox 1943 3522 3555 3602; baseline -0.003 -17"><span class='ocrx_word' id='word_1_746' title='bbox 1943 3527 2019 3595; x_wconf 85' lang='grc' dir='ltr'><strong>δὲ,</strong></span> <span class='ocrx_word' id='word_1_747' title='bbox 2049 3527 2146 3584; x_wconf 86' lang='grc' dir='ltr'>ὅσα</span> <span class='ocrx_word' id='word_1_748' title='bbox 2173 3530 2312 3602; x_wconf 83' lang='grc' dir='ltr'>ὑμᾶς</span> <span class='ocrx_word' id='word_1_749' title='bbox 2337 3528 2652 3602; x_wconf 79' lang='grc' dir='ltr'>ὑφίστασθαι</span> <span class='ocrx_word' id='word_1_750' title='bbox 2672 3530 2921 3601; x_wconf 80' lang='grc' dir='ltr'>εἰρήκατε,</span> <span class='ocrx_word' id='word_1_751' title='bbox 2949 3525 3302 3601; x_wconf 80' lang='grc' dir='ltr'>καὶπρότερον</span> <span class='ocrx_word' id='word_1_752' title='bbox 3328 3522 3555 3600; x_wconf 86' lang='grc' dir='ltr'>συνδρα-</span> 
     </span>
    </p>
   </div>
   <div class='ocr_carea' id='block_1_99' title="bbox 1944 3627 3552 3707">
    <p class='ocr_par' dir='ltr' id='par_1_99' title="bbox 1944 3627 3552 3707">
     <span class='ocr_line' id='line_1_99' title="bbox 1944 3627 3552 3707; baseline -0.004 -17"><span class='ocrx_word' id='word_1_753' title='bbox 1944 3632 2157 3705; x_wconf 86' lang='grc' dir='ltr'>μόντων,</span> <span class='ocrx_word' id='word_1_754' title='bbox 2188 3633 2232 3687; x_wconf 88' lang='grc' dir='ltr'><strong>ιί</strong></span> <span class='ocrx_word' id='word_1_755' title='bbox 2256 3633 2343 3686; x_wconf 84' lang='grc' dir='ltr'><strong>καί</strong></span> <span class='ocrx_word' id='word_1_756' title='bbox 2370 3631 2597 3703; x_wconf 85' lang='grc' dir='ltr'>μάλιστα</span> <span class='ocrx_word' id='word_1_757' title='bbox 2627 3627 2887 3707; x_wconf 80' lang='grc' dir='ltr'>διαφόροις</span> <span class='ocrx_word' id='word_1_758' title='bbox 2919 3628 3155 3705; x_wconf 84' lang='grc' dir='ltr'>χρόνοις,</span> <span class='ocrx_word' id='word_1_759' title='bbox 3187 3627 3426 3684; x_wconf 76' lang='grc' dir='ltr'>τουτέστι</span> <span class='ocrx_word' id='word_1_760' title='bbox 3453 3637 3552 3684; x_wconf 80' lang='grc' dir='ltr'><strong>Δη-</strong></span> 
     </span>
    </p>
   </div>
   <div class='ocr_carea' id='block_1_100' title="bbox 1943 3808 3554 3888">
    <p class='ocr_par' dir='ltr' id='par_1_100' title="bbox 1943 3808 3554 3888">
     <span class='ocr_line' id='line_1_100' title="bbox 1943 3808 3554 3888; baseline -0.001 -18"><span class='ocrx_word' id='word_1_761' title='bbox 1943 3816 2231 3888; x_wconf 84' lang='lat' dir='ltr'><strong>pontitice,</strong></span> <span class='ocrx_word' id='word_1_762' title='bbox 2263 3823 2320 3870; x_wconf 89' lang='lat' dir='ltr'><strong>ut</strong></span> <span class='ocrx_word' id='word_1_763' title='bbox 2369 3828 2533 3883; x_wconf 90' lang='lat' dir='ltr'><strong>supra</strong></span> <span class='ocrx_word' id='word_1_764' title='bbox 2592 3828 2718 3883; x_wconf 86' lang='lat' dir='ltr'><strong>pag.</strong></span> <span class='ocrx_word' id='word_1_765' title='bbox 2769 3808 2907 3874; x_wconf 70' lang='lat'><strong>591,</strong></span> <span class='ocrx_word' id='word_1_766' title='bbox 2938 3827 3089 3888; x_wconf 89' lang='lat' dir='ltr'><strong>num_.</strong></span> <span class='ocrx_word' id='word_1_767' title='bbox 3134 3811 3202 3874; x_wconf 77' lang='grc'><strong>5,</strong></span> <span class='ocrx_word' id='word_1_768' title='bbox 3251 3809 3554 3888; x_wconf 84' lang='lat' dir='ltr'><strong>secundum</strong></span> 
     </span>
    </p>
   </div>
   <div class='ocr_carea' id='block_1_101' title="bbox 1945 3883 3556 3954">
    <p class='ocr_par' dir='ltr' id='par_1_101' title="bbox 1945 3883 3556 3954">
     <span class='ocr_line' id='line_1_101' title="bbox 1945 3883 3556 3954; baseline -0.004 -10"><span class='ocrx_word' id='word_1_769' title='bbox 1945 3883 2338 3954; x_wconf 56' lang='lat' dir='ltr'><strong>Athanasium,</strong></span> <span class='ocrx_word' id='word_1_770' title='bbox 2401 3888 2842 3946; x_wconf 84' lang='lat' dir='ltr'><strong>observavimus,</strong></span> <span class='ocrx_word' id='word_1_771' title='bbox 2877 3898 2945 3938; x_wconf 88' lang='lat' dir='ltr'><strong>ne</strong></span> <span class='ocrx_word' id='word_1_772' title='bbox 2994 3883 3252 3952; x_wconf 85' lang='lat' dir='ltr'><strong>cuiquam</strong></span> <span class='ocrx_word' id='word_1_773' title='bbox 3301 3885 3556 3951; x_wconf 86' lang='lat' dir='ltr'><strong>impone-</strong></span> 
     </span>
    </p>
   </div>
   <div class='ocr_carea' id='block_1_102' title="bbox 1949 3955 3557 4026">
    <p class='ocr_par' dir='ltr' id='par_1_102' title="bbox 1949 3955 3557 4026">
     <span class='ocr_line' id='line_1_102' title="bbox 1949 3955 3557 4026; baseline -0.005 -11"><span class='ocrx_word' id='word_1_774' title='bbox 1949 3970 2070 4015; x_wconf 86' lang='lat' dir='ltr'><strong>rent</strong></span> <span class='ocrx_word' id='word_1_775' title='bbox 2097 3959 2284 4014; x_wconf 79' lang='lat' dir='ltr'><strong>Arimi</strong></span> <span class='ocrx_word' id='word_1_776' title='bbox 2312 4002 2325 4025; x_wconf 95' lang='lat'><strong>,</strong></span> <span class='ocrx_word' id='word_1_777' title='bbox 2358 3959 2448 4026; x_wconf 87' lang='lat' dir='ltr'><strong>qui</strong></span> <span class='ocrx_word' id='word_1_778' title='bbox 2492 3959 2635 4010; x_wconf 88' lang='lat' dir='ltr'><strong>varia</strong></span> <span class='ocrx_word' id='word_1_779' title='bbox 2663 3957 2981 4026; x_wconf 76' lang='lat' dir='ltr'><strong>synodorum</strong></span> <span class='ocrx_word' id='word_1_780' title='bbox 3013 3955 3225 4007; x_wconf 84' lang='lat' dir='ltr'><strong>nomina</strong></span> <span class='ocrx_word' id='word_1_781' title='bbox 3254 3956 3557 4026; x_wconf 82' lang='lat' dir='ltr'><strong>comminis-</strong></span> 
     </span>
    </p>
   </div>
   <div class='ocr_carea' id='block_1_103' title="bbox 1946 4025 3550 4097">
    <p class='ocr_par' dir='ltr' id='par_1_103' title="bbox 1946 4025 3550 4097">
     <span class='ocr_line' id='line_1_103' title="bbox 1946 4025 3550 4097; baseline -0.003 -12"><span class='ocrx_word' id='word_1_782' title='bbox 1946 4033 2218 4094; x_wconf 87' lang='lat' dir='ltr'><strong>cebantur,</strong></span> <span class='ocrx_word' id='word_1_783' title='bbox 2269 4030 2454 4082; x_wconf 68' lang='lat' dir='ltr'><strong>Bonna</strong></span> <span class='ocrx_word' id='word_1_784' title='bbox 2483 4025 2712 4097; x_wconf 61' lang='lat' dir='ltr'><strong>aliisque</strong></span> <span class='ocrx_word' id='word_1_785' title='bbox 2741 4029 2790 4078; x_wconf 91' lang='lat' dir='ltr'><strong>in</strong></span> <span class='ocrx_word' id='word_1_786' title='bbox 2829 4026 2966 4097; x_wconf 66' lang='lat' dir='ltr'><strong>locis</strong></span> <span class='ocrx_word' id='word_1_787' title='bbox 3014 4026 3226 4080; x_wconf 86' lang='lat' dir='ltr'><strong>diversa</strong></span> <span class='ocrx_word' id='word_1_788' title='bbox 3270 4025 3550 4097; x_wconf 80' lang='lat' dir='ltr'><strong>celebrata</strong></span> 
     </span>
    </p>
   </div>
   <div class='ocr_carea' id='block_1_104' title="bbox 1948 4096 3557 4176">
    <p class='ocr_par' dir='ltr' id='par_1_104' title="bbox 1948 4096 3557 4176">
     <span class='ocr_line' id='line_1_104' title="bbox 1948 4096 3557 4176; baseline -0.005 -19"><span class='ocrx_word' id='word_1_789' title='bbox 1948 4117 2076 4157; x_wconf 90' lang='lat' dir='ltr'><strong>sunt</strong></span> <span class='ocrx_word' id='word_1_790' title='bbox 2097 4102 2328 4176; x_wconf 81' lang='lat' dir='ltr'><strong>cm_t_cil_ia</strong></span> <span class='ocrx_word' id='word_1_791' title='bbox 2350 4141 2370 4176; x_wconf 81' lang='lat'><strong>_,</strong></span> <span class='ocrx_word' id='word_1_792' title='bbox 2401 4100 2452 4152; x_wconf 90' lang='lat' dir='ltr'><strong>in</strong></span> <span class='ocrx_word' id='word_1_793' title='bbox 2484 4096 2682 4176; x_wconf 69' lang='lat' dir='ltr'><strong>quibus</strong></span> <span class='ocrx_word' id='word_1_794' title='bbox 2704 4096 2970 4176; x_wconf 67' lang='lat' dir='ltr'><strong>sant-itum</strong></span> <span class='ocrx_word' id='word_1_795' title='bbox 2995 4106 3078 4176; x_wconf 87' lang='lat' dir='ltr'><strong>est</strong></span> <span class='ocrx_word' id='word_1_796' title='bbox 3103 4139 3117 4161; x_wconf 93' lang='lat'><strong>,</strong></span> <span class='ocrx_word' id='word_1_797' title='bbox 3153 4106 3207 4148; x_wconf 90' lang='lat' dir='ltr'><strong>ut</strong></span> <span class='ocrx_word' id='word_1_798' title='bbox 3236 4096 3382 4176; x_wconf 78' lang='lat' dir='ltr'><strong>nulla</strong></span> <span class='ocrx_word' id='word_1_799' title='bbox 3408 4097 3557 4150; x_wconf 75' lang='lat' dir='ltr'><strong>dein-</strong></span> 
     </span>
    </p>
   </div>
   <div class='ocr_carea' id='block_1_105' title="bbox 1950 4170 3550 4243">
    <p class='ocr_par' dir='ltr' id='par_1_105' title="bbox 1950 4170 3550 4243">
     <span class='ocr_line' id='line_1_105' title="bbox 1950 4170 3550 4243; baseline -0.004 -16"><span class='ocrx_word' id='word_1_800' title='bbox 1950 4190 2067 4243; x_wconf 83' lang='lat' dir='ltr'><strong>ceps</strong></span> <span class='ocrx_word' id='word_1_801' title='bbox 2086 4174 2137 4224; x_wconf 92' lang='lat' dir='ltr'><strong>in</strong></span> <span class='ocrx_word' id='word_1_802' title='bbox 2155 4170 2397 4243; x_wconf 81' lang='lat' dir='ltr'><strong>Ecclesia</strong></span> <span class='ocrx_word' id='word_1_803' title='bbox 2425 4170 2678 4243; x_wconf 82' lang='lat' dir='ltr'><strong>catholica</strong></span> <span class='ocrx_word' id='word_1_804' title='bbox 2715 4170 3071 4243; x_wconf 71' lang='lat' dir='ltr'><strong>nominaretur</strong></span> <span class='ocrx_word' id='word_1_805' title='bbox 3100 4170 3332 4243; x_wconf 70' lang='lat' dir='ltr'><strong>synodus</strong></span> <span class='ocrx_word' id='word_1_806' title='bbox 3363 4177 3550 4236; x_wconf 65' lang='lat' dir='ltr'><strong>praeter</strong></span> 
     </span>
    </p>
   </div>
   <div class='ocr_carea' id='block_1_106' title="bbox 1891 4235 3556 4306">
    <p class='ocr_par' dir='ltr' id='par_1_106' title="bbox 1891 4235 3556 4306">
     <span class='ocr_line' id='line_1_106' title="bbox 1891 4235 3556 4306; baseline -0.005 -7"><span class='ocrx_word' id='word_1_807' title='bbox 1891 4235 1909 4251; x_wconf 77' lang='grc'><strong>’</strong></span> <span class='ocrx_word' id='word_1_808' title='bbox 1946 4235 2104 4298; x_wconf 79' lang='lat' dir='ltr'><strong>unum</strong></span> <span class='ocrx_word' id='word_1_809' title='bbox 2141 4242 2430 4294; x_wconf 73' lang='lat' dir='ltr'><strong>Nirwnam.</strong></span> <span class='ocrx_word' id='word_1_810' title='bbox 2463 4242 2738 4306; x_wconf 79' lang='lat' dir='ltr'><strong>Quantum</strong></span> <span class='ocrx_word' id='word_1_811' title='bbox 2773 4248 2951 4289; x_wconf 87' lang='lat' dir='ltr'><strong>autem</strong></span> <span class='ocrx_word' id='word_1_812' title='bbox 2983 4237 3267 4290; x_wconf 65' lang='grc' dir='ltr'><strong>Αιιιιιιιςιδίἱ</strong></span> <span class='ocrx_word' id='word_1_813' title='bbox 3319 4235 3556 4291; x_wconf 69' lang='lat' dir='ltr'><strong>interes-</strong></span> 
     </span>
    </p>
   </div>
   <div class='ocr_carea' id='block_1_107' title="bbox 1947 4307 3556 4380">
    <p class='ocr_par' dir='ltr' id='par_1_107' title="bbox 1947 4307 3556 4380">
     <span class='ocr_line' id='line_1_107' title="bbox 1947 4307 3556 4380; baseline -0.004 -12"><span class='ocrx_word' id='word_1_814' title='bbox 1947 4327 2027 4368; x_wconf 90' lang='lat' dir='ltr'><strong>set</strong></span> <span class='ocrx_word' id='word_1_815' title='bbox 2049 4356 2062 4378; x_wconf 94' lang='lat'><strong>,</strong></span> <span class='ocrx_word' id='word_1_816' title='bbox 2092 4323 2150 4367; x_wconf 83' lang='grc' dir='ltr'><strong>ιιι</strong></span> <span class='ocrx_word' id='word_1_817' title='bbox 2195 4313 2539 4366; x_wconf 84' lang='lat' dir='ltr'><strong>Sardicensis</strong></span> <span class='ocrx_word' id='word_1_818' title='bbox 2571 4308 2764 4380; x_wconf 86' lang='lat' dir='ltr'><strong>synodi</strong></span> <span class='ocrx_word' id='word_1_819' title='bbox 2795 4307 3018 4361; x_wconf 85' lang='lat' dir='ltr'><strong>minime</strong></span> <span class='ocrx_word' id='word_1_820' title='bbox 3054 4308 3332 4362; x_wconf 85' lang='lat' dir='ltr'><strong>levaretur</strong></span> <span class='ocrx_word' id='word_1_821' title='bbox 3364 4321 3556 4377; x_wconf 81' lang='lat' dir='ltr'><strong>aucto-</strong></span> 
     </span>
    </p>
   </div>
   <div class='ocr_carea' id='block_1_108' title="bbox 1949 4382 2921 4453">
    <p class='ocr_par' dir='ltr' id='par_1_108' title="bbox 1949 4382 2921 4453">
     <span class='ocr_line' id='line_1_108' title="bbox 1949 4382 2921 4453; baseline -0.011 -12"><span class='ocrx_word' id='word_1_822' title='bbox 1949 4389 2081 4441; x_wconf 73' lang='lat' dir='ltr'><strong>ritas</strong></span> <span class='ocrx_word' id='word_1_823' title='bbox 2105 4429 2118 4453; x_wconf 83' lang='lat'><strong>,</strong></span> <span class='ocrx_word' id='word_1_824' title='bbox 2154 4384 2356 4437; x_wconf 91' lang='lat' dir='ltr'><strong>nemini</strong></span> <span class='ocrx_word' id='word_1_825' title='bbox 2387 4392 2469 4436; x_wconf 85' lang='lat' dir='ltr'><strong>est</strong></span> <span class='ocrx_word' id='word_1_826' title='bbox 2500 4382 2921 4447; x_wconf 81' lang='lat' dir='ltr'><strong>incompertum.</strong></span> 
     </span>
    </p>
   </div>
   <div class='ocr_carea' id='block_1_109' title="bbox 2019 4446 3556 4523">
    <p class='ocr_par' dir='ltr' id='par_1_109' title="bbox 2019 4446 3556 4523">
     <span class='ocr_line' id='line_1_109' title="bbox 2019 4446 3556 4523; baseline 0 -19"><span class='ocrx_word' id='word_1_827' title='bbox 2019 4456 2046 4494; x_wconf 88' lang='lat' dir='ltr'><strong>b</strong></span> <span class='ocrx_word' id='word_1_828' title='bbox 2071 4446 2186 4510; x_wconf 79' lang='lat' dir='ltr'><strong>Non</strong></span> <span class='ocrx_word' id='word_1_829' title='bbox 2213 4455 2479 4523; x_wconf 82' lang='lat' dir='ltr'><strong>oppositis</strong></span> <span class='ocrx_word' id='word_1_830' title='bbox 2499 4446 2722 4523; x_wconf 78' lang='lat' dir='ltr'><strong>quidem</strong></span> <span class='ocrx_word' id='word_1_831' title='bbox 2746 4446 3053 4523; x_wconf 78' lang='lat' dir='ltr'><strong>canonibus</strong></span> <span class='ocrx_word' id='word_1_832' title='bbox 3074 4447 3440 4523; x_wconf 83' lang='lat' dir='ltr'><strong>autdecretis,</strong></span> <span class='ocrx_word' id='word_1_833' title='bbox 3457 4448 3556 4504; x_wconf 83' lang='lat' dir='ltr'><strong>sed</strong></span> 
     </span>
    </p>
   </div>
   <div class='ocr_carea' id='block_1_110' title="bbox 1949 4520 3559 4598">
    <p class='ocr_par' dir='ltr' id='par_1_110' title="bbox 1949 4520 3559 4598">
     <span class='ocr_line' id='line_1_110' title="bbox 1949 4520 3559 4598; baseline -0.004 -16"><span class='ocrx_word' id='word_1_834' title='bbox 1949 4531 2118 4598; x_wconf 79' lang='lat' dir='ltr'><strong>geSIis</strong></span> <span class='ocrx_word' id='word_1_835' title='bbox 2156 4520 2491 4598; x_wconf 74' lang='lat' dir='ltr'><strong>contrariis,</strong></span> <span class='ocrx_word' id='word_1_836' title='bbox 2513 4520 2639 4576; x_wconf 82' lang='lat' dir='ltr'><strong>dum</strong></span> <span class='ocrx_word' id='word_1_837' title='bbox 2667 4520 3024 4576; x_wconf 85' lang='lat' dir='ltr'><strong>Athanasium</strong></span> <span class='ocrx_word' id='word_1_838' title='bbox 3059 4522 3303 4598; x_wconf 71' lang='lat' dir='ltr'><strong>aliosque</strong></span> <span class='ocrx_word' id='word_1_839' title='bbox 3344 4523 3559 4598; x_wconf 84' lang='lat' dir='ltr'><strong>episco-</strong></span> 
     </span>
    </p>
   </div>
   <div class='ocr_carea' id='block_1_111' title="bbox 1880 4590 3554 4704">
    <p class='ocr_par' dir='ltr' id='par_1_111' title="bbox 1880 4590 3554 4704">
     <span class='ocr_line' id='line_1_111' title="bbox 1949 4590 3554 4668; baseline -0.003 -19"><span class='ocrx_word' id='word_1_840' title='bbox 1949 4590 2056 4668; x_wconf 69' lang='lat' dir='ltr'><strong>pos</strong></span> <span class='ocrx_word' id='word_1_841' title='bbox 2084 4641 2098 4664; x_wconf 93' lang='lat'><strong>,</strong></span> <span class='ocrx_word' id='word_1_842' title='bbox 2133 4597 2279 4652; x_wconf 85' lang='lat' dir='ltr'><strong>nulla</strong></span> <span class='ocrx_word' id='word_1_843' title='bbox 2329 4596 2714 4666; x_wconf 81' lang='lat' dir='ltr'><strong>pra-dictorum</strong></span> <span class='ocrx_word' id='word_1_844' title='bbox 2758 4607 3027 4646; x_wconf 80' lang='lat' dir='ltr'><strong>canonum</strong></span> <span class='ocrx_word' id='word_1_845' title='bbox 3075 4590 3262 4646; x_wconf 78' lang='lat' dir='ltr'><strong>11-..bita</strong></span> <span class='ocrx_word' id='word_1_846' title='bbox 3295 4594 3505 4646; x_wconf 78' lang='lat' dir='ltr'><strong>ratione</strong></span> <span class='ocrx_word' id='word_1_847' title='bbox 3537 4633 3554 4660; x_wconf 95' lang='lat'><strong>,</strong></span> 
     </span>
     <span class='ocr_line' id='line_1_112' title="bbox 1880 4644 3554 4704; baseline 0 0"><span class='ocrx_word' id='word_1_848' title='bbox 1880 4644 1926 4704; x_wconf 85' lang='lat' dir='ltr'><strong>D</strong></span> <span class='ocrx_word' id='word_1_849' title='bbox 1955 4672 2008 4704; x_wconf 72' lang='grc' dir='ltr'><strong>ἰ..</strong></span> <span class='ocrx_word' id='word_1_850' title='bbox 2037 4668 2476 4704; x_wconf 68' lang='grc' dir='ltr'><strong>ηιμ-...ηιιιὶηημηι</strong></span> <span class='ocrx_word' id='word_1_851' title='bbox 2522 4665 2787 4704; x_wconf 61' lang='grc' dir='ltr'><strong>ςιιΙιιιίεςηα</strong></span> <span class='ocrx_word' id='word_1_852' title='bbox 2861 4665 2912 4704; x_wconf 85' lang='lat' dir='ltr'><strong>in</strong></span> <span class='ocrx_word' id='word_1_853' title='bbox 2945 4663 3107 4704; x_wconf 63' lang='lat' dir='ltr'><strong>emine</strong></span> <span class='ocrx_word' id='word_1_854' title='bbox 3135 4678 3263 4704; x_wconf 60' lang='lat' dir='ltr'><strong>Quae</strong></span> <span class='ocrx_word' id='word_1_855' title='bbox 3294 4663 3554 4704; x_wconf 69' lang='lat' dir='ltr'><strong>rpelittm-</strong></span> 
     </span>
    </p>
   </div>
   <div class='ocr_carea' id='block_1_112' title="bbox 1955 4663 3556 4729">
    <p class='ocr_par' dir='ltr' id='par_1_112' title="bbox 1955 4663 3556 4729">
     <span class='ocr_line' id='line_1_113' title="bbox 1955 4663 3556 4729; baseline -0.006 -3"><span class='ocrx_word' id='word_1_856' title='bbox 1955 4663 2008 4726; x_wconf 85' lang='lat' dir='ltr'><strong>in</strong></span> <span class='ocrx_word' id='word_1_857' title='bbox 2037 4663 2477 4725; x_wconf 81' lang='lat' dir='ltr'><strong>coittmuniom-m</strong></span> <span class='ocrx_word' id='word_1_858' title='bbox 2521 4665 2787 4719; x_wconf 69' lang='lat' dir='ltr'><strong>admissos</strong></span> <span class='ocrx_word' id='word_1_859' title='bbox 2813 4705 2828 4729; x_wconf 95' lang='lat'><strong>,</strong></span> <span class='ocrx_word' id='word_1_860' title='bbox 2861 4665 2912 4717; x_wconf 91' lang='lat' dir='ltr'><strong>in</strong></span> <span class='ocrx_word' id='word_1_861' title='bbox 2945 4663 3107 4718; x_wconf 77' lang='lat' dir='ltr'><strong>sedes</strong></span> <span class='ocrx_word' id='word_1_862' title='bbox 3135 4678 3263 4717; x_wconf 89' lang='lat' dir='ltr'><strong>snas</strong></span> <span class='ocrx_word' id='word_1_863' title='bbox 3294 4663 3556 4718; x_wconf 87' lang='lat' dir='ltr'><strong>restitue-</strong></span> 
     </span>
    </p>
   </div>
   <div class='ocr_carea' id='block_1_113' title="bbox 1952 4734 3549 4809">
    <p class='ocr_par' dir='ltr' id='par_1_113' title="bbox 1952 4734 3549 4809">
     <span class='ocr_line' id='line_1_114' title="bbox 1952 4734 3549 4809; baseline -0.004 -12"><span class='ocrx_word' id='word_1_864' title='bbox 1952 4753 2099 4798; x_wconf 89' lang='lat' dir='ltr'><strong>runt.</strong></span> <span class='ocrx_word' id='word_1_865' title='bbox 2131 4743 2278 4796; x_wconf 83' lang='lat' dir='ltr'><strong>Hane</strong></span> <span class='ocrx_word' id='word_1_866' title='bbox 2309 4740 2730 4809; x_wconf 76' lang='lat' dir='ltr'><strong>explicationem</strong></span> <span class='ocrx_word' id='word_1_867' title='bbox 2767 4751 2872 4809; x_wconf 78' lang='lat' dir='ltr'><strong>non</strong></span> <span class='ocrx_word' id='word_1_868' title='bbox 2902 4735 2971 4790; x_wconf 88' lang='lat' dir='ltr'><strong>de</strong></span> <span class='ocrx_word' id='word_1_869' title='bbox 3009 4745 3198 4809; x_wconf 81' lang='lat' dir='ltr'><strong>nostro</strong></span> <span class='ocrx_word' id='word_1_870' title='bbox 3229 4734 3549 4809; x_wconf 62' lang='grc' dir='ltr'>ροιιιιιιηιίεετ</span> 
     </span>
    </p>
   </div>
   <div class='ocr_carea' id='block_1_114' title="bbox 1951 4806 3557 4878">
    <p class='ocr_par' dir='ltr' id='par_1_114' title="bbox 1951 4806 3557 4878">
     <span class='ocr_line' id='line_1_115' title="bbox 1951 4806 3557 4878; baseline -0.007 -10"><span class='ocrx_word' id='word_1_871' title='bbox 1951 4817 2129 4869; x_wconf 88' lang='lat' dir='ltr'><strong>cimur</strong></span> <span class='ocrx_word' id='word_1_872' title='bbox 2178 4813 2315 4877; x_wconf 78' lang='lat' dir='ltr'><strong>ipsi,</strong></span> <span class='ocrx_word' id='word_1_873' title='bbox 2370 4806 2465 4866; x_wconf 61' lang='lat' dir='ltr'><strong>sed</strong></span> <span class='ocrx_word' id='word_1_874' title='bbox 2498 4809 2811 4878; x_wconf 79' lang='lat' dir='ltr'><strong>suppeditat</strong></span> <span class='ocrx_word' id='word_1_875' title='bbox 2844 4807 3122 4861; x_wconf 83' lang='lat' dir='ltr'><strong>Palladius</strong></span> <span class='ocrx_word' id='word_1_876' title='bbox 3155 4821 3275 4873; x_wconf 85' lang='lat' dir='ltr'><strong>pag.</strong></span> <span class='ocrx_word' id='word_1_877' title='bbox 3307 4806 3375 4862; x_wconf 83' lang='lat'><strong>78</strong></span> <span class='ocrx_word' id='word_1_878' title='bbox 3403 4847 3418 4873; x_wconf 95' lang='lat'><strong>,</strong></span> <span class='ocrx_word' id='word_1_879' title='bbox 3463 4807 3557 4878; x_wconf 56' lang='lat' dir='ltr'><strong>ubi</strong></span> 
     </span>
    </p>
   </div>
   <div class='ocr_carea' id='block_1_115' title="bbox 1950 4876 3557 4948">
    <p class='ocr_par' dir='ltr' id='par_1_115' title="bbox 1950 4876 3557 4948">
     <span class='ocr_line' id='line_1_116' title="bbox 1950 4876 3557 4948; baseline -0.003 -10"><span class='ocrx_word' id='word_1_880' title='bbox 1950 4887 2121 4940; x_wconf 88' lang='lat' dir='ltr'><strong>allato</strong></span> <span class='ocrx_word' id='word_1_881' title='bbox 2178 4876 2496 4938; x_wconf 75' lang='lat' dir='ltr'><strong>Antiochi-ni</strong></span> <span class='ocrx_word' id='word_1_882' title='bbox 2555 4876 2773 4936; x_wconf 84' lang='lat' dir='ltr'><strong>concilii</strong></span> <span class='ocrx_word' id='word_1_883' title='bbox 2807 4895 3015 4934; x_wconf 81' lang='lat' dir='ltr'><strong>canone</strong></span> <span class='ocrx_word' id='word_1_884' title='bbox 3042 4879 3110 4942; x_wconf 74' lang='grc'><strong>4,</strong></span> <span class='ocrx_word' id='word_1_885' title='bbox 3154 4878 3439 4948; x_wconf 76' lang='lat' dir='ltr'><strong>adiungit:</strong></span> <span class='ocrx_word' id='word_1_886' title='bbox 3486 4876 3557 4933; x_wconf 89' lang='lat' dir='ltr'><strong>Et</strong></span> 
     </span>
    </p>
   </div>
   <div class='ocr_carea' id='block_1_116' title="bbox 1950 4948 3555 5026">
    <p class='ocr_par' dir='ltr' id='par_1_116' title="bbox 1950 4948 3555 5026">
     <span class='ocr_line' id='line_1_117' title="bbox 1950 4948 3555 5026; baseline -0.004 -18"><span class='ocrx_word' id='word_1_887' title='bbox 1950 4955 2035 5010; x_wconf 85' lang='lat' dir='ltr'><strong>hic</strong></span> <span class='ocrx_word' id='word_1_888' title='bbox 2073 4951 2279 5026; x_wconf 81' lang='lat' dir='ltr'><strong>quidem</strong></span> <span class='ocrx_word' id='word_1_889' title='bbox 2307 4971 2470 5007; x_wconf 79' lang='lat' dir='ltr'><strong>canon</strong></span> <span class='ocrx_word' id='word_1_890' title='bbox 2493 4963 2587 5026; x_wconf 46' lang='grc' dir='ltr'><strong>ζιιι</strong></span> <span class='ocrx_word' id='word_1_891' title='bbox 2605 4952 2794 5024; x_wconf 84' lang='lat' dir='ltr'><strong>impius</strong></span> <span class='ocrx_word' id='word_1_892' title='bbox 2820 4952 2883 5026; x_wconf 72' lang='lat' dir='ltr'><strong>ob</strong></span> <span class='ocrx_word' id='word_1_893' title='bbox 2905 4949 3276 5026; x_wconf 37' lang='lat' dir='ltr'><strong>impiis‘editus</strong></span> <span class='ocrx_word' id='word_1_894' title='bbox 3307 4952 3397 5026; x_wconf 56' lang='grc' dir='ltr'><strong>ἱξη</strong></span> <span class='ocrx_word' id='word_1_895' title='bbox 3424 4948 3555 5026; x_wconf 67' lang='grc' dir='ltr'><strong>8ου·-</strong></span> 
     </span>
    </p>
   </div>
   <div class='ocr_carea' id='block_1_117' title="bbox 1951 5019 3553 5090">
    <p class='ocr_par' dir='ltr' id='par_1_117' title="bbox 1951 5019 3553 5090">
     <span class='ocr_line' id='line_1_118' title="bbox 1951 5019 3553 5090; baseline -0.003 -11"><span class='ocrx_word' id='word_1_896' title='bbox 1951 5019 2146 5081; x_wconf 79' lang='lat' dir='ltr'><strong>diccnsi</strong></span> <span class='ocrx_word' id='word_1_897' title='bbox 2169 5027 2388 5080; x_wconf 84' lang='lat' dir='ltr'><strong>concilio</strong></span> <span class='ocrx_word' id='word_1_898' title='bbox 2425 5043 2457 5078; x_wconf 93' lang='lat' dir='ltr'><strong>a</strong></span> <span class='ocrx_word' id='word_1_899' title='bbox 2489 5019 2739 5077; x_wconf 76' lang='lat' dir='ltr'><strong>Romanis</strong></span> <span class='ocrx_word' id='word_1_900' title='bbox 2760 5066 2774 5087; x_wconf 94' lang='lat'><strong>,</strong></span> <span class='ocrx_word' id='word_1_901' title='bbox 2810 5020 2962 5074; x_wconf 77' lang='lat' dir='ltr'><strong>Italis</strong></span> <span class='ocrx_word' id='word_1_902' title='bbox 2983 5064 2997 5088; x_wconf 92' lang='lat'><strong>,</strong></span> <span class='ocrx_word' id='word_1_903' title='bbox 3033 5019 3273 5090; x_wconf 80' lang='lat' dir='ltr'><strong>Illyriis,</strong></span> <span class='ocrx_word' id='word_1_904' title='bbox 3305 5021 3553 5074; x_wconf 79' lang='lat' dir='ltr'><strong>Macedo-</strong></span> 
     </span>
    </p>
   </div>
   <div class='ocr_carea' id='block_1_118' title="bbox 1953 5091 3552 5167">
    <p class='ocr_par' dir='ltr' id='par_1_118' title="bbox 1953 5091 3552 5167">
     <span class='ocr_line' id='line_1_119' title="bbox 1953 5091 3552 5167; baseline -0.003 -17"><span class='ocrx_word' id='word_1_905' title='bbox 1953 5101 2101 5152; x_wconf 85' lang='lat' dir='ltr'><strong>nibus</strong></span> <span class='ocrx_word' id='word_1_906' title='bbox 2131 5108 2281 5167; x_wconf 80' lang='lat' dir='ltr'><strong>atque</strong></span> <span class='ocrx_word' id='word_1_907' title='bbox 2328 5095 2523 5150; x_wconf 78' lang='lat' dir='ltr'><strong>ercis</strong></span> <span class='ocrx_word' id='word_1_908' title='bbox 2565 5095 2880 5167; x_wconf 68' lang='lat' dir='ltr'><strong>abrogatas,</strong></span> <span class='ocrx_word' id='word_1_909' title='bbox 2919 5092 3126 5167; x_wconf 69' lang='lat' dir='ltr'><strong>quando</strong></span> <span class='ocrx_word' id='word_1_910' title='bbox 3177 5091 3415 5167; x_wconf 78' lang='lat' dir='ltr'><strong>Liberius</strong></span> <span class='ocrx_word' id='word_1_911' title='bbox 3461 5101 3552 5167; x_wconf 72' lang='lat' dir='ltr'><strong>qut</strong></span> 
     </span>
    </p>
   </div>
   <div class='ocr_carea' id='block_1_119' title="bbox 1949 5161 3552 5235">
    <p class='ocr_par' dir='ltr' id='par_1_119' title="bbox 1949 5161 3552 5235">
     <span class='ocr_line' id='line_1_120' title="bbox 1949 5161 3552 5235; baseline -0.004 -13"><span class='ocrx_word' id='word_1_912' title='bbox 1949 5167 2126 5223; x_wconf 81' lang='lat' dir='ltr'><strong>Julius</strong></span> <span class='ocrx_word' id='word_1_913' title='bbox 2157 5161 2308 5235; x_wconf 77' lang='lat' dir='ltr'><strong>(tunc</strong></span> <span class='ocrx_word' id='word_1_914' title='bbox 2328 5168 2581 5220; x_wconf 62' lang='lat' dir='ltr'><strong>ecclesias</strong></span> <span class='ocrx_word' id='word_1_915' title='bbox 2607 5161 2835 5233; x_wconf 67' lang='lat' dir='ltr'><strong>prauerat</strong></span> <span class='ocrx_word' id='word_1_916' title='bbox 2858 5163 3056 5235; x_wconf 50' lang='lat' dir='ltr'><strong>Julius)</strong></span> <span class='ocrx_word' id='word_1_917' title='bbox 3085 5161 3381 5218; x_wconf 84' lang='lat' dir='ltr'><strong>Constantis</strong></span> <span class='ocrx_word' id='word_1_918' title='bbox 3405 5165 3552 5235; x_wconf 62' lang='lat' dir='ltr'><strong>inin-</strong></span> 
     </span>
    </p>
   </div>
   <div class='ocr_carea' id='block_1_120' title="bbox 1949 5233 3551 5312">
    <p class='ocr_par' dir='ltr' id='par_1_120' title="bbox 1949 5233 3551 5312">
     <span class='ocr_line' id='line_1_121' title="bbox 1949 5233 3551 5312; baseline -0.007 -17"><span class='ocrx_word' id='word_1_919' title='bbox 1949 5244 2122 5312; x_wconf 83' lang='lat' dir='ltr'><strong>cipntu</strong></span> <span class='ocrx_word' id='word_1_920' title='bbox 2150 5233 2201 5292; x_wconf 81' lang='lat' dir='ltr'><strong>in</strong></span> <span class='ocrx_word' id='word_1_921' title='bbox 2246 5237 2656 5292; x_wconf 86' lang='lat' dir='ltr'><strong>communionem</strong></span> <span class='ocrx_word' id='word_1_922' title='bbox 2695 5236 2906 5290; x_wconf 84' lang='lat' dir='ltr'><strong>admisit</strong></span> <span class='ocrx_word' id='word_1_923' title='bbox 2939 5233 3282 5312; x_wconf 74' lang='lat' dir='ltr'><strong>Athnnnsinnt</strong></span> <span class='ocrx_word' id='word_1_924' title='bbox 3312 5247 3358 5286; x_wconf 89' lang='lat' dir='ltr'><strong>et</strong></span> <span class='ocrx_word' id='word_1_925' title='bbox 3398 5233 3551 5312; x_wconf 57' lang='grc' dir='ltr'>ρίαν-</span> 
     </span>
    </p>
   </div>
   <div class='ocr_carea' id='block_1_121' title="bbox 1949 5304 3556 5380">
    <p class='ocr_par' dir='ltr' id='par_1_121' title="bbox 1949 5304 3556 5380">
     <span class='ocr_line' id='line_1_122' title="bbox 1949 5304 3556 5380; baseline -0.004 -16"><span class='ocrx_word' id='word_1_926' title='bbox 1949 5304 2142 5367; x_wconf 69' lang='grc' dir='ltr'>οέιιωη</span> <span class='ocrx_word' id='word_1_927' title='bbox 2188 5310 2466 5375; x_wconf 82' lang='lat' dir='ltr'><strong>Gulatmn,</strong></span> <span class='ocrx_word' id='word_1_928' title='bbox 2523 5317 2732 5380; x_wconf 84' lang='lat' dir='ltr'><strong>propter</strong></span> <span class='ocrx_word' id='word_1_929' title='bbox 2788 5323 2914 5376; x_wconf 88' lang='lat' dir='ltr'><strong>quos</strong></span> <span class='ocrx_word' id='word_1_930' title='bbox 2953 5317 3004 5358; x_wconf 82' lang='lat' dir='ltr'><strong>et</strong></span> <span class='ocrx_word' id='word_1_931' title='bbox 3043 5304 3127 5359; x_wconf 84' lang='lat' dir='ltr'><strong>hic</strong></span> <span class='ocrx_word' id='word_1_932' title='bbox 3171 5320 3338 5358; x_wconf 88' lang='lat' dir='ltr'><strong>canon</strong></span> <span class='ocrx_word' id='word_1_933' title='bbox 3385 5307 3556 5375; x_wconf 78' lang='lat' dir='ltr'><strong>factus</strong></span> 
     </span>
    </p>
   </div>
   <div class='ocr_carea' id='block_1_122' title="bbox 1976 5395 2140 5437">
    <p class='ocr_par' dir='ltr' id='par_1_122' title="bbox 1976 5395 2140 5437">
     <span class='ocr_line' id='line_1_123' title="bbox 1976 5395 2140 5437; baseline -0.006 -1"><span class='ocrx_word' id='word_1_934' title='bbox 1976 5395 2140 5437; x_wconf 82' lang='lat' dir='ltr'><strong>uerat.</strong></span> 
     </span>
    </p>
   </div>
   <div class='ocr_carea' id='block_1_123' title="bbox 1949 5384 3552 5523">
    <p class='ocr_par' dir='ltr' id='par_1_123' title="bbox 1949 5384 3552 5523">
     <span class='ocr_line' id='line_1_124' title="bbox 1949 5384 3552 5523; baseline -0.001 -17"><span class='ocrx_word' id='word_1_935' title='bbox 1949 5384 2391 5523; x_wconf 49' lang='lat' dir='ltr'><strong>luir‘ijegettdum</strong></span> <span class='ocrx_word' id='word_1_936' title='bbox 2445 5450 2666 5504; x_wconf 89' lang='lat' dir='ltr'><strong>videtur</strong></span> <span class='ocrx_word' id='word_1_937' title='bbox 2705 5464 2885 5520; x_wconf 73' lang='lat' dir='ltr'><strong>graece</strong></span> <span class='ocrx_word' id='word_1_938' title='bbox 2921 5455 3085 5508; x_wconf 81' lang='grc' dir='ltr'>κακῶς</span> <span class='ocrx_word' id='word_1_939' title='bbox 3114 5448 3317 5523; x_wconf 35' lang='grc' dir='ltr'><strong>θυι-οὐ</strong></span> <span class='ocrx_word' id='word_1_940' title='bbox 3347 5447 3552 5505; x_wconf 69' lang='grc' dir='ltr'>καλῶςε</span> 
     </span>
    </p>
   </div>
   <div class='ocr_carea' id='block_1_124' title="bbox 1948 5517 3558 5595">
    <p class='ocr_par' dir='ltr' id='par_1_124' title="bbox 1948 5517 3558 5595">
     <span class='ocr_line' id='line_1_125' title="bbox 1948 5517 3558 5595; baseline -0.006 -17"><span class='ocrx_word' id='word_1_941' title='bbox 1948 5517 2196 5595; x_wconf 62' lang='lat' dir='ltr'><strong>adeoque</strong></span> <span class='ocrx_word' id='word_1_942' title='bbox 2243 5526 2334 5578; x_wconf 81' lang='lat' dir='ltr'><strong>ltic</strong></span> <span class='ocrx_word' id='word_1_943' title='bbox 2383 5517 2778 5577; x_wconf 75' lang='lat' dir='ltr'><strong>restituendum</strong></span> <span class='ocrx_word' id='word_1_944' title='bbox 2801 5537 2917 5592; x_wconf 69' lang='lat' dir='ltr'><strong>quae</strong></span> <span class='ocrx_word' id='word_1_945' title='bbox 2962 5523 3132 5583; x_wconf 84' lang='lat' dir='ltr'><strong>mute,</strong></span> <span class='ocrx_word' id='word_1_946' title='bbox 3160 5517 3244 5570; x_wconf 87' lang='lat' dir='ltr'><strong>vel</strong></span> <span class='ocrx_word' id='word_1_947' title='bbox 3275 5532 3376 5570; x_wconf 84' lang='lat' dir='ltr'><strong>non</strong></span> <span class='ocrx_word' id='word_1_948' title='bbox 3421 5524 3558 5570; x_wconf 82' lang='lat' dir='ltr'><strong>recte</strong></span> 
     </span>
    </p>
   </div>
   <div class='ocr_carea' id='block_1_125' title="bbox 1948 5607 2228 5650">
    <p class='ocr_par' dir='ltr' id='par_1_125' title="bbox 1948 5607 2228 5650">
     <span class='ocr_line' id='line_1_126' title="bbox 1948 5607 2228 5650; baseline -0.007 1"><span class='ocrx_word' id='word_1_949' title='bbox 1948 5607 2066 5650; x_wconf 86' lang='lat' dir='ltr'><strong>acta</strong></span> <span class='ocrx_word' id='word_1_950' title='bbox 2088 5607 2228 5649; x_wconf 80' lang='lat' dir='ltr'><strong>sunt.</strong></span> 
     </span>
    </p>
   </div>
   <div class='ocr_carea' id='block_1_126' title="bbox 2021 5657 3558 5735">
    <p class='ocr_par' dir='ltr' id='par_1_126' title="bbox 2021 5657 3558 5735">
     <span class='ocr_line' id='line_1_127' title="bbox 2021 5657 3558 5735; baseline 0.004 -32"><span class='ocrx_word' id='word_1_951' title='bbox 2021 5668 2045 5703; x_wconf 79' lang='grc' dir='ltr'><strong>ιι</strong></span> <span class='ocrx_word' id='word_1_952' title='bbox 2086 5669 2301 5722; x_wconf 69' lang='grc' dir='ltr'>μίγενςιι</span> <span class='ocrx_word' id='word_1_953' title='bbox 2341 5676 2609 5734; x_wconf 80' lang='lat' dir='ltr'><strong>tempora,</strong></span> <span class='ocrx_word' id='word_1_954' title='bbox 2663 5664 2861 5735; x_wconf 85' lang='lat' dir='ltr'><strong>quibus</strong></span> <span class='ocrx_word' id='word_1_955' title='bbox 2911 5657 3154 5735; x_wconf 77' lang='lat' dir='ltr'><strong>episcopi</strong></span> <span class='ocrx_word' id='word_1_956' title='bbox 3193 5657 3264 5710; x_wconf 91' lang='lat' dir='ltr'><strong>illi</strong></span> <span class='ocrx_word' id='word_1_957' title='bbox 3328 5658 3558 5735; x_wconf 81' lang='lat' dir='ltr'><strong>ltomam</strong></span> 
     </span>
    </p>
   </div>
   <div class='ocr_carea' id='block_1_127' title="bbox 1950 5733 3560 5806">
    <p class='ocr_par' dir='ltr' id='par_1_127' title="bbox 1950 5733 3560 5806">
     <span class='ocr_line' id='line_1_128' title="bbox 1950 5733 3560 5806; baseline -0.004 -14"><span class='ocrx_word' id='word_1_958' title='bbox 1950 5738 2332 5806; x_wconf 76' lang='lat' dir='ltr'><strong>confugerunt,</strong></span> <span class='ocrx_word' id='word_1_959' title='bbox 2372 5733 2642 5791; x_wconf 80' lang='lat' dir='ltr'><strong>Palladius</strong></span> <span class='ocrx_word' id='word_1_960' title='bbox 2667 5733 2788 5804; x_wconf 82' lang='lat' dir='ltr'><strong>pag.</strong></span> <span class='ocrx_word' id='word_1_961' title='bbox 2819 5735 2884 5806; x_wconf 74' lang='lat' dir='ltr'><strong>l0</strong></span> <span class='ocrx_word' id='word_1_962' title='bbox 2915 5733 3062 5806; x_wconf 56' lang='lat' dir='ltr'><strong>criti</strong></span> <span class='ocrx_word' id='word_1_963' title='bbox 3094 5739 3239 5806; x_wconf 59' lang='lat' dir='ltr'><strong>uouit</strong></span> <span class='ocrx_word' id='word_1_964' title='bbox 3280 5733 3472 5806; x_wconf 55' lang='lat' dir='ltr'><strong>attolle</strong></span> <span class='ocrx_word' id='word_1_965' title='bbox 3502 5738 3560 5785; x_wconf 85' lang='lat' dir='ltr'><strong>et</strong></span> 
     </span>
    </p>
   </div>
   <div class='ocr_carea' id='block_1_128' title="bbox 1950 5796 3374 5876">
    <p class='ocr_par' dir='ltr' id='par_1_128' title="bbox 1950 5796 3374 5876">
     <span class='ocr_line' id='line_1_129' title="bbox 1950 5796 3374 5876; baseline -0.007 -13"><span class='ocrx_word' id='word_1_966' title='bbox 1950 5796 2197 5876; x_wconf 67' lang='lat' dir='ltr'><strong>epistolae</strong></span> <span class='ocrx_word' id='word_1_967' title='bbox 2230 5796 2391 5876; x_wconf 68' lang='lat' dir='ltr'><strong>ltoi&#39;us</strong></span> <span class='ocrx_word' id='word_1_968' title='bbox 2420 5817 2635 5876; x_wconf 83' lang='lat' dir='ltr'><strong>tempus</strong></span> <span class='ocrx_word' id='word_1_969' title='bbox 2667 5796 2916 5873; x_wconf 58' lang='lat' dir='ltr'><strong>&quot;superius</strong></span> <span class='ocrx_word' id='word_1_970' title='bbox 2949 5796 3374 5866; x_wconf 58' lang='lat' dir='ltr'><strong>designavlmust</strong></span> 
     </span>
    </p>
   </div>
  </div>
