4084 6342
490 289 595 346 507

1741 289 1797 345 3.
1842 283 2242 342 INNOCENTII
2281 285 2306 339 ι
2347 284 2556 341 ΡΛΡιΕ

3701 285 3805 340 508

487 407 640 462 ribus
671 404 1026 474 rrmfugerunt
1059 446 1078 471 ,
1110 405 1278 462 idest
1308 405 1586 464 Demetrio
1612 446 1627 469 ,
1659 404 1930 475 Cyriaco,
1965 402 2076 460 Eu-
2102 431 2116 462 Α

2217 403 2421 477 ητρισυ,
2466 407 2744 478 ιυριακοῦ,
2799 401 3050 458 Εὐλνσίου
3097 405 3186 457 καὶ
3233 401 3519 459 Παλλαδίου
3548 447 3561 469 ,
3623 404 3804 463 οἵτινες

489 499 636 570 lysio
655 512 710 555 et
749 497 992 554 Palladio
1021 540 1035 563 ,
1064 499 1155 569 qui
1184 497 1470 556 nobiscum
1516 507 1646 552 sunt
1665 539 1679 562 ,
1717 508 1970 554 accurata
2001 501 2086 555 in.

2217 493 2398 551 nium
2420 497 2526 568 μεθ’
2547 498 2706 568 ἡμῶν,
2737 497 2905 571 τελείᾳ
2932 496 3180 572 δρωτήσει
3210 497 3601 570 μεμαθήκαμεν.

487 593 858 664 tet-rogatione
879 593 1191 650 didicimus.

1040 709 1371 766 EPISTOLA
1421 707 1552 764 Vlll.

534 843 633 885 εευ
662 842 949 884 ΕΧΕΙΡΜΙΙ
993 835 1019 866 ⁸
1051 841 1230 882 SACBE
1269 840 1486 882 HONORH
1524 840 1749 884 AUGUSTI
1790 839 1958 883 ιιιεειε
1988 840 2057 882 ΑΙ)

858 934 1142 978 PRINCIPBI
1175 934 1418 976 OBIENTIS
1441 934 1731 975 ARCADIUM.

499 1058 653 1115 Dolet
687 1058 957 1114 Honorius
987 1056 1052 1112 de
1077 1056 1162 1122 iis,
1191 1072 1306 1128 qua
1336 1056 1387 1110 in
1418 1057 1502 1111 die
1532 1055 1754 1112 Pascha:
1798 1054 2097 1113 Constanti-

576 1152 752 1225 rwpoli
805 1159 1104 1222 perpetrata
1146 1159 1284 1204 sunt.
1329 1149 1529 1220 Templi
1581 1152 1792 1224 augusti
1819 1161 2103 1208 etsenatus

574 1245 870 1299 incendium
901 1245 1126 1314 primum
1153 1257 1267 1298 esse
1290 1243 1480 1298 divinat
1515 1243 1803 1299 iracundiae
1827 1245 2102 1301 iudicium.

574 1337 696 1392 Alia
731 1337 1002 1392 metuenda
1039 1352 1147 1390 esse
1185 1335 1288 1390 nisi
1329 1333 1467 1391 Deus
1517 1335 1772 1409 placetur.
1812 1336 1930 1390 Hoc
1959 1337 2026 1391 de
2049 1353 2105 1391 re

575 1440 742 1485 tacere
770 1446 822 1485 se
845 1445 1148 1502 non-posse,
1175 1446 1239 1484 ne
1266 1429 1534 1484 silentium
1563 1447 1658 1501 νο
1676 1447 1890 1486 assensu
1916 1430 2108 1486 [relicuo

577 1531 682 1578 tur.
713 1521 886 1588 Quam
933 1538 1282 1595 prwpropere,
1334 1523 1459 1579 dum
1504 1523 1792 1594 episcopale
1835 1524 2106 1595 judicium

573 1614 992 1682 exspectabatur,
1022 1616 1076 1668 iu
1105 1615 1347 1670 exsilium
1379 1616 1518 1684 pulsi
1545 1617 1803 1672 sintsacri
1825 1617 2103 1672 antistites.

576 1707 714 1762 Hinc
741 1707 1007 1776 religionis
1062 1707 1493 1776 perturbationem
1543 1708 1834 1776 inductam,
1867 1719 1914 1762 et
1941 1709 2105 1764 latum

574 1799 852 1854 Ita'resibus
878 1809 1030 1870 atque
1055 1799 1419 1854 schismatibus
1450 1818 1690 1869 campum
1715 1803 1947 1873 apertum
1970 1819 2100 1856 esse.

506 1907 512 1934 ι
581 1895 630 1949 l.
660 1895 922 1962 Quamvis
946 1910 1112 1964 super
1138 1894 1165 1932 ι)
1190 1896 1425 1966 imagine
1445 1897 1722 1964 muliebri,
1750 1912 1895 1951 novo
1913 1913 2102 1953 exem-

504 1990 616 2060 plo,
647 2005 745 2060 per
778 1989 1083 2058 provincias
1138 1989 1454 2044 circumlata
1488 1999 1510 2026 °
1545 1988 1814 2044 etdifl'usa
1853 2003 1949 2059 per
1985 1989 2109 2044 uni-

503 2099 720 2140 versum
761 2083 1019 2138 mundum
1050 2083 1475 2138 obtrectantium
1519 2081 1683 2147 fama,
1735 2083 1934 2139 litteris
1987 2082 2110 2140 aliis

505 2179 977 2245 commonuerim,
1009 2189 1064 2233 ut
1095 2177 1217 2232 talis
1236 2177 1360 2232 facti
1396 2178 1723 2250 pmuitentia
1746 2187 1801 2234 ct
1831 2178 2109 2235 intermis-

503 2271 658 2330 sione
692 2271 982 2340 propositi,
1005 2286 1190 2325 rumor
1219 2271 1446 2327 aemulus
1468 2281 1849 2341 consenescat,
1877 2282 1934 2329 et
1961 2273 2110 2344 quod

506 2363 564 2419 in
595 2365 840 2420 moribus
873 2373 1178 2434 temporum
1209 2376 1391 2437 carpat
1424 2366 1640 2436 publica
1664 2367 1846 2436 lingua
1868 2382 1977 2422 non
2009 2367 2109 2423 ha-

505 2454 634 2511 beat
667 2472 677 2507 :
704 2455 951 2525 quamvis
974 2456 1138 2511 etiam
1166 2471 1331 2526 super
1357 2456 1570 2512 excidio
1598 2459 1879 2528 pereuntis
1910 2457 2114 2530 Illyrici

510 2551 604 2622 pio
631 2550 772 2620 apud
797 2565 893 2606 vos
914 2550 1316 2618 prodiderimus
1347 2549 1543 2605 atiectu
1565 2565 1688 2606 esse
1715 2551 1872 2607 nobis
1903 2551 2107 2619 dolori,

510 2645 744 2710 cur_ista
771 2641 798 2680 ά
826 2659 922 2700 vos
949 2643 1280 2698 detrimenta
1297 2645 1612 2714 reipublicxe
1633 2645 1920 2700 nolueritis
1948 2661 2115 2717 agno-

511 2751 694 2800 scere,
735 2748 791 2790 et
822 2737 944 2792 aliis
973 2738 1155 2808 potius
1183 2737 1650 2810 indicibus,quam
1669 2739 1890 2808 pietatis
1917 2749 2112 2796 vestrae

513 2831 738 2897 litteris,
792 2831 994 2887 fuerint
1039 2834 1285 2888 nuntiata
1326 2842 1547 2888 :tamen
1591 2850 1659 2890 ne
1713 2835 1845 2890 illud
1889 2836 2111 2906 quidem

516 2927 661 2999 apud
690 2928 1048 2985 serenitatem
1084 2936 1326 2984 vestram
1358 2927 1710 3001 dissimulare
1757 2945 1856 2984 nos
1889 2929 1969 2985 fas
2000 2939 2109 2996 est,

517 3022 660 3094 quod
685 3024 737 3077 in
768 3022 933 3078 rebus
977 3021 1200 3087 divinis,
1245 3037 1352 3077 non
1397 3024 1516 3078 sine
1546 3022 1746 3092 publici
1775 3023 2113 3080 discriminis

517 3125 685 3180 metu,
741 3116 1052 3188 nuperrime
1110 3117 1428 3188 contigisse,
1454 3116 1558 3171 cita
1590 3133 1810 3188 semper
1840 3118 2110 3174 malorum

2203 687 2255 740 in
2287 693 2532 756 tempora
2591 684 2774 740 studio
2819 699 2980 740 saevae
3022 685 3366 755 loquacitatis
3416 695 3662 754 exercet.
3716 682 3812 739 Est

2201 778 2346 834 enim
2379 793 2554 847 nuper
2577 778 2850 848 proditum
2884 777 3038 850 (Vid.
3076 778 3291 833 Pallad.
3335 795 3456 852 pag.
3495 777 3568 832 82
3593 785 3647 832 et
3681 777 3748 833 85
3765 778 3806 848 ),

2201 871 2343 943 apud
2373 871 2906 942 Constantinopolim
2929 873 3308 927 sacratissimo
3330 870 3560 927 Pascbze
3587 885 3812 925 venera-

2203 965 2326 1020 bilis
2347 964 2455 1028 die,
2488 979 2612 1019 cum
2645 978 2837 1019 omnes
2867 979 3004 1034 pene
3026 965 3079 1019 in
3107 965 3366 1021 eumdem
3397 964 3578 1020 locum
3611 963 3816 1018 vicina-

2203 1075 2324 1114 rum
2350 1059 2567 1114 urbium
2624 1059 2853 1130 populos
2885 1059 3098 1128 religio,
3155 1059 3512 1130 castigatiore
3549 1057 3650 1114 sub
3679 1073 3817 1128 pras-

2205 1155 2380 1208 seutia
2407 1153 2714 1223 principum
2739 1152 2849 1208 ritu
2879 1151 3224 1218 celebranda,
3249 1151 3574 1222 collegerat,
3604 1151 3817 1207 clausas

2203 1247 2388 1302 subito
2407 1245 2704 1302 catholicas
2749 1246 3030 1312 ecclesias,
3065 1254 3251 1300 trusos
3285 1245 3338 1299 in
3363 1243 3676 1299 custodiam
3729 1257 3818 1303 sa-

2204 1341 2476 1407 cerdotes,
2509 1341 2725 1396 scilicet
2755 1350 2811 1395 ut
2835 1356 2902 1396 eo
2928 1341 3274 1411 potissimum
3300 1348 3571 1409 tempore,
3603 1351 3711 1408 quo
3729 1337 3815 1392 in-

2208 1434 2484 1506 dulgentia
2533 1435 2819 1505 principali
2856 1437 2881 1465 ο
2911 1434 3085 1489 tristia
3125 1433 3429 1488 noxiorum
3459 1432 3704 1488 claustra
3731 1447 3817 1488 rc-

2212 1539 2484 1596 seraotur,
2515 1531 2622 1602 pias
2661 1530 2796 1600 legis
2822 1537 2878 1586 et
2911 1529 3057 1601 pacis
3085 1529 3370 1584 ministros
3400 1541 3583 1582 satvus
3630 1541 3818 1582 carcer

2212 1624 2535 1694 includeret,
2593 1625 2884 1696 omniaque
2928 1624 3183 1679 bellicum
3217 1623 3274 1678 in
3311 1623 3537 1677 modum
3597 1621 3814 1676 turbata

2214 1718 2493 1792 mysteria,
2521 1718 2812 1773 nonnullos
2843 1718 2898 1772 in
2929 1717 3060 1788 ipsis
3082 1716 3333 1773 ecclesia:
3356 1715 3622 1772 sacrariis
3653 1715 3817 1770 inter-

2215 1822 2450 1883 emptos,
2484 1821 2799 1882 tantamque
2826 1811 2970 1867 circa
3003 1811 3197 1866 altaria
3229 1809 3344 1864 vim
3372 1808 3636 1874 smvisse,
3666 1814 3724 1861 ut
3763 1815 3817 1863 et

2213 1907 2557 1963 venerabiles
2584 1905 2828 1976 episcopi
2852 1906 2903 1960 in
2935 1905 3187 1960 exsilium
3215 1903 3596 1970 truderentur,
3622 1909 3819 1957 etsun-

2213 2005 2332 2074 guis
2355 2003 2649 2068 humanus,
2673 2000 2815 2072 quod
2846 2000 2994 2056 dictu
3028 1998 3182 2053 nefas
3212 2005 3318 2066 est,
3351 1995 3603 2052 caelestia
3635 2009 3819 2050 sacra—

2214 2104 2394 2150 menta
2425 2095 2802 2165 perfunderet.
2837 2093 2931 2148 His
2962 2098 3186 2160 repente
3208 2092 3536 2160 compertis,
3573 2087 3820 2143 turbatos

2213 2204 2338 2246 esse
2360 2203 2457 2244 nos
2484 2189 2676 2244 fateor.
2725 2187 2863 2256 Quis
2893 2186 3038 2240 enim
3069 2185 3122 2238 in
3157 2183 3410 2239 facinore
3453 2193 3564 2236 tam
3593 2190 3822 2237 cruento

2214 2281 2310 2336 Dei
2349 2280 2742 2352 omnipotentis
2789 2295 2894 2333 non
2951 2278 3171 2332 timeret
3202 2274 3520 2331 offensam?
3560 2282 3658 2328 aut
3718 2287 3823 2342 quo

2214 2389 2372 2448 pacto
2423 2386 2574 2432 extra
2631 2389 2900 2429 sumnmm
2969 2370 3204 2426 Romani
3256 2368 3410 2424 orbis
3465 2367 3823 2435 omniumque

2216 2471 2527 2526 mortalium
2555 2469 2810 2543 [Supple.
2843 2465 3008 2539 quis]
3042 2474 3262 2536 putaret
3314 2478 3437 2519 esse
3467 2462 3772 2518 discrimen
3797 2460 3824 2514 ἲ

2213 2577 2335 2616 cum
2367 2563 2482 2632 ipse
2512 2569 2703 2615 auctor
2730 2561 2900 2614 nostri
2934 2557 3171 2628 Imperii,
3202 2563 3257 2610 et
3284 2554 3634 2625 reipublicae,
3663 2566 3820 2624 quam

2215 2655 2372 2710 nobis
2392 2653 2644 2718 credidit,
2676 2651 3366 2723 gubernatoromnipotens
3396 2648 3568 2712 Deus,
3598 2643 3823 2701 funestis

2214 2746 2508 2802 admodum
2551 2743 3094 2813 cxsecmbilibusque
3143 2740 3460 2796 commissis
3499 2738 3823 2794 crederetur

2214 2841 2398 2906 irasci,
2433 2839 2641 2894 domini
2685 2839 2858 2894 sancti
2892 2837 3060 2893 frater
3091 2850 3374 2908 neposque
3404 2833 3624 2905 augusti
3656 2847 3822 2888 vene-

2213 2938 2451 3003 rabiles;
2478 2951 2600 2991 cum
2629 2935 2676 2991 si
2706 2934 2834 3006 quid
2857 2934 2924 2990 de
2949 2948 3110 2989 causa
3132 2931 3418 3001 religionis
3438 2931 3585 2986 inter
3605 2928 3821 2984 antisti-

2216 3039 2299 3086 tes
2327 3040 2600 3100 ageretur,
2633 3027 2948 3098 episcopale
2977 3024 2994 3064 τ
3021 3024 3331 3094 oportuerit
3369 3038 3498 3078 esse
3533 3021 3821 3091 judicium.

2214 3123 2295 3178 Ad
2325 3123 2446 3180 illos
2475 3123 2624 3179 ettim
2645 3121 2953 3178 divinarum
2970 3135 3150 3176 rerum
3189 3117 3603 3187 interpretatio,
3636 3115 3707 3170 ad
3730 3129 3826 3170 nos

516 3211 851 3265 enuntiatrix
883 3211 1022 3264 fama
1047 3224 1153 3264 non
1184 3211 1348 3264 tacuit
1375 3227 1388 3275 ;
1415 3220 1469 3265 et
1502 3219 1560 3266 ut
1590 3221 1780 3266 natura
1807 3210 1912 3267 fert
1938 3212 2114 3268 homi—
2144 3248 2190 3312 Ο
2223 3216 2503 3285 religionis
2525 3223 2804 3285 exspectat
2827 3213 3076 3286 [Antiqua
3106 3227 3247 3266 more
3275 3226 3373 3278 pro
3398 3206 3640 3280 spectat]
3662 3207 3824 3262 obse-

519 3321 669 3374 num,
718 3321 844 3376 quas
871 3304 936 3360 ad
968 3306 1386 3362 obtrectandum
1438 3307 1597 3360 novis
1650 3321 1871 3377 semper
1898 3307 2116 3363 casibus

519 3399 816 3466 excitatur,
837 3398 1015 3455 oblata
1044 3399 1336 3455 occasione
1365 3398 1645 3470 carpendi,
1669 3399 1936 3457 malitiam
1961 3415 2116 3456 suam

595 3635 622 3663 ⁸
651 3627 707 3681 lu
736 3624 867 3680 edit.
917 3623 1125 3678 Coocil.
1172 3633 1296 3694 post
1340 3623 1500 3692 epist.
1551 3624 1640 3678 5i.
1686 3623 1727 3678 Ε
1778 3633 1988 3680 vetusto
2039 3625 2113 3680 bi-

522 3697 805 3751 bliothecae
822 3695 1313 3767 Vaticanzclibroin
1342 3695 1657 3767 collectione
1689 3694 1943 3750 Romana.
1982 3714 2115 3767 pon-

525 3769 812 3824 titiciarum
883 3766 1233 3834 epistularum
1287 3766 1515 3836 primum
1575 3767 1790 3836 prodiit.
1860 3766 2114 3824 Nec’im-

527 3839 724 3896 merito
769 3841 908 3894 inter
955 3837 1213 3906 epistolas
1249 3837 1546 3892 Innocentii
1591 3839 1856 3894 collocata
1902 3847 2005 3906 est,
2062 3850 2121 3896 ut

525 3921 652 3982 pote
711 3911 866 3982 cujus
905 3909 1370 3982 pilleiscribeudae
1424 3917 1613 3982 auctor
1667 3911 1974 3981 prmcipuus
2021 3927 2119 3968 ex—

525 3979 682 4039 stitit.
719 3979 791 4037 Ut
829 3981 975 4036 enim
1023 3979 1293 4051 Palladius
1350 3997 1469 4051 pag.
1527 3980 1598 4037 “28
1640 3979 1792 4038 testis
1831 3995 1945 4046 est,
1989 3999 2114 4040 cum

526 4056 761 4124 undique
792 4053 1015 4109 Romam
1048 4050 1382 4106 cooﬂuercnt
1426 4050 1598 4107 sancti
1628 4053 1867 4123 episcopi
1910 4054 2112 4122 aliique

527 4126 626 4197 viri
682 4123 952 4197 religiosi,
999 4126 1266 4197 variarunt
1317 4124 1668 4197 ecclesiarum
1713 4125 2112 4197 synodorumve

527 4196 595 4254 de
619 4198 817 4251 misero
842 4195 1090 4252 ecclesia:
1144 4195 1758 4264 Coustnutinopolitanaé
1798 4207 1937 4253 statu
1970 4198 2112 4254 litte—
2168 4206 2188 4224 '

527 4284 614 4326 ras
640 4266 947 4333 alien-entes,
979 4283 1084 4322 non
1132 4269 1361 4336 atnplius
1392 4270 1669 4326 suStinens
1702 4268 1820 4338 pius
1847 4269 2112 4335 pontifex,

527 4341 1234 4408 Honoriumimperatm'em
1278 4340 1344 4394 de
1385 4341 1450 4394 iis
1473 4357 1592 4409 quze
1641 4341 1954 4410 singillatim
2008 4342 2112 4396 illte

521 4412 730 4468 ferrent
749 4412 1014 4479 epistolae,
1041 4416 1330 4466 certiorem
1373 4410 1518 4466 fecit.
1546 4411 1752 4480 Quibus
1792 4411 1880 4466 ille
1912 4423 2112 4478 motus,

526 4484 698 4541 semel
720 4494 881 4553 atque
914 4485 1130 4545 iterum,
1163 4486 1329 4536 immo
1357 4494 1409 4538 et
1439 4485 1596 4537 tertio
1646 4483 1964 4545 Arcadium,
1987 4486 2116 4551 quid

524 4553 670 4610 facto
718 4572 853 4625 opus
884 4566 1046 4616 esset,
1082 4555 1262 4608 missis
1308 4554 1501 4608 litteris
1529 4555 1884 4608 commonuit.
1920 4555 1994 4608 Ex
2027 4555 2121 4610 tri-

527 4626 626 4683 ὺιις
659 4625 766 4681 illis
791 4626 1034 4692 epistolis
1088 4627 1259 4694 prima
1301 4625 1541 4689 excidit;
1577 4625 1692 4678 hrc
1731 4625 1966 4679 secunda
1998 4633 2119 4680 tan-

529 4707 644 4753 tum
667 4697 833 4751 latine
865 4697 1114 4759 habetur,
1137 4697 1346 4750 tertiam
1375 4710 1548 4763 graece
1579 4695 1888 4766 Palladius,
1914 4711 1976 4749 ex
2010 4712 2118 4766 quo

531 4783 650 4826 eam
687 4767 809 4822 huic
831 4766 1203 4828 subiiciemus,
1249 4766 1403 4820 nobis
1444 4767 1766 4820 asservavit.
1801 4765 1846 4822 Α
1886 4765 2121 4824 Buroitio

531 4838 597 4892 ad
619 4853 819 4892 annum
849 4835 956 4892 404
980 4839 1094 4889 luec
1118 4836 1349 4891 refertur
1383 4854 1394 4889 :
1425 4836 1520 4891 sed
1547 4838 1614 4892 ad
1659 4851 1861 4893 annum
1890 4837 2018 4904 405,
2067 4850 2123 4896 et

532 4909 750 4982 quidem
799 4907 910 4976 jam
969 4908 1242 4963 labentem
1288 4908 1576 4977 pertinere,
1610 4908 1971 4982 ortloirerum,
2003 4926 2124 4982 qua:

531 4978 776 5037 Palladio
802 4987 936 5032 teste
965 4994 1083 5034 eam
1116 4989 1530 5046 pneccsserunt,
1581 4981 1836 5047 postulat.

607 5051 630 5088 δ
664 5054 928 5119 Argentea
956 5051 1074 5104 SCll.
1100 5061 1274 5106 Statua
1301 5051 1556 5105 Eudoxiu:
1579 5060 1818 5120 augustae
1844 5067 2006 5120 super
2032 5069 2126 5108 co-

528 5121 774 5178 lumnam
825 5121 1259 5192 porphyreticam
1300 5131 1500 5186 erecta,
1553 5136 1606 5178 et
1655 5123 1720 5177 ad
1767 5126 2122 5186 meridianam

529 5193 1131 5278 plagam‘ecclesies.
1157 5195 1397 5278 §n_pltize,
1445 5193 1622 5278 platea
1679 5206 1887 5278 tantum
1940 5197 2122 5278 media

529 5264 839 5334 interjecta,
873 5281 979 5317 non
1009 5264 1127 5319 sine
1157 5266 1295 5318 ludis
1326 5267 1676 5333 ptqiularibus
1724 5269 2012 5333 collocata,
2064 5278 2122 5324 ut

535 5338 884 5394 Marcellinus
935 5351 1121 5389 comes
1164 5335 1522 5399 lttCill'tllliCtl,
1552 5338 1806 5393 Socrates
1836 5340 1928 5391 lib.
1957 5355 2031 5402 vt,
2065 5353 2116 5394 c.

533 5411 625 5478 18,
657 5421 712 5466 et
738 5411 1074 5465 Sozomenus
1101 5408 1322 5474 ill).\‘llt,
1349 5422 1396 5462 c.
1426 5407 1518 5466 '20.
1544 5412 2120 5466 memorimcoimuen-

533 5483 762 5548 darunt;
785 5482 888 5537 hoc
915 5481 1112 5536 factum
1145 5479 1402 5534 Barcinus
1443 5480 1508 5536 ad
1549 5497 1748 5536 annum
1776 5479 1902 5544 404.
1933 5482 2128 5547 Pugius

2223 3309 2432 3380 quium.
2457 3308 2564 3366 Sed
2594 3318 2736 3376 esto,
2759 3307 2861 3363 sibi
2892 3306 2962 3362 de
2994 3304 3242 3376 mysticis
3264 3310 3322 3357 ct
3359 3300 3656 3356 catholicis
3681 3314 3828 3370 qure-

2223 3402 2490 3461 stionibus
2505 3402 2742 3473 amplius
2765 3399 2967 3471 aliquid
2983 3397 3297 3471 principalis
3309 3410 3440 3452 cura
3458 3405 3829 3467 praesumpse-

2218 3628 2312 3683 scd
2349 3643 2445 3696 per
2467 3628 2777 3698 provincias
2800 3641 3018 3697 quoque
3039 3622 3358 3698 circumlata
3384 3620 3576 3698 fuerit,
3603 3635 3711 3698 non
3743 3633 3826 3674 se-

2218 3715 2313 3754 cus
2345 3692 2408 3754 ac
2435 3692 2564 3754 olim
2595 3700 2797 3752 ethnici
2819 3692 3057 3768 Cybeles
3085 3694 3444 3749 circumferre
3475 3692 3823 3768 simulacrum

2219 3772 2484 3832 solerent.
2512 3781 2673 3839 atque
2705 3772 2844 3824 hanc
2869 3761 3138 3824 veriorem
3166 3780 3288 3821 esse
3319 3779 3565 3828 causam,
3606 3761 3826 3839 ειη-ρὰ-

2219 3859 2410 3900 versus
2436 3832 2730 3898 Eudoitiam
2777 3841 3014 3897 Joaimes
3062 3848 3348 3905 tantopere
3375 3843 3687 3892 commotus
3715 3832 3829 3888 fue-

2221 3915 2312 3971 rit.
2349 3913 2452 3970 Sed
2481 3915 2605 3968 huic
2632 3913 2924 3969 intellectui
2953 3917 3223 3979 repugnat
3251 3924 3358 3961 non
3385 3907 3551 3960 modo
3581 3917 3826 3979 veterum

2221 3984 2559 4055 Scriptorum
2609 3985 2677 4039 de
2723 3993 2828 4036 tam
2889 3977 3115 4055 profano
3169 3979 3276 4036 ritu
3304 3981 3623 4055 silentiurn_,_
3648 3977 3742 4032 sed
3773 3985 3829 4032 et

2221 4048 2362 4127 quod
2390 4059 2677 4125 imaginem
2712 4055 2856 4127 illam
2890 4048 3211 4127 muliebrem
3243 4060 3486 4127 erectam,
3517 4048 3826 4127 galloratant

2219 4119 2273 4183 et
2299 4119 2612 4192 dedicatam,
2640 4144 2745 4180 non
2770 4125 3140 4180 circumlatum
3171 4121 3488 4183 nrmdicant.
3517 4120 3588 4176 Et
3607 4119 3692 4180 bis
3713 4119 3828 4192 qui-

2217 4200 2339 4255 dem
2387 4191 2612 4254 nalivus
2644 4208 2726 4253 est
2773 4197 3094 4258 intellectus,
3151 4194 3354 4248 famam
3401 4191 3826 4248 obtrectantith

2217 4286 2381 4340 super
2413 4271 2512 4326 hac
2542 4285 2598 4324 re
2629 4285 2724 4338 per
2747 4270 3059 4340 provincias
3099 4265 3482 4340 circumlatum
3506 4273 3564 4322 et
3593 4278 3693 4332 per
3716 4262 3829 4316 uni-

2220 4337 2441 4398 versum
2473 4337 2729 4398 mundum
2750 4337 3009 4395 idill'usam
3039 4337 3231 4394 fuisse.

2291 4414 2317 4450 α
2335 4413 2610 4468 Orationis
2638 4413 2811 4468 series
2844 4410 3073 4480 postulat
3100 4424 3214 4474 nos,
3245 4421 3352 4480 non
3381 4423 3489 4480 vos.
3517 4406 3831 4480 Expostulat

2223 4486 2424 4554 quippe
2455 4486 2726 4540 Honorius
2754 4477 2874 4540 cum
2909 4478 3352 4554 Arcadio,_quod
3373 4478 3713 4554 reipublicae
3734 4477 3832 4554 de:

2223 4548 2477 4612 t'rimeuta
2513 4557 2612 4626 ipsi
2646 4559 2816 4610 latere
2867 4553 3124 4614 voluerit,
3177 4548 3247 4608 de
3294 4549 3515 4620 quibus
3545 4549 3685 4604 nihil
3734 4548 3830 4618 ipsi

2226 4628 2463 4682 scribere
2489 4628 2561 4682 sit
2589 4626 2865 4697 dignatus.

2301 4707 2323 4736 ε
2359 4699 2511 4765 Apud
2563 4690 2909 4753 Siriuoudum
2954 4710 3076 4764 app.
3129 4692 3261 4765 Cod.
3298 4692 3405 4747 Th.
3433 4707 3558 4764 pag.
3589 4693 3653 4748 Π
3688 4690 3832 4765 eti‘)

2227 4761 2627 4837 exsmt'duplex
2659 4767 2955 4822 Theodosii
2982 4761 3325 4837 constitutio,
3361 4780 3463 4833 qua
3503 4761 3604 4834 pro
3635 4761 3830 4837 festivi-

2229 4849 2333 4895 tate
2364 4832 2628 4906 Pasclmli,
2661 4841 2882 4911 exceptis
2907 4839 2987 4893 his
3007 4853 3132 4908 quos
3154 4832 3387 4904 quinque
3413 4832 3716 4911 immanitas
3737 4832 3834 4888 cri-

2227 4913 2422 4966 minmn
2473 4913 2681 4966 utinima
2736 4908 2934 4981 patitur
2971 4911 3229 4981 relaasare,
3258 4917 3470 4981 cieteros
3494 4908 3831 4981 carceriscu-

2228 4985 2395 5038 stodiu
2417 4977 2829 5040 liberatosstatni
2847 4982 3064 5054 pristino
3091 4978 3340 5054 restituit.
3373 4981 3438 5033 Et
3461 4978 3600 5054 hanc
3619 4977 3832 5054 quidem

2227 5057 2574 5110 clementiam
2604 5055 2736 5110 velut
2765 5045 3012 5110 imlictam
3039 5060 3086 5104 et
3117 5050 3410 5120 majoribus
3430 5045 3682 5106 traditam
3705 5045 3830 5104 ibid.

2231 5142 2350 5234 pag.
2388 5127 2450 5181 l9
2485 5127 2758 5192 prnsdicut.

2367 5199 2676 5234 Λιιὶιιιοηέὶιιέ
2729 5199 2865 5234 nn'ml
2939 5194 3000 5234 ΩΙ
3061 5192 3127 5234 ιλιι
3155 5191 3608 5234 annnliuiumnn
3661 5189 3768 5234 iuni

2363 5191 2678 5254 Ambrosius
2729 5199 2889 5266 epist.
2939 5192 3128 5258 2|,ad
3149 5191 3610 5266 _\laletttiuiauutn
3654 5191 3831 5266 junio-

2222 5284 2361 5333 rem,
2397 5289 2446 5321 n.
2473 5269 2531 5332 ‘2.
2563 5268 2745 5324 laudat
2768 5263 3164 5322 Valentiniani]
3197 5265 3466 5328 edictum,
3493 5280 3604 5332 quo
3631 5263 3830 5328 sanxit,

2223 5342 2279 5396 in
2305 5357 2461 5396 causa
2495 5341 2614 5405 ﬁdei
2667 5340 2743 5394 υιι
2797 5339 3131 5394 ecclesiastici
3179 5338 3406 5408 alicujus
3461 5337 3667 5390 ordinis
3723 5348 3834 5388 eum

2215 5411 2465 5485 judicare
2509 5411 2706 5485 debere.
2759 5413 2846 5484 qui
2897 5427 2984 5464 nec
3040 5426 3247 5485 munere
3275 5411 3451 5485 impar
3478 5409 3566 5469 sit,
3605 5423 3696 5485 iter:
3718 5409 3835 5485 jure

2227 5475 2526 5544 dissimilis;
2554 5481 2650 5536 hoc
2684 5475 2783 5548 est,
2825 5486 2999 5550 inquit
3047 5481 3400 5544 Ambrosius,
3435 5475 3732 5534 sacerdotes
3777 5475 3836 5528 tle

529 5569 663 5610 vero
697 5565 769 5610 to.
805 5556 865 5621 ll,
900 5568 1022 5622 pag.
1053 5551 1295 5617 60,circ:t
1322 5551 1528 5604 exitum
1554 5551 1681 5606 anui
1709 5553 1811 5607 Sit)
1833 5552 2132 5622 contigisse
2227 5554 2577 5609 sacerdotibus
2611 5555 2768 5610 voluit
2794 5555 3050 5624 judicare.
3085 5552 3398 5618 Quinetiam
3416 5551 3460 5604 si
3491 5551 3626 5604 alias
3647 5563 3838 5624 quoque

534 5636 896 5758 1>υ⁶ξῆἑίι>ι”ι)ιιιιι
937 5693 1244 5756 circumlata
1291 5693 1416 5747 dum
1451 5693 1712 5752 Baronius
1737 5695 1802 5751 ad
1833 5697 2121 5767 imaginem

529 5771 722 5836 refert,
746 5772 816 5828 ita
846 5772 988 5826 hunc
1015 5770 1194 5824 locum
1221 5768 1624 5835 interpretatur,
1655 5767 1985 5823 utEudoxize
2013 5776 2129 5823 sta-

531 5849 622 5898 tua
655 5858 762 5900 non
781 5844 956 5916 solum
985 5838 1454 5911 Constantinopoli
1492 5840 1826 5914 venerationi
1857 5840 2125 5911 exposita,

2231 5635 2531 5693 argueretur
2583 5617 2876 5698 episcopus,
2929 5636 2975 5679 et
3007 5617 3225 5698 imorum
3283 5631 3413 5698 esset
3466 5617 3835 5698 _ea_:antiuand_tl

2231 5690 2410 5764 causa,
2440 5698 2594 5754 etiam
2614 5690 2741 5756 ’ἡωιῐ
2760 5690 2923 5754 coluit
2946 5697 3013 5754 ad
3042 5695 3332 5768 episcopale
3375 5694 3640 5764 iudicium
3688 5690 3837 5763 perti-

2234 5785 2376 5826 nere.
