4084 6342
233 355 340 414 509
384 431 393 436 _

1468 357 1833 417 arts'rou
1876 357 1966 415 ur
2005 357 2358 415 uacuam.
3235 431 3258 443 κ
3289 335 3423 417 ,μ

3449 361 3558 422 510

230 475 298 531 rit
329 494 340 527 :
371 477 518 530 itane
573 489 752 545 usque
797 475 862 530 ad
917 473 1108 530 exsilia
1158 471 1525 540 sacerdotum,
1581 488 1758 541 usque
1784 473 1854 530 ad
1881 478 1932 538 Α
1959 473 2092 530 bere
2118 489 2480 541 consensum,
2513 485 2568 532 et
2589 477 2681 547 qui
2711 491 2856 545 sa'pe
2881 491 2950 532 ne
2977 475 3291 540 acciderent
3319 493 3565 535 commo-

229 567 516 624 hominunt
555 567 744 624 aedes
791 567 986 626 debuit
1012 566 1318 637 indignatio
1347 567 1624 624 conci-tata
1658 582 1852 636 proce-

227 661 394 724 dere;
432 670 490 714 ut
523 659 619 713 ubi
645 669 815 715 casta:
840 673 1054 730 preces,
1081 658 1174 713 ubi
1202 668 1324 713 vota
1350 661 1586 728 sincera,
1632 659 1731 714 ubi
1765 673 1851 712 sa-

227 750 432 806 criﬁcia
453 751 673 806 illibata
701 752 1014 818 solvuntur,
1041 750 1153 806 illic
1177 767 1237 806 se
1261 751 1498 818 gladius,
1526 749 1668 804 haud
1692 749 1851 805 facile

229 843 388 898 etiam
437 842 492 897 in
533 843 797 914 jugulum
826 843 1115 899 noxiorum
1161 843 1600 913 distringendus,
1627 857 1851 899 exsere-

231 945 314 993 ret
339 936 370 990 τ

292 1029 350 1084 2.
393 1028 590 1084 Rebus
617 1029 861 1101 denique
909 1030 1042 1101 ipsis
1071 1029 1320 1102 docetur,
1365 1029 1495 1102 quid
1547 1046 1716 1102 super
1763 1031 1849 1086 his

226 1123 464 1179 senserit
496 1123 689 1180 divina
729 1125 1007 1195 maiestas.
1042 1124 1288 1182 Primum
1331 1127 1548 1197 quidem
1577 1127 1683 1182 hoc
1710 1139 1851 1200 prte-

225 1217 404 1272 sentis
452 1217 858 1273 commotionis
890 1217 1204 1292 'judicium
1266 1218 1390 1286 fuit,
1446 1228 1607 1288 atque
1637 1207 1847 1274 utinam

225 1309 395 1364 solum
419 1311 440 1364 ε
470 1309 607 1364 facit
633 1311 788 1365 enim
813 1311 1052 1368 humana
1083 1311 1558 1382 trepidatio,—tan‘ti
1587 1312 1686 1367 sibi
1715 1325 1848 1367 con-

225 1404 329 1458 scia
361 1403 699 1473 perpetrati,
727 1411 788 1459 ut
818 1405 1037 1481 gravius
1067 1397 1291 1476 aliquid,
1318 1405 1466 1477 quod
1494 1417 1703 1461 avertat
1728 1420 1847 1462 om-

225 1497 484 1566 Inpotens
517 1497 692 1566 Deus,
740 1499 866 1568 pé-st
910 1498 1173 1554 terribilis
1221 1499 1446 1554 ultionis
1473 1501 1848 1570 experimenta

225 1601 561 1646 metuamus.
599 1591 1061 1663 Λυάἰοιζραιισά.
1103 1609 1225 1668 pag.
1258 1592 1323 1649 9i
1353 1601 1402 1646 et
1429 1592 1520 1663 95)
1548 1592 1842 1648 ecclesiam

225 1693 670 1752 sacrosanctam,
724 1694 806 1742 tot
860 1686 1255 1756 imperatorum
1295 1686 1489 1754 opibus
1541 1687 1845 1758 expositam

225 1773 412 1848 [Forte
447 1776 812 1851 expolitam],
854 1776 1108 1848 pretiOSis
1137 1778 1373 1833 cultibus
1410 1780 1667 1846 nobilem,
1699 1789 1848 1834 tanta

1953 567 2192 636 nuerim,
2222 577 2582 640 posteaquam
2601 569 2896 625 commissa
2921 578 3050 626 sunt
3075 584 3184 626 non
3229 570 3492 627 dolerem.

2024 659 2080 714 4.
2113 660 2249 716 Nam
2298 663 2424 730 quis
2469 677 2592 720 esse
2643 654 2833 732 posset
2859 677 3054 733 expers
3099 662 3343 728 doloris,
3378 663 3470 732 qui
3503 677 3564 718 se

1951 753 2200 808 meminit
2227 754 2619 821 Christianum;
2653 766 2857 811 tantam
2892 755 3069 811 subito
3097 755 3562 826 perturbationem

1950 845 2236 917 religionis
2267 837 2572 922 inductam,
2605 859 2660 902 ut
2685 864 2902 903 omnem
2948 847 3233 903 catholicae
3283 846 3406 901 ﬁdei
3455 855 3566 900 sta-

1950 949 2063 996 tum
2097 925 2421 998 necesse’sit
2442 943 2754 999 ﬂuctuare?
2779 944 2913 998 Erat
2930 944 3074 998 inter
3088 942 3378 1012 episcopos
3401 955 3566 996 causa

1951 1050 2071 1107 quae
2101 1019 2305 1093 collato
2331 1034 2356 1073 ἀ
2385 1047 2726 1108 tractatoque
2780 1037 3015 1093 consilio
3055 1035 3279 1092 deberet
3326 1034 3564 1090 absolvi.

1952 1129 2102 1184 Missi
2137 1141 2158 1167 ε
2183 1129 2250 1185 ad
2284 1131 2601 1186 sacerdotes
2627 1131 2778 1186 urbis
2806 1141 3025 1185 arternae
3057 1128 3401 1200 atqueltaliae
3417 1137 3569 1184 utra-

1951 1239 2055 1295 que
2084 1241 2152 1282 ex
2181 1233 2338 1298 parte
2367 1224 2528 1297 legati
2562 1242 2576 1280 :
2611 1225 3039 1295 exspectabatur
3072 1239 3137 1279 ex
3166 1225 3408 1281 omnium
3463 1239 3562 1279 au-

1951 1317 2205 1373 ctoritate
2233 1319 2536 1383 sententia,
2563 1318 2922 1374 informatura
2975 1317 3216 1388 regulam
3259 1317 3560 1388 disciplinac

1951 1411 2272 1482 (integrum
2324 1427 2519 1480 nempe
2545 1427 2669 1468 esse
2691 1410 2975 1478 debuerat,
3037 1425 3211 1480 neque
3259 1411 3557 1482 quidquam

1950 1506 2163 1574 novari,
2197 1504 2324 1559 dum
2357 1505 2601 1561 definitio
2641 1505 2945 1560 deliberata
3001 1504 3398 1573 procederet),
3429 1519 3555 1562 cum

1950 1597 2159 1652 interea
2208 1597 2404 1650 mirum
2451 1595 2720 1668 quoddam
2781 1595 3146 1665 praecipitium
3198 1594 3560 1653 festinationis

1949 1690 2174 1754 exarsit,
2206 1700 2262 1744 ut
2293 1704 2400 1746 non
2430 1690 2760 1760 exspectatis
2804 1689 3004 1746 litteris
3045 1690 3417 1758 sacerdotum,
3463 1690 3556 1760 qui

1951 1780 2166 1836 fuerant
2194 1791 2376 1836 mutua
2407 1783 2636 1852 partium
2681 1782 2953 1854 legatione
2999 1781 3256 1849 consulti,
3290 1799 3396 1838 non
3428 1796 3552 1837 exa-

225 1869 665 1938 supplieantittm
714 1870 1024 1950 principum
1071 1871 1322 1926 oratione
1377 1871 1841 1942 augustissimam,
1877 1871 1923 1931 B
1952 1875 2173 1928 minatis
2203 1874 2388 1941 rebus,
2446 1875 2497 1929 in
2546 1874 2802 1931 exsilium
2855 1874 3210 1931 truderentur
3253 1876 3556 1945 antistites,

225 1961 507 2033 ﬂagrasse,
542 1971 603 2018 et
628 1962 765 2017 illud
790 1962 1414 2033 Gmstantinopolitautc
1446 1965 1592 2020 urbis
1620 1964 1842 2036 [Barom

226 2055 386 2110 addit.
421 2055 713 2128 ecclesias]
762 2057 985 2111 unicum
1032 2057 1214 2112 lumen
1240 2057 1292 2111 in
1328 2058 1536 2113 favillas
1583 2059 1846 2129 dilapsum

227 2149 338 2205 Deo
361 2165 471 2206 non
506 2159 742 2206 vetante
794 2149 1039 2207 fumasse
1071 2152 1394 2224 (exsecrari
1443 2153 1587 2208 enim
1635 2152 1850 2208 videtur

231 2242 516 2312 inquinata
564 2243 855 2313 mysteria,
905 2251 960 2298 et
985 2244 1250 2300 avertisse
1291 2245 1482 2300 oculos
1508 2245 1577 2298 ab
1603 2240 1845 2314 eo'loco,

236 2353 395 2407 quem
423 2338 542 2407 jam
576 2339 808 2410 sanguis
832 2338 1114 2402 infecerat,
1139 2354 1206 2394 ne
1233 2339 1527 2394 obsecrare
1545 2339 1666 2408 quis
1683 2338 1851 2408 pieta-

228 2441 336 2488 tem
366 2432 662 2488 cmlestcm
694 2431 799 2487 sub
815 2432 1061 2487 cruentis
1094 2440 1282 2502 posset
1311 2432 1573 2487 altaribus
1601 2431 1653 2506 );
1677 2432 1848 2487 κάξη-

232 2528 308 2582 cia
353 2543 582 2597 quoque
614 2525 643 2564 δ
676 2526 859 2581 divina
893 2541 997 2582 non
1029 2527 1240 2582 minore
1287 2527 1581 2597 splendore
1626 2527 1848 2597 nobilia,

231 2633 294 2675 ex
327 2620 718 2674 concitatione
747 2619 1025 2676 smientis
1073 2619 1334 2686 incendii,
1368 2620 1581 2676 ﬁamma
1609 2635 1668 2676 se
1692 2621 1852 2678 latius

236 2714 551 2771 effundente
575 2726 924 2787 consumpta,
957 2727 1012 2772 et
1037 2732 1159 2788 quas
1189 2717 1458 2789 publicam
1509 2718 1698 2772 faciem
1739 2715 1854 2772 ela-

238 2808 481 2865 borataa
517 2809 828 2880 majoribus
881 2810 1085 2866 nostris
1132 2819 1450 2866 ornamenta
1495 2810 1850 2877 decorabant,

235 2903 374 2959 velut
395 2905 644 2976 quodam
679 2904 830 2960 urbis
859 2903 1050 2961 funere
1080 2917 1450 2962 concremata.

303 2998 352 3050 5.
386 2997 521 3052 Haec
537 3011 649 3067 ego
663 3011 910 3068 quamvis
936 2996 1145 3051 crebris
1173 2996 1383 3064 injuriis
1404 2998 1679 3053 lacessitus
1709 3009 1854 3055 tace-

238 3103 293 3144 re
325 3089 644 3157 debuerim,
664 3105 768 3144 nec
799 3089 1306 3158 coniunctissimum
1334 3090 1554 3146 fratrem
1589 3093 1854 3162 regnique

238 3192 520 3238 consortes
546 3181 777 3254 [Baron.
808 3181 1141 3254 consortem]
1159 3192 1264 3236 tam
1287 3183 1515 3238 fideliter
1533 3184 1850 3252 admonere,

1950 1967 2410 2022 animadversioni
2433 1969 2585 2037 prius
2614 1967 2843 2036 addicti,
2877 1983 3040 2038 quam
3065 1970 3398 2026 sententiam
3420 1968 3557 2036 iudi-

1949 2061 2018 2116 cii
2051 2061 2378 2131 episcopalis
2403 2061 2634 2132 CXperti.
2661 2062 2900 2131 Denique
2926 2076 3088 2132 quam
3120 2063 3414 2118 immatura
3449 2063 3548 2119 illa

1950 2154 2230 2209 damnatio
2258 2153 2440 2223 fuerit,
2473 2170 2561 2210 res
2593 2154 2864 2223 probavit.
2896 2155 3140 2224 Namque
3170 2155 3225 2210 bi
3263 2154 3282 2194 ί
3326 2170 3556 2227 quorum

1952 2250 2369 2322 exspectabatur
2418 2250 2736 2328 auctoritas,
2780 2250 3004 2321 paciﬁca
3055 2249 3255 2306 Joanni
3299 2251 3559 2322 episcopo

1951 2343 2335 2398 communione
2362 2342 2629 2413 permissa
2662 2339 2890 2414 [Βιιτοη.
2927 2341 3263 2414 praemissa],
3309 2343 3560 2398 sancien-

1953 2434 2076 2490 dam
2109 2434 2464 2489 concordiam
2497 2443 2854 2499 eensueruut,
2890 2449 2990 2489 nec
3010 2450 3338 2503 quemquam
3393 2445 3551 2506 puta-

1953 2539 2082 2586 runt
2107 2540 2234 2586 ante
2253 2530 2518 2600 judicium
2544 2531 2825 2610 consortio
2860 2530 3260 2602 repellendum.

2024 2627 2076 2681 5.
2120 2624 2257 2694 Quid
2290 2639 2431 2679 nunc
2459 2623 2603 2680 aliud
2636 2633 2908 2695 superest,
2939 2639 3098 2694 quam
3133 2632 3193 2678 ut
3216 2622 3550 2679 catholicam

1955 2718 2116 2774 ﬁdem
2165 2717 2461 2775 schismata
2511 2719 2563 2774 in
2595 2718 2878 2774 diversum
2909 2717 3201 2775 dissociata
3229 2717 3555 2784 dilacereng

1953 2827 2118 2883 quam
2149 2822 2211 2867 ut
2255 2811 2492 2867 latereses
2530 2811 2903 2867 communioni
2950 2825 3167 2880 semper
3209 2810 3441 2866 inimicm
3487 2823 3555 2864 ex

1955 2917 2103 2961 tanta
2132 2915 2411 2978 gestarum
2441 2921 2623 2962 rerum
2674 2905 2934 2960 varietate
2988 2914 3304 2966 nascantur,
3349 2913 3408 2958 ut
3443 2903 3556 2971 iam

1957 3003 2156 3074 populo
2188 3018 2326 3074 pene
2365 3018 2470 3056 non
2503 3000 2706 3056 debeat
2734 3001 3011 3070 imputari,
3043 3000 3091 3054 si
3121 2998 3262 3053 forte
3292 2999 3346 3054 in
3376 2984 3555 3052 disso-

1958 3111 2056 3150 nas
2086 3104 2265 3167 partes
2314 3105 2585 3151 sectarum
2620 3093 2939 3150 diversitate
2987 3090 3234 3146 discedat
3264 3107 3279 3155 ;
3334 3105 3458 3146 cum
3487 3103 3557 3148 ex

1959 3189 2276 3244 auctoritate
2309 3187 2522 3255 publica
2553 3184 2950 3240 discordiarum
3000 3185 3260 3238 materies
3299 3183 3370 3236 sit
3417 3196 3557 3251 prae-

239 3283 414 3331 tamen
450 3276 929 3332 necessitudinem
963 3278 1241 3348 sanguinis
1273 3278 1498 3333 stimulo
1526 3281 1670 3334 taciti
1696 3279 1847 3334 dolo-
1883 3268 1928 3338 C
1962 3288 2149 3349 missa,
2181 3294 2235 3339 et
2266 3285 2438 3337 fomes
2483 3281 2702 3352 quidam
2743 3279 3049 3334 nutriendae
3095 3274 3387 3332 seditionis
3435 3275 3554 3328 ani-

236 3369 308 3422 ris
334 3369 678 3432 antefercns,
711 3368 910 3423 hortor
927 3377 1088 3439 atque
1140 3369 1364 3434 suadeo,
1400 3382 1457 3425 ut
1481 3370 1618 3435 iure,
1661 3371 1707 3426 si
1738 3372 1853 3428 ﬁeri

244 3471 435 3531 potest,
467 3462 788 3518 emendatis
810 3463 860 3515 in
895 3469 1174 3528 posterum
1209 3463 1454 3520 moribus
1483 3467 1850 3536 currigantur,

238 3568 297 3609 ac
324 3555 508 3609 divina
576 3554 883 3620 iracundia,
916 3562 1176 3624 quantum
1205 3571 1264 3610 re
1293 3557 1542 3626 proditur
1589 3559 1852 3626 excitata,

238 3658 489 3704 rotorum
523 3647 828 3702 sedulitate
860 3647 1125 3716 placetur.
1154 3647 1395 3720 Accipite
1419 3666 1447 3704 a
1476 3667 1562 3706 mc
1583 3667 1851 3706 smnmum

237 3740 614 3810 simplicitatis
647 3750 670 3777 ε
705 3738 984 3794 indicium.
1020 3739 1226 3794 idcirco
1282 3741 1384 3797 hoc
1427 3743 1728 3799 clementiae
1763 3763 1851 3800 vc-

236 3845 362 3888 stra:
391 3833 791 3890 insinuandum
827 3835 1034 3903 putavi,
1066 3850 1134 3890 ne
1177 3850 1262 3890 me
1303 3837 1446 3892 velut
1493 3841 1853 3908 gratulatione

237 3928 441 3986 occulta
477 3927 702 3987 faceret.
721 3926 864 3996 apud
888 3941 1220 3998 quemquam
1248 3931 1595 3986 taciturnitas
1629 3935 1742 4003 ipsa
1769 3951 1850 3992 su-

235 4031 501 4092 spectum,
541 4036 690 4077 neve
717 4019 843 4091 quis
867 4021 1122 4077 crederet
1169 4037 1255 4078 me
1288 4023 1481 4078 talibus
1509 4024 1666 4083 lactis
1695 4041 1853 4096 prae-

303 4193 328 4222 ι
355 4186 567 4259 Daren.
602 4181 793 4237 mallet
837 4181 1141 4259 indicium.“
1163 4182 1522 4259 [ieiunandum
1553 4195 1732 4259 tamen
1754 4188 1844 4259 ju-

235 4257 442 4324 dicium,
475 4257 590 4310 hoe
611 4262 700 4309 eet
734 4269 888 4320 paena
917 4263 973 4309 et
997 4254 1237 4308 vindicta
1270 4255 1367 4308 Dei
1398 4254 1616 4324 judicis.

304 4328 328 4367 δ
356 4329 470 4384 Hoc
499 4339 614 4390 est,
652 4335 879 4380 senatus
899 4326 1297 4396 amplissimam
1327 4326 1526 4384 tndem.
1561 4343 1744 4396 quam,
1773 4327 1849 4381 in-

237 4399 672 4470 quitPalladius,
704 4398 797 4470 etsi
827 4399 1000 4451 multis
1031 4400 1273 4470 passibus
1296 4398 1536 4470 diuitum
1555 4415 1620 4455 ex
1634 4399 1846 4456 adverso

237 4467 457 4527 ecclesia:
484 4471 555 4524 ad
619 4467 911 4542 meridiem,
961 4471 1096 4542 ignis
1148 4469 1237 4523 ille
1286 4469 1609 4542 interjertmn
1666 4471 1848 4542 papuli

236 4543 629 4614 multitudinem
660 4540 844 4614 pontis
872 4540 1054 4614 instar,
1085 4540 1501 4614 praetergressus,
1535 4540 1844 4614 absumpsit.

239 4612 404 4683 Hujus
435 4610 714 4680 iacturam
739 4610 904 4665 deﬁet
929 4610 1202 4667 Zosimus.
1235 4610 1380 4667 istud
1412 4610 1732 4670 incendium
1773 4630 1851 4676 ιιι

238 4684 495 4740 kalendas
528 4684 664 4740 Julii
697 4683 944 4736 Honorio
977 4698 1031 4737 vt
1061 4694 1116 4739 et
1164 4685 1483 4740 Aristeneto
1530 4687 1852 4744 oonsulibus

239 4759 531 4825 contigisse
557 4757 818 4811 Socrates
839 4755 928 4809 lih.
959 4770 1034 4815 vr,
1067 4771 1187 4825 cap.
1223 4757 1309 4820 18,
1339 4757 1526 4823 tradit,
1560 4767 1634 4824 et,
1665 4767 1722 4812 ut
1760 4759 1854 4812 ad-

245 4828 318 4883 dit
341 4829 664 4884 Cbronicon
699 4826 883 4892 Alex.,
911 4827 1042 4880 feria
1069 4827 1127 4894 2,
1161 4827 1290 4882 hora
1312 4835 1484 4882 sexta.

309 4912 332 4940 ο
363 4900 420 4955 1η
449 4899 615 4972 edita
652 4899 832 4963 Rom.,
872 4897 1156 4970 judicium.
1210 4899 1378 4970 Magis
1411 4900 1583 4972 placet
1613 4898 1699 4957 hic
1729 4917 1852 4957 cum

244 4970 468 5038 Baron.,
498 4970 778 5025 indicium.

307 5043 334 5080 ἀ
367 5045 990 5110 Baron.,contractoque
1039 5042 1281 5096 concilio.
1329 5043 1675 5100 Antecedeus
1729 5060 1853 5099 vcr-

241 5113 363 5170 bum
393 5114 616 5178 collato,
646 5112 839 5186 suadet
860 5125 916 5167 et
952 5121 1103 5168 recte
1129 5116 1391 5186 consequi
1417 5116 1470 5170 iu
1494 5117 1627 5171 edit.
1663 5114 1848 5182 Rom.,

244 5195 566 5258 tractataque
595 5185 847 5258 consilio.

313 5268 336 5294 ε
369 5258 435 5313 Et
467 5255 557 5312 hic
591 5257 792 5310 Baron.
821 5255 1122 5328 substituit,
1147 5258 1437 5326 missis,....
1471 5259 1676 5328 legatis.
1703 5258 1852 5316 Missi

243 5337 365 5384 sunt
395 5329 657 5392 Romam,
695 5337 837 5382 teste
869 5327 1132 5400 Palladio,
1183 5345 1304 5400 pag.
1356 5332 1410 5393 9,
1460 5327 1552 5395 25,
1600 5342 1736 5397 ουκ,
1785 5331 1854 5384 ab

244 5408 468 5470 utraque
493 5407 654 5472 parte
680 5400 844 5472 legati
878 5417 890 5452 :
921 5399 1152 5472 primum
1184 5399 1214 5453 a
1248 5399 1535 5468 'l‘heOphili
1588 5413 1740 5470 parte
1773 5403 1852 5456 le-

243 5480 357 5526 ctor
382 5470 1034 5542 Alexandrinuslitteras
1070 5471 1237 5542 ipsius
1264 5472 1539 5533 deferens,
1577 5486 1686 5526 tum
1738 5474 1856 5542 ejus

243 5542 390 5596 Idem
422 5541 723 5614 Theophili
757 5541 1035 5614 presbyter
1084 5541 1274 5598 Petrus
1307 5545 1524 5600 nomine
1553 5561 1674 5598 cum
1718 5541 1852 5599 Mar.

244 5614 382 5686 grio
438 5610 702 5686 ecclesiae
749 5610 1163 5682 Constantiani).
1244 5615 1513 5680 diacono,
1566 5617 1654 5686 qui
1715 5617 1852 5670 alias

293 5685 542 5756 lteophili
578 5685 791 5756 litteras
817 5699 938 5756 cum
970 5685 1304 5756 quibusdam
1355 5687 1490 5740 actis
1540 5685 1854 5740 Innocentio

245 5767 398 5826 papae
428 5755 794 5828 reddiderunt
815 5755 919 5828 dae
945 5755 1165 5811 demum
1188 5757 1477 5824 Paternus,
1502 5760 1591 5827 qui
1623 5774 1681 5812 se
1703 5757 1852 5812 Con-

244 5828 543 5900 stantinop.
598 5826 856 5882 ecclesiae
923 5831 1298 5900 presbyterum
1353 5826 1588 5896 dicebat,
1645 5829 1853 5884 litteras

244 5897 531 5968 perferens
563 5897 951 5972 episcoporum
974 5897 1180 5972 Acacii,
1223 5901 1398 5970 Pauli,
1455 5901 1729 5968 Antiochi,
1762 5903 1852 5958 Se-

1961 3386 2157 3431 ruatus.
2192 3374 2347 3442 Quod
2380 3389 2447 3428 ne
2474 3373 2527 3426 in
2552 3386 2799 3440 magnam
2826 3369 3067 3439 aliquam
3093 3367 3308 3438 generis
3334 3366 3556 3420 humani

1957 3468 2250 3538 perniciem
2305 3464 2675 3528 recrudescat,
2711 3472 2830 3516 vota
2888 3459 3130 3515 facienda
3187 3467 3336 3528 sunt,
3385 3467 3442 3512 ut
3485 3457 3553 3512 ad

1956 3561 2222 3617 humanas
2265 3559 2641 3629 prolapsioues
2677 3556 2889 3626 patiens
2925 3555 3067 3609 Deus
3098 3568 3214 3607 rem
3262 3551 3406 3607 male
3434 3567 3557 3622 ges-

1956 3665 2063 3712 tam
2099 3665 2380 3726 prosperet
2411 3669 2474 3707 ac
2503 3651 2785 3709 secundet.
2832 3649 2962 3704 Nam
2993 3659 3257 3718 quantum
3291 3647 3344 3700 in
3398 3646 3555 3701 nobis

1959 3761 2064 3815 est,
2099 3761 2383 3817 possumus
2405 3747 2599 3800 timere
2626 3743 2768 3813 quod
2799 3749 3010 3812 gestum
3039 3751 3162 3802 est;
3195 3749 3458 3809 quantum
3487 3737 3555 3793 ad

1961 3843 2215 3912 pietatem
2247 3855 2465 3908 semper
2493 3837 2780 3909 placabilis
2823 3835 2935 3901 Dei,
2972 3851 3079 3890 non
3112 3834 3218 3888 erit
3247 3832 3424 3887 meriti
3451 3831 3553 3885 im-

1959 3937 2178 4006 punitas
2208 3935 2438 4001 indulta,
2471 3934 2568 3992 sed
2599 3933 2796 3992 venite.

1951 4186 2156 4241 veriani
2181 4194 2236 4239 et
2264 4185 2497 4240 aliorttm
2525 4182 2907 4256 quorumdam,
2941 4183 2995 4236 in
3018 4180 3237 4256 quibus
3257 4179 3556 4256 calumnia-

1946 4258 2145 4312 bantur
2168 4257 2456 4326 Joannem,
2486 4251 2641 4326 quasi
2689 4254 2979 4308 ecclesiam
3016 4252 3332 4326 S.‘Sophi:e
3374 4251 3559 4326 int-eu:

1947 4329 2137 4384 disset.
2173 4331 2209 4381 Α
2242 4317 2465 4384 Joantiis
2495 4317 2674 4382 autem
2729 4335 2905 4392 parte,
2940 4334 2998 4379 ut
3027 4323 3164 4376 alios
3192 4317 3420 4392 'tniltam
3466 4321 3558 4389 qui

1947 4410 2137 4472 postea
2165 4415 2359 4470 maqno
2379 4412 2606 4454 numero
2641 4391 3196 4472 v_eucruttt.,_primum
3224 4391 3452 4472 Romam
3499 4406 3558 4448 se

1949 4462 2299 4528 contulerunt
2322 4479 2569 4544 quatuor
2595 4467 2864 4539 episcopi,
2924 4462 3288 4544 Pan‘sophius,
3315 4462 3558 4544 Pappus,|

1951 4545 2262 4600 Demetrius
2293 4536 2660 4611 et'lCugenius,
2689 4550 2907 4608 tresque
2949 4536 3304 4593 reddiderunt
3326 4536 3558 4611 _episto-

1956 4617 2058 4682 las,
2089 4631 2254 4671 uuam
2278 4606 2775 4688 Joannis,_alter_am_
2801 4606 2868 4688 ιω
2893 4615 3284 4688 episcoporum.
3309 4606 3556 4688 detorn-

1959 4676 2216 4743 mu'uione
2243 4689 2382 4758 ejus,
2411 4676 2625 4758 tertiam
2651 4684 2779 4737 cieri
2808 4676 3000 4758 ipsius.
3035 4683 3112 4758 ac
3143 4676 3559 4758 uomipaﬁmﬂdu

1956 4761 2180 4832 epistola
2213 4749 2523 4832 Joannis‘ad
2541 4749 3558 4832 Innocentiumtestili_catur.l‘alla_dius

1958 4822 2079 4904 pag.
2109 4833 2202 4899 ‘22,
2236 4827 2549 4904 camerium
2577 4830 2641 4904 ad
2677 4827 2971 4904 Venerium
2993 4822 3282 4904 Mediolpni
3303 4831 3355 4876 et
3385 4822 3557 4904 Chro-

1959 4893 2481 4972 ina'tium'Aquileize
2526 4902 2813 4970 episcotios
2865 4899 3124 4972 scriptam
3189 4896 3375 4972 fuisse.
3421 4893 3558 4972 |I_i'nc

1956 4976 2199 5030 Honorio
2221 4963 2404 5030 dicere
2437 4963 2606 5037 licuit,
2640 4963 2991 5040 leg-atosillos
3012 4969 3082 5021 ad
3113 4967 3406 5022 sacerdotes
3447 4963 3553 5019 Ur-

1959 5047 2034 5101 bis
2061 5057 2266 5101 (eterna:
2294 5056 2339 5097 ct
2362 5042 2540 5096 Itatiw
2570 5044 2736 5096 fuisse
2763 5043 2976 5095 missos.

2033 5116 2054 5154 τ
2094 5117 2250 5186 Quod
2285 5117 2581 5186 imperator
2629 5113 2739 5186 hie
2768 5113 3014 5181 pluribus
3063 5109 3332 5186 attribuit,
3364 5106 3557 5186 _Palla-

1955 5189 2080 5244 dius
2098 5177 2188 5241 u'ui
2214 5177 2433 5240 ascribit
2458 5177 2804 5243 Innocentio,
2830 5186 3016 5251 aitque
3041 5196 3177 5251 page
3198 5179 3267 5233 92
3298 5196 3310 5232 :
3342 5178 3424 5232 Ad
3446 5177 3556 5230 Itan:

1957 5260 2132 5314 beatus
2158 5259 2492 5311 Innocentius
2519 5273 2652 5328 popa
2691 5256 2892 5328 utrique
2919 5255 3054 5324 parti
3100 5255 3308 5328 litteras
3321 5263 3554 5328 renititu-

1956 5332 2128 5385 nimiis
2157 5331 2318 5392 misit,
2369 5316 2670 5394 improbum
2718 5316 2980 5396 judicium
3020 5316 3554 5398 quod_tt_1“lte0pltil.o

1956 5406 2148 5474 factu,"
2177 5405 2364 5472 fuerat.
2398 5392 2463 5452 Et
2487 5392 2901 5474 abilnno'ceutio
2926 5392 3146 5474 quidem
3174 5392 3390 5474 induite

1955 5457 2062 5543 que
2113 5457 2253 5544 pa'rti
2299 5471 2712 5544 communionis
2743 5479 2914 5544 teSIes
2944 5457 3079 5523 'sunt
3109 5469 3276 5535 ipsius
3304 5457 3552 5544 epistola:

1955 5528 1991 5602 λ
2018 5555 2070 5599 et
2201 5541 2312 5598 Sed
2342 5557 2464 5596 eum
2495 5543 2630 5594 tanti
2658 5540 2917 5595 momenti
2965 5554 3079 5593 rem
3113 5528 3246 5588 citra
3274 5528 3546 5602 synodum

1956 5597 2254 5691 perfecisse
2278 5613 2400 5685 quis
2427 5612 2529 5691 _sibi
2559 5611 2878 5691 persuadeat
2903 5611 2926 5664 ?
2974 5605 3280 5691 praesertim
3294 5597 3549 5691 suptilit-

1956 5676 2273 5748 nocentium
2297 5676 2472 5738 'tnoris
2502 5676 2764 5754 majorqu
2817 5676 3060 5754 tenacem
3113 5678 3357 5754 legamus
3382 5676 3548 5738 epist.

1956 5759 2101 5842 3,_n_.
2132 5759 2184 5841 ᾖ.
2221 5747 2658 5842 praecepisse,'ttt
2688 5753 2910 5839 llispaui
2953 5747 3219 5842 episcopi,

1957 5811 2094 5884 nihil
2140 5811 2250 5901 ipsi
2295 5811 2635 5890 deferebant,
2681 5827 2736 5882 in
2763 5811 3004 5880 consessu
3047 5811 3352 5892 preibyterii
3396 5811 3552 5867 audi-

1957 5913 2168 5960 rentur.
