4084 6342
501 311 631 402 att"

1770 340 1830 398 S.
1871 340 2270 400 INNOCENTII
2304 343 2327 402 I
2355 344 2556 402 ΡΑΡΕ

3724 350 3829 410 512

868 462 943 495 κκ
964 510 973 524 ,
1910 458 2246 518 EPISTOLA
2293 470 2320 499 ⁸
2361 462 2433 518 IX
2446 506 2458 518 .

624 565 840 610 aenean
872 530 1251 623 memnonis
1276 565 1345 605 an
1381 564 1651 606 ARCADIUI
1684 565 1985 608 auces'wu.

1204 688 1272 742 yn
1390 683 1438 720 m
1482 666 1560 721 Th

1205 788 1235 841 d
1270 803 1491 841 mansu.

1204 888 1277 930 :to
1315 889 1502 930 contra
1530 879 1555 930 .I

1769 969 1937 1030 Tende

1062 670 1132 726 Ut
1177 670 1272 742 syri

574 785 763 842 Tertio
797 786 909 857 jam
939 787 1123 841 scribo
1170 788 1235 841 ad
1270 785 1491 841 mansui!

501 893 637 948 gans
668 891 724 931 ut
748 894 866 949 quae
895 895 960 934 ex
991 888 1277 949 compacto
1315 889 1503 935 contra
1530 876 1800 949 Idumam
1831 876 2103 933 Constan-

476 970 921 1042 ‘tiuopolitanum
953 972 1268 1041 cpisctipnm
1300 983 1451 1042 gesta
1507 985 1652 1039 sunt,
1703 970 2107 1039 emendentur:

504 1072 578 1129 et,
608 1074 665 1118 ut
706 1065 941 1141 videtur,
976 1065 1212 1120 nondum
1245 1075 1329 1121 est
1360 1066 1681 1134 perfectum.
1717 1071 1895 1134 Quare
1926 1048 2109 1125 debite

504 1157 696 1226 scripsi
730 1172 827 1227 per
858 1157 1024 1212 hosce
1052 1159 1335 1228 episcopos
1363 1170 1416 1215 et
1448 1163 1821 1233 presbyteros,
1870 1163 1939 1218 de
1972 1179 2107 1234 pace

506 1249 908 1313 ecclesiastica.
936 1266 1033 1319 per
1058 1265 1217 1318 quam
1239 1260 1295 1305 et
1318 1263 1561 1306 nosmnn
1592 1252 1881 1320 imperium
1916 1270 2104 1325 pacem

507 1342 745 1407 obtinet,
783 1342 943 1397 valde
973 1342 1274 1407 sollicitus;
1301 1345 1570 1412 utjubere
1593 1345 1838 1415 digneris
1866 1346 2109 1402 Orientis

507 1436 802 1504 epismpos
856 1434 1259 1491 Thessalonica:
1300 1438 1615 1492 cenvenire.
1671 1440 1883 1493 Etenim
1937 1441 2108 1493 nostri

509 1523 823 1582 Occidentis
870 1526 1137 1598 episcopi,
1201 1544 1323 1583 cum
1371 1531 1661 1601 elegissent
1711 1534 1857 1587 viros
1902 1532 1993 1602 qui
2043 1532 2111 1588 ad

510 1621 715 1675 malum
747 1633 802 1676 et
832 1624 1173 1678 mendacium
1203 1623 1482 1679 declinare
1522 1627 1792 1690 nesciant,
1844 1626 2115 1681 miserunt

514 1712 804 1785 episcopos
855 1716 1114 1786 quinque,
1162 1717 1509 1788 presbyteros
1538 1717 1698 1787 duos,
1730 1727 1787 1773 et
1816 1719 2110 1776 diaconum

515 1822 679 1862 unum
712 1822 922 1879 magna:
960 1809 1209 1864 ecclesia:
1239 1809 1520 1878 Romamn,
1552 1827 1690 1881 quos
1718 1814 1868 1866 omni
1908 1813 2114 1868 honore

512 1901 753 1972 digneris
785 1904 984 1969 velim;
1019 1915 1079 1959 ut
1122 1905 1168 1959 si
1212 1904 1475 1960 Joannem
1522 1906 1645 1975 jure
1683 1908 1969 1977 expulsum
1992 1923 2114 1963 esse

515 2008 836 2066 persuasum
875 1997 955 2051 eis
982 1995 1173 2063 fuerit,
1204 1999 1441 2053 doceant
1488 2014 1574 2053 me
1611 2000 1678 2053 ab
1723 2000 1839 2069 ejus
1871 2015 2118 2055 commu-

512 2090 677 2145 nione
726 2091 1024 2156 recedere;
1065 2104 1153 2145 aut
1208 2092 1251 2146 si
1306 2095 1657 2163 coargueriut
1708 2093 1946 2148 Orientis
1994 2097 2113 2165 epi-

2346 558 2555 609 ὁΝΩΡΙΟΥ
2598 574 2971 614 ΑΥΤΟΧΡΑΤΟΡΟΣ
3014 578 3135 615 ΠΡΟΣ
3177 579 3428 617 ΑΡΚΔΔΙΟΝ
3471 580 3685 619 ΒΔΣΙΔΞΑ.

1390 683 1438 755 ει
1482 666 1865 723 Thessalonica:
1920 672 2058 741 cogi,
2113 689 2273 746 eoque
2311 677 2660 747 TlteOpltilum
2699 700 2753 737 se
2783 688 3015 753 conferre
3046 686 3244 755 jnbeat.

1562 783 1744 881 dinem
1791 794 1877 881 tua
1888 802 1963 846 ιιι.
2018 802 2109 841 ro-
2134 804 2189 863 Α
2285 797 2464 870 Τρίτον
2484 800 2663 872 γράφω
2684 800 2817 874 πρὸς
2839 804 2930 858 τήν
2954 805 3049 859 σήν
3070 800 3385 875 ἡμερότητα,
3412 805 3565 869 ἀξιῶν
3585 804 3670 859 ἶνα
3690 801 3828 881 amp:

2212 889 2418 951 θώσεως
2463 892 2607 966 τύχῃ
2650 894 2717 947 τὰ
2768 895 2896 947 κατά
2949 898 3037 951 τήν
3083 898 3344 954 συσκευὼ
3398 902 3493 951 τοῦ
3544 896 3825 952 ἐπισκόπου

2207 978 2439 1036 ἰωὰννου
2489 992 2580 1043 τῆς
2626 985 3258 1041 Κωνσταντινουπολιτῶν’
3303 990 3389 1041 καὶ
3439 988 3508 1047 ὡς
3537 984 3697 1042 ἔοικεν
3736 988 3827 1043 οὐκ

2209 1074 2453 1151 ᾔνυσται.
2486 1073 2631 1131 Ὀθεν
2678 1078 2827 1133 πάλιν
2866 1078 3138 1134 ἐπέστειλα
3168 1076 3253 1132 διὰ
3278 1086 3381 1133 τῶν
3412 1076 3705 1135 ἐπισκόπων
3744 1080 3827 1133 καί

2208 1165 2601 1247 πρεσϐυτέρων,
2631 1172 2766 1225 πάνυ
2804 1176 3081 1247 φροντίζων
3108 1179 3199 1231 τῆς
3234 1172 3665 1233 ἐκύησιαστικῆς
3690 1175 3825 1248 εἰρή-

2209 1288 2329 1329 νης,
2362 1264 2427 1320 δι’
2452 1263 2511 1326 ἧς
2524 1268 2684 1343 καίνῄ
2714 1268 2854 1337 ἡμῶν
2882 1264 3231 1340 εἰρηνευιλται
3260 1266 3499 1336 βασιλεία
3518 1308 3532 1329 ,
3555 1267 3641 1320 ἶνα
3670 1288 3827 1322 κατα-

2210 1359 2399 1430 ξιὼσῃς
2444 1348 2735 1434 προστάξαι
2778 1362 2839 1414 ἐν
2878 1359 3231 1441 Θεσσαλονίκῃ
3277 1359 3531 1414 συνελθεῖν
3570 1360 3693 1421 τοὺς
3736 1369 3829 1421 τῆς

2211 1450 2371 1525 Ἐῴας
2420 1455 2755 1515 ἐπισκόπους.
2809 1456 2899 1509 καί
2926 1456 3029 1530 γὰρ
3066 1455 3110 1507 oi
3139 1455 3517 1529 τῆξδῖμετιρας
3553 1453 3830 1529 Ἑσπερίας

2214 1547 2481 1605 ἐπίσκοποι
2508 1591 2521 1613 ,
2555 1550 2872 1621 ἐκλεξάμενοι
2898 1546 3093 1620 ἄνδρας
3129 1550 3353 1613 ἀκλινεῐς
3378 1549 3510 1625 πρὸς
3540 1550 3719 1603 κακίαν
3745 1550 3828 1602 καὶ

2213 1641 2426 1713 ψεῦδος,
2456 1646 2842 1700 ἀπεστάλκασιν
2866 1643 3179 1705 ἐπισκόπους
3216 1650 3308 1719 μέν
3332 1644 3507 1703 πέντε.
3538 1641 3829 1718 πρεσϐυτί-

2214 1757 2339 1810 ρους
2367 1738 2420 1793 δὲ
2449 1736 2559 1799 δύο,
2588 1736 2807 1795 διάκονον
2835 1738 2889 1795 δὲ
2919 1741 3008 1795 ἕνα
3028 1748 3119 1801 τῆς
3142 1745 3395 1815 μεγίστης
3415 1738 3689 1798 ἐκκλησίας
3711 1735 3825 1790 Ῥω-

2214 1829 2490 1903 μαίωηξῶν
2516 1834 2782 1906 φροντίσαι
2811 1835 3081 1893 παντοίαις
3110 1840 3289 1903 τιμαῖς
3320 1831 3667 1895 καταξίωσον,
3694 1825 3758 1882 ἶν’
3783 1830 3829 1883 εὶ

2216 1929 2308 1998 μὲν
2350 1927 2640 1987 πεισθέντες
2681 1924 2860 2001 ὅτιπερ
2896 1924 3107 1986 δικαίως
3147 1925 3451 2011 ἐῃῖέϐληται
3490 1921 3517 1977 ὁ
3553 1923 3830 1981 ἐπίσκοπος

2212 2017 2443 2080 Ἰωάννης
2466 2062 2479 2084 ,
2511 2017 2757 2084 διδάξωσί
2806 2040 2866 2091 με
2906 2020 3194 2078 ἀποστῆναι
3222 2026 3314 2079 τῆς
3355 2018 3521 2072 αὐτῶν
3548 2016 3825 2073 κοινωνίας·

2218 2112 2248 2172 ἦ
2279 2114 2567 2186 ἐλέγξαντες
2608 2113 3025 2172 ἐθελοκακοῦντας
3053 2114 3172 2172 τοὺς
3200 2119 3293 2172 τῆς
3320 2109 3592 2168 ’Λνατολῆς
3622 2105 3827 2161 ἐπισκό-

513 2195 709 2249 scopos
756 2181 784 2220 δ
829 2198 994 2252 prava
1050 2184 1218 2238 animi
1261 2185 1547 2240 voluntate
1578 2186 1685 2255 agi,
1720 2186 1788 2239 ab
1842 2202 2029 2242 eorum
2064 2195 2116 2243 te

2228 2226 2380 2269 πους,
2414 2204 2788 2280 ἀποστρέψωσί
2835 2225 2893 2259 σε
2922 2212 3013 2264 τῆς
3044 2206 3206 2259 αὐτῶν
3250 2205 3533 2263 κοινωνίας.
3578 2201 3702 2254 Τίνα
3734 2198 3831 2273 γάρ

513 2277 903 2331 communione
930 2286 1197 2332 avertant.
1230 2277 1491 2346 Quaenam
1524 2281 1668 2334 enim
1700 2280 1775 2333 sit
1795 2278 2120 2336 Occidenta-

512 2365 645 2421 lium
673 2369 742 2422 de
783 2367 994 2424 Joanne
1024 2371 1281 2441 episc0po
1327 2372 1596 2426 sententia
1649 2372 1750 2444 [ut
1779 2383 2118 2443 compertum

515 2460 777 2535 habeas],
825 2479 893 2518 ex
935 2465 1190 2520 omnibus
1220 2466 1489 2536 epistolis,
1524 2484 1645 2538 qua:
1672 2470 1737 2523 ad
1786 2485 1873 2524 me
1903 2471 2121 2538 scriptae

516 2565 539 2594 ⁸
573 2567 723 2622 sunt,
756 2556 889 2611 duas
921 2556 946 2595 ει
980 2559 1187 2627 subieci
1222 2561 1273 2613 id
1304 2563 1446 2630 quod
1494 2574 1707 2616 castora:
1738 2564 2112 2632 continentes,

516 2663 676 2702 unam
705 2648 953 2718 Romani,
989 2651 1214 2707 alteram
1239 2653 1610 2723 Aquileiensis
1641 2656 1905 2724 episc0pi.
1941 2656 2115 2712 Porro

514 2739 619 2795 hoc
673 2754 799 2796 ante
829 2745 1012 2798 omnia
1055 2744 1286 2800 obsecro
1332 2745 1677 2801 clementiam
1711 2758 1878 2813 tuam,
1933 2748 2115 2803 Theu-

518 2834 721 2904 pbilnm
736 2835 1085 2892 Alexandria:
1109 2839 1444 2908 episcopum,
1467 2841 1556 2910 qui
1580 2842 1823 2895 omnium
1846 2842 2115 2896 malorum

516 2937 709 2981 auctor
738 2944 859 2984 esse
890 2928 1114 2999 dicitur,
1151 2932 1237 2987 vel
1273 2934 1546 2988 nolentem
1578 2948 1635 2988 se
1660 2934 1852 2989 sistere
1878 2934 2073 3001 jubeas
2100 2952 2113 2989 :

520 3025 578 3071 ut
608 3018 741 3073 nihil
773 3021 970 3088 obstet,
994 3024 1288 3093 quominus
1314 3027 1696 3096 episcoporum
1722 3030 1815 3097 qui
1842 3028 2119 3083 adfuerint

518 3112 761 3183 synodus
791 3118 1210 3174 convenientem
1274 3122 1607 3190 temporibus
1666 3123 1869 3177 nostris
1924 3137 2115 3194 pacem

520 3206 747 3262 sanciat.

1061 3303 1405 3364 EPISTOLA
1441 3317 1462 3344 ο
1496 3308 1564 3363 Χ.

520 3515 831 3560 INNOCENTII
885 3522 901 3561 I
952 3523 1103 3564 PAPE
1157 3525 1226 3564 AD
1274 3525 1545 3566 Λοιιειιιιιι
1597 3527 2121 3570 ΩΑΒΤΗΔΟῙΝΙΕΝΞΠΙΙ

716 3615 785 3654 IT
825 3616 1161 3658 AUGUSTINUI
1200 3618 1585 3661 HIPPONENSIUI
1626 3622 1928 3674 EPISCOPOS,

890 3791 1218 3849 Salutatoria
1240 3804 1286 3849 et
1310 3795 1463 3866 plena
1490 3797 1763 3852 charitate.

599 3935 625 3963 ι
653 3926 787 3982 Cum
834 3928 1127 3994 Honorius.
1182 3930 1482 3986 Innocentii
1516 3931 1716 3986 litteris
1766 3940 2119 3999 provocatus.

526 3999 592 4052 ad
614 3998 909 4073 Arcadium
958 4002 1025 4055 de
1052 4000 1281 4057 Joannis
1312 4018 1473 4059 causa
1526 4005 1609 4059 bis
1636 4004 1748 4071 jam
1770 3998 2119 4073 'sct'ipsissct.

526 4084 627 4125 nec
660 4071 981 4145 profecisset
1015 4074 1333 4143 quidquam,
1380 4076 1535 4145 petiit
1578 4077 1645 4127 ab
1673 4071 1992 4129 Innocentio
2021 4075 2127 4129 sibi

528 4145 669 4197 mitti
703 4143 990 4214 episeopos
1019 4148 1282 4215 quinque,
1316 4143 1669 4218 presbyteros
1699 4146 1838 4199 duos
1864 4158 1918 4201 et
1940 4148 2128 4202 diaeti-

529 4230 656 4268 num
683 4218 976 4282 ttnunt,qui
1003 4220 1217 4271 tertiam
1246 4217 1533 4284 epistolam
1557 4219 1622 4272 ad
1648 4217 1871 4273 fratrem
1894 4218 2124 4274 ferrent.

528 4286 675 4362 Missi
705 4298 833 4362 sunt
856 4287 1110 4362 Etnilius
1146 4290 1435 4362 Beneventi
1470 4290 1785 4359 episcotius,
1828 4289 2128 4362 Cytltegins

527 4372 579 4413 et
609 4356 945 4415 Gaudentius
969 4363 985 4430 (
1007 4361 1145 4415 forte
1192 4360 1480 4416 Brixiattns
1507 4356 1805 4430 episeOpus
1827 4356 1890 4431 ),’
1910 4356 2125 4417 necnon

530 4434 832 4503 presbyteri
886 4431 1301 4486 Valentinianus
1333 4446 1382 4488 et
1418 4434 1753 4499 Bonifacius,
1790 4434 1927 4503 ipse,
1963 4446 2018 4487 nt
2047 4435 2129 4487 vi-

525 4501 732 4575 detur,_
759 4505 851 4570 qui
886 4503 1105 4558 Zosimo
1138 4519 1289 4575 papae
1320 4508 1613 4559 successit.
1648 4501 1989 4560 (Steternrnm
2024 4520 2127 4558 no-

528 4572 671 4626 mina
706 4572 984 4630 Palladius
1026 4572 1319 4641 tacet,'si+d
1342 4593 1465 4631 cum
1486 4577 1565 4631 eis
1590 4576 2124 4637 Constantinopolim

531 4645 804 4715 profectos
849 4663 971 4701 e~se
1016 4647 1176 4701 docet
1204 4649 1513 4715 tlyriacutn,
1553 4646 1911 4711 Demetrium,
1948 4647 2129 4700 Palla-

527 4712 675 4769 diutn
699 4724 755 4770 et
788 4717 1091 4787 Eulysinnt.
1120 4712 1422 4784 Epistulam
1452 4712 1588 4771 lianc
1614 4718 1705 4771 uni
1739 4718 2011 4781 Palladio,
2034 4720 2127 4787 qui

528 4801 649 4858 eam
700 4787 905 4858 dialog.
965 4804 1085 4857 pag.
1130 4788 1201 4843 29
1248 4791 1500 4853 inseruit,
1527 4789 1795 4842 debemus
1824 4798 2125 4855 acceptam.

530 4855 775 4911 Latinam
806 4855 922 4925 ejus
956 4855 1469 4926 interpretationem
1501 4875 1568 4913 ex
1592 4860 1886 4915 Ambrosio
1913 4860 2131 4914 Catual-

529 4928 741 5000 dulensi
793 4932 1086 5000 repetitam
1114 4931 1381 4986 Baronius
1411 4932 1477 4985 ad
1501 4948 1700 4985 annum
1729 4932 1836 4985 403‘
1866 4933 2131 4987 recuden-

530 4998 656 5075 dam
686 4998 914 5056 curavit.
947 5000 1103 5057 Circa
1126 5017 1352 5057 vernum
1385 5014 1599 5075 tempus
1622 5009 1750 5059 anni
1779 5002 1886 5058 406
1915 5004 2131 5060 videtur

530 5083 759 5137 scrtpta.

606 5142 899 5217 bVerbum
929 5161 1164 5215 grrecum
1212 5148 1665 5211 ἐθελοκακοῦντας,
1718 5147 1863 5217 quod
1914 5150 2132 5217 proprie

532 5215 602 5269 de
626 5216 893 5288 militibus
916 5218 1140 5286 dicitur,
1164 5221 1254 5286 qui
1278 5238 1420 5275 Vires
1437 5224 1691 5275 consultu
1716 5215 1820 5273 non
1849 5215 2128 5288 esserttnt,

534 5298 589 5341 ut
617 5287 966 5361 adversatius
985 5291 1184 5357 vineat,
1209 5292 1274 5344 atl
1299 5310 1393 5348 eos
1418 5303 1563 5347 recte
1586 5287 2132 5361 aptatureptscmios,

534 5361 623 5430 qui
656 5360 964 5429 'I‘tieOpltilo
990 5378 1113 5417 cum
1143 5378 1381 5419 canones
1407 5374 1631 5434 possent
1656 5379 1955 5431 opponere,
1993 5364 2134 5417 ultro

531 5442 841 5499 cesserunt,
871 5442 931 5488 ut
956 5434 1220 5489 Iunonem
1255 5437 1453 5506 injuste
1483 5439 1795 5503 Opprimere
1827 5436 2057 5489 valeret.

608 5514 631 5540 ο
678 5506 812 5573 Quae
841 5508 1055 5561 uncinis
1085 5508 1291 5562 inclusa
1330 5518 1479 5573 sunt,
1530 5526 1596 5561 ne
1626 5522 1826 5574 anceps
1859 5507 2135 5560 sententia

535 5579 791 5647 pendeat,
842 5579 1145 5647 supplenda
1195 5578 1346 5633 duxi.
1383 5578 1652 5647 Integrior
1694 5594 1799 5631 nou
1850 5587 1935 5632 est
1988 5578 2134 5646 apud

534 5648 791 5705 Ambros.
822 5649 1070 5705 Catnaltl.
1104 5650 1196 5716 qni
1222 5653 1307 5703 liic
1332 5651 1539 5710 subdit.
1592 5649 1674 5702 Ea:
1702 5650 1937 5701 omnibus
1974 5653 2133 5719 ferme

533 5722 791 5787 epistolis,
824 5739 951 5786 quas
973 5722 1041 5775 ad
1064 5738 1143 5775 me
1176 5725 1471 5788 frequentes
1498 5720 1774 5785 dederunt,
1803 5736 1866 5773 ea:
1893 5719 1975 5771 his
1998 5724 2131 5774 dum

533 5788 670 5855 idem
718 5795 1049 5861 continentes
1083 5788 1222 5861 quod
1279 5792 1492 5861 reliqua!
1544 5788 1774 5861 subdidi:
1854 5788 2131 5861 Palladius

532 5851 657 5933 pag.
706 5859 779 5920 se
817 5857 987 5919 trudit
1036 5851 1433 5925 luitocentlimi.
1486 5862 1609 5918 tum
1662 5852 1841 5916 varias
1870 5858 2128 5927 οριιιοιιιι

2225 2299 2363 2353 ἐστιν
2402 2297 2435 2352 ἂ
2462 2303 2701 2374 φρονοῦσι
2740 2300 2859 2373 περὶ
2896 2302 2989 2350 τοῦ
3029 2294 3307 2351 ἐπισκόπου
3349 2294 3583 2349 Ἰωάννου
3621 2290 3668 2346 οί
3694 2288 3831 2346 δυτι-

2224 2394 2332 2455 κοί,
2364 2391 2416 2443 ἐκ
2444 2398 2625 2445 πασῶν
2672 2398 2772 2445 τῶν
2803 2391 3097 2444 ἐπισκοπῶν
3126 2396 3227 2443 τῶν
3270 2388 3404 2464 πρὸς
3441 2389 3504 2458 μὲ
3550 2387 3832 2460 γραφεισῶν

2224 2485 2459 2547 ὑπέταξα
2487 2481 2578 2538 δύο
2606 2481 3025 2553 ίσοδυναμούσας
3052 2490 3167 2542 ταῖς
3193 2483 3409 2541 πάσαις.
3436 2484 3529 2538 τήν
3555 2476 3820 2535 ἐπιστολήν

2222 2582 2314 2633 τοῦ
2347 2574 2546 2648 Ῥώμης
2573 2580 2661 2629 καί
2703 2574 2991 2635 Ἀκυληίας.
3024 2581 3186 2628 Τοῦτο
3214 2572 3269 2629 δέ
3296 2572 3583 2649 παρακαλῶ
3613 2575 3705 2628 τήν
3740 2572 3829 2627 σήν

2225 2667 2529 2745 ἠμηρότητα
2574 2670 2673 2741 πρὸ
2703 2666 2929 2723 πάντων·
2969 2670 3053 2722 καὶ
3090 2664 3281 2723 ἄκοντα
3326 2668 3411 2721 τὸν
3462 2661 3831 2735 Ἀλεξανδρείας

2226 2765 2458 2837 Θεόφιλον
2488 2771 2818 2839 παραστῆναι
2858 2760 3149 2827 δικαίωσον,
3177 2760 3243 2816 δι’
3272 2758 3324 2815 ὃν
3362 2761 3593 2833 μάλιστα
3635 2758 3829 2831 λέγεται

2227 2859 2430 2914 ἅπαντα
2460 2858 2525 2912 τὰ
2550 2858 2677 2910 κακὰ
2704 2856 3023 2929 γεγενῆσθαι·
3065 2856 3150 2911 ἵνα
3190 2856 3261 2917 είς
3292 2853 3451 2926 μηδὲν
3475 2856 3505 2911 ἡ
3530 2860 3631 2907 τῶν
3660 2871 3829 2927 παρα-

2226 2954 2504 3026 γενομένων
2534 2951 2825 3006 ἐπισκόπων
2847 2948 3228 3021 ἑμποδισθεῖσα
3253 2947 3465 3011 σύνοδος
3493 2953 3586 3008 την
3606 2947 3832 3022 πρέπον·

2227 3068 2325 3103 σαν
2349 3056 2457 3108 τοῖς
2485 3052 2687 3123 καιροῖς
2713 3044 2853 3114 ἡμῶν
2883 3045 3080 3119 εἰρήνην
3108 3043 3400 3121 βραϐεύσῃ.

2326 3345 2675 3387 ιιιινοοειιτιοε
2706 3342 2940 3386 suasua
2989 3336 3045 3384 et
3092 3339 3409 3395 AUGUSTINO,
3443 3323 3742 3394 episcopis.

2301 3424 2685 3494 Acceptissimi
2734 3424 2867 3479 mihi
2929 3422 3188 3479 Germani
3244 3419 3683 3491 compresbyteri
3738 3416 3829 3473 illo

2232 3534 2483 3575 recursus
2505 3533 2706 3572 vacuus
2737 3516 2920 3571 ofﬁcio
2951 3522 3143 3571 nostro
3171 3530 3294 3570 esse
3343 3529 3454 3568 non
3485 3513 3699 3567 debuit.
3732 3511 3831 3567 Per

2233 3626 2391 3667 cares
2435 3610 2578 3665 enim
2635 3610 2875 3664 salutare
2905 3607 3242 3674 carissimos,
3304 3606 3553 3661 naturale
3602 3606 3832 3677 quodam

2234 3706 2398 3761 modo
2446 3706 2601 3759 nobis
2642 3705 2861 3760 videtur
2906 3716 2961 3760 ct
2988 3718 3352 3773 consequens.
3384 3702 3636 3758 Gaudere
3682 3702 3835 3769 igitur

2230 3800 2286 3855 in
2346 3800 2577 3855 Domino
2633 3807 2870 3853 vestram
2925 3797 3388 3868 germanitatem,
3452 3793 3834 3862 amantissimi,

2226 3934 2554 3999 accepisset.
2580 3931 2645 3983 ad
2681 3928 2986 3984 llonorinm
3014 3928 3324 3997 scripsisse.
3349 3929 3681 3994 ὑποτάξαντα
3711 3929 3837 3985 κατά

2228 4005 2384 4079 μέρος
2408 4010 2508 4079 τῷν
2534 4006 2854 4077 ’γραμμάτων
2884 4000 3120 4073 δύναμιν,
3148 4002 3511 4079 αι’-διιὺμειεδε
3530 4001 3836 4079 singillatim

2229 4072 2357 4145 quid
2404 4074 2509 4128 illa!
2538 4072 2725 4129 littera:
2754 4072 3098 4139 commerent,
3130 4072 3219 4126 ubi
3252 4073 3562 4126 litterarum
3594 4073 3835 4145 singula-

2231 4144 2349 4201 rum
2376 4148 2615 4199 virtutem
2641 4162 2738 4199 seu
2771 4159 3037 4197 summam
3071 4145 3361 4197 dumtaxat
3400 4159 3728 4209 expressam
3760 4144 3839 4198 itt-

2233 4220 2372 4273 nuit.
2416 4218 2521 4272 Sed
2583 4234 2646 4272 ex
2699 4218 2804 4271 hoc
2854 4217 2976 4272 loco
3004 4215 3306 4283 colligitur,
3341 4230 3449 4269 non
3492 4222 3703 4269 tantum
3732 4217 3841 4269 sin-

2223 4294 2478 4361 gularum
2534 4290 2846 4343 litterarum
2882 4304 3178 4348 summam,
3233 4288 3330 4361 sed
3364 4297 3421 4361 et
3448 4286 3834 4361 ipsasntetlit-

2235 4358 2385 4416 teras
2442 4370 2535 4414 aut
2589 4376 2782 4416 earum
2832 4361 3080 4429 exempla
3113 4359 3276 4413 simul
3328 4359 3397 4413 ad
3445 4359 3628 4428 ipsum
3674 4358 3840 4414 fuisse

2233 4434 2527 4489 destinata.

2305 4502 2331 4542 ά
2374 4504 2490 4560 Non
2544 4515 2748 4558 tantum
2794 4502 3017 4557 Ilonorii
3076 4501 3473 4567 imperatoris,
3540 4501 3841 4558 Innocentii

2233 4576 2464 4629 Romani
2504 4575 2771 4641 episcOpi,
2802 4587 2857 4627 et
2887 4573 3191 4628 Chromatii
3222 4574 3619 4641 Aquileiensis,
3669 4576 3762 4630 sed
3791 4583 3843 4629 et

2235 4647 2458 4702 Venerii
2491 4647 2913 4700 Mediolanensis
2943 4656 2997 4701 et
3025 4644 3253 4698 aliorum
3289 4646 3499 4699 litteras
3543 4648 3709 4699 simul
3754 4647 3843 4700 iis-

2234 4718 2360 4773 ιιι-ιιι
2391 4720 2587 4787 legatis
2618 4718 2847 4772 traditas
2874 4718 3040 4771 fuisse
3074 4716 3350 4770 Palladius
3376 4732 3500 4785 pag.
3531 4718 3599 4771 51
3629 4719 3840 4771 scribit.

2236 4797 2304 4844 At
2343 4789 2615 4843 Honorius
2662 4789 2965 4844 Innocentii
2992 4798 3046 4842 et
3071 4787 3373 4842 Chromatii
3404 4790 3611 4856 scripta
3638 4790 3841 4855 pridem

2236 4861 2303 4916 ad
2356 4877 2415 4915 se
2462 4863 2652 4924 missa,
2704 4876 2809 4914 non
2839 4877 2961 4929 qum
2990 4861 3063 4913 illi
3098 4860 3167 4913 de
3198 4861 3415 4927 integro
3441 4861 3509 4913 ad
3544 4861 3839 4915 Arcadium

2240 4934 2551 4996 mittebant,
2576 4946 2676 4985 seu
2704 4948 2825 5001 qua:
2853 4948 2967 4997 ipse
2999 4934 3217 4984 nomine
3241 4930 3709 4995 sttodestinabat,
3739 4948 3843 4987 non

2237 5021 2357 5073 qua».
2385 5004 2477 5055 alii
2509 5006 2633 5057 data
2675 5000 2969 5058 occasione
2998 5004 3186 5057 iisdem
3211 5000 3606 5070 adiunxerant,
3639 5018 3842 5059 mento—

2239 5092 2361 5131 rare
2391 5076 2526 5129 satis
2550 5074 2759 5128 babnit.

2314 5156 2337 5182 θ
2367 5147 2525 5216 Apud
2580 5145 2900 5216 Dioaysium
2931 5144 3031 5199 sub
3059 5144 3217 5199 titulo
3249 5160 3453 5200 xxxvut
3497 5147 3842 5203 decretorum

2236 5218 2542 5273 Innocentii
2570 5227 2770 5281 exstat,
2804 5217 2945 5270 sicut
2964 5226 3018 5270 et
3052 5220 3101 5270 in
3125 5217 3347 5271 collect.
3370 5218 3606 5285 Ilistiau.
3631 5234 3684 5273 ct
3714 5217 3840 5274 Isid.

2242 5290 2429 5343 Delata
2461 5306 2538 5342 est
2568 5306 2665 5357 per
2696 5291 3053 5350 Germanum,
3105 5286 3197 5349 uni
3237 5302 3363 5341 cum
3411 5288 3682 5346 Cassiano
3718 5291 3846 5346 cieri

2238 5378 2302 5417 ac
2324 5362 2507 5429 populi
2542 5361 2645 5415 (ΞΡ.
2677 5362 2911 5422 litteras,
2937 5359 3137 5427 quibus
3159 5359 3517 5431 Innocentius
3547 5365 3780 5431 epistola
3812 5362 3841 5416 Ἰ

2239 5435 2544 5501 rescripsit,
2574 5432 2675 5484 sub
2718 5431 2929 5484 initium
2963 5432 3089 5483 anni
3123 5431 3229 5484 405
3263 5429 3452 5483 Romae
3504 5429 3844 5489 retitltderat.

2238 5504 2528 5558 Probabile
2550 5511 2655 5559 est.
2680 5502 3055 5557 Innocentium
3088 5502 3172 5555 Vel
3198 5503 3301 5556 ltoc
3321 5503 3440 5571 IpStt
3467 5518 3616 5559 anno
3635 5508 3740 5560 405
3765 5506 3845 5561 vel

2240 5578 2420 5644 potius
2439 5576 2709 5639 sequenti,
2744 5574 2990 5642 ejusdem
3024 5571 3283 5627 Germani
3317 5591 3487 5642 opera
3516 5593 3676 5630 nsum
3703 5594 3842 5642 esse,

2240 5648 2617 5702 utAurt-ltutn-
2636 5653 2692 5700 et
2720 5650 3083 5711 Augustinum
3129 5646 3421 5711 Salutaret,
3468 5663 3644 5715 eaque
3692 5664 3845 5703 occa.

2242 5722 2395 5774 sione
2416 5718 2750 5786 Germanum
2778 5716 3048 5769 Africanis
3065 5730 3361 5769 enarrasse
3384 5728 3587 5786 quanta
3611 5719 3845 5775 Joannes

2239 5804 2524 5867 quamque
2544 5783 2767 5867 indigna
2794 5796 2949 5867 esset
2977 5783 3534 5867 perpessttsﬂet‘uute
3572 5786 3749 5867 ‘l‘tane
3777 5792 3846 5867 ob

2239 5838 2474 5917 διέπλει
2492 5838 2815 5915 misenus
2832 5838 3312 5941 ξειιιιιιἪῖοοριιιίὸ
3333 5838 3654 5917 ’ξιιίἑὲἱιάῑᾱ
3666 5838 3853 5915 Inth
