4084 6342
543 299 652 366 515

1063 421 1403 483 EPISTULA
1427 431 1452 460 ⁸
1486 421 1628 479 XIII.

848 532 990 574 RUFO
1027 530 1510 574 THBSSALONICENSI
1553 528 1828 572 EPISCOPO.

543 611 825 668 Variarum
852 612 896 666 ei
922 613 1265 668 committitur
1285 627 1413 664 cura
1440 611 1850 678 prouinciarum,
1873 609 1929 664 in
1953 607 2140 678 quibus

613 707 840 761 vicarius
869 704 1165 760 Innocentii
1194 714 1242 761 et
1269 706 1400 759 inter
1434 704 1680 775 primates
1711 703 1907 772 primus
1950 703 2143 756 consti-

617 801 799 854 tuitur.

745 889 1114 948 Dilectissimo
1156 888 1313 946 fratri
1354 883 1510 946 Bero
1548 887 1930 946 Insoccnrtus.

612 986 661 1039 1.
695 983 1015 1039 Lectissimo
1045 997 1099 1037 et
1123 981 1522 1049 gloriosissimo
1553 981 1725 1051 Moysi
1767 980 1841 1034 ita
1877 979 1931 1033 itt
1973 977 2142 1034 Israel

541 1074 826 1131 liberando
850 1071 1204 1144 regendoque
1231 1071 1491 1129 Dominus
1519 1081 1714 1127 cuncta
1748 1070 2050 1135 commisit,
2087 1077 2144 1124 ut

535 1167 826 1223 consilium
857 1166 1033 1220 soceri
1057 1164 1251 1219 .lothor
1284 1163 1620 1234 sequendum
1656 1165 1704 1220 ei
1732 1163 2020 1220 manifesta
2043 1162 2143 1218 sub

542 1262 808 1320 relatione
859 1260 1144 1316 mandaret
1172 1258 1371 1331 (Exod.
1396 1259 1588 1329 xvtu):
1620 1258 1876 1314 videlicet
1903 1268 1966 1314 ut
2007 1273 2142 1312 con-

537 1356 790 1412 stitueret
816 1355 967 1410 viros
997 1354 1168 1426 gradu
1201 1353 1484 1426 dignitatis
1508 1351 1818 1424 judiciarite
1845 1365 2141 1422 suppares,

539 1449 631 1523 qui
660 1462 948 1504 causarum
993 1445 1367 1501 multitudines
1393 1462 1489 1516 pro
1521 1446 1645 1500 loco
1673 1444 1777 1500 sibi
1806 1444 2015 1500 credito
2057 1444 2141 1498 in-

536 1548 622 1598 ter
651 1541 887 1614 populos
918 1538 1244 1604 deﬁnirem,
1278 1540 1397 1610 ipso
1426 1537 1661 1593 maxime
1693 1537 1778 1592 vel
1807 1537 1973 1591 etiam
2006 1535 2144 1591 divi-

534 1631 669 1690 nisb
701 1632 1178 1690 consolationibus
1223 1642 1509 1687 vacaturo.
1559 1629 1671 1685 Nec
1714 1631 1875 1686 aliter
1907 1629 2145 1702 Aposm-

535 1725 718 1782 lorum
753 1725 925 1781 forma
958 1724 1302 1796 promulgata
1320 1736 1406 1780 est
1436 1723 1592 1796 (Act.
1626 1739 1697 1788 γι,
1725 1723 1760 1778 2
1789 1732 1835 1778 et
1860 1721 1949 1793 5),
1978 1737 2140 1794 quam

1793 302 1855 360 S.
1887 297 2282 374 lNNOCEﬁTIl
2324 302 2343 360 Ι
2385 299 2592 362 ΡΔΡΛΕ

2161 431 2212 492 Α
2243 423 2475 482 Domino
2499 430 2809 488 annuente,
2837 427 3101 477 censeant
3127 419 3234 490 (Ad
3262 421 3401 476 hunc
3438 422 3614 476 locum
3643 423 3852 492 respicit

3750 296 3850 363 516

2248 513 2504 570 Nicolaus
2534 513 2559 566 1
2587 514 2740 585 epist.
2779 511 2861 585 Ξ).
2905 512 3049 569 Vere
3099 514 3242 568 enim
3290 515 3415 582 ejus
3461 515 3849 570 sacratissimis

2244 611 2466 666 monitis
2503 608 2825 666 lectissimae
2875 607 3206 665 sinceritatis
3251 617 3358 665 tua:
3400 607 3764 679 providentia
3789 622 3851 664 ac

2245 705 2428 760 virtuti
2464 704 2602 758 hanc
2642 704 2976 774 iniungimus
3020 703 3485 768 sollicitudinem;
3517 717 3628 758 no
3659 703 3848 772 primi-

2246 807 2332 853 tus
2382 798 2498 852 lmc
2540 796 2616 851 ita
2668 805 3011 864 statuentes,
3043 795 3142 852 sed
3194 809 3573 866 praeessores
3627 802 3849 850 nostros

2244 892 2579 962 apostolicos
2621 891 2858 956 imitati,
2905 890 3005 961 qui
3051 891 3401 947 .bestissimis
3437 888 3468 932 εἰ
3513 889 3749 946 Acholio
3797 896 3857 946 et

2244 987 2452 1056 Anysio
2500 983 2708 1055 injungi
2758 999 2855 1054 pro
2896 999 3088 1039 eorum
3134 983 3352 1040 meritis
3400 985 3508 1038 ista
3539 982 3848 1038 voluerunt.

2244 1077 2616 1137 Justissimum
2667 1084 2753 1136 est
2797 1075 2944 1134 enim
2992 1075 3065 1134 ita
3111 1075 3250 1134 bene
3283 1077 3517 1134 meritos
3552 1074 3853 1130 honoribus

2247 1171 2535 1238 decorari,
2596 1179 2655 1226 ut
2698 1179 3028 1242 arrogantes
3072 1170 3444 1226 necessarium
3492 1168 3713 1224 videtur
3761 1167 3855 1222 ob-

2249 1264 2422 1320 tundi.
2455 1263 2639 1319 Placet
2668 1278 2798 1334 ergo
2827 1261 2881 1318 in
2934 1260 3093 1318 bonis
3119 1263 3407 1333 praemium
3430 1303 3448 1332 ,
3476 1269 3534 1316 et
3565 1262 3628 1316 in
3677 1260 3852 1316 minus

2250 1357 2406 1414 bonis
2432 1369 2455 1394 υ
2485 1357 2713 1412 censio:
2745 1355 2826 1411 sic
2873 1355 3022 1412 enim
3078 1365 3131 1410 et
3175 1355 3278 1410 iste
3324 1354 3651 1430 corrigitur,
3675 1360 3730 1408 et
3761 1351 3855 1409 ille

2249 1453 2590 1512 nobilitatur.

2316 1549 2371 1604 3.
2405 1545 2601 1615 Arripe
2640 1547 2856 1616 itaque,
2891 1541 3248 1599 dilectissime
3284 1540 3478 1608 frater,
3513 1549 3701 1597 nostra
3732 1540 3846 1597 vice

2250 1655 2348 1712 per
2376 1639 2777 1713 suprascriptas
2809 1636 3089 1692 Ecclesias
3109 1677 3124 1702 ,
3155 1636 3309 1691 salvo
3340 1651 3529 1690 earum
3569 1636 3806 1709 primatu
3831 1674 3854 1706 ,

2248 1748 2433 1790 Curam
2469 1750 2480 1786 :
2523 1743 2577 1787 et
2615 1731 2759 1787 inter
2803 1730 2954 1800 ipsos
2997 1729 3260 1799 primates
3300 1728 3549 1799 primus,
3591 1727 3856 1800 quidquid

542 1829 600 1874 ut
657 1819 757 1892 ipsi
817 1817 1098 1890 principes
1145 1812 1436 1890 Evangelii
1466 1816 1787 1882 constituti,
1816 1825 2127 1871 cmterarun;

2245 1841 2344 1881 eos
2381 1824 2446 1880 ad
2481 1839 2582 1878 nos
2631 1837 2859 1878 necesse
2909 1821 3074 1876 fuerit
3119 1822 3378 1891 mittere,
3425 1837 3533 1876 non
3587 1822 3711 1876 sine
3764 1831 3855 1878 tuo

539 1933 726 1975 rerum
763 1931 963 1972 causas
1009 1915 1557 1984 necessitudinesque
1589 1913 1706 1968 suis
1735 1912 2020 1985 discipulis
2048 1927 2145 1966 cu.

541 2012 742 2068 randas
786 2010 1187 2081 obeundasque
1239 2009 1583 2062 mandarent.
1625 2007 1708 2062 Ita
1755 2005 1990 2076 denique
2033 2012 2143 2060 tota

537 2106 896 2162 misetatione
929 2105 1198 2160 mirabilis
1228 2102 1432 2159 Paulus
1475 2103 1598 2158 Tito
1645 2119 1766 2174 qua:
1799 2111 1959 2158 curet
2001 2102 2146 2172 apud

529 2195 747 2253 Cretam
779 2197 926 2266 (Tit.
953 2212 992 2263 ι,
1017 2194 1114 2267 5),
1147 2195 1442 2252 Timotheo
1483 2209 1607 2268 quae
1649 2210 1754 2267 per
1800 2196 1984 2251 Asiam
2032 2195 2148 2250 dis-

537 2301 710 2366 ponat
759 2291 804 2359 (Ι
826 2291 962 2346 Tim.
991 2294 1052 2362 ι),
1101 2292 1413 2358 commisit,
1463 2301 1523 2348 ut
1565 2306 1848 2347 sacrarum
1881 2291 2146 2362 epistola-

533 2402 657 2442 rum
689 2385 927 2441 lectione
956 2386 1366 2458 cognoscimus.

607 2479 663 2534 2.
711 2481 977 2536 ltivinitus
999 2495 1130 2550 ergo
1155 2479 1277 2534 hare
1299 2495 1633 2552 procurrens
1662 2480 1835 2552 gratia
1866 2479 1940 2535 ita
1971 2479 2148 2551 longis

533 2574 843 2631 intervallis
872 2572 1276 2628 disterminatis
1305 2589 1334 2627 a
1365 2589 1450 2628 me
1478 2573 1727 2628 ecclesiis
1754 2573 1927 2628 discat
1949 2588 2149 2629 consu-

530 2669 786 2736 lendum,
831 2666 1243 2753 ut\prudenti:e
1291 2668 1656 2739 gravitatique
1693 2677 1851 2723 tuaac
1900 2668 2152 2726 commit-

527 2763 756 2818 tendam
815 2775 1004 2816 curam
1037 2774 1376 2830 causasque,
1407 2760 1454 2824 si
1501 2775 1622 2832 qua:
1675 2761 1998 2816 exoriautur
2044 2775 2149 2828 per

536 2855 794 2924 Achaiae,
837 2853 1167 2922 Thessaliae,
1212 2852 1366 2922 Epiri
1390 2853 1622 2921 veteris,
1667 2855 1820 2925 Epiri
1867 2870 2059 2920 novze,
2087 2862 2142 2913 et

536 2949 715 3007 Cretae
751 2992 765 3015 ,
824 2949 1005 3004 Dacia:
1073 2947 1488 3004 Mediterranete
1529 2991 1543 3018 ,
1603 2948 1781 3004 Daciae
1834 2947 2088 3020 Bipensis
2119 2989 2137 3020 ,

536 3045 777 3110 Maesia,
834 3041 1125 3098 Dardaniae
1181 3050 1238 3097 et
1290 3041 1518 3097 Prasvali
1576 3043 1874 3110 ecclesias,
1919 3041 2135 3102 Christo

2245 1919 2521 1988 postulent
2549 1915 2832 1971 arbitratu.
2867 1914 2945 1969 Ita
2968 1915 3117 1971 enim
3146 1921 3240 1968 aut
3261 1930 3361 1986 per
3389 1925 3536 1968 tuam
3564 1913 3856 1985 experien-

2246 2013 2372 2066 tiam
2405 2009 2666 2084 quidquid
2698 2011 2828 2066 illttd
2855 2024 2941 2067 est
2979 2011 3235 2078 ﬁnietur;
3266 2020 3363 2066 aut
3393 2022 3487 2067 tuo
3527 2012 3763 2068 consilio
3789 2009 3856 2066 ad

2245 2120 2347 2160 nos
2375 2119 2549 2176 usque
2598 2103 3024 2176 perveniendum
3068 2120 3192 2160 esse
3230 2105 3580 2162 mandamus.
3622 2104 3857 2162 Licitum

2245 2206 2428 2253 autem
2457 2208 2510 2251 et
2533 2199 2851 2269 apostolicae
2867 2197 3013 2254 sedis
3045 2197 3232 2254 favore
3259 2199 3590 2269 permissum
3619 2209 3727 2255 tum
3753 2199 3860 2254 Ira-

2248 2287 2486 2346 ternitati
2520 2304 2792 2362 cognosce
2813 2332 2827 2356 ,
2861 2301 2918 2344 ttt
2950 2306 3075 2346 cum
3106 2290 3290 2362 aliqua
3317 2291 3696 2348 ecclesiastica
3721 2293 3858 2348 ratio

2247 2385 2335 2440 vel
2382 2385 2434 2438 in
2489 2394 2577 2438 tua
2630 2383 2714 2439 vel
2769 2385 2821 2440 in
2883 2387 3202 2440 memoratis
3247 2386 3557 2456 provinciis
3602 2386 3856 2458 agitanda

2248 2477 2737 2548 cognoscendaque
2777 2479 2970 2544 fuerit,
3002 2496 3140 2550 quos
3165 2481 3298 2535 velis
3335 2483 3728 2554 episcoitorum
3767 2497 3859 2540 so-

2249 2574 2366 2628 cios
2415 2573 2846 2646 quibuscumque
2893 2573 2961 2628 de
3015 2574 3273 2630 Ecclesiis
3319 2589 3574 2632 assumas
3634 2585 3853 2646 tecum,

2249 2681 2478 2738 quorum
2511 2676 2566 2721 et
2604 2665 2708 2720 fide
2740 2676 2795 2723 et
2832 2666 3211 2723 moderatione
3241 2667 3506 2738 quidquid
3558 2668 3870 2726 necessitas‘

2251 2774 2482 2818 causave
2510 2758 2856 2830 ﬂagitaverit,
2886 2761 3124 2831 optimus
3147 2763 3350 2832 dirigas
3379 2762 3614 2829 arbiter,
3641 2773 3696 2819 et
3722 2779 3857 2834 pra:-

2251 2858 2471 2925 cipuus,
2505 2853 2702 2925 quippe
2729 2867 2758 2906 a
2791 2853 2948 2910 nobis
2971 2853 3148 2910 lectus
3175 2896 3189 2922 ,
3223 2853 3454 2910 deﬁnias
3494 2855 3848 2914 intercessor.

2247 2947 2475 3003 Omnem
2515 2962 2648 3002 sane
2694 2947 3110 3004 instructionem
3149 2945 3469 3003 chartarum
3519 2947 3578 3003 in
3621 2964 3784 3004 causa
3825 2947 3845 2987 τ

2244 3040 2587 3096 archivorum
2629 3053 2751 3094 cum
2796 3039 3120 3114 presbytero
3149 3049 3174 3088 ε
3203 3040 3545 3110 Senecione,
3599 3041 3720 3097 viro
3758 3041 3851 3099 ad-

597 3215 630 3244 τι
666 3205 726 3260 in
753 3204 997 3274 Romana
1035 3201 1246 3274 synodo
1277 3201 1380 3258 sub
1409 3201 1690 3257 Bonifacio
1733 3201 1778 3257 Il
1825 3201 1953 3256 olim
1983 3201 2123 3256 reei—
2149 3201 2194 3264 C
2229 3199 2557 3274 Theodosii,
2597 3215 2711 3274 non
2767 3208 3024 3274 quartum
3067 3200 3419 3274 autitertium
3441 3242 3456 3268 ,
3483 3215 3550 3257 ac
3603 3183 3845 3260 vicissim

523 3288 637 3336 tuta
658 3317 674 3343 ,
713 3271 948 3332 subinde
987 3271 1118 3329 et'a
1144 3272 1368 3328 Nieolao
1394 3273 1414 3328 I
1445 3275 1608 3343 epist.
1633 3275 1668 3326 εἰ
1689 3274 1910 3328 laudata
1929 3316 1943 3340 ,
1968 3282 2126 3343 post-

531 3351 752 3408 modum
775 3362 806 3403 a
836 3346 981 3403 Luca
1013 3345 1298 3407 IIolstenio
1321 3361 1443 3401 cum
1466 3348 1680 3404 caeteris
1704 3345 1978 3416 prtedicta:
2001 3360 2129 3416 syn-

531 3423 620 3477 odi
676 3421 936 3476 Romanae
991 3418 1342 3472 monimentis
1399 3419 1454 3472 in
1509 3418 1683 3472 lucem
1749 3419 1951 3471 emissa
2019 3426 2123 3470 est.

527 3493 804 3561 Tempus,
832 3504 942 3561 quo
973 3493 1288 3561 scriptaest
1311 3531 1323 3552 ,
1357 3489 1631 3542 consulari
1673 3499 1799 3561 nota
1833 3489 2124 3561 indicat_ur.

528 3566 637 3623 Sed
667 3557 1008 3616 hac-inmte
1027 3559 1296 3614 mendum
1311 3574 1462 3622 esse,
1491 3574 1553 3612 ac
1581 3575 1678 3628 pro
1709 3559 1946 3616 Honorio
1981 3557 2062 3612 IX
2078 3569 2128 3614 et

533 3634 825 3692 Theodosio
857 3630 898 3685 V
934 3632 1330 3688 restituendum
1357 3647 1481 3688 esse
1513 3629 1751 3686 Honorio
1771 3629 1882 3684 VII
1895 3629 2127 3688 etTheo—

530 3709 678 3762 dosio
731 3702 793 3757 ΙΙ
839 3701 1179 3774 clarissimus
1227 3704 1308 3757 vir
1354 3702 1739 3774 Tillemontius
1789 3714 1866 3762 to.
1902 3701 2122 3774 X,pag.

529 3779 658 3845 829,
679 3778 951 3846 opinatur.
975 3773 1495 3846 Undersequeretur,
1517 3785 1573 3828 ut
1597 3773 1712 3829 hiDC
1733 3774 1962 3843 epistola
1981 3773 2125 3826 anno

528 3848 634 3904 407
678 3844 879 3916 scripta
928 3844 1279 3916 esset.illane
1306 3857 1491 3916 autem
1537 3846 1850 3913 Opinionem
1891 3846 2126 3915 probare

530 3921 723 3976 nititur
770 3914 869 3972 ista
918 3914 1255 3971 inductione.
1301 3915 1486 3970 Primo
1536 3917 1756 3984 quidem
1807 3914 2024 3983 statuit,
2058 3931 2125 3972 ex

528 3991 804 4060 epistolis,
833 4004 966 4058 quas
994 3985 1344 4042 Innocentius
1371 3988 1458 4060 ad
1481 3987 1676 4060 Rufum
1708 3989 1959 4058 scripsit,
1984 3988 2125 4043 hanc

527 4059 758 4135 primam
805 4075 961 4135 esse.
992 4068 1159 4135 atque
1199 4061 1278 4135 ab
1314 4074 1402 4135 eo_
1429 4059 1612 4114 datam
1642 4059 1813 4115 fuisse
1839 4065 2021 4135 statim
2067 4067 2127 4115 ut

527 4132 596 4192 ile
628 4133 749 4189 lluii
771 4132 1117 4188 ordinatione
1146 4132 1352 4188 certior
1383 4132 1554 4188 factus
1584 4142 1696 4192 est;
1717 4132 1862 4201 quod
1892 4147 1999 4186 non
2029 4147 2122 4186 ne-

522 4207 782 4280 gandum.
826 4203 962 4280 Tum
1007 4203 1159 4280 addit
1199 4201 1624 4280 Bufutn__illum,_
1650 4205 1923 4280 _ad_qu_em
1960 4204 2120 4280 Inito:

522 4273 738 4335 centius
770 4274 934 4332 modo
963 4275 1192 4342 scribit,
1225 4288 1331 4329 non
1363 4275 1527 4330 alium
1575 4274 1749 4329 videri
1791 4277 1858 4330 ah
1905 4290 2006 4342 eo,
2053 4273 2121 4329 ad

521 4366 682 4424 quem
710 4351 780 4405 de
803 4345 1186 4424 Naissensibps
1212 4345 1663 4424 clericislitteras
1683 4346 1794 4416 jam
1821 4346 2039 4424 dedisse
2063 4360 2124 4404 se

522 4416 666 4478 idem
703 4435 844 4489 papa
874 4420 1038 4486 epist.
1075 4421 1162 4485 17,
1192 4416 1258 4489 ad
1288 4417 1620 4473 Marcianum
1641 4459 1654 4483 ,
1681 4427 1968 4489 memorat.
2001 4417 2122 4489 Quo

558 4487 726 4550 ariter
765 4487 1068 4556 concesso,
1101 4488 1290 4544 subdit
1315 4505 1329 4542 :
1353 4489 1512 4558 Atqui
1544 4490 1690 4544 hanc
1735 4488 2027 4558 epistolam
2054 4487 2118 4544 ad

574 4567 876 4658 arcianum‘
900 4560 1521 4658 scripsitmI‘pnocenttus
1552 4559 2123 4658 [lpvennzeiconstitu-
2150 4597 2201 4658 D

519 4647 641 4702 tus.
671 4649 780 4706 quo
828 4632 1072 4706 abiantro
1101 4630 1208 4706 499
1236 4631 1461 4706 ineunte
1486 4629 1666 4694 venit,
1695 4641 1752 4686 et
1792 4631 1898 4706 ubi
1932 4646 2120 4688 mense

518 4701 768 4776 Augusto
790 4705 923 4776 anni
946 4702 1060 4776 410
1082 4701 1260 4757 adhuc
1289 4703 1642 4776 versabatur;
1676 4715 1780 4757 nec
1828 4701 1995 4776 ullum
2036 4713 2120 4758 est

517 4780 574 4835 in
608 4772 837 4833 historia
875 4773 1195 4840 vestigium,
1225 4773 1368 4827 unde
1396 4786 1525 4826 eum
1575 4783 1842 4839 prieterea
1881 4772 1933 4826 in
1968 4787 2120 4827 eam-

518 4851 644 4910 dem
676 4849 956 4903 civitatem
982 4844 1214 4900 rediisse
1244 4841 1637 4913 conjectemtts.
1686 4844 1760 4898 Ex
1791 4859 1899 4911 quo
1924 4859 2120 4900 conse—

518 4923 610 4992 qui
649 4928 829 4989 putat,
860 4925 920 4972 ut
949 4931 1133 4992 nepte
1154 4915 1289 4992 [inii
1318 4913 1614 4992 ordinatio,
1663 4930 1837 4992 neque
1886 4916 2118 4986 epistola

517 4985 616 5048 ista
644 4985 816 5045 serius
860 5004 1003 5042 anno
1032 4985 1139 5041 408
1187 4985 1503 5042 differenda:
1540 4986 1668 5038 sint.
1718 4985 1825 5042 Sed
1863 4985 1982 5042 cum
2017 5005 2114 5043 ne-

563 5078 795 5130 "aquam
826 5059 1006 5114 omnia
1032 5059 1235 5127 scripta
1259 5057 1369 5110 sint
1399 5072 1521 5130 qua;
1549 5059 1918 5128 contigerunt,
1943 5069 1997 5114 et
2018 5062 2111 5129 qui

542 5128 836 5190 'lavennam
865 5130 1038 5186 semel
1069 5130 1331 5195 accessit,
1362 5144 1429 5184 eo
1451 5128 1614 5186 etiam
1646 5131 1884 5188 secundo
1911 5147 1976 5186 ac
2004 5128 2112 5187 ter-

513 5211 595 5262 tio
627 5203 864 5277 potuerit
903 5217 1158 5270 pergere;
1204 5215 1437 5277 cumqpe
1487 5200 1648 5277 huius
1687 5202 1804 5268 rei,
1834 5205 2111 5277 ipso__viro

513 5269 819 5336 clarissimo
845 5269 1080 5337 fatente,
1112 5288 1258 5326 anno
1277 5269 1405 5335 M3,
1433 5287 1539 5340 quo
1561 5269 1889 5330 frumentum
1940 5275 2108 5329 Hera-

511 5351 726 5408 clianus
753 5347 981 5403 Romam
1013 5344 1243 5412 perferri
1263 5343 1597 5413 prohibebat
1617 5386 1629 5404 ,
1660 5359 1823 5400 causa
1868 5355 1922 5401 et
1952 5360 2110 5401 occa-

510 5423 597 5481 sio
653 5437 759 5477 non
808 5416 1087 5474 defuerit:
1142 5415 1366 5472 minime
1421 5425 1591 5472 tutum
1647 5417 1857 5473 videtur
1899 5427 2106 5476 certam

511 5497 780 5563 epocham
809 5489 1121 5563 cottjectura
1153 5487 1361 5563 incerta
1390 5497 1624 5544 ructare.
1645 5485 1798 5563 Sane
1817 5490 2104 5563 illllsillllus

513 5558 670 5622 valde
693 5566 833 5619 foret
855 5562 900 5614 is
930 5559 1272 5616 librariorum
1304 5558 1520 5629 lapsus,
1547 5569 1606 5614 ut
1627 5574 1753 5617 cum
1789 5562 1839 5614 in
1872 5561 2100 5616 duorum

511 5637 796 5694 consulum
820 5635 910 5702 qui
939 5630 1185 5686 eamdem
1209 5629 1526 5698 dignitatem
1559 5632 1854 5700 gessissent
1874 5631 2100 5700 pluries,

503 5709 670 5766 annis
709 5703 1094 5778 exprimendis
1119 5711 1470 5778 peccassent,
1495 5717 1684 5778 eorum
1725 5711 2102 5778 tatnetierror

503 5779 566 5838 in
585 5772 1180 5844 eorntnweonsulatibus
1205 5772 1560 5846 designandis
1601 5773 1682 5846 sic
1709 5783 1834 5844 apte
1865 5773 1968 5846 sibi
1997 5788 2096 5830 co-

511 5847 741 5907 hmreret
768 5890 780 5913 ,
815 5857 868 5901 ut
898 5862 1019 5902 cum
1060 5847 1279 5900 llonorii
1326 5845 1471 5901 nono
1493 5845 1815 5915 consulatu,
1845 5845 2094 5916 quintum

2231 3288 2353 3327 cum
2382 3273 2573 3346 quinto
2595 3271 2890 3327 Theodosii
2914 3287 3116 3328 nonum
3147 3273 3394 3342 Honorii,
3415 3291 3526 3330 non
3548 3277 3843 3346 septimum

2231 3354 2326 3415 aut
2352 3345 2518 3415 alium
2546 3346 2799 3415 quemvis
2829 3353 3250 3415 componerent.

2305 3414 2331 3453 ι)
2371 3413 2428 3470 1η
2473 3413 2754 3471 veteribus
2807 3413 3138 3482 libris’,;.ubi
3187 3417 3592 3474 consultationis
3652 3435 3840 3475 vocem

2233 3487 2500 3561 orationis
2531 3487 2702 3561 series
2729 3488 2942 3561 exigit,
2975 3503 3094 3561 non,
3115 3503 3243 3542 raro
3267 3532 3282 3556 ,
3313 3489 3486 3543 immo
3517 3491 3842 3561 plerumque

2229 3559 2598 3614 consolationis
2628 3559 2855 3613 verbum
2883 3558 2988 3630 legi
3018 3560 3198 3615 solere
3221 3561 3458 3630 experti,
3489 3572 3546 3616 et
3574 3561 3675 3619 hic
3697 3558 3841 3620 idem

2233 3641 2518 3708 peceatum
2567 3630 2937 3708 suspicamur,
2967 3639 3369 3708 petamusque
3399 3635 3797 3708 restituendum
3820 3677 3840 3708 ,

2230 3703 2342 3774 ipso
2374 3703 2617 3774 maximis
2648 3703 2724 3756 vel
2760 3703 2914 3756 etiam
2943 3703 3131 3757 divinis
3180 3703 3665 3761 consultationibus
3694 3703 3840 3761 vaca;

2230 3773 2368 3827 tura.
2392 3773 2634 3840 RBSpiCil
2662 3774 2864 3843 quippe
2891 3774 3244 3829 Innocentius
3265 3775 3329 3829 ad
3354 3774 3456 3828 ista
3486 3776 3659 3831 Exodi
3687 3794 3838 3844 xvnt,

2232 3844 2299 3900 19
2327 3854 2381 3900 et
2409 3845 2511 3898 ‘2'2:
2557 3844 2683 3898 Esto
2712 3855 2766 3898 tu
2813 3845 3008 3916 populo
3040 3846 3092 3898 in
3130 3844 3211 3898 his
3237 3862 3355 3913 qua:
3379 3847 3449 3900 ad
3480 3845 3657 3902 Deum
3686 3853 3841 3917 perti—

2227 3927 2371 3982 nent,
2402 3927 2463 3992 ut
2485 3920 2820 3992 referasque
2843 3917 3186 3992 dicunturod
3215 3933 3405 3992 eum...
3441 3919 3718 3992 Quidquid
3742 3939 3839 3976 att-

2230 3997 2328 4042 tem
2361 3991 2528 4062 majus
2569 3987 2747 4057 fuerit,
2778 3987 3008 4059 referant
3035 3988 3103 4044 ad
3123 3997 3193 4053 te,
3226 3999 3273 4044 et
3303 3991 3408 4062 ipsi
3440 3987 3661 4048 minima
3680 3993 3834 4066 judi-

2231 4069 2368 4114 cent.

2305 4142 2326 4169 ο
2369 4131 2498 4198 Eos,
2516 4147 2745 4201 quorum
2767 4134 3117 4202 suggestione
3137 4133 3481 4190 Justinianus
3508 4133 3746 4194 Novella
3774 4139 3828 4194 11

2227 4203 2483 4278 scripsit,
2509 4211 2719 4278 tantum
2761 4205 3010 4278 {Iunonis
3062 4205 3399 4278 temporibus,
3427 4205 3535 4262 hoc
3590 4217 3679 4264 est
3721 4220 3837 4278 post

2228 4275 2586 4354 ξι-ιιιιιιιηβάς),
2610 4274 2794 4354 vicarii
2816 4274 3204 4354 per'lllyricuin
3229 4276 3558 4354 dignitatem
3582 4274 3835 4354 episcopo

2228 4345 2707 4428 :I‘ltessalonicensi
2751 4345 2920 4428 fuisse
2954 4345 3310 4415 aitributatn',
3349 4345 3678 4422 imperatori
3707 4345 3834 4410 Iniic

2229 4417 2554 4526 imposuisse
2589 4417 2716 4472 inde
2740 4419 3085 4476 manifestum
3125 4428 3229 4476 est.

2366 4490 2510 4526 I.~m.l
2560 4504 2758 4526 mnnnc
2809 4491 3032 4526 Anhnlin
3064 4493 3130 4526 oh
3173 4507 3229 4526 ο...

2365 4490 2512 4544 Istud
2560 4504 2758 4544 munus
2804 4491 3032 4545 Acholio
3062 4493 3130 4546 ab
3171 4507 3319 4550 anno
3360 4492 3561 4550 saltem
3609 4496 3833 4554 380m.

2221 4558 2469 4634 junctum
2507 4559 2926 4634 fuisse,contra
2963 4563 3184 4620 Hallerii
3229 4566 3597 4634 sententiam,
3625 4567 3832 4626 llonito

2225 4635 2278 4687 in
2310 4632 2345 4692 8
2375 4632 2664 4700 epistolam
2701 4632 2918 4688 Damasi
2946 4635 3385 4693 observavimus.

2299 4703 2523 4785 fCensio
2545 4704 2709 4785 vulgo
2728 4716 2965 4785 nclama
2991 4722 3218 4764 censore
3239 4708 3477 4785 inustam
3502 4717 3686 4768 sonat.
3710 4710 3832 4770 Mox

2223 4776 2504 4858 priittatwn
2524 4776 2742 4860 nomine
2769 4777 3145 4860 intelliguntur
3162 4781 3692 4851 praeutuninatarum
3710 4799 3832 4854 pro-

2223 4848 2525 4902 vinciarum
2559 4848 2985 4918 ntelropOIilani.

2297 4918 2316 4958 ί
2343 4919 2415 4974 tu
2447 4919 2782 4998 ζξοιξιεηιυε,
2811 4937 2943 4998 non,
2977 4933 3033 4979 ut
3063 4921 3635 4998 Tillemontius‘legit,
3669 4923 3827 4980 Achi-

2219 5005 2417 5044 vorum.
2455 4989 2521 5046 Ut
2550 4991 2619 5046 de
2649 4991 2885 5056 chartis,
2913 4991 2988 5048 ita
3014 5004 3069 5050 et
3097 4995 3164 5050 de
3191 4995 3433 5050 archivis
3481 4989 3576 5054 hth
3619 5011 3832 5054 sermo-

2219 5077 2344 5136 nem
2370 5078 2494 5118 esse
2513 5072 2572 5136 et
2589 5064 2967 5120 antecedentia
2988 5075 3041 5122 et
3060 5067 3451 5136 consequentia
3465 5069 3823 5136 persuadent.

2219 5133 2445 5207 Quippe
2479 5132 2822 5207 chartarum,
2864 5138 3059 5207 quibus
3107 5132 3293 5196 vicarii
3342 5132 3545 5200 mun‘us
3593 5143 3825 5196 antistiti

2221 5202 2698 5278 Thessalonicensi
2727 5202 3103 5278 delegabatur,
3146 5209 3436 5268 veritatem
3475 5221 3608 5269 tunc
3634 5227 3664 5266 a
3693 5227 3829 5269 nou-

2217 5276 2380 5352 nullis
2429 5275 2495 5352 in
2527 5277 2749 5333 dubium
2800 5275 3048 5352 vocatam
3089 5275 3212 5338 esse
3257 5293 3510 5352 apparet.
3556 5282 3828 5349 Quocirca

2217 5346 2566 5427 Ιιιιιῳιῖιξιιιίιιδ
2600 5349 2814 5427 tametsi
2845 5351 2984 5410 Rufo
3018 5356 3266 5423 proxime
3292 5346 3530 5421 dixerit,
3566 5346 3763 5427 quippe
3789 5372 3825 5411 α

2219 5420 2366 5473 nobis
2417 5420 2608 5492 lectus,
2648 5423 2792 5492 quod
2837 5420 3158 5490 potestatem
3199 5426 3274 5480 illi
3331 5441 3439 5484 ttOn
3501 5420 3616 5482 tam
3663 5420 3826 5484 's'edis

2214 5491 2571 5566 praerogativa
2591 5534 2605 5558 ,
2635 5491 2796 5562 quam
2819 5495 3069 5566 eligentis
3101 5513 3324 5553 munere
3348 5497 3612 5554 collatam
3637 5511 3820 5566 sonat,

2214 5564 2551 5646 nequehane
2582 5575 2760 5646 tamen
2791 5564 3186 5646 consuetudine
3210 5568 3396 5646 [ultam
3427 5579 3594 5646 negat
3627 5587 3639 5622 :
3671 5564 3824 5624 ideol

2208 5647 2317 5711 que
2355 5635 2574 5711 eidem,
2623 5645 2682 5692 ut
2703 5649 2814 5692 tum
2853 5640 3094 5709 priorem
3141 5639 3431 5711 epistolam
3481 5635 3671 5704 ᾗιιιιιι,
3707 5651 3819 5696 tum

2205 5699 2346 5831 tat—Mals
2369 5705 2716 5764 decessurum
2735 5699 2960 5768 suorum
2979 5727 3041 5771 ea
3061 5713 3130 5770 de
3151 5699 3315 5770 causa
3337 5699 3817 5782 datast-ecenscat,

2245 5791 2311 5831 uc
2337 5794 2402 5831 01⁵
2430 5793 2534 5831 Θδι.

2245 5791 2402 5833 uetor
2430 5793 2534 5834 εει.

2281 5858 2304 5896 Β
2333 5848 2390 5902 1η
2414 5850 2544 5906 edit.
2565 5849 2772 5907 Concil.
2802 5854 2886 5910 11.
2911 5855 3045 5926 Qua:
3072 5865 3250 5914 autem
3279 5855 3352 5918 14
3377 5864 3521 5925 erat,
3556 5856 3810 5918 nunczs.
