4084 6342
515 333 622 395 527

1769 318 1830 374 S.
1874 312 2266 374 INNOCENTII
2305 315 2325 372 l
2362 306 2567 372 PAPE

3718 311 3823 371 528

584 450 924 515 MAXIMIANO,
975 440 1249 507 Euecmo,
1291 439 1570 496 GERONTIO
1601 476 1615 499 ,
1669 432 1895 498 leum;
1946 432 2119 486 POLY-
2144 435 2194 495 Α
2223 430 2507 500 accepisse
2552 436 2927 499 suggeruntur
2960 437 3185 495 uxores,
3239 437 3350 483 non
3380 423 3558 482 solum
3591 423 3824 482 clericos

588 556 843 608 canomo,
881 539 1208 600 Soeunomo,
1249 533 1543 596 FLAVIANO,
1578 527 1828 592 HlLARlO,
1863 524 2119 580 ΜΑοειιοο

587 654 700 703 mo,
755 637 1106 698 ΟΑιιοιιιιτιο,
1152 629 1378 692 Zosmo,
1460 625 1814 687 Pnoruruno,
1870 617 2116 684 Nicerm,

591 730 843 804 [Quidam
898 743 1019 781 mss.
1072 719 1343 793 NICETIO],
1400 718 1742 783 llsnuooear,
1798 713 2114 777 VINCENTIO,

592 827 881 887 Asrowco,
913 820 1291 877 TERENTIANO,
1334 810 1647 866 Henomaao
1696 814 1750 863 et
1794 806 2117 871 MARCIANO,

594 926 620 954 ιι
642 913 919 987 episcOpis
944 906 1337 966 Macedonibus
1359 913 1415 960 et
1438 901 1684 959 diaconis
1703 901 1756 957 in
1772 900 2004 956 Domino
2033 912 2120 953 sa-

592 1012 784 1066 lutem.

596 1149 645 1202 1.
679 1146 869 1216 Magna
903 1157 989 1198 me
1017 1137 1315 1213 gratulatio
1344 1136 1558 1202 habuit,
1599 1149 1723 1190 cum
1755 1140 1879 1204 post
1906 1139 1982 1186 tot
2008 1129 2121 1184 dis-

499 1222 748 1298 crimina
799 1238 989 1303 totius,
1047 1242 1109 1289 ut
1141 1234 1213 1288 ita
1244 1231 1506 1296 dixerim,
1539 1228 1752 1294 mundi,
1784 1226 2001 1289 Vitalis,
2034 1240 2123 1279 ar-

519 1333 897 1398 chidiaconus,
939 1335 1253 1383 vestrarum
1276 1324 1518 1395 portitor
1544 1323 1881 1387 litterarum,
1913 1334 1981 1374 ex
2013 1318 2123 1373 illis

521 1425 768 1496 partibus
798 1421 865 1477 ad
901 1437 1001 1475 nos
1025 1435 1199 1490 usque
1232 1418 1478 1472 directus
1520 1416 1763 1469 advenit.
1797 1413 1970 1480 Quem
1997 1426 2119 1465 cum

518 1520 872 1583 vidissemus,
904 1515 1073 1581 illico,
1092 1524 1149 1567 ut
1172 1509 1820 1583 oportebat,percontati
1850 1508 1917 1563 de
1943 1516 2125 1561 vestro

516 1624 660 1670 statu
687 1627 897 1668 sumus.
934 1608 1139 1664 Verum
1172 1605 1265 1661 ubi
1286 1605 1313 1643 ι)
1344 1603 1651 1673 reperimus
1679 1618 1778 1659 vos
1805 1618 1871 1657 ex
1903 1610 2123 1656 sentcn-

519 1711 594 1765 tia
623 1709 857 1778 degere,
901 1705 1016 1760 Deo
1069 1709 1261 1756 nostro
1314 1699 1513 1755 uberes
1553 1698 1758 1769 gratias
1810 1696 2118 1763 retulimus,

521 1802 665 1874 quod
696 1815 827 1856 suos
847 1797 1086 1853 famulos
1110 1794 1338 1863 suisque
1360 1792 1627 1847 altaribus
1653 1790 1965 1846 servientes
1988 1798 2043 1844 et
2070 1790 2119 1841 in

522 1894 779 1950 adversis
808 1899 1015 1957 tuetur,
1050 1895 1106 1943 et
1135 1888 1189 1941 in
1210 1884 1492 1956 prosperis
1520 1884 1826 1954 gubernare
1847 1881 2118 1953 dignatur.

521 1988 772 2056 Quicum
806 1982 1132 2039 tradidisset
1159 1977 1441 2049 epistolas,
1465 1991 1559 2031 eas
1578 1976 1810 2045 praecepi
1856 1975 2001 2030 illico
2034 1989 2121 2029 re-

524 2080 741 2137 censeri
768 2096 781 2132 :
816 2078 869 2132 in
898 2074 1096 2146 quibus
1125 2072 1296 2127 multa
1321 2070 1498 2141 posita
1523 2068 1759 2139 pervidi,
1786 2083 1905 2137 qua:
1938 2077 2128 2135 stupo-

526 2190 642 2231 rem
674 2171 948 2229 mentibus
964 2166 1173 2223 nostris
1203 2177 1225 2204 ο
1256 2164 1609 2229 inducerent,
1644 2161 1996 2233 facerentque
2030 2177 2129 2215 nos

520 2283 634 2325 non
663 2265 938 2322 modicum
963 2261 1239 2326 dubitare,
1269 2267 1452 2313 utrum
1482 2257 1645 2311 aliter
1689 2266 2027 2326 putaremus,
2058 2270 2126 2308 an

523 2366 599 2419 ita
629 2362 722 2417 illa
753 2368 939 2417 essent
991 2357 1168 2428 posita
1224 2351 1689 2425 quemadmodum
1742 2349 2125 2419 personabant.

523 2458 658 2527 Quae
683 2471 807 2510 cum
849 2449 1052 2521 saepius
1085 2447 1262 2518 repeti
1290 2446 1584 2509 fecissem,
1621 2442 1831 2497 adverti
1858 2441 1971 2497 sedi
2000 2456 2132 2510 apo-

522 2550 755 2614 stolicre,
786 2545 853 2601 ad
883 2558 1049 2613 quam
1079 2539 1275 2596 relatio
1300 2539 1463 2591 missa
1493 2534 1651 2606 quasi
1675 2534 1741 2589 ad
1764 2542 1927 2603 caput
1956 2532 2133 2588 eccle-

525 2643 732 2699 siarum
765 2636 1047 2700 currebat,
1075 2632 1103 2670 ἀ
1134 2633 1373 2700 aliquam
1406 2628 1524 2683 ﬁeri
1556 2626 1834 2697 injuriam,
1860 2625 2012 2695 cujus
2037 2625 2133 2679 ad—

527 2739 636 2793 huc
687 2735 744 2789 in
796 2730 1111 2800 ambiguum
1164 2725 1442 2782 sententia
1499 2722 1811 2777 duceretur.
1868 2720 2019 2776 Unde
2064 2720 2132 2775 de

528 2831 728 2902 quibus
754 2827 866 2899 jam
894 2823 1101 2879 dudum
1141 2820 1432 2890 scripsisse
1464 2815 1709 2881 memini,
1756 2830 1902 2869 nunc
1933 2814 2131 2869 iterare

524 2926 761 2981 formam
812 2916 1152 2990 argumentis
1183 2911 1647 2975 evidentioribus,
1677 2919 1699 2945 ε
1725 2909 2007 2964 relationis
2037 2924 2130 2963 ve-

528 3030 656 3075 strue
685 3015 962 3088 geminata
991 3007 1345 3083 percontatio
1372 3003 1670 3074 compellit.

596 3135 730 3192 Car.
763 3132 805 3186 Ι.
837 3161 909 3172 ——
962 3128 1019 3182 2.
1055 3127 1164 3182 Eos
1187 3123 1309 3196 (luo
1337 3141 1389 3194 p.
1424 3120 1480 3189 8,
1508 3136 1555 3173 ε.
1586 3118 1746 3189 505),
1798 3119 1887 3189 qui
1943 3117 2132 3173 viduas

531 3344 667 3399 duos
695 3355 761 3396 ex
796 3338 906 3392 illis
956 3327 1536 3403 episcopis‘appellare
1586 3334 1901 3403 contentus,
1952 3336 2120 3384 totam

526 3396 945 3477 inscriptionem
967 3396 1367 3477 perstringitin
1401 3400 1543 3477 hunc
1572 3396 1789 3477 modum
1819 3414 1831 3449 :
1858 3396 2124 3477 innocen-

531 3467 640 3540 litis
664 3467 823 3548 Rufo,
843 3467 1065 3533 Eusebio
1099 3482 1147 3548 et
1170 3467 1368 3548 caeteris
1399 3469 1652 3539 episcopis
1684 3467 2048 3548 Macedonibas
2076 3483 2123 3548 et

533 3543 833 3611 diaconibus
863 3552 917 3603 in
965 3547 1186 3601 Domino
1217 3543 1438 3596 salutem
1464 3556 1481 3595 :
1509 3555 1743 3607 eumque
1772 3549 1959 3608 postea
1996 3545 2123 3597 imi-

535 3610 631 3683 tati
666 3634 794 3680 sunt
824 3622 1075 3688 Hispana:
1103 3614 1445 3688 collectionis
1488 3621 1679 3688 auctor
1702 3619 1761 3688 et_
1784 3610 2045 3688 lsidorus.

611 3697 713 3751 alu
747 3694 879 3749 edit.
901 3680 1059 3745 Rom.
1091 3698 1147 3744 et
1174 3685 1371 3741 concil.
1408 3692 1531 3753 post
1558 3682 1720 3738 Crah.
1750 3680 1836 3735 hic
1865 3681 2125 3752 adjicitur

535 3782 583 3825 et
613 3766 809 3823 cmleris
843 3780 860 3817 :
888 3760 1029 3833 quod
1062 3760 1219 3813 abest
1251 3754 1783 3833 abomnibusumss.
1843 3755 1897 3807 in
1929 3756 2127 3822 quibus

536 3825 1163 3909 singulagepis'cOporurn
1198 3829 1420 3882 nomina
1460 3825 1842 3909 appellantur,
1870 3833 2034 3908 atque
2061 3844 2126 3881 ex

537 3915 606 3968 iis
628 3896 776 3965 haud
804 3896 1285 3971 dubie-repetitum
1319 3909 1424 3963 est,
1460 3898 1511 3950 in
1539 3896 1756 3971 quibus,
1793 3905 1848 3949 ut
1880 3898 2129 3965 proxime

539 3980 973 4039 observavimus,
1011 3968 1217 4029 tantum
1251 3969 1468 4024 duobus
1499 3968 1770 4036 episcopis
1812 3971 2128 4036 nominatis,

537 4052 719 4109 caeteri
744 4058 1011 4105 tacentur.
1043 4046 1121 4100 Ex
1148 4045 1218 4098 iis
1233 4052 1436 4107 autem,
1468 4039 1560 4109 qui
1589 4040 1965 4108 praenominati
1982 4051 2128 4109 sunt,

538 4125 963 4196 Cbrysostomus
992 4118 1060 4173 de
1089 4115 1287 4196 exsilio
1333 4112 1643 4196 epistolam.
1677 4109 1926 4196 163,nad
1957 4112 2133 4196 Mace-

538 4180 712 4252 donas
739 4194 1056 4264 episcopos,
1090 4188 1333 4264 scribens
1351 4180 1782 4264 ("Eustathiunta
1814 4180 2120 4264 Eusebi-um,

539 4253 945 4327 Maximianum,
976 4259 1262 4327 Eugenium
1293 4265 1338 4309 et
1369 4253 1740 4310 Gerontiumin
1771 4254 2123 4327 inscriptione

539 4341 746 4411 pariter
770 4326 1031 4411 appellat.
1062 4326 1163 4411 llic
1213 4326 1462 4409 oboritur
1491 4328 1745 4411 quaestio,
1784 4326 1835 4379 in
1866 4326 2120 4411 Macedo-

539 4399 703 4466 niane
732 4399 1041 4465 tot-iuerint
1074 4399 1341 4469 episcopi.
1388 4409 1521 4467 qu0t
1562 4412 1706 4450 nunc
1746 4410 2121 4453 recensentur.

539 4484 728 4554 Neque
761 4479 905 4536 enim
962 4471 1243 4554 Marciani,
1268 4468 1781 4554 quemuepiscppum
1803 4470 1977 4554 fuisse
1997 4484 2129 4523 con-

543 4539 672 4620 stat,
708 4565 907 4605 nomen
938 4546 1136 4599 ultimo
1169 4542 1290 4620 loco
1324 4541 1562 4620 positum
1594 4539 1883 4620 permittit,
1938 4549 1993 4592 ut
2040 4554 2129 4591 su-

542 4609 726 4694 perius
740 4621 946 4694 ali_quot
972 4631 1093 4694 eum
1111 4613 1383 4694 episcopis
1402 4610 1662 4664 diaconos
1680 4609 2098 4694 appellatossen
2111 4638 2127 4649 ο

541 4669 961 4750 ﬁamus-Forte
989 4669 1364 4746 Innocentius,
1422 4695 1543 4733 cum
1571 4669 1769 4750 quos'e
1816 4679 2130 4735 Macedonia
2158 4669 2213 4729 D

545 4748 602 4819 et
628 4764 750 4817 aliis
773 4758 979 4829 lllyrici
1010 4754 1304 4829 provinciis
1332 4748 1875 4829 noverat-episcOpos
1900 4751 2130 4829 promis-

545 4817 647 4891 cue
676 4817 1056 4899 memorasset,
1107 4822 1315 4899 addidit
1358 4819 1607 4891 episCOpis
1665 4817 2035 4899 Macedonibus
2087 4830 2133 4875 et

548 4903 799 4969 diaconis,
854 4909 912 4952 ut
940 4896 1226 4969 epistolam
1260 4907 1439 4969 suam,
1466 4891 1711 4969 quamvis
1739 4891 2134 4969 etiam_viciua-

546 4991 667 5030 rum
700 4962 1103 5043 provinciarum
1129 4962 1767 5043 θιιίςιεειρίξηίιιεειίὶριςιιιι,
1795 4962 1862 5015 ad
1886 4963 2137 5043 Macedo-

544 5063 644 5101 nas
676 5032 728 5099 iu
762 5042 948 5112 primis
996 5037 1230 5112 attinere
1259 5032 1593 5112 significaret
1622 5052 1645 5112 ε.
1678 5035 2135 5112 quemadmodum

546 5127 706 5173 antea
737 5102 994 5179 Capuana
1027 5105 1290 5178 synodus,
1316 5102 1684 5179 _’teste_Siricio
1715 5105 1874 5179 epist.
1900 5106 1955 5179 9,
1992 5122 2044 5159 ιι.
2076 5107 2129 5171 1,

546 5173 832 5250 statuerat,
868 5191 926 5235 ut
949 5173 1166 5233 ﬁnitimi
1196 5192 1259 5231 ac
1280 5174 1441 5250 vicini
1474 5173 1689 5228 Bonoso
1711 5177 1970 5244 episcopi,
1995 5193 2130 5247 pra:-

547 5246 1061 5329 cipuekMacedones,
1097 5246 1466 5329 causamnejus
1493 5256 1910 5327 cognoscerent.

619 5330 647 5369 ι)
686 5326 851 5384 Corb.
886 5340 990 5378 ms.
1024 5335 1147 5375 cum
1189 5335 1295 5372 uno
1319 5317 1505 5381 Colb.,
1537 5318 1893 5383 reperivimus.

621 5412 643 5441 ε
688 5401 878 5455 Eidem
927 5407 1086 5451 mss.,
1136 5389 1320 5442 nostris
1348 5397 1403 5440 ut
1432 5387 1754 5441 inducerent.
1790 5388 1980 5443 Cteteri
2013 5404 2133 5443 cum

543 5473 735 5537 Merl.,
762 5463 1306 5537 nostrisinducerent.
1354 5457 1469 5511 Non
1496 5458 1811 5537 displiceret
1838 5460 2133 5537 injicerent,

617 5541 643 5580 τι
685 5530 731 5599 Ε
758 5536 1059 5611 potioribus
1097 5547 1228 5611 mss.
1265 5531 1376 5611 huc_
1414 5536 1701 5611 revocatur
1727 5544 1831 5610 vox
1871 5530 2126 5611 aliquant,

543 5631 667 5687 quae
697 5599 848 5687 prius
878 5600 1469 5687 desiderabatur.'.lam
1499 5599 1850 5687 Innocentius
1880 5601 2040 5687 epist.
2073 5602 2128 5687 2,

544 5670 601 5743 ιῖ.
629 5688 661 5741 7
692 5670 748 5740 et
771 5683 838 5747 8,
873 5692 1081 5735 necnon
1128 5674 1289 5742 epist.
1311 5673 1388 5747 _5,
1421 5685 1476 5747 ιι.
1510 5670 1589 5747 ⁵11
1613 5712 1628 5735 ,
1658 5680 1909 5747 vetuerat
1954 5686 2033 5747 ne_
2067 5672 2137 5727 ad

544 5740 749 5813 clerum
800 5740 1206 5808 admitteretur,
1234 5742 1329 5813 qui
1355 5741 1442 5795 vel
1470 5740 1687 5795 viduam
1720 5743 1802 5797 vel
1831 5744 2127 5799 secundam

538 5812 763 5888 uxorem
792 5823 980 5889 duxit,
1011 5814 1225 5873 etiamsi
1253 5812 1481 5883 primam
1516 5813 1822 5883 accepisset
1848 5825 1976 5871 ante
2003 5814 2133 5885 bap-

2159 3229 2205 3292 C

2223 522 2443 578 effectos
2495 522 2736 594 agnovi,
2782 535 2972 577 verum
3031 522 3195 577 etiam
3266 537 3435 593 usque
3493 521 3564 577 ad
3622 520 3822 575 infulas

2220 617 2420 673 summi
2447 616 2736 674 sacerdotii
2761 616 3087 689 pervenisse
3109 633 3124 673 :
3147 616 3292 688 quod
3317 629 3509 672 contra
3534 616 3680 687 legis
3702 629 3824 670 esse

2222 721 2492 783 praecepta
2520 712 2701 767 nullus
2732 712 2966 784 ignorat.
2988 710 3125 766 Nam
3148 726 3273 766 cuin
3299 710 3517 782 Moyses
3542 708 3825 780 legislator

2222 804 2465 860 clamitet
2497 823 2510 858 :
2562 802 2825 859 Sacerdos
2870 819 3087 859 uxorem
3114 803 3365 875 virginem
3394 803 3623 873 accipiat
3680 801 3825 871 (Leti.

2223 912 2357 963 χχιι,
2389 898 2486 961 15,
2527 895 2653 968 14);
2686 910 2749 951 ac
2776 910 2844 951 ne
2875 896 2926 950 in
2970 895 3077 951 hoc
3118 904 3399 966 praecepto
3432 894 3639 965 aliquid
3674 903 3828 965 puta-

2224 1000 2375 1047 retur
2401 989 2740 1061 ambiguum,
2767 988 2993 1055 addidit,
3023 1004 3126 1042 non
3158 988 3387 1056 viduam,
3404 1004 3568 1058 neque
3587 988 3827 1058 ejectam.

2223 1084 2424 1140 Contra
2454 1083 2594 1154 quod
2629 1093 2985 1153 praeceptum,
3035 1081 3221 1136 divina
3249 1081 3585 1136 auctoritate
3640 1079 3660 1117 ί
3698 1078 3827 1135 sub-

2226 1180 2476 1245 missum,
2510 1178 2660 1233 nulla
2681 1175 2935 1233 defensio
2971 1175 3213 1231 mandati
3243 1176 3472 1231 alterius
3504 1175 3825 1245 Opponitur,

2225 1271 2330 1328 nisi
2359 1271 2697 1327 consuetudo
2728 1280 2909 1327 vestra
2959 1288 2974 1325 :
3021 1286 3163 1341 quae,
3213 1279 3272 1325 ut
3322 1270 3425 1341 ipsi
3453 1268 3732 1333 fatemini,
3763 1285 3831 1326 ex

2226 1368 2557 1439 ignorantia,
2580 1377 2641 1423 ut
2663 1366 3027 1424 verecundius
3054 1367 3257 1433 dicam,
3285 1381 3391 1421 non
3418 1380 3489 1421 ex
3523 1365 3832 1436 apostolica

2226 1465 2527 1520 traditione
2556 1473 2612 1520 et
2639 1464 2848 1535 integra
2877 1462 3093 1517 ratione
3123 1461 3424 1518 constituta
3456 1471 3563 1517 est.
3590 1460 3703 1516 Nos
3736 1477 3835 1516 au-

2228 1569 2360 1623 tem,
2394 1572 2696 1628 omnesque
2725 1572 2823 1628 per
2848 1555 3127 1612 Orientem
3166 1554 3633 1627 Occidentemque
3663 1554 3836 1611 eccle-

2227 1654 2356 1718 sias,
2389 1651 2608 1707 noverit
2633 1658 2816 1706 vestra
2848 1648 3068 1704 dilectio
3096 1647 3215 1704 haec
3241 1652 3467 1719 penitus
3484 1647 3609 1704 non'
3630 1648 3834 1703 admit-

2229 1757 2386 1811 tere;
2415 1760 2514 1801 nec
2541 1744 2607 1799 ad
2642 1743 2892 1799 ultimum
2939 1742 3299 1799 ecclesiastici
3341 1743 3555 1798 ordinis
3590 1753 3616 1790 ε
3650 1743 3838 1799 locum

2154 1844 2198 1902 Β
2230 1838 2365 1893 tales
2387 1852 2668 1893 assumere
2698 1845 2775 1905 et,
2806 1837 2853 1890 si
2884 1836 3091 1906 reperti
3131 1834 3364 1902 fuerint,
3384 1850 3720 1897 ,removere.
3806 1909 3829 1915 _

2303 2000 2432 2055 CAP.
2461 1999 2526 2053 ll.
2559 2029 2625 2039 —
2650 1999 2704 2053 ‘5.
2740 1995 2949 2053 Deinde
2979 1995 3224 2064 ponitur,
3254 2010 3360 2049 non
3404 1994 3513 2049 dici
3545 1994 3714 2063 (οισι.
3740 1990 3833 2062 26,

2229 2112 2277 2149 ε.
2308 2098 2379 2158 5;
2412 2093 2527 2161 Ιυο,
2562 2112 2616 2164 p.
2647 2094 2697 2161 1,
2726 2108 2775 2147 c.
2807 2091 2937 2159 292,
2970 2099 3015 2144 ct
3045 2109 3099 2161 p.
3131 2091 3186 2153 8,
3213 2106 3260 2142 c.
3290 2087 3420 2159 305)
3450 2098 3721 2159 oportere
3756 2088 3839 2143 di-

2227 2204 2445 2262 gamum
2472 2204 2616 2254 eum,
2650 2186 2742 2258 qui
2770 2183 3198 2240 catechumenus
3220 2182 3473 2237 habuerit
3498 2190 3667 2253 atque
3695 2180 3837 2236 ami-

2230 2284 2365 2338 serit
2392 2297 2639 2350 uxorem,
2669 2281 2717 2335 si
2743 2288 2867 2350 post
2898 2276 3229 2348 baptismum
3278 2274 3449 2332 fuerit
3474 2276 3643 2331 aliam
3672 2275 3839 2331 sorti-

2234 2392 2355 2446 tus;
2415 2394 2645 2451 eamque
2696 2378 2925 2447 primam
2984 2374 3201 2439 videri,
3255 2389 3377 2443 qua:
3423 2387 3569 2427 novo
3626 2372 3836 2426 homini

2230 2474 2485 2545 copulata
2514 2473 2583 2528 sit
2616 2492 2626 2525 :
2657 2471 2783 2543 quia
2808 2468 2942 2525 illud
2972 2467 3284 2538 coniugium
3317 2482 3416 2536 per
3448 2466 3711 2537 baptismi
3751 2481 3839 2520 sa-

2230 2577 2570 2625 cramentum
2620 2580 2747 2622 cum
2786 2564 3002 2619 caeteris
3046 2562 3372 2618 criminibus
3431 2560 3508 2614 sit
3561 2559 3833 2615 ablutum.

2232 2661 2386 2728 Quod
2410 2675 2529 2715 cum
2576 2657 2645 2713 de
2676 2673 2783 2713 uua
2838 2655 3023 2726 utique
3054 2654 3275 2721 dicitur,
3308 2661 3464 2708 certe
3506 2653 3553 2706 si
3582 2661 3698 2707 tres
3738 2652 3835 2706 ha-

2232 2756 2412 2811 buerit
2439 2756 2491 2809 in
2522 2762 2709 2809 vetere
2732 2750 2946 2822 positus
2974 2748 3199 2804 homine
3220 2761 3439 2813 uxores,
3475 2746 3590 2801 erit
3617 2746 3691 2810 ei,
3714 2759 3835 2816 qua:

2234 2860 2358 2920 post
2408 2848 2737 2919 baptismum
2792 2852 2984 2915 quarta
3034 2850 3142 2909 est,
3200 2841 3279 2896 sic
3339 2838 3838 2911 interpretantibus

2236 2942 2440 3011 prima;
2476 2939 2501 2975 ιι
2531 2939 2865 3009 virginisque
2918 2951 3116 2991 nomen
3168 2933 3427 3003 accipiet,
3459 2950 3585 3004 quae
3641 2941 3837 3004 quarto

2235 3035 2394 3091 ducta
2422 3042 2505 3090 est
2534 3034 2676 3089 loco.
2726 3032 2860 3101 Quis
2900 3046 3021 3098 oro,
3074 3030 3219 3085 istud
3260 3044 3369 3084 non
3420 3029 3609 3084 videat
3649 3037 3837 3084 contra

2236 3126 2486 3200 Apostoli
2529 3141 2655 3182 esse
2709 3135 3069 3196 praeceptum,
3107 3123 3198 3194 qui
3255 3123 3331 3177 ait
3372 3121 3417 3192 (l
3449 3121 3586 3176 Tim.
3632 3137 3713 3188 ιιι,
3755 3122 3837 3185 2;

2229 3333 2468 3386 tismum.
2513 3328 2809 3383 Probabile
2840 3336 3022 3384 autem
3063 3339 3148 3384 est
3175 3344 3326 3395 eum,
3359 3328 3549 3384 Siricii
3582 3327 3841 3398 exemplo

2228 3417 2475 3467 curasse,
2501 3410 2559 3454 ut
2591 3400 2901 3469 huiusmodi
2942 3400 3191 3469 epistola:
3240 3416 3304 3456 ac
3331 3401 3557 3456 decreta
3589 3415 3693 3469 per
3716 3414 3843 3469 pro-

2230 3477 2435 3529 vincias
2466 3483 2866 3539 commearent,
2898 3485 2957 3526 ut
2986 3474 3103 3540 ipse
3132 3473 3378 3542 loquitur
3401 3471 3663 3542 epistat‘i,
3694 3488 3750 3527 ιι.
3781 3472 3839 3537 2,

2230 3546 2450 3615 nequis
2488 3559 2679 3598 eorum
2733 3544 3097 3613 ignorantiam
3140 3541 3539 3615 praitenderet.
3569 3541 3737 3615 Certe
3762 3543 3837 3611 id,

2230 3619 2300 3671 de
2328 3613 2437 3685 quo
2465 3624 2625 3670 antea
2659 3616 2948 3681 scripsisse
2998 3628 3058 3669 se
3086 3614 3434 3679 testificatur,
3483 3615 3536 3667 in
3564 3613 3679 3668 duo
3702 3628 3844 3683 pric-

2233 3684 2376 3742 dicta
2408 3688 2612 3813 capita,
2643 3702 2749 3741 non
2776 3686 2830 3741 in
2855 3686 2960 3740 alia
2993 3685 3122 3752 duo,
3168 3700 3291 3756 quae
3328 3684 3570 3741 subinde
3599 3694 3840 3740 tractan-

2233 3771 2339 3813 tur.
2380 3773 2439 3811 ca
2487 3767 2547 3811 it.

2233 3771 2339 3823 tur,
2380 3767 2547 3813 cadit.

2309 3840 2331 3867 ε’
2373 3829 2429 3883 ln
2462 3843 2596 3883 mss.
2645 3828 2776 3884 coll.
2823 3829 2980 3883 Dion.
3012 3827 3179 3883 Hadr.
3211 3836 3268 3884 et
3299 3828 3460 3898 llisp.
3494 3828 3844 3884 desideratur

2232 3902 2503 3956 relationis
2543 3908 2745 3956 vesti-re.
2780 3900 2838 3955 In
2865 3901 3058 3971 codice
3086 3900 3244 3955 Colb.
3275 3900 3524 3971 Langob.
3558 3910 3739 3955 exstat
3763 3916 3844 3955 re-

2237 3973 2467 4039 lationis,
2494 3981 2545 4026 et
2569 3972 2621 4025 in
2649 3973 2826 4028 altero
2849 3969 3003 4027 Colb.
3060 3986 3275 4026 necnon
3308 3969 3527 4027 vetusto
3554 3972 3719 4026 Corb.
3750 3988 3837 4025 re-

2236 4045 2529 4116 legationis,
2562 4045 2679 4097 sine
2702 4044 2960 4113 adjuncto
2988 4052 3188 4097 vestrm.
3209 4042 3347 4097 Tum
3379 4057 3577 4116 omnes
3600 4044 3676 4116 illi
3709 4058 3838 4116 mss.

2238 4113 2553 4189 subjiciunt,
2588 4116 2847 4189 geminata
2893 4115 3449 4189 percontatio__vestra.
3491 4113 3684 4189 Edidit
3704 4115 3845 4169 Mer-

2229 4184 2557 4258 lin.'gemina
2589 4184 2919 4254 percontatio
2973 4194 3160 4258 vestra.
3210 4184 3509 4258 Yuigatam
3539 4187 3833 4241 lectionem

2229 4256 2520 4315 asservant
2554 4269 2738 4313 vetera
2765 4260 3020 4328 exempla
3051 4256 3263 4311 Codicis
3291 4256 3504 4325 Quesn.

2311 4330 2329 4368 ί
2374 4330 2446 4383 lia
2474 4329 2717 4394 potiores
2745 4345 2878 4385 mss.
2907 4328 3014 4383 Alii
3036 4343 3166 4383 vero
3187 4328 3337 4395 libri,
3363 4329 3670 4383 subnixum.
3688 4328 3834 4383 Pith.

2232 4401 2537 4454 subnexum.

2308 4480 2331 4517 ις
2374 4470 2569 4525 Primae
2599 4471 2760 4541 hujus
2787 4471 2990 4529 decreti
3023 4472 3166 4540 parti
3192 4472 3556 4527 consentiens
3588 4470 3839 4525 Valenti.

2238 4557 2367 4596 num
2403 4544 2745 4598 tconcilium
2784 4558 2925 4599 anno
2965 4542 3092 4608 574,
3128 4558 3251 4598 can.
3306 4558 3346 4609 ι,
3402 4544 3629 4611 statuit,
3665 4542 3840 4598 nemi-

2238 4629 2361 4667 uem
2412 4616 2640 4682 posthac
2685 4615 2749 4669 de
2791 4615 3011 4685 digamis
3054 4623 3144 4667 aut
3181 4620 3614 4683 internuptarum
3647 4614 3843 4667 maritis

2237 4686 2471 4739 ordinari
2520 4686 2770 4740 clericum
2818 4702 2981 4757 posse,
3027 4687 3145 4757 sive
3170 4696 3299 4740 ante
3331 4685 3845 4757 baptismum,sive

2236 4766 2362 4826 post
2385 4759 2437 4810 in
2469 4757 2759 4826 digamiam
2793 4756 3149 4813 incurrerint.
3200 4758 3312 4812 Eos
3346 4767 3556 4821 tamen,
3591 4761 3686 4827 qui
3719 4756 3845 4811 hac-

2238 4838 2402 4882 tenus
2429 4830 2666 4884 ordinati
2697 4830 2933 4894 fuerant,
2964 4842 3251 4883 removere
3281 4844 3390 4884 non
3425 4829 3617 4884 audet.
3652 4829 3730 4883 De
3753 4828 3843 4881 illa

2238 4900 2404 4954 etiam
2429 4899 2737 4969 disciplina:
2765 4901 3058 4955 severitate
3101 4900 3353 4955 nonnihil
3382 4909 3572 4967 postea
3616 4899 3842 4955 remise-

2240 4978 2369 5023 ruut
2396 4970 2683 5025 Gallicana
2712 4972 2960 5025 concilia.
3009 4970 3411 5027 Arausicanum
3436 4987 3478 5036 1,
3511 4985 3636 5026 can.
3672 4972 3763 5035 25,
3789 4979 3841 5025 et

2239 5042 2567 5097 Arelatense
2594 5056 2651 5107 ιι,
2697 5056 2819 5096 can.
2850 5042 2942 5107 45,
2967 5056 3036 5097 ne
3066 5041 3390 5111 hujusmodi
3415 5041 3526 5096 viri
3551 5043 3695 5097 ultra
3721 5040 3845 5095 sub-

2243 5114 2589 5181 diaconatum
2622 5125 3073 5181 promoveantur,
3110 5115 3449 5169 interdicere
3477 5112 3620 5167 satis
3645 5112 3843 5167 habueo

2241 5191 2385 5237 ruut.
2420 5180 2608 5253 Neque
2630 5180 2736 5238 hac
2769 5187 2818 5237 iu
2876 5198 2935 5238 re
2978 5183 3280 5252 Hispanos,
3316 5185 3565 5250 Mauros,
3615 5184 3842 5238 Italosve

2240 5253 2559 5322 apostolicae
2588 5255 2789 5323 regula:
2817 5254 3263 5309 observantiores
3283 5256 3486 5321 fuisse,
3514 5263 3689 5310 testes
3717 5261 3839 5309 sunt

2239 5324 2531 5391 cpistolal
2586 5325 2766 5379 Siricii
2810 5324 2879 5378 ad
2925 5325 3225 5380 llimerium
3252 5326 3588 5394 Tarracon.,
3649 5343 3704 5379 n.
3756 5324 3836 5391 l2,

2238 5395 2446 5450 Leonis
2468 5396 2697 5465 epistola
2729 5398 2755 5451 1
2787 5395 2849 5449 ad
2893 5395 3132 5463 Mauros,
3163 5413 3217 5451 ιι.
3251 5397 3358 5453 ὅθι
3388 5399 3445 5462 5,
3488 5397 3842 5466 ejusdemque

2240 5467 2469 5592 epigtola
2516 5468 2587 5533 4,
2634 5467 2924 5537 episcopos
2964 5466 3300 5539 Campaniae,
3357 5468 3578 5537 Piceni,
3608 5469 3837 5533 Tusciae,

2242 5553 2296 5591 ιι.
2370 5578 2384 5591 .

2242 5553 2296 5591 ll.
2330 5553 2384 5591 ἶ).

2314 5605 2350 5682 h_
2375 5609 2604 5675 Quesn.,
2636 5610 2818 5679 prima:
2838 5611 3052 5682 virginis
3074 5627 3280 5675 nomen,
3302 5620 3504 5681 praeter
3522 5610 3687 5667 ﬁdem
3711 5624 3836 5682 mss.

2246 5688 2301 5734 et
2324 5678 2937 5755 lunocentiimentenif
2960 5682 3018 5736 In
3040 5684 3202 5738 editis
3224 5678 3373 5747 aliis,
3407 5684 3605 5753 prima,
3632 5681 3839 5755 uirginis

2238 5765 2380 5821 teque
2404 5768 2608 5807 nomen.
2638 5751 2694 5807 ιιι
2725 5753 2971 5825 pluribus
2998 5768 3157 5821 mss.,
3180 5756 3373 5828 virgini
3401 5751 3554 5825 reque
3574 5751 3779 5810 nomen.
