4084 6342
240 332 349 392 529

1439 341 1794 399 EPISTULA?
1832 344 1923 400 ET
1961 345 2285 402 DEURETA
2297 387 2310 400 .

3440 346 3547 406 550

239 447 339 503 Tit.
371 464 421 517 t,
451 449 510 519 6)
570 450 733 504 unius
784 453 960 507 uxoris
1004 453 1170 507 virum
1221 460 1479 525 oportere
1524 455 1645 513 ﬁeri
1676 470 1856 513 sacer-
1884 470 1929 529 Α
1959 459 2166 530 borari,
2200 476 2323 517 cum
2355 478 2462 518 non
2491 464 2670 535 possit
2692 464 2833 520 inter
2858 474 3080 535 peccata
3108 464 3383 536 deputari,
3405 466 3554 537 quod

238 540 416 598 dotem
449 542 472 596 ?

308 637 361 690 4.
396 635 509 692 Sed
540 637 831 707 objicitnr,
864 637 1008 709 quod
1048 638 1101 693 in
1158 638 1430 711 baptismo
1468 649 1642 697 totum
1689 641 1845 712 quid-

240 730 363 801 quid
395 732 449 785 in
472 741 677 789 vetere
709 733 932 789 homine
958 743 1175 804 gestum
1218 743 1323 801 est,
1356 737 1426 791 sit
1457 736 1717 792 solutum.
1755 738 1846 791 Di-

241 824 345 881 cite
385 823 548 893 mihi,
570 840 702 881 cum
725 841 861 897 pace
889 835 1069 883 vestra
1097 828 1292 899 loquor
1323 848 1334 883 :
1378 830 1611 884 crimina
1638 840 1845 885 tantum

241 916 596 972 dimittuntur
624 916 683 972 in
714 918 1008 990 baptismo,
1065 936 1132 974 an
1168 932 1223 976 et
1271 922 1362 975 illa
1394 938 1516 993 quae
1545 925 1846 979 secundum

245 1016 269 1047 ³
288 1008 448 1080 Legis
470 1021 758 1081 pracepta
800 1027 864 1067 ac
896 1011 991 1069 Dei
1019 1013 1263 1069 instituta
1292 1015 1672 1085 complentur?
1696 1016 1847 1072 Uxo-

242 1117 348 1156 rem
376 1102 586 1157 ducere
628 1104 841 1160 crimen
872 1117 978 1171 est,
1010 1114 1104 1161 aut
1148 1121 1254 1161 non
1284 1116 1370 1162 est
1396 1108 1624 1162 crimen.
1651 1109 1709 1165 Si
1740 1111 1848 1163 cri—

243 1209 362 1250 men
395 1206 504 1261 est,
538 1212 677 1267 ergo
720 1198 943 1268 praefata
987 1200 1140 1255 venia
1175 1200 1412 1258 dixerim
1444 1219 1459 1267 ;
1521 1202 1627 1258 erit
1658 1212 1851 1258 auctor

242 1290 291 1345 in
314 1289 494 1360 culpa,
553 1290 651 1362 qui
675 1301 734 1347 ut
765 1293 993 1348 crimina
1026 1296 1459 1364 committerent,
1491 1298 1545 1350 in
1570 1296 1846 1367 paradiso,

240 1398 357 1440 cum
380 1386 499 1456 ipse
528 1386 606 1442 ita
635 1402 735 1443 eos
756 1387 1037 1459 jungeret,
1062 1390 1363 1446 benedixit.
1396 1391 1452 1448 Si
1477 1406 1609 1447 vero
1634 1406 1742 1447 non
1766 1400 1851 1447 est

241 1481 467 1546 crimen,
500 1482 629 1552 quia
648 1483 799 1554 quod
820 1484 966 1540 Deus
992 1485 1182 1555 junxit
1203 1484 1358 1557 (Gen.
1382 1502 1416 1552 ι,
1450 1486 1567 1557 28),
1596 1489 1749 1543 nefas
1780 1489 1850 1543 sit

241 1572 441 1629 crimen
462 1575 773 1645 appellari;
809 1585 863 1631 et
894 1576 1154 1634 Salomon
1177 1578 1417 1634 addidit:
1448 1577 1656 1633 Etenim
1682 1597 1714 1634 a
1736 1578 1846 1635 Deo

241 1680 568 1742 prwparatur
595 1672 709 1725 viro
731 1688 864 1727 uxor
889 1672 1072 1743 (Prov.
1105 1688 1223 1741 XIX,
1261 1672 1350 1743 14)
1381 1690 1394 1725 :
1427 1674 1698 1744 quomodo
1721 1690 1842 1731 cre-

241 1764 383 1819 ditur
418 1766 565 1821 inter
592 1767 829 1822 crimina
880 1782 1001 1823 esse
1056 1768 1370 1834 dimissum,
1407 1768 1550 1839 quod
1584 1770 1699 1825 Deo
1744 1785 1844 1823 au-

245 1869 390 1916 ctore
412 1861 618 1932 legitur
647 1866 1124 1917 consummatum?

1958 554 2068 611 Lex
2101 558 2385 629 praecepit,
2415 567 2472 616 et
2501 558 2646 615 Deus
2674 556 2946 630 djunait?

2023 647 2074 703 6.
2111 648 2379 721 Numquid
2419 652 2464 706 si
2492 653 2616 722 quis
2644 653 3072 708 catechumenus
3101 652 3397 708 virtutibus
3427 661 3543 709 stu-

1951 741 2152 809 duerit,
2174 743 2535 802 humilitatem
2559 757 2785 802 secutus
2808 746 2992 814 fuerit,
3021 747 3339 817 patientiam
3362 756 3551 803 tenue-

1951 838 2042 900 rit,
2085 837 2463 908 eleemosynas
2506 838 2719 905 fecerit,
2763 840 2923 894 morti
2961 838 3265 895 destinatos
3305 838 3553 910 qualibet

1951 932 2161 986 ratione
2189 932 2473 1002 eripuerit,
2519 933 2785 989 adulteria
2830 933 3199 1000 exhorruerit,
3238 934 3549 989 castitatem

1956 1026 2452 1095 tenuerit;.qn:ero
2498 1028 2541 1080 si
2591 1027 2729 1092 hsce,
2778 1042 2899 1082 cum
2947 1027 3122 1083 factus
3153 1027 3318 1083 fuerit
3349 1027 3551 1090 ﬁdelis.

1956 1118 2176 1185 amittit,
2200 1118 2324 1188 quia
2349 1133 2447 1189 per
2464 1120 2817 1187 baptismum,
2849 1129 3019 1176 totum
3043 1120 3186 1190 quod
3205 1128 3362 1175 vetus
3388 1120 3553 1175 homo

1955 1210 2207 1279 gesserit,
2247 1219 2464 1280 putatur
2507 1211 2750 1266 auferri?
2784 1212 3131 1282 Aspieiamus
3169 1212 3432 1283 gentilem
3457 1211 3556 1267 lto-

1956 1304 2159 1357 minem
2198 1300 2534 1368 Cornelium,
2581 1304 2917 1359 orationibus
2944 1314 2965 1341 ο
2998 1312 3160 1375 atque
3189 1304 3558 1375 eleemosynis

1953 1394 2372 1461 revelationem,
2419 1395 2748 1466 Petrumque
2784 1397 2957 1465 ipsum
2989 1397 3232 1453 vidisse:
3278 1396 3543 1468 numquid

1950 1502 2050 1559 per
2096 1488 2421 1557 baptismum
2466 1488 2581 1543 haec
2624 1489 2700 1543 illi
2732 1487 2748 1526 ί
2784 1490 2962 1544 ablata
2994 1498 3142 1556 sunt,
3176 1500 3401 1561 propter
3428 1506 3550 1561 qua:

1956 1581 2286 1651 baptismum
2332 1583 2381 1637 ei
2425 1582 2641 1637 videtur
2679 1599 2801 1639 esse
2842 1584 3206 1639 concessum?
3248 1585 3303 1641 Si
3335 1586 3408 1639 ita
3434 1599 3555 1640 cre-

1954 1673 2122 1737 ditur,
2150 1675 2278 1729 rnihi
2299 1675 2528 1742 credite,
2555 1692 2661 1729 non
2687 1676 2960 1731 modicum
2980 1686 3230 1732 erratur:
3256 1678 3379 1748 quia
3399 1678 3559 1748 quid-

1954 1766 2083 1835 quid
2135 1768 2273 1822 bene
2304 1779 2516 1839 gestum
2549 1768 2734 1837 fuerit,
2768 1778 2821 1824 et
2849 1770 3148 1825 secundum
3177 1778 3450 1841 praecepta
3479 1770 3562 1827 le-

1954 1860 2037 1930 gis
2077 1862 2428 1927 custoditum,
2475 1879 2582 1919 non
2623 1871 2848 1931 potele
2891 1864 3069 1933 agenti
3102 1863 3378 1933 deperire,
3412 1861 3560 1935 quod

311 1954 363 2009 5.
393 1953 535 2021 Quid
564 1954 637 2009 de
669 1956 858 2010 talium
886 1955 1011 2010 ﬁliis
1031 1958 1525 2025 percenseturt28,
1551 1976 1602 2028 q.
1630 1974 1667 2022 ι,
1690 1956 1848 2028 c.5)?
1884 1937 1931 1995 Β
1957 1952 2082 2022 quia
2121 1969 2185 2007 ex
2238 1954 2332 2008 Dei
2376 1954 2633 2008 mandato
2665 1956 2920 2021 efﬁcitur,
2952 1970 3059 2009 non
3089 1962 3267 2025 potest
3296 1955 3402 2011 dici
3438 1969 3561 2023 pec-

241 2048 494 2119 numquid
510 2062 623 2104 non
649 2059 813 2104 erunt
834 2048 1158 2104 admittendi
1183 2051 1236 2104 in
1262 2049 1603 2105 btcreditatis
1624 2065 1852 2106 consor-

241 2142 334 2210 tio,
386 2143 476 2213 qui
510 2157 580 2198 ex
611 2157 682 2198 ea
714 2143 951 2213 suscepti
983 2152 1132 2209 sunt,
1164 2158 1287 2214 quae
1332 2152 1462 2199 ante
1518 2144 1847 2213 baptismum

238 2236 334 2292 fuit
353 2237 535 2292 uxor?
562 2245 843 2307 eruntque
859 2237 1171 2307 appellandi
1193 2238 1277 2293 vel
1305 2238 1587 2293 naturales
1610 2238 1696 2293 vel
1723 2253 1851 2307 spu-

238 2330 331 2397 rii;
360 2332 486 2402 quia
514 2318 625 2385 ηόη
661 2341 748 2387 est
769 2331 1071 2401 legitimum
1093 2334 1527 2400 matrimonium,
1558 2332 1663 2389 nisi
1692 2333 1849 2397 illud,

240 2433 299 2479 ut
324 2425 479 2480 vobis
511 2425 759 2491 videtur,
783 2426 924 2496 quod
954 2435 1077 2496 post
1100 2425 1430 2495 baptismum
1454 2424 1481 2463 ι)
1514 2425 1849 2480 assumitur?

241 2516 354 2588 Ipse
376 2517 672 2581 Dominus,
699 2533 822 2573 cum
852 2517 1283 2589 interrogaretur
1304 2536 1334 2574 a
1356 2518 1562 2575 Judaais
1591 2517 1633 2572 si
1664 2518 1854 2573 liceret

238 2608 510 2666 dimittere
539 2626 802 2677 uxorem,
825 2622 984 2682 atque
1008 2620 1319 2682 exponeret
1348 2612 1465 2666 ﬁeri
1490 2626 1596 2665 non
1624 2611 1848 2675 debere,

240 2701 489 2757 addidit:
524 2702 687 2768 Quod
736 2720 857 2777 ergo
912 2704 1051 2759 Deus
1092 2706 1310 2776 junrit,
1366 2704 1518 2758 homo
1549 2722 1651 2759 non
1701 2722 1851 2775 sepa-

239 2803 310 2848 ret
340 2793 560 2865 (Matth.
597 2811 711 2863 XIX,
737 2794 819 2869 6).
851 2796 929 2851 Ac
953 2812 1019 2851 ne
1050 2796 1119 2851 de
1144 2796 1229 2851 his
1258 2797 1473 2852 locutus
1520 2812 1644 2852 esse
1664 2797 1856 2852 creda-

235 2893 338 2955 tur,
372 2904 497 2959 quas
534 2900 557 2926 ο
589 2899 721 2959 post
752 2889 1082 2959 baptismum
1114 2889 1441 2957 sortiuntur,
1500 2891 1856 2945 meminerint

236 2979 337 3037 hoc
360 2993 415 3038 et
440 2998 472 3038 a
495 2982 706 3039 Judaeis
724 2982 1143 3055 interrogatum,
1166 2994 1222 3038 et
1247 2983 1456 3039 Judasis
1487 2999 1610 3039 esse
1634 2999 1857 3053 respon-

235 3089 375 3129 sum.
398 3075 627 3144 Quazro,
648 3075 989 3131 etsollicitus
1011 3091 1223 3147 quaero,
1249 3077 1296 3131 si
1325 3091 1431 3131 una
1457 3075 1758 3145 eademque
1785 3077 1855 3129 sit

237 3180 368 3221 uxor
398 3170 521 3237 ejus
553 3168 646 3238 qui
676 3176 803 3223 ante
828 3167 1276 3235 catechumenos,
1315 3176 1502 3238 postea
1541 3168 1611 3221 sit
1639 3167 1815 3223 ﬁdelis
1836 3213 1850 3236 ,

236 3256 487 3330 ﬁliosque
508 3276 578 3316 ex
597 3276 686 3328 ea,
717 3275 843 3317 cum
870 3270 1019 3318 esset
1038 3264 1492 3327 catechumenus,
1516 3264 1850 3333 susceperit,

1957 2057 2175 2100 catum:
2219 2057 2274 2102 et
2299 2048 2440 2117 quod
2474 2056 2756 2116 peceatum
2790 2057 3024 2117 nonest,
3074 2048 3213 2103 solvi
3246 2048 3391 2103 inter
3421 2063 3551 2117 pec-

1957 2148 2076 2193 cata
2099 2136 2129 2173 h
2152 2140 2375 2194 omnino
2408 2154 2513 2193 non
2546 2140 2729 2194 debet.
2767 2139 2993 2211 Eritque
3020 2142 3295 2212 integrum
3319 2142 3558 2197 aestima-

1956 2247 2038 2297 re,
2070 2232 2278 2287 aboleri
2304 2249 2410 2287 non
2440 2247 2598 2303 posse
2619 2233 2820 2302 prioris
2844 2248 3042 2288 nomen
3064 2234 3278 2301 uxoris,
3301 2248 3424 2289 cum
3450 2249 3557 2290 non

1956 2324 2242 2378 dimissum
2286 2326 2359 2378 sit
2396 2340 2495 2395 pro
2526 2336 2771 2395 peccato,
2802 2326 2924 2395 quia
2958 2341 3023 2379 ex
3056 2325 3151 2379 Dei
3181 2326 3250 2379 sit
3282 2326 3563 2381 voluntate

1956 2419 2312 2488 completum.

2030 2510 2159 2566 Car.
2186 2510 2276 2566 Ill.
2300 2511 2525 2580 -—7.(t,
2558 2527 2609 2581 q.
2644 2527 2682 2579 ι,
2708 2512 2874 2577 0.17;
2909 2510 3002 2565 Ιυο
3031 2529 3085 2583 p.
3109 2510 3164 2579 6,
3198 2528 3244 2565 c.
3280 2511 3563 2584 59.)Ven-

1956 2615 2073 2660 tum
2112 2612 2197 2659 est
2240 2603 2306 2658 ad
2348 2605 2559 2659 tertiam
2603 2606 2983 2675 quaestionem,
3024 2619 3147 2675 quae
3179 2619 3278 2677 pro
3302 2606 3387 2662 sui
3417 2606 3560 2662 ditii-

1961 2699 2167 2755 cultate
2192 2700 2489 2769 longiorem
2519 2700 2686 2767 exigit
2713 2699 3175 2769 disputationem:
3203 2716 3326 2756 cum
3351 2717 3452 2757 nos
3474 2702 3557 2757 di-

1962 2809 2172 2859 camus,
2201 2792 2268 2847 ab
2297 2791 2570 2847 haereticis
2589 2792 2893 2861 ordinatos,
2917 2793 3261 2849 vulneratum
3285 2810 3383 2866 per
3411 2794 3559 2850 illam

1963 2900 2155 2942 manus
2202 2887 2611 2957 impositionem
2657 2886 2859 2943 habere
2895 2896 3076 2958 caput.
3123 2887 3211 2960 [Et
3241 2888 3331 2944 ubi
3360 2891 3563 2946 vulnus

1963 2982 2189 3038 inﬁxum
2218 2992 2322 3050 est,
2358 2981 2627 3037 medicina
2653 2982 2963 3038 adhibenda
2994 2993 3096 3047 est,
3132 2993 3189 3038 ut
3219 2988 3392 3054 possit
3419 2986 3560 3042 reei-

1965 3092 2096 3146 pere
2119 3076 2432 3131 sanitatem.
2466 3076 2596 3144 Qua:
2620 3078 2822 3131 sanitas
2846 3086 2967 3147 post
2989 3078 3186 3133 vulnus
3206 3088 3411 3147 secuta,
3442 3080 3562 3135 sine

1963 3170 2223 3224 cicatrice
2243 3183 2367 3223 esse
2386 3184 2490 3223 non
2508 3168 2712 3237 poterit
2731 3168 2770 3241 ε]
2804 3178 2965 3239 atque
2988 3169 3079 3223 ubi
3108 3171 3443 3239 poenitentia:
3474 3187 3562 3226 re-

1960 3263 2203 3318 medium
2240 3261 2609 3317 necessarium
2636 3272 2742 3329 est,
2778 3262 2891 3316 illic
2916 3262 3275 3317 ordinationis
3302 3262 3563 3319 honorem

238 3368 300 3409 ac
327 3365 518 3425 postea
544 3354 713 3423 alios,
764 3371 887 3411 eum
920 3356 1096 3412 ﬁdelis
1127 3375 1139 3410 :
1171 3366 1353 3412 utrum
1385 3358 1495 3411 sint
1528 3356 1722 3412 fratres
1749 3371 1845 3426 ap-
1877 3334 1923 3396 C
1957 3358 2140 3412 locum
2176 3356 2374 3410 habere
2418 3368 2524 3409 non
2557 3369 2716 3423 posse
2744 3354 2760 3389 ί
2788 3354 2977 3423 (Nam.
3011 3370 3097 3409 xix
3118 3398 3133 3422 ,
3165 3354 3279 3424 22).
3326 3355 3460 3412 Nam
3488 3358 3558 3424 si,

236 3448 492 3518 pellandi,
530 3464 603 3503 an
640 3464 751 3504 non
794 3450 1034 3506 habeant
1082 3460 1292 3521 postea,
1355 3451 1611 3507 defuncto
1659 3461 1838 3522 patre,

238 3542 620 3598 bereiscundu:
672 3544 1014 3601 haereditatis
1042 3546 1414 3615 consortium,
1450 3546 1654 3616 quibus
1699 3545 1844 3600 ﬁlio-

238 3655 354 3695 rum
378 3656 588 3696 nomen
623 3640 875 3696 creditur
907 3641 1207 3697 abstulisse
1248 3641 1593 3712 regeneratio
1622 3641 1850 3710 Spirita-

239 3731 343 3787 lis‘!
381 3731 542 3801 Quod
573 3747 701 3788 cum
742 3733 817 3787 ita
848 3734 1054 3788 sentire
1085 3734 1516 3804 atquejudicare
1547 3733 1847 3788 absurdum

242 3835 497 3895 est,qua:
530 3824 791 3897 (malum)
840 3827 979 3881 ratio
1012 3837 1095 3881 est
1147 3829 1249 3881 hoc
1293 3826 1534 3893 defendi,
1585 3836 1638 3881 et
1682 3840 1850 3879 vacua

245 3918 509 3988 Opinione
533 3916 715 3989 magis
744 3917 965 3988 jactari,
1010 3934 1171 3989 quam
1201 3919 1383 3990 aliqua
1404 3919 1733 3974 auctoritate
1762 3933 1854 3972 ro-

310 4092 334 4118 "
374 4082 467 4138 Sic
498 4080 752 4136 melioris
783 4088 925 4134 notae
950 4094 1082 4133 mss.
1118 4079 1189 4133 At
1215 4078 1395 4142 Merl.,
1431 4075 1596 4131 Crab.
1630 4082 1685 4128 et
1709 4073 1844 4127 edit.

242 4152 395 4209 Rom.
428 4170 556 4207 cmn
618 4166 753 4205 mss.
787 4152 917 4206 coll.
953 4152 1110 4204 Dion.
1144 4160 1199 4204 et
1253 4149 1407 4211 Isid.,
1473 4146 1682 4200 Domini
1712 4158 1850 4213 pra:-

246 4235 404 4295 cepta.
434 4226 768 4298 Lectionem
794 4232 1036 4298 nostram
1062 4220 1240 4298 ﬁrmat
1263 4221 1428 4298 istud,
1449 4234 1556 4298 quo
1586 4228 1850 4298 numerus

247 4296 279 4351 5
303 4290 595 4360 clauditur,
627 4294 768 4365 quod
800 4293 907 4347 Lex
932 4293 1194 4364 pt'tccepil,
1235 4303 1281 4346 et
1310 4290 1450 4343 Deus
1468 4290 1671 4360 junxit.

315 4367 341 4405 δ
385 4370 544 4423 Dion.
583 4380 718 4421 mss.
754 4376 806 4418 et
828 4366 1035 4433 aliquot
1064 4365 1177 4429 alii,
1208 4370 1521 4433 assumatur.

315 4451 335 4477 ο
375 4440 453 4493 Ita
486 4427 979 4509 magnoconsensu
1007 4450 1139 4489 mss.
1166 4427 1496 4509 'Atcrab.‘et
1524 4429 1658 4509 edit.
1682 4427 1842 4509 an.

1960 3458 2019 3502 ut
2037 3448 2252 3518 legitur,
2278 3447 2417 3514 quod
2437 3446 2675 3515 tetigerit
2696 3446 3032 3512 immundus,
3054 3446 3392 3502 immundum
3413 3448 3557 3503 erit:

1957 3538 2237 3610 quomodo
2283 3536 2336 3593 id
2380 3538 2429 3592 ei
2460 3536 2747 3604 tribuetur,
2787 3537 2933 3607 quod
2965 3536 3229 3591 munditia
3259 3553 3322 3593 ac
3351 3538 3563 3609 puritas

1956 3630 2247 3686 consuevit
2269 3628 2558 3695 accipere?
2588 3628 2696 3684 Sed
2722 3644 2751 3684 e
2776 3637 2963 3684 contra
2992 3630 3279 3694 asseritur,
3315 3645 3442 3686 eum
3466 3631 3560 3700 qui

1960 3728 2225 3780 honorem
2269 3722 2471 3787 amisit,
2505 3721 2766 3778 honorem
2806 3721 2939 3778 dare
2971 3737 3077 3778 non
3121 3736 3315 3793 posse:
3350 3737 3452 3778 nec
3492 3722 3555 3777 il-

1962 3821 2074 3875 lum
2117 3817 2319 3887 aliquid
2368 3817 2683 3885 accepisse,
2727 3818 2853 3887 quia
2899 3817 3032 3871 nihil
3079 3818 3131 3871 in
3169 3815 3373 3871 dantei
3416 3823 3557 3881 erat,

1963 3915 2109 3985 quod
2135 3912 2227 3968 ille
2252 3920 2437 3982 posset
2464 3912 2733 3981 accipere.
2788 3910 3200 3981 Acquiescimus
3226 3952 3241 3976 ,
3284 3919 3341 3966 et
3370 3923 3562 3964 verum

1967 4071 2538 4140 etieleemosynarum
2591 4068 2809 4123 merita.
2857 4068 2977 4134 Quo
3008 4067 3289 4140 intellectu
3313 4067 3567 4135 superius

1966 4159 2021 4195 n.
2054 4143 2107 4207 5,
2142 4139 2443 4194 audivimus
2469 4140 2771 4209 conjugium
2804 4155 2894 4206 per
2915 4139 3156 4209 baptismi
3184 4147 3563 4209 sacramentum

1964 4228 2081 4266 cum
2126 4212 2322 4265 cazteris
2366 4208 2667 4263 criminibus
2720 4224 2989 4262 ABLUTUM.
3037 4208 3142 4263 Sed
3192 4208 3236 4261 si
3287 4208 3355 4261 ab
3405 4208 3564 4262 Inno-

1964 4285 2127 4339 centii
2162 4292 2342 4335 mente
2367 4297 2473 4332 non
2500 4282 2758 4335 abhorret
2783 4282 2986 4342 abluta,
3036 4292 3212 4346 neque
3243 4277 3311 4330 ab
3340 4292 3401 4331 ea
3430 4293 3555 4333 ver-

1963 4355 2092 4409 bum
2144 4354 2317 4406 ablata
2369 4351 2536 4421 magis
2584 4352 2827 4405 alienum
2873 4366 2994 4403 esse
3033 4348 3385 4403 suadetillud
3416 4350 3561 4417 quod

1965 4427 2215 4495 proxime
2266 4423 2517 4492 legimus,
2569 4422 2689 4492 quia
2730 4440 2819 4493 per
2867 4421 3195 4488 baptismum,
3230 4428 3395 4471 totum
3422 4421 3561 4488 quod

244 4513 346 4583 qui.
370 4511 548 4565 Porro
576 4495 805 4563 verbum
837 4509 1126 4560 sortiuntur
1175 4506 1392 4575 passive
1424 4500 1843 4571 intelligendum
1881 4529 1938 4589 Β
1963 4497 2291 4589 cetusnltomo
2319 4495 2525 4589 gesserit
2556 4502 2791 4589 puta-lu'r.
2813 4508 3064 4589 aureum.

244 4580 341 4645 est,
377 4581 616 4651 perinde
650 4594 713 4632 ac
746 4580 791 4632 si
814 4580 1146 4651 accipiuntur
1171 4583 1430 4651 ex_sla_ret.

309 4642 338 4690 ά
376 4642 579 4708 Plures
603 4666 764 4712 mss.,
793 4642 978 4722 iungit.
1008 4648 1153 4722 Unus
1173 4645 1680 4722 eCAolbz,i_nduAlget,
1702 4642 1845 4722 liilh.

243 4735 292 4781 et
320 4725 556 4794 Quesn.,
613 4723 862 4794 injungit.
886 4713 973 4775 Ἁᾱ
1017 4720 1195 4794 verba
1241 4718 1486 4794 Chri_s_li_,_
1523 4713 1677 4782 Quod
1708 4713 1850 4794 Deus

237 4786 430 4867 junEit,
466 4786 608 4859 etc.,
631 4786 716 4846 hic
749 4786 950 4867 {aspici
980 4791 1203 4861 planum
1220 4788 1521 4867 _estLNull_a
1554 4797 1740 4867 autem
1763 4786 1850 4867 ni:

248 4857 371 4922 iitnr
394 4857 755 4925 auctoritate,
786 4857 930 4932 qtiod
964 4857 1087 4933 pust
1118 4863 1287 4916 verba
1317 4861 1453 4933 Deus
1478 4860 1675 4933 iunxit,
1706 4857 1849 4933 apud

245 4938 394 4993 Meri.
431 4949 479 4994 et
533 4940 625 4991 lea:
642 4931 845 5007 junxit,
903 4931 1044 5005 apud
1079 4934 1242 4988 Crab.
1277 4943 1323 4987 et
1369 4931 1453 4985 lea;
1474 4932 1651 5002 jungit
1681 4931 1851 4997 subji—

244 5024 398 5065 Clllll'.

315 5091 337 5119 θ
367 5082 521 5138 Unus
547 5095 581 5135 e
630 5092 789 5143 mss,
836 5074 1022 5140 Cnlb.,
1063 5076 1383 5129 orationibus
1431 5074 1666 5126 deditum
1704 5080 1856 5141 atque

245 5153 580 5224 eleemosynis
607 5166 700 5224 p_er
728 5146 1336 5224 reuelationem“Petrum
1362 5160 1614 5224 evocasse,
1647 5146 1850 5224 ipsum.-

244 5241 334 5295 que
364 5213 581 5295 vidisse.
737 5234 803 5274 eo
836 5219 1066 5295 arripuit
1093 5217 1677 5295 Quesn.,_orat_ionibus
1706 5213 1855 5295 dedi-

247 5286 367 5360 iam,
413 5312 479 5350 ac
526 5291 732 5349 deinde
776 5306 842 5344 ex
865 5286 1029 5344 Crab.
1075 5304 1137 5343 ac
1161 5290 1377 5343 ueteris
1404 5289 1665 5360 deinceps
1696 5286 1857 5360 editis

250 5358 507 5437 subjecit,
544 5373 624 5437 Aet
671 5362 1016 5437 eleemosynis
1044 5370 1318 5437 vacantem
1364 5376 1463 5437 pe_r_
1494 5358 1856 5437 reuelationem

251 5431 503 5513 Anéelum
533 5435 874 5513 Petrumque.
898 5431 1182 5513 ;Ediderat
1210 5441 1379 5513 Ian-tea
1415 5431 1695 5513 Merlinns,
1739 5441 1858 5513 ora-

253 5496 471 5565 tiofiibus
511 5516 562 5562 et
594 5496 934 5573 eleemosynis
968 5519 1057 5571 per
1086 5504 1449 5557 reuelationem
1472 5501 1724 5573 Angelum
1756 5496 1860 5551 Pe-

252 5591 504 5653 trumque.
536 5578 729 5653 Lectio
755 5585 939 5653 nostra
965 5583 1049 5628 est
1068 5574 1310 5627 omnium
1337 5587 1491 5637 mss.,
1511 5588 1615 5625 uno
1632 5577 1858 5637 excepto

250 5647 406 5710 Colb:
430 5650 695 5723 superius
722 5647 1024 5700 nominato.
1192 5716 1236 5723 Η
1436 5672 1439 5676 -
1530 5713 1545 5723 _
1608 5713 1618 5723 .

322 5725 339 5763 ί
371 5727 481 5779 Sex
504 5713 732 5790 'prohae
780 5728 924 5771 notae
966 5731 1097 5770 mss.
1145 5716 1327 5790 abluta
1356 5731 1374 5768 :
1405 5713 1545 5781 quod
1577 5713 1655 5766 sic
1680 5719 1861 5790 potest

250 5796 502 5866 intelligi,
533 5782 592 5866 ut
617 5790 1081 5866 quemadmodum
1109 5788 1307 5841 abhinc
1329 5782 1863 5866 evanesceresolent

251 5860 507 5936 macul'ac',
537 5864 617 5918 ita
648 5860 834 5915 abluta
859 5861 1164 5930 deperiisse
1193 5866 1526 5916 censeantur
1550 5860 1857 5911 orationum

2037 4578 2061 4615 8
2094 4567 2235 4622 Editi
2274 4562 2396 4634 pnst
2448 4562 2601 4619 Dion.
2640 4576 2694 4619 et
2726 4565 2880 4625 Isit|.,
2927 4580 3027 4616 non
3050 4570 3211 4635 potest
3252 4562 3559 4635 facientibus

1960 4640 2212 4708 deperire.
2240 4632 2553 4708 Nuptiarum
2576 4654 2695 4708 ergo
2722 4637 2910 4705 copula
2933 4632 3058 4706 quia
3075 4632 3172 4708 Dei
3188 4634 3432 4687 mandato
3451 4651 3561 4705 per-

1960 4706 2154 4780 ﬁcitur,
2194 4726 2296 4763 non
2332 4706 2533 4778 potest:
2581 4706 2915 4779 castigantur
2954 4706 3276 4761 auctoritate
3302 4721 3433 4760 mss.
3464 4708 3557 4779 qui

1958 4785 2140 4838 solent
2170 4797 2291 4836 esse
2318 4781 2668 4836 sinceriores.

2032 4854 2059 4892 ιι
2085 4853 2250 4909 Crab.
2299 4853 2389 4908 hic
2430 4852 2637 4906 addidit
2678 4852 2853 4906 credi:
2881 4851 3028 4924 quod
3054 4849 3281 4906 verbum
3304 4850 3556 4922 arripue-

1961 4938 2091 4981 runt
2119 4935 2408 4995 sequentes
2438 4924 2701 4991 editores,
2734 4924 2861 4979 licet
2888 4924 3033 4978 absit
3055 4938 3084 4976 a
3116 4936 3249 4995 mss.

2040 4997 2053 5033 ί
2086 4992 2322 5052 Verbum
2355 4996 2695 5057 decernimus,
2746 4995 2889 5064 quod
2913 4996 2967 5050 in
3006 4995 3138 5049 edit.
3173 4992 3332 5047 Rom.
3366 5009 3430 5049 ac
3471 5011 3561 5065 p0-

1961 5068 2282 5123 sterioribus
2302 5065 2499 5121 cnncil.
2523 5068 2611 5120 hic
2629 5068 2895 5137 adjectum
2920 5076 3024 5132 est,
3047 5080 3115 5120 ne
3134 5067 3187 5118 in
3206 5080 3314 5137 uno
3335 5067 3556 5137 quidem

1960 5142 2167 5207 scripto
2207 5139 2422 5195 codice.
2460 5138 2601 5192 sicut
2648 5134 2747 5192 nec
2768 5138 2910 5206 apud
2941 5138 3179 5203 Merlin.,
3231 5134 3423 5207 (ξηιλ,
3450 5150 3556 5193 etc.

1960 5206 2308 5265 olfendimus.
2357 5208 2755 5276 Disputationis
2792 5210 2953 5277 hujus
2983 5208 3209 5263 exordio
3231 5206 3560 5263 observasse

1958 5283 2161 5353 juvcrit
2198 5280 2538 5353 discrimen,
2571 5281 2714 5348 quod
2747 5280 3147 5353 ordinationem
3172 5279 3314 5353 inter
3337 5286 3389 5331 et
3415 5278 3562 5353 ordi-

1962 5348 2205 5409 nationis
2234 5351 2501 5405 honorem
2529 5351 2840 5405 intercedit.
2873 5352 2941 5405 Et
2966 5351 3182 5420 quidem
3210 5348 3560 5420 Innocentius

1964 5442 2073 5479 non
2106 5432 2267 5493 negat
2292 5420 2692 5476 ordinationem
2726 5422 2795 5476 ab
2819 5417 3089 5477 haereticis
3112 5417 3349 5493 conferri
3375 5433 3557 5493 posse,

1965 5496 2061 5552 sed
2092 5486 2310 5549 collatae
2332 5494 2401 5547 ab
2434 5493 2885 5568 eis_ordi_nationis
2910 5487 3350 5568 honoremlocam
3372 5486 3563 5568 habere

1965 5584 2070 5622 non
2111 5581 2256 5635 posse
2298 5564 2602 5618 contendit.
2648 5564 2817 5619 Immo
2864 5560 3171 5635 hujusmodi
3204 5557 3558 5625 ordinationi,

1968 5639 2058 5695 ubi
2096 5633 2148 5692 id
2178 5636 2438 5691 Ecclesia:
2464 5637 2703 5704 postulat
2724 5636 2953 5697 utilitas,
2981 5633 3242 5704 honorem
3266 5642 3420 5680 suum
3444 5645 3561 5704 ser;

1963 5711 2081 5767 vari
2110 5722 2271 5780 posse
2301 5708 2414 5775 ipse
2439 5700 2709 5771 superiori
2738 5706 2967 5775 epistola
3000 5706 3032 5756 5
3064 5700 3310 5780 pluribus
3339 5702 3558 5780 asserit.

2043 5784 2055 5831 i
2097 5772 2212 5834 Duo
2242 5772 2372 5832 mss.
2420 5780 2469 5830 in
2509 5780 2664 5832 dante
2702 5772 3036 5831 remanserat.
3086 5772 3560 5843 Ad_imitation_em

1970 5854 2132 5924 hujus
2160 5850 2263 5907 loci
2294 5850 2461 5907 verba
2483 5865 2581 5907 sua
2613 5852 3024 5919 expresserunt,
3055 5842 3146 5912 qui
3177 5841 3230 5897 in
3260 5837 3565 5906 Capitulari
