4084 6342
519 325 628 383 555

1715 323 1774 379 5.
1818 315 2216 377 INNOCENTII
2253 316 2272 371 Ι
2314 314 2520 372 ΡΑΡΔΕ

3715 308 3822 366 556

520 444 822 500 confideret
851 443 1183 510 ordinatum,
1216 444 1259 497 si
1290 457 1396 498 non
1420 450 1445 478 ι
1475 435 2107 507 sacramentafconfecit,
2142 440 2191 496 Α
2217 443 2325 495 cto,
2353 432 2593 489 utetiam
2624 430 2728 502 ipsi
2747 430 3226 496 commeministis,
3246 429 3460 499 aliquid
3479 428 3669 500 utique
3696 443 3821 499 gra-

522 537 567 591 si
603 552 711 591 non
748 537 964 607 populis
997 536 1208 602 tribuit,
1239 536 1283 589 si
1316 534 1507 590 Missas
1536 533 1835 588 secundum
1880 544 2117 585 consue-

534 629 781 685 tudinem
803 646 906 685 non
932 629 1246 698 complevit,
1266 626 1394 698 quid
1417 627 1484 682 de
1503 627 1585 681 his
1599 627 1892 694 censeatis,
1910 640 2117 695 qumso,

527 724 791 790 promatis
820 722 1084 791 apertius.
1129 720 1209 773 Ad
1257 734 1522 773 summam
1582 728 1731 773 certe
1768 722 1861 787 qui
1914 716 2049 771 nihil
2090 732 2120 771 a

543 811 763 867 Bonoso
792 820 1141 881 acceperunt,
1160 812 1235 864 rei
1262 818 1390 865 sunt
1418 819 1690 881 usurpatae
1716 809 2121 881 dignitatis,qui

539 907 1003 963 conticiendorum
1050 913 1513 960 sacramentorum
1565 904 1663 959 sibi
1714 903 2125 959 vindicaverunt

534 998 561 1037 δ
585 1009 674 1054 aut
700 1015 805 1055 non
833 998 1664 1062 vindicaveruntauctoritatem,
1683 1008 1845 1066 atque
1869 997 1919 1051 id
1945 1011 2004 1051 se
2027 1011 2125 1067 pu-

530 1100 789 1147 taverunt
809 1107 952 1161 esse,
978 1090 1123 1161 quod
1152 1090 1233 1145 eis
1264 1091 1415 1146 nulla
1448 1091 1625 1146 fuerat
1658 1090 1893 1162 regulari
1912 1088 2128 1144 ratione

534 1200 872 1241 Concessum.

599 1322 728 1377 CAP.
762 1323 947 1379 Vl.-—
982 1327 1067 1385 15.
1127 1326 1425 1383 Pervideat
1480 1340 1617 1395 ergo
1675 1324 1894 1379 dilecdo
1947 1332 2127 1379 vestra

528 1412 796 1471 hactenus
830 1417 959 1473 talia
995 1421 1286 1486 transisse,
1319 1430 1372 1475 et
1400 1418 1668 1475 advertite
1714 1419 1855 1489 quod
1917 1419 2123 1489 utique,

525 1516 584 1561 ut
610 1508 815 1575 dicitis,
854 1513 1155 1567 necessitas
1185 1513 1507 1583 imperavit,
1538 1511 1589 1565 in
1621 1525 1753 1579 pace
1778 1510 1894 1576 jam
1943 1509 2126 1565 eccle-

524 1601 636 1654 sias
652 1602 980 1657 constitutas
1002 1614 1023 1641 ο
1053 1621 1157 1659 non
1184 1617 1539 1674 praesumere.
1568 1601 1676 1657 Sed
1701 1604 1763 1671 (i,
1790 1618 1843 1671 q.
1864 1602 1917 1666 7,
1942 1617 1990 1655 c.
2015 1598 2127 1673 14),

521 1701 584 1747 ut
615 1709 762 1763 saepe
790 1696 1012 1765 accidit,
1037 1699 1256 1768 quoties
1289 1714 1316 1751 a
1357 1696 1570 1767 populis
1618 1707 1712 1750 aut
1742 1712 1770 1750 a
1804 1696 1965 1750 turba
1999 1711 2127 1765 pec-

527 1794 708 1853 catur,
728 1790 854 1859 quia
877 1789 933 1844 in
958 1805 1155 1846 omnes
1189 1799 1413 1860 propter
1439 1790 1842 1845 multitudinem
1868 1788 2128 1845 vindicari

534 1894 642 1933 non
664 1888 860 1950 potest,
880 1882 1149 1939 inultum‘l
1175 1885 1316 1939 solet
1335 1883 1781 1955 transire,priora
1801 1884 2125 1939 dimittenda

536 1969 662 2027 dico
694 1973 789 2028 Dei
822 1974 1060 2045 judicio,
1091 1984 1144 2031 et
1182 1977 1251 2032 de
1311 1976 1523 2047 reliquo
1567 1977 1802 2031 maxima
1857 1976 2125 2032 sollicitu-

529 2060 659 2117 dine
682 2068 1125 2133 praecavendum.

601 2210 730 2265 CAP.
769 2210 955 2266 Vll.-—-
989 2214 1075 2268 14.
1104 2214 1330 2270 Veniam
1363 2231 1507 2271 nunc
1534 2215 1604 2271 ad
1639 2215 1943 2272 maximum
1970 2217 2133 2287 quasi

531 2301 813 2372 quoddam
847 2304 1026 2361 thema
1054 2306 1366 2376 Photinum,
1394 2316 1448 2363 et
1474 2308 1618 2379 quod
1645 2318 1728 2364 est
1758 2309 1889 2363 mihi
1911 2311 2131 2365 anxium

531 2407 598 2449 ac
625 2396 1037 2463 difficillimum,
1076 2402 1343 2472 majorum
1392 2416 1643 2457 meorum
1699 2403 1976 2458 revolvam
2010 2419 2136 2459 sen-

534 2490 738 2546 tentias
769 2492 893 2563 (56,
922 2510 976 2564 q.
1010 2494 1076 2560 9,
1112 2512 1159 2548 c.
1193 2494 1274 2566 5).
1306 2495 1509 2552 Fuerat
1563 2497 1630 2553 de
1663 2498 1753 2551 illo
1799 2514 2016 2569 quoquo
2044 2516 2139 2571 pa-

614 2697 934 2771 °_Exe_mpla
962 2698 1088 2753 coll.
1115 2697 1310 2771 Hadr.,
1342 2700 1386 2752 si
1411 2716 1515 2771 non
1540 2717 1693 2756 sacra
1724 2703 1965 2771 confecit.
1998 2705 2136 2763 Tum

533 2766 697 2823 Crab.
732 2768 799 2823 ad
832 2766 1001 2839 marg.
1040 2779 1095 2824 et
1146 2769 1343 2825 exinde
1379 2770 1511 2825 edit.
1562 2772 1721 2827 Rom.
1766 2766 1833 2827 et'
1863 2778 2058 2832 concil.
2092 2781 2137 2834 si

534 2856 641 2915 non
667 2841 872 2911 populis
899 2840 1161 2915 distribuit
1179 2842 1356 2911 :quod
1377 2853 1434 2897 et
1458 2845 1512 2897 in
1536 2845 1837 2915 exemplari
1856 2846 2001 2901 Pith.
2028 2846 2134 2905 Co-

534 2910 674 2965 dicis
715 2910 921 2977 Quesn.
958 2912 1176 2981 legitur.

609 3013 957 3092 bluvulgatis
978 3023 1035 3068 ut
1062 3014 1116 3069 in
1132 3029 1236 3070 ms.
1260 3014 1511 3071 Noviom.
1545 3018 1932 3092 desiderantur
1964 3024 2129 3079 verba

534 3096 625 3139 aut
652 3102 756 3139 non
801 3085 1188 3165 vindicaverunt
1208 3103 1375 3165 ι-ᾳυίιε
1405 3089 1721 3165 steterisin
1766 3106 1895 3146 mss.
1925 3110 2121 3165 magno

534 3171 807 3212 consensu
831 3156 1181 3212 exhibentur.
1213 3157 1349 3212 Hinc
1381 3158 1595 3225 plenior
1635 3163 1869 3216 habetur
1909 3174 1963 3218 et
1987 3156 2126 3221 inte-

533 3229 689 3302 grior
711 3229 980 3302 sententia
1004 3228 1334 3302 lnnocentii,
1376 3229 1445 3284 de
1474 3231 1540 3285 iis
1570 3233 1658 3302 qui
1690 3248 1719 3287 a
1748 3234 1965 3290 Bonoso
1991 3253 2126 3292 con-

540 3298 624 3353 tra
656 3298 731 3353 fas
780 3298 1013 3353 ordinati
1041 3310 1167 3354 sunt
1220 3304 1522 3371 generatim
1560 3298 1987 3370 pronuntiantis,
2013 3310 2130 3366 sive

535 3371 637 3426 sibi
672 3371 1085 3437 vindicaverint,
1116 3373 1237 3425 sive
1260 3387 1365 3425 non
1394 3372 1795 3431 vindicaverint
1824 3380 2130 3434 conficien-

539 3443 730 3519 dorum
755 3452 1227 3519 sacramentorum
1255 3444 1656 3519 auctoritatem,
1700 3447 1823 3501 illos
1853 3462 2131 3519 usurpatae

538 3513 818 3583 dignitatis
844 3528 967 3585 esse
991 3528 1137 3579 reos,
1174 3524 1363 3582 utpote
1396 3515 1486 3583 qui
1530 3517 1662 3571 nihil
1696 3513 2015 3585 acceperint
2041 3539 2131 3577 re-

541 3586 746 3654 gularis
767 3598 840 3658 ac
864 3584 1430 3658 legitimmpotestatis
1463 3604 1475 3638 :
1504 3588 1749 3658 adeoque
1773 3584 1974 3645 frustra
2008 3594 2061 3646 id
2082 3612 2135 3647 se

543 3656 838 3725 putaverint
871 3671 977 3708 esse
1006 3655 1143 3726 quod
1165 3657 1238 3726 eis
1271 3657 1439 3720 (male
1464 3659 1514 3712 in
1548 3655 1682 3713 edit.
1719 3660 1876 3715 Rom.
1914 3674 1967 3715 et
1999 3680 2133 3718 con-

543 3726 660 3791 cil.,
688 3726 825 3802 quod
857 3725 1040 3802 deeis)
1078 3725 1223 3802 nulla
1247 3730 1415 3796 fuerat
1445 3730 1683 3802 regulari
1702 3734 1903 3785 ratione
1930 3750 2139 3789 conces-

544 3813 675 3875 sum.
705 3797 832 3875 lstic
852 3798 1293 3875 quidemQuesn.
1319 3797 1520 3875 vocem
1536 3801 1767 3875 regulari
1794 3805 2019 3867 omittit,
2042 3807 2141 3861 sed

549 3870 603 3945 in
642 3869 909 3945 omnibus
965 3869 1119 3945 libris
1173 3884 1314 3945 cum_
1346 3871 1507 3925 editis
1540 3869 1651 3927 tuin
1686 3875 1909 3945 scriptis
1936 3885 2139 3945 exstat,

550 3939 653 3992 nisi
686 3940 829 4006 quod
862 3939 981 4007 ejus
1003 3940 1125 3995 loco
1156 3941 1421 3996 mendose
1465 3944 1518 3996 iu
1552 3960 1660 3998 uno
1690 3939 1847 3998 Coll}.
1906 3939 2141 4003 habetur

550 4010 849 4078 relaxandi,
876 4022 930 4066 et
960 4013 1013 4066 in
1043 4012 1181 4066 Pith.
1213 4014 1465 4066 relaxari.

625 4125 645 4151 ο
673 4114 1029 4189 Q_uesn._cum
1060 4113 1274 4171 duobus
1304 4132 1467 4182 mss.,
1502 4133 1605 4171 non
1630 4136 1778 4189 posse
1806 4137 2139 4187 praesumere.

547 4185 603 4241 Si
635 4186 765 4263 quid
792 4185 1102 4263 addendum
1132 4198 1301 4263 esset,
1327 4189 1506 4263 aptius
1560 4185 1698 4263 [oret
1747 4185 1933 4245 debere
1984 4210 2146 4263 quam

547 4257 904 4334 posse.Docet
930 4258 1131 4334 quippe
1156 4257 1512 4334 Innocentius
1565 4260 1616 4314 id
1642 4264 1893 4319 ecclesiis
1925 4267 1978 4318 in
2002 4257 2148 4334 'pace

546 4329 882 4405 constitutis,
917 4329 1060 4397 quod
1094 4329 1160 4381 iis
1195 4330 1532 4405 perturbatis
1573 4334 1873 4389 necessitas
1902 4329 2144 4405 impera-

550 4401 647 4465 vit,
682 4414 1021 4477 nequaquam
1076 4402 1514 4477 praesumeiidum
1541 4406 1800 4477 Aess_e.th
1849 4406 1939 4461 hie
1983 4401 2148 4477 igitur

556 4485 662 4525 non
696 4471 929 4525 obscure
959 4469 1179 4547 fatetur,
1209 4486 1332 4524 sese
1357 4472 1671 4547 Bonosiacis
1705 4476 1969 4542 honores,
2001 4469 2145 4547 quos

2231 527 2350 580 vius
2381 525 2764 580 constitutum.
2802 523 3005 579 Verum
3036 524 3162 594 quia
3198 524 3249 578 id
3281 538 3383 593 per
3410 538 3687 579 rumorem
3723 520 3825 576 fal-

2225 634 2368 687 sum,
2401 629 2459 675 ut
2487 620 2757 687 asseritis,
2793 618 3117 688 subreptum
3152 616 3277 674 huic
3329 618 3447 673 sedi
3498 626 3557 673 et
3586 616 3826 673 elicitum

2228 730 2325 786 per
2349 714 2576 770 insidias
2604 713 3023 779 demonstratis,
3070 712 3193 782 quia
3252 727 3345 767 res
3384 711 3452 766 ad
3482 711 3715 766 salutem
3746 725 3828 767 re-

2225 807 2352 872 diit;
2388 817 2411 844 θ
2440 814 2493 861 et
2521 806 2609 862 vel
2637 806 2851 862 veniam
2882 821 2981 860 nos
3010 804 3150 861 hanc
3180 806 3231 859 in
3276 814 3511 870 tantum,
3554 804 3707 861 vobis
3732 818 3827 859 an-

2234 904 2550 964 nitentibus,
2585 913 2707 973 post
2756 902 3271 957 condemnationem
3307 898 3327 937 ί
3386 916 3485 955 ore
3525 897 3830 970 apostolico

2232 996 2615 1065 subrogamns,
2642 997 2918 1064 tantisque
2943 993 3142 1049 vestris
3190 991 3618 1058 assertionibus,
3679 990 3829 1046 vobis

2227 1101 2335 1146 tam
2366 1091 2550 1155 bonis,
2585 1100 2693 1144 tam
2718 1090 2920 1159 charis,
2954 1105 3059 1145 non
3091 1088 3229 1143 dare
3260 1100 3625 1152 consensum,
3660 1084 3831 1140 omni-

2231 1184 2332 1240 bus
2364 1183 2517 1239 duris
2540 1183 2704 1240 rebus
2734 1182 2924 1237 durius
2954 1181 3309 1237 arbitramur.
3340 1179 3449 1234 Pro
3486 1185 3676 1233 vestra
3702 1188 3830 1245 ergo

2229 1276 2646 1345 approbatione,
2676 1273 2871 1328 fratres
2893 1272 3223 1337 charissimi,
3247 1282 3302 1327 et
3331 1270 3608 1326 sententia
3634 1282 3701 1322 ac
3732 1280 3827 1337 po-

2230 1370 2544 1435 stulatione,
2578 1369 2873 1425 Photinum
2928 1350 3246 1437 episcopum
3289 1365 3554 1420 habetote
3616 1361 3823 1417 licitum

2230 1464 2301 1519 ita
2324 1464 2682 1526 constituere,
2707 1471 2767 1517 ut
2794 1460 3261 1532 deprecamini,et
3281 1467 3527 1513 nostram
3554 1457 3607 1511 in
3633 1455 3825 1511 melius

2232 1572 2551 1613 conversam
2576 1556 2904 1611 sententiam
2936 1553 3127 1610 labore
3159 1553 3244 1609 vel
3280 1550 3598 1608 testimonio
3648 1555 3827 1604 vestro

2234 1657 2516 1718 compotes
2542 1658 2567 1695 ε
2591 1648 2700 1702 voti
2730 1646 3012 1716 suscipite.

2312 1742 2398 1797 15.
2430 1742 2607 1810 Atque
2659 1738 3000 1794 Eustathium
3032 1754 3059 1791 a
3095 1753 3183 1793 me
3220 1737 3527 1807 saepissime
3574 1748 3821 1806 compro«

2159 1834 2209 1891 Β
2236 1836 2419 1893 batum
2451 1834 2616 1889 nolite
2645 1843 2990 1903 exspectare,
3030 1841 3089 1887 ut
3134 1830 3375 1887 diaconii
3412 1830 3591 1901 gratia
3639 1842 3829 1898 exspo-

2238 1930 2415 1983 lietur.
2453 1928 2730 1984 Sollicitos
2760 1929 2905 1983 enim
2934 1941 3032 1982 vos
3062 1941 3161 1997 pro
3190 1926 3369 1981 salute
3401 1924 3644 1980 libenter
3668 1921 3826 1978 audio

2238 2020 2307 2091 (ll
2338 2020 2645 2093 Cor.u,10)
2680 2038 2693 2075 :
2723 2029 2912 2076 contra
2930 2030 3095 2091 caput
3119 2019 3285 2074 etiam
3319 2018 3365 2073 si
3400 2016 3712 2072 faciendum
3742 2015 3830 2083 sit,

2237 2129 2344 2169 non
2374 2114 2605 2170 libenter
2636 2113 2883 2169 admitto.
2904 2112 3003 2169 Cui
3035 2128 3254 2168 manum
3299 2109 3608 2183 porrigitis,
3643 2108 3825 2164 vobis-

2236 2223 2362 2264 cum
2390 2209 2606 2279 porrigo
2642 2226 2654 2263 :
2689 2209 2774 2264 cui
2802 2208 3054 2278 porrigo,
3107 2220 3323 2262 mecum
3368 2205 3654 2276 porrigite.
3710 2203 3832 2257 llazc

2238 2301 2383 2357 enim
2418 2302 2485 2356 ad
2514 2301 2829 2357 Corinthios
2858 2300 3159 2371 apostolica
3182 2308 3263 2355 est
3287 2298 3568 2354 declarata
3591 2296 3835 2367 benigni-

2240 2405 2345 2461 tas,
2372 2404 2431 2450 ut
2460 2396 2514 2451 in
2538 2410 2645 2451 uno
2670 2396 2862 2466 Spiritu
2886 2393 2913 2431 ιλ
2939 2395 3141 2450 dictam
3181 2409 3245 2449 ac
3298 2391 3582 2449 reductam
3621 2399 3835 2446 senten-

2240 2489 2369 2545 tiam
2403 2489 2530 2545 boni
2569 2504 2785 2561 semper
2814 2488 3190 2545 indifferenter
3221 2495 3545 2558 sequantur.
3571 2484 3728 2555 Nam,
3758 2484 3833 2539 fa-

2243 2716 2405 2785 possit
2437 2715 2662 2770 schisma
2691 2716 3024 2786 contingere;
3052 2729 3155 2786 non
3190 2712 3425 2786 dormiat
3455 2710 3703 2786 severitas
3730 2710 3833 2786 dis-

2240 2780 2469 2858 ciplima,
2502 2789 2556 2840 in
2586 2804 2689 2857 qua
2718 2780 2964 2841 tanto'est
2991 2784 3259 2858 efﬁcacior
3288 2780 3581 2858 emendatio
3612 2782 3839 2858 pravita-

2243 2853 2329 2929 tis,
2362 2870 2557 2927 quanto
2586 2853 2889 2929 diligentior
2918 2853 3244 2929 conservatio
3273 2853 3569 2908 charitatis.
3616 2854 3692 2909 lla
3718 2868 3838 2922 pru-

2240 2928 2376 3001 dens
2400 2940 2587 2999 pastor
2616 2927 2963 3001 disciplinam
2998 2941 3098 3001 pro
3121 2927 3341 3001 diversa
3376 2935 3687 3001 temporum
3717 2939 3839 2979 con-

2237 2995 2447 3055 ditione
2474 2995 2793 3065 moderans,
2824 3015 2953 3071 erga
2999 2995 3144 3071 alios
3183 3013 3229 3071 ia
3260 2995 3504 3071 Bonoso
3557 2995 3835 3071 ordinatos

2236 3071 2609 3142 indulgentior
2634 3083 2753 3139 est,
2786 3067 2924 3142 quos
2956 3070 3051 3124 Dei
3102 3068 3309 3139 judicio
3360 3067 3645 3142 dimittere
3694 3068 3834 3142 satis

2154 3162 2200 3222 ρ
2237 3136 2420 3222 habet,
2443 3155 2498 3199 et
2519 3159 2647 3222 erga
2673 3136 2823 3222 alios
2838 3136 3117 3222 severior,
3137 3155 3276 3209 quos
3297 3155 3365 3222 ex
3392 3139 3654 3194 arctioris
3676 3136 3838 3194 disci-

2234 3215 2398 3285 plinac
2427 3212 2746 3285 praescripto
2776 3212 3096 3285 plectendos
3121 3220 3333 3268 censet.

2311 3318 2332 3344 ο
2366 3307 2680 3370 Particulze.
2698 3319 2743 3360 et
2774 3309 2870 3369 vel,
2897 3322 2927 3360 a
2952 3307 3217 3377 Dionysio
3243 3307 3478 3374 primum
3501 3320 3839 3376 suppressae,

2236 3393 2298 3435 ac
2327 3379 2531 3434 deinde
2555 3381 2610 3434 in
2640 3381 2771 3435 coll.
2800 3380 2957 3448 Hisp.
2990 3388 3044 3433 et
3070 3378 3199 3433 Isid.
3225 3377 3648 3447 prastermissaz,
3682 3394 3713 3433 e
3744 3393 3835 3433 sex

2237 3451 2555 3505 sincerioris
2584 3462 2726 3505 notae
2750 3465 2879 3505 mss.
2911 3458 3259 3505 revocantur.
3292 3448 3499 3503 [larum
3529 3464 3637 3517 ope
3660 3449 3836 3504 mollit

2239 3520 2584 3577 Innocentius
2622 3535 2676 3576 et
2706 3533 2918 3577 amovet
2955 3520 3217 3576 invidiam
3242 3521 3399 3575 vocis
3424 3522 3653 3587 veniam,
3688 3520 3838 3591 quasi

2239 3592 2484 3648 diceret:
2514 3593 2777 3648 Photinus
2826 3593 3048 3662 quidem
3083 3635 3096 3655 ,
3154 3608 3314 3661 quem
3369 3607 3522 3646 reum
3581 3607 3689 3647 non
3720 3606 3840 3648 esse

2240 3666 2649 3730 contestamini,
2675 3665 2836 3719 venia
2865 3681 2972 3719 non
3004 3664 3205 3732 indiget
3232 3681 3244 3717 :
3278 3663 3379 3719 sed
3405 3664 3449 3717 si
3475 3678 3607 3718 reus
3634 3663 3838 3729 fuisset,

2242 3736 2325 3789 vel
2353 3737 2589 3799 veniam,
2648 3753 2809 3805 quam
2843 3738 2890 3791 ei
2924 3734 3279 3791 concessistis
3304 3777 3318 3800 ,
3363 3744 3544 3790 ratam
3593 3749 3702 3790 non
3749 3733 3843 3789 ha-

2244 3806 2374 3862 bere
2401 3807 2596 3863 durius
2617 3808 2896 3863 existimo.

2324 3899 2341 3935 ί
2376 3899 2515 3954 Editi
2545 3915 2667 3954 cum
2694 3900 2945 3970 pluribus
2976 3914 3133 3966 mss.,
3163 3915 3303 3953 more
3330 3916 3349 3953 :
3401 3914 3467 3954 ex
3510 3899 3842 3970 repetitione

2248 3971 2446 4025 litterae
2474 3970 2681 4025 ultimae
2726 3970 3091 4041 prascedcntis
3122 3971 3375 4025 vocabuli
3411 3971 3655 4027 librariis
3712 3971 3841 4027 satis

2250 4042 2522 4096 familiari.
2559 4042 2907 4097 Praeferimus
2938 4057 3061 4096 cum
3091 4052 3278 4098 vetere
3309 4058 3413 4097 ms.
3443 4044 3614 4098 Corb.
3646 4052 3704 4098 et
3740 4058 3841 4097 uno

2249 4113 2437 4179 Colb.,
2470 4130 2577 4179 ore,
2616 4114 2825 4168 scilicet
2872 4115 3189 4184 apostolica:
3236 4114 3381 4169 sedis
3410 4116 3842 4184 pronuntiatam.

2252 4184 2380 4238 llaec
2398 4196 2579 4239 autem
2603 4186 2876 4240 sententia
2920 4185 3183 4239 adversus
3215 4184 3505 4240 Photinum
3540 4202 3650 4242 non
3675 4187 3741 4240 ab
3766 4185 3846 4241 lu.

2253 4255 2506 4309 nocentio
2555 4255 2673 4324 ipso
2700 4297 2713 4320 ,
2772 4256 2865 4308 sed
2929 4256 3014 4309 vel
3046 4257 3111 4310 ab
3134 4256 3424 4313 Anastasio
3456 4258 3544 4313 vel
3593 4273 3622 4311 a
3656 4258 3844 4313 Siricio

2254 4326 2395 4401 dicta
2422 4325 2616 4380 fuerat.
2640 4325 2907 4401 Quocirca
2934 4327 3598 4401 prteiniserat,Majorum
3626 4345 3847 4384 meorum

2255 4396 2512 4451 revolvam
2542 4398 2822 4452 sententias
2846 4413 2864 4450 :
2887 4399 3033 4466 quod
3060 4399 3189 4452 licet
3215 4400 3316 4453 sibi
3345 4396 3569 4454 omnium
3596 4401 3840 4461 sentiret,

2256 4470 2547 4523 anxietatis
2580 4477 2761 4523 tamen
2793 4484 3017 4524 sensum
3048 4472 3181 4524 vicit
3204 4471 3481 4540 aequitatis
3515 4486 3580 4527 ac
3626 4472 3845 4543 iustitia:

556 4556 699 4595 nunc
726 4551 909 4610 negat,
942 4541 987 4595 si
1019 4555 1118 4610 par
1158 4542 1460 4596 necessitas
1499 4542 1641 4599 foret
1669 4585 1685 4611 ,
1728 4541 2144 4604 concessurum.
2177 4544 2226 4601 D
2254 4555 2428 4593 amor.
3257 4557 3275 4571 '

626 4645 655 4684 ἀ
686 4648 932 4714 Quatuor
962 4661 1095 4700 mss.
1129 4660 1254 4701 cum
1282 4647 1513 4714 Quesn.,
1561 4652 1747 4706 solere.
1805 4652 1997 4709 Plures
2053 4656 2145 4709 alii

557 4734 679 4773 cum
706 4718 861 4771 Meri.
889 4726 944 4771 et
970 4716 1158 4778 Crab..
1213 4717 1398 4772 soleat.
1451 4720 1515 4773 lli
1558 4720 1668 4775 duo
1708 4723 1950 4778 editores
1989 4734 2049 4779 ut
2096 4736 2152 4781 et

558 4788 760 4866 Quesp.
796 4788 999 4866 deinde
1030 4787 1349 4866 subjiciunt,
1385 4792 1641 4866 transire:
1660 4790 1851 4847 Priora
1883 4796 2143 4866 ergo.No-

558 4868 671 4913 stra
702 4860 865 4933 lectio
900 4867 986 4913 est
1005 4859 1418 4933 castigatiorum
1448 4876 1579 4933 mss,
1611 4863 1841 4933 Semper
1865 4859 1967 4921 sibi
2017 4884 2150 4924 con-

559 4940 710 5006 stans
736 4929 1092 5006 innocentius
1117 4930 1202 5006 hic
1225 4930 1584 5006 firmat,quod
1608 4934 1718 5003 jam
1746 4929 1907 5006 epist.
1934 4941 1986 5003 5,
2013 4956 2061 4993 c.
2089 4942 2144 5006 4,

560 5003 701 5077 circa
729 5002 1080 5069 delicta,qua:
1103 5001 1186 5077 vel
1212 5002 1395 5056 mitius
1426 5001 1704 5059 tractanda
1725 5001 1818 5061 aut
1844 5001 2148 5077 toleranda,

565 5073 647 5144 vel
673 5086 865 5126 severe
904 5072 1208 5144 coercenda
1241 5088 1302 5127 ac
1330 5076 1601 5141 punienda
1636 5078 1767 5144 sint,
1807 5081 2010 5136 docuit.
2046 5072 2146 5138 Cui

562 5142 724 5198 affine
771 5142 1025 5220 estquod
1045 5145 1388 5220 _i_\_ugns_t_inns
1412 5146 1505 5202 lib.
1541 5163 1625 5211 ut,
1648 5142 1795 5205 cont.
1816 5153 1985 5220 Epist.
2023 5154 2146 5208 Par-

564 5231 800 5288 men._n.
832 5218 922 5279 11,
951 5214 1178 5288 scribit:
1215 5214 1395 5288 Neque
1420 5220 1551 5272 enim
1576 5230 1739 5288 potest
1768 5214 1876 5276 esse
1921 5226 2145 5280 salubris

561 5304 593 5361 (ι
622 5286 797 5361 multis
828 5286 1103 5361 correptio,
1125 5287 1228 5361 nisi
1255 5304 1379 5361 cuni
1398 5288 1485 5343 ille
1505 5286 1895 5361 corripitur,qui
1914 5312 2015 5350 non
2046 5297 2142 5349 Ita-

562 5359 639 5431 ρει
667 5358 859 5431 sociam
888 5357 1295 5431 multitudinem.
1348 5360 1423 5414 Re
1452 5378 1588 5427 vera,
1641 5357 1832 5431 inquit
1860 5368 2140 5425 nonnullis

562 5430 886 5495 interjectis,
917 5430 959 5481 si
987 5429 1225 5498 contagio
1247 5433 1493 5501 peccandi
1523 5429 1912 5490 multitudinem
1937 5439 2139 5492 invase-

563 5501 653 5566 rit,
684 5501 871 5554 divime
892 5500 1183 5567 disciplina:
1214 5500 1389 5555 severa
1438 5504 1800 5559 misericordia
1850 5510 2142 5563 necessaria

560 5581 633 5649 est
652 5589 680 5649 _:
710 5588 829 5625 nam
851 5572 1067 5625 consilia
1085 5574 1452 5649 separationis,
1482 5585 1530 5626 et
1560 5576 1737 5649 inania
1778 5589 1917 5641 sunt,
1950 5589 1998 5633 et
2024 5596 2141 5649 per-

560 5644 755 5722 niciosa
787 5644 1233 5722 atquesacrilega.
1266 5642 1337 5696 At
1366 5659 1517 5722 vero,
1546 5655 1604 5700 ut
1636 5647 1770 5702 ibid.
1801 5666 1855 5703 n.
1886 5652 1975 5715 15,
1998 5642 2142 5722 prte-

561 5714 746 5779 mittit,
774 5713 980 5781 quando
1008 5714 1081 5785 ita
1133 5716 1380 5784 cujusque
1408 5715 1601 5769 crimen
1634 5729 1811 5773 notum
1840 5730 1935 5785 est,
1966 5713 2025 5775 ut
2067 5722 2146 5777 vel

557 5786 727 5838 nullos
752 5800 983 5857 prorsus,
1000 5782 1075 5837 vel
1102 5782 1205 5838 non
1227 5782 1353 5839 tales
1375 5784 1561 5840 habeat
1581 5788 1876 5858 defensores
1902 5782 1994 5861 per
2012 5809 2140 5861 quos

2330 4641 2354 4677 ε
2384 4630 2544 4688 Crab.
2573 4644 2627 4687 et
2656 4633 2839 4702 plures
2866 4649 3023 4694 mss.,
3053 4634 3186 4687 votis
3210 4650 3228 4689 :
3251 4635 3520 4705 geminata
3559 4651 3848 4706 perperam

2256 4701 2434 4774 littera
2458 4724 2501 4769 δ,
2530 4720 2557 4757 a
2588 4701 2693 4774 qua
2722 4720 2824 4759 vox
2853 4719 3092 4774 sequens
3122 4701 3335 4759 initium
3367 4706 3538 4762 ducit.
3561 4701 3571 4706 ⁷
3598 4701 3720 4763 Mox
3754 4709 3839 4763 ubi

2253 4772 2343 4826 alii
2375 4790 2526 4840 mss.,
2563 4773 2882 4839 Eustasium,
2916 4772 3009 4829 alii
3042 4774 3383 4830 Eustachium
3432 4779 3520 4833 vel
3550 4778 3844 4834 Eustatium

2253 4852 2347 4920 aut
2378 4844 2704 4920 Eustatliium
2734 4856 2895 4920 atqite
2927 4862 3124 4920 omnes
3146 4848 3536 4920 comprobatum
3570 4851 3842 4918 exhibent,

2252 4916 2530 4992 substituit
2570 4916 2774 4992 Quesn.
2813 4916 3269 4992 Eustatlti_us.....'
3295 4922 3684 4990 comprobatus,
3728 4916 3847 4992 puto

2254 4997 2313 5040 ut
2338 4989 2640 5042 orationem
2674 4990 2741 5041 ad
2774 4990 3151 5058 grammatica:
3184 4992 3330 5057 leges
3380 4989 3841 5049 accommodaret.

2253 5058 2351 5135 llic
2379 5074 2572 5135 rogare
2601 5058 2794 5135 incipit
2828 5060 3176 5135 Innocentius
3205 5062 3560 5133 Macedones,
3598 5074 3657 5119 ut
3687 5082 3839 5135 quam

2248 5129 2514 5183 adversus
2529 5130 2875 5184 Eustathiuin
2905 5132 3159 5186 dixerant.
3179 5135 3516 5188 sententiam
3536 5129 3848 5192 condonent

2248 5216 2311 5254 ac
2340 5202 3118 5276 remittant,quemadmodum
3152 5204 3374 5259 illorum
3407 5217 3608 5276 rogatu
3653 5210 3848 5263 condo-

2250 5282 2404 5325 narat
2436 5273 2552 5344 ipse
2584 5289 2644 5327 ac
2695 5274 2984 5327 remiserat
3013 5289 3173 5343 quam
3209 5273 3522 5344 apostolica
3554 5279 3721 5336 sedes
3761 5280 3847 5335 ad-

2248 5358 2439 5396 versus
2462 5343 2751 5397 Photinum
2788 5344 3113 5412 protulerat.

2319 5434 2345 5471 h
2374 5435 2432 5490 ln
2463 5438 2694 5506 vulgatis
2714 5453 2779 5491 ac
2809 5440 3061 5507 pluribus
3089 5455 3247 5503 mss.,
3288 5441 3523 5497 ductam.
3562 5445 3619 5499 In
3658 5457 3839 5501 vetere

2240 5507 2487 5589 Cprb.et
2518 5509 2806 5589 uno_Col_b.
2840 5510 3085 5589 ducique
3110 5512 3330 5589 reducta
3357 5517 3642 5589 sententia.
3679 5519 3838 5589 Magis

2248 5579 2585 5655 placetquod
2630 5581 2681 5655 in
2713 5580 3339 5655 al_tero_Colb:t_lictam._
3372 5584 3626 5655 Respicit
3682 5579 3839 5644 [mio-

2246 5651 2456 5704 centius
2478 5651 2543 5701 ad
2569 5651 2732 5704 verba
2756 5651 3217 5706 PaulitumICor.
3245 5653 3368 5719 v,4.
3396 5651 3838 5716 ulti—sententiam

2248 5720 2877 5797 adversusCorinthium
2900 5724 3149 5797 incestus
3169 5740 3323 5778 reum
3342 5726 3499 5797 dicit,
3517 5739 3631 5787 tum
3657 5732 3700 5787 ll
3717 5732 3835 5789 Cor.

2249 5807 2311 5859 ιι,
2344 5792 2400 5859 6,
2434 5794 2523 5848 ubi
2548 5792 2752 5849 dictam
2785 5793 3000 5850 reducit
3021 5809 3085 5849 ac
3109 5806 3353 5853 revocat.
