4084 6342
305 316 401 378 557
1492 341 1854 400 EPISTOLIE
1893 341 1987 400 ET
2023 345 2368 402 DECRETA.
2973 327 2985 336 ’
3435 427 3442 433 ,
3496 357 3602 417 sse

305 443 441 503 teor,
475 437 602 496 hinc
634 457 728 499 me
780 445 1010 516 primum
1041 462 1132 505 res
1175 450 1315 510 bene
1343 455 1508 511 habet
1550 471 1677 528 erga
1707 457 1903 513 Eusta-
1929 465 1980 523 Α
2009 459 2360 518 INNOCENTIUS
2385 461 2534 520 [Iuro
2553 507 2568 532 ,
2601 463 2913 536 GERONTIO,
2941 468 3276 539 Sornaomo,
3299 471 3599 545 FLAVIANO,

306 533 471 639 thiam
501 534 834 607 diaconum,
863 542 1006 612 quod
1034 560 1135 602 nec
1161 558 1348 604 contra
1381 549 1542 606 ﬁdem
1596 552 1894 623 quidquam
2075 554 2408 624 Macenomo,
2437 557 2735 617 Pitosvocto
2761 577 2830 616 er
2853 533 3165 620 hiAmsrez
3195 564 3465 638 episcopis
3487 582 3584 639 per

307 624 519 682 locutus
549 629 651 696 sit,
685 646 793 687 nec
823 631 1131 705 loquentem
1164 639 1476 711 admiserit,
1520 658 1620 699 nec
1649 643 1718 698 ad
1748 659 1898 699 mor-
2076 650 2450 707 Macedoniam
2482 654 2815 711 constitutis.

304 727 404 772 tem
434 720 654 776 crimen
685 723 907 796 aliquod
934 730 1272 788 commisisse
1294 778 1307 802 ,
1346 734 1431 789 vel
1475 735 1739 805 jactatum
1775 751 1893 790 um-

2073 809 2123 862 1.
2174 809 2321 864 Mora
2365 811 2823 884 coepiscoporum
2853 822 3168 872 nostrorum
3198 817 3507 876 Maximiani
3538 829 3595 879 et

293 825 450 877 quam
480 812 570 867 vel
603 813 796 871 ﬁctum
824 825 1256 892 recognoverim.
1281 827 1346 881 Et
1391 827 1481 898 qui
1507 830 1558 882 iu
1590 829 1674 883 his
1701 830 1886 885 salvus

285 913 389 972 est,
407 907 455 962 si
480 923 594 976 quo
625 920 787 980 pacto
805 917 1249 977 conversationes
1271 922 1537 979 amabiles
1563 939 1670 978 non
1700 923 1884 991 habet,

285 995 578 1056 habendus
610 1014 702 1057 est
731 1016 787 1059 ut
814 1007 990 1062 minus
1013 1024 1113 1079 pro
1137 1022 1384 1083 tempore
1411 1015 1665 1084 dilectus,
1694 1033 1801 1072 non
1830 1028 1889 1072 ut

279 1089 533 1148 inimicus
569 1103 596 1132 ει
629 1098 942 1156 aestimatur
960 1102 1180 1162 diabolo
1209 1108 1263 1162 in
1300 1120 1620 1179 perpetuum
1680 1113 1888 1166 manci-

279 1185 514 1254 pandus.
540 1187 835 1262 Cognosco
859 1195 1012 1250 illum
1043 1198 1188 1255 inter
1210 1201 1653 1258 illassimultates
1677 1219 1738 1259 ac
1771 1215 1880 1260 tur-

276 1276 432 1334 bines
469 1293 675 1338 contra
710 1287 1003 1344 multorum
1056 1293 1259 1360 studia,
1290 1311 1396 1350 non
1421 1296 1545 1353 dico
1571 1300 1774 1369 qualia,
1798 1300 1881 1355 di-

276 1385 431 1426 versa
460 1376 736 1444 sensisse,
772 1389 826 1432 et
850 1380 978 1437 hinc
1006 1398 1129 1438 cum
1157 1401 1248 1441 res
1274 1402 1336 1442 ac
1361 1389 1704 1446 calamitates
1743 1393 1874 1462 ipsa:

271 1465 580 1522 emendatae
605 1469 740 1535 sint,
778 1469 804 1508 δ
838 1472 903 1527 ad
937 1475 1041 1531 hoc
1069 1491 1236 1548 usque
1279 1479 1556 1536 Dizoniani
1582 1491 1638 1538 et
1665 1482 1878 1556 Cyriaci

270 1557 746 1618 subdiacouorum
770 1581 877 1621 non
912 1570 1158 1638 potuisse
1185 1573 1330 1643 apud
1363 1589 1459 1630 vos
1490 1585 1511 1613 ο
1547 1577 1877 1634 reviviscere

268 1657 773 1716 commendatione.
809 1660 1173 1735 Exstinguite,
1220 1683 1424 1739 quaeso.
1468 1670 1535 1725 ab
1559 1671 1651 1726 illo
1679 1672 1867 1742 praedi-

266 1749 476 1820 ctisque
504 1767 982 1826 quorumcumque
1009 1759 1204 1815 videtis
1225 1757 1534 1818 danimosas
1557 1779 1621 1819 ac
1643 1781 1748 1819 non
1773 1765 1859 1834 ju-

2003 897 2019 936 ί
2054 900 2324 964 Enmenii.
2356 905 2441 960 vel
2475 907 2657 974 potius
2686 909 3073 980 importunitas
3104 919 3408 982 temporum
3441 914 3594 982 fecit,

1997 1000 2053 1046 ut
2077 1009 2170 1048 vos
2204 997 2478 1052 iteraretis
2505 999 2574 1054 de
2595 999 2841 1055 Bulbalio
2871 1013 2924 1056 et
2955 1005 2970 1052 l
3012 1002 3284 1061 Tauriano
3312 1007 3590 1076 querimo-

1994 1087 2159 1155 niam,
2197 1097 2251 1143 et
2282 1106 2381 1145 nos
2405 1093 2599 1148 iterum
2623 1094 2676 1149 in
2709 1094 2956 1152 homines
2981 1097 3382 1166 perditissimos
3411 1103 3590 1158 insur-

1991 1195 2262 1250 geremus.
2293 1182 2398 1239 Sed
2425 1186 2540 1256 (55,
2569 1197 2756 1257 quaest.
2790 1188 2843 1255 9,
2875 1207 2922 1245 ο.
2958 1189 3033 1262 7),
3069 1201 3126 1246 ut
3166 1208 3414 1263 possum,
3449 1211 3584 1268 pau-

1986 1272 2228 1330 cioribus
2267 1277 2450 1333 verbis
2487 1288 2760 1336 tantorum
2798 1283 3066 1339 malorum
3095 1283 3122 1321 ¹ί
3157 1287 3409 1344 metabor
3435 1304 3590 1346 com-

1989 1365 2266 1434 pendium,
2299 1377 2353 1423 ct
2383 1369 2637 1438 strictim,
2687 1389 2806 1442 qua:
2852 1375 2904 1428 in
2948 1376 3224 1434 volumine
3276 1380 3581 1439 litterarum

1985 1465 2284 1512 vestrarum
2330 1465 2742 1531 conspexerim,
2803 1469 3134 1524 retractabo.
3185 1470 3366 1529 Grave
3409 1472 3427 1512 1
3473 1491 3580 1532 non

1982 1552 2221 1619 Oportuit
2247 1550 2525 1622 (Nicotaus
2550 1557 2589 1624 Ι,
2615 1559 2768 1627 epist.
2792 1559 2882 1625 '52,
2907 1578 2959 1615 η.
2987 1563 3077 1632 12)
3108 1565 3276 1622 videri
3327 1569 3584 1638 piissimis

1980 1646 2250 1700 mentibus
2281 1648 2497 1714 vestris,
2529 1651 2922 1724 cujuscumque
2963 1659 3246 1713 retractari
3270 1659 3534 1729 judicium
3567 1681 3580 1719 :

1976 1740 2098 1808 quia
2141 1741 2360 1808 veritas,
2391 1743 2655 1813 exagitata
2687 1745 2885 1815 smpius
2915 1788 2930 1811 ,
2954 1750 3122 1819 magis
3163 1751 3495 1820 splendescit
3523 1755 3580 1812 in

266 1850 375 1897 sus
407 1845 826 1913 aemulationes,
859 1858 917 1904 ιη
950 1851 1064 1921 ipse
1113 1853 1254 1922 apud
1309 1870 1408 1911 nos
1441 1856 1669 1928 integer,
1725 1829 1865 1929 θέω,
1903 1868 1950 1928 Β
1979 1829 2130 1935 luce:
2161 1843 2208 1886 et
2246 1835 2516 1935 pernicies
2545 1847 2799 1935 revocata
2846 1839 2897 1894 in
2935 1839 3222 1935 judicium,
3261 1847 3477 1916 gravius
3523 1857 3580 1904 et

264 1946 360 1988 vos
396 1948 527 1990 cum
561 1937 684 1992 suis
711 1949 998 2008 reparatus
1031 1952 1078 2004 ε’.
1113 1945 1436 2014 profundam
1471 1963 1657 2018 pacem
1694 1991 1708 2016 ,
1757 1966 1867 2005 non

265 2025 442 2082 (ictam
464 2029 774 2099 pervidens
796 2032 1125 2091 charitatem
1147 2079 1160 2103 ,
1185 2039 1441 2094 omnibus
1464 2041 1614 2095 vobis
1629 2057 1692 2096 ac
1721 2043 1872 2114 sigil-

263 2117 408 2175 latim
439 2133 733 2190 occurrat,
757 2125 1043 2182 charitatis
1071 2131 1330 2198 vinculis,
1361 2149 1484 2203 qua:
1508 2134 1671 2190 nullis
1691 2136 1869 2191 modis

259 2227 289 2268 a
317 2214 541 2272 Christo
570 2217 889 2286 solvuntur,
921 2222 1201 2278 vobiscum
1232 2226 1435 2294 pariter
1458 2226 1510 2281 in
1544 2239 1868 2297 perpetuum

255 2321 539 2366 connexus
566 2312 793 2369 lauetur
821 2314 876 2369 in
905 2315 1309 2374 Domino.Data
1340 2320 1524 2375 ldibus
1556 2321 1868 2377 Decembris

259 2404 346 2476 (15
370 2405 644 2461 Deccmb.
678 2423 809 2463 ann.
838 2407 965 2482 4M)
993 2409 1010 2448 τ
1044 2410 1228 2467 Flavio
1256 2412 1578 2470 Constantio
1607 2416 1724 2470 viro
1754 2416 1867 2470 cla-

258 2497 472 2555 rissimo
504 2500 769 2558 consule.
1691 2527 1694 2530 ί

775 2681 1111 2740 EPISTOLA
1144 2682 1314 2741 XVIII
1333 2697 1376 2740 ε.

263 2863 334 2919 De
380 2864 612 2920 Bubalio
669 2873 720 2920 et
774 2863 1042 2920 Tauriana
1082 2867 1342 2922 damnatis
1387 2884 1418 2920 a
1466 2868 1866 2938 provincialibus

326 2961 622 3031 episcOpis,
683 2975 905 3029 quorum
942 2961 1248 3015 sententiam
1294 2962 1440 3017 sedes
1477 2962 1762 3033 apostolica
1787 2979 1867 3017 re-

324 3065 552 3111 tractare
579 3055 807 3109 curavit.

1978 1926 2096 1980 sine
2120 1926 2437 1994 ptenitcntia
2462 1937 2501 1964 ιιι
2517 1930 2938 1987 condemnatur.
2963 1933 3098 1990 Nam
3127 1936 3335 1994 fructus
3358 1938 3577 1996 divinus

1979 2029 2096 2086 est,
2144 2019 2407 2089 justitiam
2471 2024 2671 2094 saepius
2729 2027 3044 2096 recenseri,
3111 2029 3308 2086 fratres
3364 2032 3577 2089 charis-

1983 2127 2126 2168 smn.

2043 2247 2098 2302 '2.
2126 2246 2325 2303 Verum
2342 2247 2471 2304 illud
2495 2249 2654 2306 video
2679 2253 2918 2308 movisse
2940 2256 3156 2312 animos
3176 2259 3574 2331 vestros,quod

1972 2339 2024 2394 in
2053 2341 2238 2397 multis
2268 2341 2525 2397 Bubalius
2553 2359 2697 2412 saepe
2721 2345 2951 2402 fallaciis
2978 2347 3377 2419 deprehensus,
3413 2352 3567 2424 obje-

1969 2443 2106 2498 cerit
2137 2445 2481 2514 exemplaria
2513 2446 2762 2503 ﬁctarum
2790 2451 2947 2520 quasi
2977 2468 3006 2506 a
3049 2453 3204 2509 nobis
3235 2455 3568 2526 litterarum,

1970 2561 2092 2602 cum
2121 2562 2220 2618 pro
2240 2549 2637 2604 consuetudine
2669 2551 2906 2608 hominis
2927 2554 3060 2610 nihil
3093 2557 3233 2626 quod
3266 2558 3562 2629 proferret,

1970 2650 2082 2721 jam
2127 2651 2230 2706 ﬁde
2255 2651 2632 2721 dignissimum
2669 2653 2968 2711 videretur.
3001 2655 3108 2712 Sed
3148 2658 3374 2716 sileatur
3405 2675 3570 2717 omne

1971 2750 2082 2821 jam
2109 2751 2177 2806 de
2209 2751 2301 2806 tali
2343 2753 2560 2823 negotio
2592 2769 2864 2822 murmur,
2889 2765 2944 2812 et
2970 2758 3206 2814 convicti
3235 2758 3434 2816 diaboli
3463 2761 3566 2832 ipsi

1964 2853 2246 2910 anhelitus
2293 2855 2745 2924 comprimantur.
2808 2857 3199 2929 Subjunximus
3250 2871 3432 2917 autem
3481 2861 3567 2919 his

1965 2957 2228 3026 prioresn
2273 2957 2519 3024 litteras,
2571 2976 2706 3029 quas
2753 2977 2853 3031 per
2900 2971 3230 3018 memoratos
3277 2963 3567 3033 episcopos

1969 3058 2314 3128 niiseramus,
2343 3060 2538 3132 quibus
2571 3061 2642 3116 ita
2673 3063 2916 3134 pleuaria
2947 3079 3202 3120 sensuum
3252 3074 3566 3121 nostrorum

325 3253 351 3282 ει
385 3243 658 3316 Verbum,
692 3242 1006 3316 cestimalur,
1048 3244 1252 3311 Quesu.
1307 3248 1672 3314 przrtcrniisit.
1725 3247 1854 3316 Ejus

1965 3249 2307 3309 tractaretur,
2335 3242 2580 3316 adeoque
2604 3243 2746 3298 circa
2775 3247 2914 3300 ’ann.
2963 3244 3070 3298 414
3117 3245 3377 3314 scriptam
3428 3261 3554 3303 esse

258 3315 375 3370 loco
408 3316 461 3370 in
494 3315 670 3370 editis
698 3314 824 3368 aliis
854 3324 1032 3369 exstat
1078 3318 1359 3370 a’stimalus
1388 3327 1480 3371 aut
1510 3314 1852 3372 existimatus.

258 3385 614 3460 Eustathiunt
661 3400 772 3440 non
803 3386 1039 3460 diaconii
1068 3397 1274 3442 tantum
1313 3392 1485 3458 gratia
1531 3392 1854 3460 Spoliatum,

256 3460 350 3514 sed
376 3469 430 3533 et
455 3459 823 3533 anathemate
861 3459 1171 3533 perculsum
1198 3461 1363 3533 fuisse
1392 3463 1517 3516 hinc
1541 3459 1816 3533 colligitur
1841 3481 1855 3518 :

254 3529 404 3600 quod
440 3530 606 3605 v_al_de
647 3527 845 3605 durum
891 3529 1158 3605 adversus
1209 3532 1486 3587 hominem
1548 3549 1576 3587 a
1609 3527 1714 3605 quo
1756 3549 1856 3589 nec

253 3598 442 3656 contra
461 3600 630 3656 Iidem
648 3598 946 3670 quidquam
967 3601 1302 3667 dictum,uec
1319 3605 1525 3660 crimen
1539 3606 1604 3660 ad
1623 3598 1852 3661 mortem

254 3671 562 3729 admissum
592 3686 720 3726 esse
741 3671 884 3726 nllus
913 3688 1168 3742 umquam
1199 3674 1281 3728 vel
1307 3677 1532 3743 jactavit
1561 3679 1648 3733 vel
1672 3679 1851 3734 liuxit.

319 3763 349 3838 ιξ
377 3764 897 3838 ΙιςμηεεηΑιλθᾴξῄ.
926 3766 1120 3832 adhuc,
1149 3768 1358 3838 omisso
1387 3785 1566 3838 usque.
1583 3771 1716 3822 'l'nm
1748 3785 1848 3826 ms.

255 3834 392 3892 Pitlt.
424 3835 746 3908 Dyzoniani.
771 3834 878 3908 Alii
910 3837 1158 3891 nonnulli
1181 3881 1193 3900 ,
1233 3834 1518 3893 Dezoniani
1552 3841 1637 3896 vel
1666 3841 1854 3896 Dioze-

255 3908 416 3963 niani.
453 3906 668 3964 Exinde
699 3906 974 3976 plerique,
1002 3919 1051 3962 et
1078 3909 1330 3975 Quir-iaci.

329 4012 350 4073 ς
385 4001 532 4073 Edit.
561 4000 798 4073 Rom.et
827 4002 1025 4056 concil.
1047 4004 1345 4058 secundum
1368 4005 1668 4061 coll.Diun.
1697 4007 1847 4073 Iliso.

254 4080 307 4126 et
329 4071 458 4148 Isid.
472 4114 486 4137 ,
507 4071 926 4148 emendationem
948 4074 1262 4129 reviviscere.
1281 4075 1618 4144 Campe-scite,
1645 4071 1814 4148 quaeso
1829 4094 1848 4132 .'

255 4143 607 4216 corriguntur
638 4143 970 4198 auctoritate
1001 4160 1095 4200 sex
1125 4161 1256 4200 mss.
1283 4149 1526 4201 melioris
1550 4143 1712 4203 notia.

319 4233 447 4309 {Ita
491 4252 629 4290 unus
660 4236 833 4291 codex
865 4234 1023 4294 Coll).
1050 4249 1102 4294 et
1126 4240 1262 4293 alter
1310 4237 1451 4293 Pith.
1484 4253 1606 4294 cum
1640 4241 1844 4309 Qucsn.

253 4307 357 4362 Alii
387 4324 543 4374 vero,
577 4309 779 4363 animos
806 4324 884 4364 ac.

321 4410 344 4438 θ
378 4402 522 4456 Editi
554 4413 680 4478 post
711 4403 955 4478 Dion.et
983 4404 1138 4478 Isid.,
1161 4417 1448 4478 reparatus
1467 4419 1724 4462 mercatur
1755 4426 1848 4478 pa-

257 4487 383 4551 cein,
417 4491 524 4527 non
548 4475 728 4551 ﬁctam
759 4474 1029 4551 pervidens
1051 4477 1382 4532 cliaritatem.
1415 4477 1664 4551 Omnibus
1688 4474 1849 4551 igitur

254 4544 395 4598 vobis
425 4561 488 4598 ac
519 4544 834 4621 singillatim
864 4557 1105 4602 occurrat
1127 4550 1379 4618 charitas,
1414 4560 1461 4602 et
1487 4544 1846 4621 vinculis'qua:

396 4617 632 4691 connexa
687 4617 894 4691 [celetur
939 4635 956 4672 :
1017 4617 1499 4691 castigantur'ope
1557 4617 1840 4676 meliorum

248 4701 374 4759 mss.
402 4689 703 4759 inquorum
731 4689 908 4742 tribus
931 4699 1112 4744 exstat
1134 4690 1382 4746 charilati
1405 4689 1526 4748 loco
1547 4693 1838 4748 charitatis.

245 4756 458 4837 Pleuior
485 4756 638 4815 esset
693 4761 999 4828 sententia,
1051 4762 1095 4817 si
1143 4766 1416 4834 legeretur
1473 4765 1846 4837 c/iaritatisque

245 4829 476 4886 vinculis.

314 4919 333 4958 τ
371 4923 426 4994 In
460 4921 1074 4994 vulgatisdesideratnr
1099 4923 1309 4981 Flavio.
1345 4928 1550 4984 Deinde
1584 4930 1633 4983 in
1668 4930 1841 4985 tribus

245 5006 372 5048 mss.
394 4993 639 5050 Colh.’et
667 4993 1004 5050 Pith.exstat
1029 4995 1388 5052 Constantino.
1413 5001 1489 5054 Ex
1524 5017 1655 5055 mss.
1675 5001 1840 5057 Corb.

243 5073 292 5139 et
326 5063 544 5120 Fussat.
581 5066 867 5139 inquibus
899 5076 1070 5122 restat
1103 5068 1304 5124 Flaviis
1345 5070 1670 5139 Constantio,
1713 5087 1842 5126 cou-

236 5133 508 5213 jcctatnus
564 5133 882 5213 addendum
913 5153 1036 5213 esse
1067 5150 1114 5213 e_t
1150 5139 1451 5197 Constante.
1497 5145 1608 5199 Iloc
1643 5133 1844 5213 quippe

241 5222 381 5331 :{mno
402 5207 512 5264 414
537 5224 666 5265 cum
711 5206 1046 5264 Constantio
1076 5209 1348 5267 Constans
1391 5215 1582 5270 consul
1626 5206 1845 5270 creatus

262 5289 435 5331 uerat.

262 5289 435 5334 uerat.

308 5382 333 5420 Β
360 5374 416 5427 In
442 5373 583 5428 edit.
620 5375 822 5428 concil.
860 5375 912 5429 7.
946 5375 1078 5443 Quae
1100 5389 1281 5433 autem
1318 5379 1383 5434 I8
1408 5389 1545 5444 erat,
1581 5396 1723 5435 nunc
1752 5380 1843 5438 21.

238 5443 353 5520 ljun
411 5445 490 5520 in“
523 5445 858 5520 Mercatoris
902 5457 1146 5517 tantum,
1201 5450 1298 5505 sed
1340 5462 1393 5505 et
1428 5454 1482 5506 in
1524 5443 1758 5520 Ilispaua
1792 5464 1847 5509 et

244 5515 493 5587 Dionysii
525 5515 722 5584 Exigni
752 5518 1086 5572 collectione
1117 5515 1317 5577 exstat.
1350 5525 1506 5585 Apud
1541 5515 1680 5579 hunc
1705 5526 1849 5581 inter

239 5585 548 5643 Innocentii
577 5588 800 5643 decreta
836 5589 1017 5643 locum
1045 5591 1114 5646 55
1139 5593 1371 5648 obtinet.
1396 5594 1513 5649 Huc
1547 5611 1666 5651 eam
1703 5598 1847 5653 rele-

243 5659 434 5738 r‘imns,
458 5671 574 5713 tum
594 5675 661 5714 ne
677 5659 890 5729 longius
902 5678 1022 5738 qua:
1045 5663 1110 5716 ad
1127 5663 1456 5738 Macedonia:
1482 5682 1567 5738 res
1588 5669 1839 5738 attinent,

241 5729 676 5808 disjuugan_tnr__:_
703 5740 815 5785 tum
869 5729 1104 5808 maxime
1134 5734 1260 5808 quia
1308 5751 1407 5808 nec
1460 5737 1617 5792 deest
1658 5729 1844 5808 conje;

241 5809 411 5870 ctura,
438 5803 587 5860 unde
619 5803 772 5860 illam
801 5819 924 5860 cum
951 5803 1017 5859 de
1043 5803 1177 5876 pace
1199 5805 1572 5865 Antiochenite
1599 5803 1842 5868 ecclesiw

1963 3327 2304 3368 censeamus.
2332 3314 2468 3368 Huic
2490 3315 2692 3384 quippe
2722 3331 2918 3385 magno
2935 3318 3157 3385 negotio
3175 3317 3562 3373 Maximianum

1965 3399 2031 3438 ex
2061 3385 2388 3456 Macedoniae
2419 3386 2610 3456 legatis
2659 3403 2821 3440 unum
2884 3387 3196 3442 interfuisse
3235 3387 3372 3442 infra
3404 3389 3565 3444 luno-

1961 3455 2176 3530 centius
2208 3457 2367 3530 epiSt.
2518 3458 2700 3530 tradit.
2745 3458 2812 3512 Et
2857 3457 2972 3512 haec
3014 3460 3238 3513 forsitan
3289 3462 3564 3530 praecipua

1959 3540 2121 3580 causa
2151 3525 2277 3586 fuit,
2311 3543 2406 3581 cur
2427 3527 2786 3584 Maximianus
2812 3530 2911 3584 iste
2935 3546 2996 3582 ac
3026 3532 3210 3584 socius
3243 3525 3470 3586 m’oratn'
3504 3533 3558 3586 in

1962 3597 2105 3653 Urhe
2128 3599 2389 3668 majorem
2418 3616 2579 3670 quam
2612 3602 2955 3671 sperabatur,
2990 3601 3257 3658 facerent.

2030 3687 2058 3724 ιι
2091 3689 2163 3743 Ita
2197 3691 2434 3759 potiores
2456 3707 2585 3744 mss.
2621 3694 2685 3745 At
2714 3691 2936 3747 Navarr.
2955 3692 3173 3758 Arisleo,
3198 3703 3250 3746 et
3269 3693 3410 3750 alius
3434 3709 3556 3750 cum

1959 3761 2224 3836 vulgatis,
2247 3761 2466 3836 Oristeo.
2499 3764 2734 3818 Aristezc
2767 3764 2923 3833 hujus
2953 3776 3008 3819 et
3042 3766 3323 3819 Prosdocii
3363 3767 3556 3836 appel-

1961 3833 2268 3900 lationesjiu
2298 3833 2651 3902 inscriptione
2691 3837 2988 3902 superioris
3029 3837 3312 3902 epistolae,
3357 3833 3550 3906 inqua

1960 3908 2666 3978 cancrosprmnomitiatos
2712 3908 2959 3976 legimus,
2989 3923 3095 3962 non
3137 3920 3438 3978 comparet.
3476 3909 3555 3964 Ex

1955 3989 2062 4044 quo
2097 3977 2410 4049 conjectare
2435 3977 2580 4049 licet,
2615 3979 2667 4030 in
2693 3981 2980 4049 superiore
3010 3979 3241 4046 epistola
3269 3977 3368 4033 nec
3399 3981 3550 4036 solos

1957 4061 2055 4099 nec
2068 4061 2257 4118 omnes
2273 4048 2597 4103 Macedonio
2616 4048 2895 4118 praesules,
2913 4051 2963 4103 iu
2987 4050 3084 4104 hac
3101 4059 3279 4104 autem
3294 4060 3346 4105 et
3364 4066 3557 4106 omnes

1955 4127 2008 4171 et
2028 4117 2182 4191 ΔευΙοε
2213 4118 2368 4184 hujus
2399 4121 2689 4185 provincite
2721 4122 3038 4189 episcopos.
3065 4136 3251 4174 eorum
3283 4123 3474 4191 legatis
3505 4124 3557 4177 in

1954 4188 2199 4258 epistol-.c
2223 4200 2477 4242 contextu
2507 4191 2800 4258 adjunctis,
2830 4188 3122 4260 appellari.

2034 4280 2045 4317 ί
2085 4282 2139 4335 1η
2171 4283 2416 4356 proxima
2443 4283 2693 4356 epistula,
2723 4295 2858 4356 utet
2891 4287 2941 4337 in
2977 4283 3360 4356 epistoltcjtifi
3381 4285 3559 4356 Chry—

1955 4355 2182 4408 sostomi
2227 4355 2430 4420 pariter
2459 4353 2524 4406 ad
2571 4353 2897 4407 Macedonas
2941 4355 3144 4419 scripta
3179 4396 3191 4414 ,
3231 4353 3555 4408 Maximiano

1951 4423 2268 4496 adjungilur
2317 4422 2604 4496 Engenius.
2659 4423 2815 4480 Unde
2866 4437 2920 4480 ct
2979 4426 3085 4478 huc
3127 4423 3391 4493 lt'umenii,
3432 4427 3552 4481 loco

1953 4495 2197 4568 Eugenii,
2227 4495 2515 4565 irrepsisse
2539 4496 2781 4565 suspicio
2820 4506 2921 4551 est.

2026 4588 2038 4639 i
2073 4589 2312 4644 Sincera:
2341 4588 2682 4644 collectiouis
2717 4589 2873 4644 Dion.
2900 4591 3072 4645 codex
3111 4591 3248 4658 Reg.
3293 4589 3380 4646 hic
3406 4590 3554 4644 Tha-

1874 4673 1922 4730 D
1949 4661 2118 4719 riano.
2151 4669 2205 4714 et
2235 4659 2370 4716 infra
2403 4661 2618 4715 Turiano
2670 4677 2780 4726 prae
2821 4678 2880 4717 se
2907 4665 3026 4717 lert.
3056 4663 3164 4718 Alii
3203 4662 3330 4717 coll.
3381 4663 3547 4720 Iladr.

1951 4733 2037 4786 hic
2074 4731 2326 4797 Tariano,
2361 4733 2455 4806 sed
2480 4733 2617 4806 iul'ra
2648 4732 2912 4806 Tauriana
2947 4752 2964 4789 :
2997 4735 3136 4804 quod
3171 4743 3228 4789 et
3259 4735 3550 4806 utrobiqttc

1950 4807 2150 4859 habent
2175 4820 2306 4859 mss.
2341 4805 2468 4860 coll.
2503 4805 2651 4874 Hisp.
2683 4818 2738 4859 et
2763 4805 2892 4860 Isid.

2023 4896 2219 4971 FEditi
2247 4941 2262 4964 ,
2297 4899 2539 4952 imitabor
2581 4915 2599 4953 :
2629 4902 2977 4971 corriguntur
3017 4918 3081 4958 ex
3115 4903 3333 4959 laudato
3363 4903 3553 4961 codice

1949 4967 2137 5038 Regio.
2224 5033 2228 5038 _

2030 5058 2042 5096 ι
2078 5060 2136 5136 In
2177 5063 2585 5130 exemplaribus
2627 5065 2754 5119 coll.
2794 5065 2960 5120 Hadr.
3007 5084 3110 5122 non
3145 5069 3307 5136 potuit
3355 5069 3552 5123 :Reti-

1951 5132 2184 5210 nendum
2215 5147 2337 5210 cum
2363 5137 2580 5188 exteris
2606 5152 2704 5210 non
2721 5140 2951 5210 oportuit
2975 5155 2992 5193 :
3016 5132 3290 5208 quomodo
3320 5141 3457 5210 legit
3490 5149 3546 5194 et

1951 5200 2204 5280 Nicolaus
2229 5201 2268 5256 l.
2296 5203 2498 5258 Locum
2523 5200 2774 5280 eumdem
2804 5200 3110 5280 Hadrianus
3137 5210 3178 5264 ll
3215 5211 3265 5263 in
3303 5200 3542 5280 epistola

1951 5272 2018 5326 ad
2043 5272 2295 5327 Carolum
2329 5291 2510 5343 regem
2534 5276 2726 5332 Indict.
2762 5295 2790 5330 ν
2821 5278 2946 5334 data
2982 5281 3249 5335 imitatur.

2031 5379 2068 5405 ιιι
2095 5369 2244 5444 Illius
2267 5371 2474 5444 scilicet
2498 5374 2588 5442 qui
2617 5374 2761 5440 prius
2784 5374 3065 5444 judicavit,
3095 5384 3149 5427 ut
3173 5383 3227 5428 et
3249 5374 3314 5428 ad
3344 5375 3542 5443 margi-

1958 5458 2076 5496 nem
2103 5441 2300 5496 I.abbei
2331 5453 2412 5496 est
2441 5441 2798 5500 annotatuiuf
2836 5447 2969 5500 Ilinc
3009 5446 3266 5500 Bubalum
3309 5454 3364 5497 et
3404 5441 3546 5497 'l‘a'u-

1955 5513 2165 5566 rianum
2182 5512 2888 5584 aMaccdonibusjudicatos
2902 5519 2967 5572 ad
2987 5516 3337 5582 apostolicam
3353 5515 3538 5570 sedem

1957 5599 2301 5665 provocasse,
2335 5601 2395 5638 ac
2417 5585 2755 5655 Macedonas,
2789 5589 2931 5665 quod
2963 5587 3380 5665 suum-imorum
3402 5585 3546 5664 judi-

1951 5655 2092 5709 cium
2113 5667 2623 5725 recognosceretur,
2642 5655 2824 5730 iniquo
2842 5661 3023 5714 animo
3041 5655 3542 5728 tulissecolligitur.

1949 5781 1996 5818 .~,
2020 5755 2047 5784 η
2069 5745 2185 5802 Νοη
2212 5757 2426 5806 exstant
2454 5751 2538 5806 ha:
2564 5751 2778 5809 litterae.
