  <div class='ocr_page' id='page_1' title='image "/cluster/home/n/w/nwhite01/storage/ocr_20150623/20/hvd.32044015471352/281.png"; bbox 0 0 4084 6342; ppageno 0'>
   <div class='ocr_carea' id='block_1_1' title="bbox 548 336 651 396">
    <p class='ocr_par' dir='ltr' id='par_1_1' title="bbox 548 336 651 396">
     <span class='ocr_line' id='line_1_1' title="bbox 548 336 651 396; baseline 0 0"><span class='ocrx_word' id='word_1_1' title='bbox 548 336 651 396; x_wconf 70' lang='grc'><strong>581</strong></span> 
     </span>
    </p>
   </div>
   <div class='ocr_carea' id='block_1_2' title="bbox 1846 326 2649 396">
    <p class='ocr_par' dir='ltr' id='par_1_2' title="bbox 1846 326 2649 396">
     <span class='ocr_line' id='line_1_2' title="bbox 1846 326 2649 396; baseline 0.001 -1"><span class='ocrx_word' id='word_1_2' title='bbox 1846 326 1907 395; x_wconf 85' lang='lat' dir='ltr'><strong>S.</strong></span> <span class='ocrx_word' id='word_1_3' title='bbox 1950 330 2341 394; x_wconf 81' lang='lat' dir='ltr'><strong>INNDCEN&#39;I‘II</strong></span> <span class='ocrx_word' id='word_1_4' title='bbox 2379 334 2401 393; x_wconf 90' lang='lat' dir='ltr'><strong>I</strong></span> <span class='ocrx_word' id='word_1_5' title='bbox 2440 328 2649 396; x_wconf 66' lang='lat' dir='ltr'><strong>PAPE</strong></span> 
     </span>
    </p>
   </div>
   <div class='ocr_carea' id='block_1_3' title="bbox 3759 335 3862 398">
    <p class='ocr_par' dir='ltr' id='par_1_3' title="bbox 3759 335 3862 398">
     <span class='ocr_line' id='line_1_3' title="bbox 3759 335 3862 398; baseline 0 -2"><span class='ocrx_word' id='word_1_6' title='bbox 3759 335 3862 398; x_wconf 71' lang='lat'><strong>582</strong></span> 
     </span>
    </p>
   </div>
   <div class='ocr_carea' id='block_1_4' title="bbox 543 453 3862 529">
    <p class='ocr_par' dir='ltr' id='par_1_4' title="bbox 543 453 3862 529">
     <span class='ocr_line' id='line_1_4' title="bbox 543 453 3862 529; baseline -0 -15"><span class='ocrx_word' id='word_1_7' title='bbox 543 466 778 526; x_wconf 88' lang='lat' dir='ltr'><strong>tremur,</strong></span> <span class='ocrx_word' id='word_1_8' title='bbox 798 471 1031 529; x_wconf 89' lang='lat' dir='ltr'><strong>quorum</strong></span> <span class='ocrx_word' id='word_1_9' title='bbox 1055 455 1227 516; x_wconf 88' lang='lat' dir='ltr'><strong>laicos</strong></span> <span class='ocrx_word' id='word_1_10' title='bbox 1247 455 1622 528; x_wconf 79' lang='lat' dir='ltr'><strong>imperfectos,</strong></span> <span class='ocrx_word' id='word_1_11' title='bbox 1648 465 1702 511; x_wconf 92' lang='lat' dir='ltr'><strong>nt</strong></span> <span class='ocrx_word' id='word_1_12' title='bbox 1724 455 1859 521; x_wconf 77' lang='lat' dir='ltr'><strong>disi,</strong></span> <span class='ocrx_word' id='word_1_13' title='bbox 1885 454 1953 509; x_wconf 84' lang='lat' dir='ltr'><strong>ad</strong></span> <span class='ocrx_word' id='word_1_14' title='bbox 1980 456 2152 511; x_wconf 88' lang='lat' dir='ltr'><strong>sancti</strong></span> <span class='ocrx_word' id='word_1_15' title='bbox 2180 458 2236 518; x_wconf 79' lang='grc' dir='ltr'>Α</span> <span class='ocrx_word' id='word_1_16' title='bbox 2260 464 2385 511; x_wconf 84' lang='lat' dir='ltr'><strong>sunt</strong></span> <span class='ocrx_word' id='word_1_17' title='bbox 2405 470 2434 510; x_wconf 90' lang='lat' dir='ltr'><strong>a</strong></span> <span class='ocrx_word' id='word_1_18' title='bbox 2453 456 2629 512; x_wconf 78' lang='lat' dir='ltr'><strong>beatis</strong></span> <span class='ocrx_word' id='word_1_19' title='bbox 2651 455 2932 528; x_wconf 84' lang='lat' dir='ltr'><strong>Apostolis</strong></span> <span class='ocrx_word' id='word_1_20' title='bbox 2952 454 3176 525; x_wconf 86' lang='lat' dir='ltr'><strong>tradita,</strong></span> <span class='ocrx_word' id='word_1_21' title='bbox 3198 455 3409 528; x_wconf 88' lang='lat' dir='ltr'><strong>integra</strong></span> <span class='ocrx_word' id='word_1_22' title='bbox 3421 453 3862 514; x_wconf 78' lang='lat' dir='ltr'><strong>vellentservare</strong></span> 
     </span>
    </p>
   </div>
   <div class='ocr_carea' id='block_1_5' title="bbox 547 548 2153 624">
    <p class='ocr_par' dir='ltr' id='par_1_5' title="bbox 547 548 2153 624">
     <span class='ocr_line' id='line_1_5' title="bbox 547 548 2153 624; baseline -0.003 -16"><span class='ocrx_word' id='word_1_23' title='bbox 547 550 785 623; x_wconf 77' lang='lat' dir='ltr'><strong>Spiritus</strong></span> <span class='ocrx_word' id='word_1_24' title='bbox 808 551 1215 624; x_wconf 85' lang='lat' dir='ltr'><strong>percipiendam</strong></span> <span class='ocrx_word' id='word_1_25' title='bbox 1241 552 1475 623; x_wconf 77' lang='lat' dir='ltr'><strong>gratiam</strong></span> <span class='ocrx_word' id='word_1_26' title='bbox 1504 564 1629 605; x_wconf 88' lang='lat' dir='ltr'><strong>cum</strong></span> <span class='ocrx_word' id='word_1_27' title='bbox 1655 548 1993 621; x_wconf 67' lang='lat' dir='ltr'><strong>paenitentiae</strong></span> <span class='ocrx_word' id='word_1_28' title='bbox 2015 548 2153 603; x_wconf 89' lang='lat' dir='ltr'><strong>ima-</strong></span> 
     </span>
    </p>
   </div>
   <div class='ocr_carea' id='block_1_6' title="bbox 544 642 2157 719">
    <p class='ocr_par' dir='ltr' id='par_1_6' title="bbox 544 642 2157 719">
     <span class='ocr_line' id='line_1_6' title="bbox 544 642 2157 719; baseline -0.001 -19"><span class='ocrx_word' id='word_1_29' title='bbox 544 645 673 716; x_wconf 89' lang='lat' dir='ltr'><strong>gine</strong></span> <span class='ocrx_word' id='word_1_30' title='bbox 702 646 1071 719; x_wconf 80' lang='lat' dir='ltr'><strong>recipiamus?</strong></span> <span class='ocrx_word' id='word_1_31' title='bbox 1118 646 1371 703; x_wconf 82' lang='lat' dir='ltr'><strong>Gravitas</strong></span> <span class='ocrx_word' id='word_1_32' title='bbox 1412 644 1595 716; x_wconf 88' lang='lat' dir='ltr'><strong>itaque</strong></span> <span class='ocrx_word' id='word_1_33' title='bbox 1634 654 1721 700; x_wconf 86' lang='lat' dir='ltr'><strong>tua</strong></span> <span class='ocrx_word' id='word_1_34' title='bbox 1756 643 1871 699; x_wconf 77' lang='lat' dir='ltr'><strong>lucc</strong></span> <span class='ocrx_word' id='word_1_35' title='bbox 1899 642 1967 698; x_wconf 86' lang='lat' dir='ltr'><strong>ad</strong></span> <span class='ocrx_word' id='word_1_36' title='bbox 2012 642 2157 699; x_wconf 88' lang='lat' dir='ltr'><strong>noti-</strong></span> 
     </span>
    </p>
   </div>
   <div class='ocr_carea' id='block_1_7' title="bbox 545 736 2155 810">
    <p class='ocr_par' dir='ltr' id='par_1_7' title="bbox 545 736 2155 810">
     <span class='ocr_line' id='line_1_7' title="bbox 545 736 2155 810; baseline -0.001 -17"><span class='ocrx_word' id='word_1_37' title='bbox 545 739 677 794; x_wconf 85' lang='lat' dir='ltr'><strong>tiam</strong></span> <span class='ocrx_word' id='word_1_38' title='bbox 700 738 1175 810; x_wconf 90' lang='lat' dir='ltr'><strong>coepiscoporum,</strong></span> <span class='ocrx_word' id='word_1_39' title='bbox 1214 738 1302 794; x_wconf 91' lang='lat' dir='ltr'><strong>vel</strong></span> <span class='ocrx_word' id='word_1_40' title='bbox 1329 752 1429 809; x_wconf 91' lang='lat' dir='ltr'><strong>per</strong></span> <span class='ocrx_word' id='word_1_41' title='bbox 1458 736 1748 810; x_wconf 84' lang='lat' dir='ltr'><strong>synodum,</strong></span> <span class='ocrx_word' id='word_1_42' title='bbox 1773 737 1817 792; x_wconf 92' lang='lat' dir='ltr'><strong>si</strong></span> <span class='ocrx_word' id='word_1_43' title='bbox 1839 745 2037 808; x_wconf 83' lang='lat' dir='ltr'><strong>potest,</strong></span> <span class='ocrx_word' id='word_1_44' title='bbox 2067 736 2155 792; x_wconf 89' lang='lat' dir='ltr'><strong>vel</strong></span> 
     </span>
    </p>
   </div>
   <div class='ocr_carea' id='block_1_8' title="bbox 545 829 2157 902">
    <p class='ocr_par' dir='ltr' id='par_1_8' title="bbox 545 829 2157 902">
     <span class='ocr_line' id='line_1_8' title="bbox 545 829 2157 902; baseline -0.001 -14"><span class='ocrx_word' id='word_1_45' title='bbox 545 845 647 902; x_wconf 88' lang='lat' dir='ltr'><strong>per</strong></span> <span class='ocrx_word' id='word_1_46' title='bbox 694 832 888 887; x_wconf 85' lang='lat' dir='ltr'><strong>harum</strong></span> <span class='ocrx_word' id='word_1_47' title='bbox 939 831 1319 889; x_wconf 85' lang='lat' dir='ltr'><strong>recitationem</strong></span> <span class='ocrx_word' id='word_1_48' title='bbox 1366 829 1535 887; x_wconf 81' lang='lat' dir='ltr'><strong>faciat</strong></span> <span class='ocrx_word' id='word_1_49' title='bbox 1577 831 1905 901; x_wconf 82' lang='lat' dir='ltr'><strong>pervenire:</strong></span> <span class='ocrx_word' id='word_1_50' title='bbox 1939 840 1997 887; x_wconf 94' lang='lat' dir='ltr'><strong>ut</strong></span> <span class='ocrx_word' id='word_1_51' title='bbox 2035 846 2157 901; x_wconf 67' lang='lat' dir='ltr'><strong>quae</strong></span> 
     </span>
    </p>
   </div>
   <div class='ocr_carea' id='block_1_9' title="bbox 542 921 2156 994">
    <p class='ocr_par' dir='ltr' id='par_1_9' title="bbox 542 921 2156 994">
     <span class='ocr_line' id='line_1_9' title="bbox 542 921 2156 994; baseline 0.001 -15"><span class='ocrx_word' id='word_1_52' title='bbox 542 921 666 994; x_wconf 89' lang='lat' dir='ltr'><strong>ipse</strong></span> <span class='ocrx_word' id='word_1_53' title='bbox 696 930 807 979; x_wconf 89' lang='lat' dir='ltr'><strong>tam</strong></span> <span class='ocrx_word' id='word_1_54' title='bbox 834 924 1147 980; x_wconf 90' lang='lat' dir='ltr'><strong>necessario</strong></span> <span class='ocrx_word' id='word_1_55' title='bbox 1186 931 1540 994; x_wconf 87' lang='lat' dir='ltr'><strong>percontatus</strong></span> <span class='ocrx_word' id='word_1_56' title='bbox 1566 938 1649 991; x_wconf 89' lang='lat' dir='ltr'><strong>es,</strong></span> <span class='ocrx_word' id='word_1_57' title='bbox 1681 933 1737 980; x_wconf 89' lang='lat' dir='ltr'><strong>et</strong></span> <span class='ocrx_word' id='word_1_58' title='bbox 1766 938 1870 981; x_wconf 90' lang='lat' dir='ltr'><strong>nos</strong></span> <span class='ocrx_word' id='word_1_59' title='bbox 1914 931 2024 980; x_wconf 87' lang='lat' dir='ltr'><strong>tam</strong></span> <span class='ocrx_word' id='word_1_60' title='bbox 2054 924 2156 980; x_wconf 90' lang='lat' dir='ltr'><strong>eli-</strong></span> 
     </span>
    </p>
   </div>
   <div class='ocr_carea' id='block_1_10' title="bbox 545 1017 2156 1088">
    <p class='ocr_par' dir='ltr' id='par_1_10' title="bbox 545 1017 2156 1088">
     <span class='ocr_line' id='line_1_10' title="bbox 545 1017 2156 1088; baseline -0.001 -15"><span class='ocrx_word' id='word_1_61' title='bbox 545 1026 696 1074; x_wconf 88' lang='lat' dir='ltr'><strong>mate</strong></span> <span class='ocrx_word' id='word_1_62' title='bbox 726 1017 1131 1088; x_wconf 85' lang='lat' dir='ltr'><strong>respondimus,</strong></span> <span class='ocrx_word' id='word_1_63' title='bbox 1163 1017 1441 1074; x_wconf 92' lang='lat' dir='ltr'><strong>communi</strong></span> <span class='ocrx_word' id='word_1_64' title='bbox 1467 1017 1711 1073; x_wconf 90' lang='lat' dir='ltr'><strong>omnium</strong></span> <span class='ocrx_word' id='word_1_65' title='bbox 1740 1032 2012 1075; x_wconf 89' lang='lat' dir='ltr'><strong>consensu</strong></span> <span class='ocrx_word' id='word_1_66' title='bbox 2039 1025 2156 1072; x_wconf 85' lang='lat' dir='ltr'><strong>stu-</strong></span> 
     </span>
    </p>
   </div>
   <div class='ocr_carea' id='block_1_11' title="bbox 547 1110 1094 1184">
    <p class='ocr_par' dir='ltr' id='par_1_11' title="bbox 547 1110 1094 1184">
     <span class='ocr_line' id='line_1_11' title="bbox 547 1110 1094 1184; baseline -0.002 -16"><span class='ocrx_word' id='word_1_67' title='bbox 547 1110 753 1184; x_wconf 88' lang='lat' dir='ltr'><strong>dioque</strong></span> <span class='ocrx_word' id='word_1_68' title='bbox 783 1121 1094 1168; x_wconf 82' lang='lat' dir='ltr'><strong>serventur.</strong></span> 
     </span>
    </p>
   </div>
   <div class='ocr_carea' id='block_1_12' title="bbox 1048 1202 1655 1262">
    <p class='ocr_par' dir='ltr' id='par_1_12' title="bbox 1048 1202 1655 1262">
     <span class='ocr_line' id='line_1_12' title="bbox 1048 1202 1655 1262; baseline -0.003 -2"><span class='ocrx_word' id='word_1_69' title='bbox 1048 1202 1391 1262; x_wconf 79' lang='lat' dir='ltr'><strong>EPISTOLA</strong></span> <span class='ocrx_word' id='word_1_70' title='bbox 1430 1202 1576 1260; x_wconf 80' lang='lat' dir='ltr'><strong>XXV</strong></span> <span class='ocrx_word' id='word_1_71' title='bbox 1607 1214 1655 1259; x_wconf 74' lang='grc' dir='ltr'><strong>ο.</strong></span> 
     </span>
    </p>
   </div>
   <div class='ocr_carea' id='block_1_13' title="bbox 1038 1298 1672 1372">
    <p class='ocr_par' dir='ltr' id='par_1_13' title="bbox 1038 1298 1672 1372">
     <span class='ocr_line' id='line_1_13' title="bbox 1038 1298 1672 1372; baseline -0.002 -18"><span class='ocrx_word' id='word_1_72' title='bbox 1038 1298 1119 1354; x_wconf 79' lang='lat' dir='ltr'><strong>Es</strong></span> <span class='ocrx_word' id='word_1_73' title='bbox 1148 1298 1411 1372; x_wconf 84' lang='lat' dir='ltr'><strong>Dionysio</strong></span> <span class='ocrx_word' id='word_1_74' title='bbox 1441 1299 1672 1371; x_wconf 78' lang='lat' dir='ltr'><strong>Exiguo.</strong></span> 
     </span>
    </p>
   </div>
   <div class='ocr_carea' id='block_1_14' title="bbox 543 1388 2160 1464">
    <p class='ocr_par' dir='ltr' id='par_1_14' title="bbox 543 1388 2160 1464">
     <span class='ocr_line' id='line_1_14' title="bbox 543 1388 2160 1464; baseline -0.001 -18"><span class='ocrx_word' id='word_1_75' title='bbox 543 1389 586 1446; x_wconf 82' lang='grc' dir='ltr'><strong>ἰ.</strong></span> <span class='ocrx_word' id='word_1_76' title='bbox 620 1388 649 1430; x_wconf 74' lang='grc' dir='ltr'><strong>ι)</strong></span> <span class='ocrx_word' id='word_1_77' title='bbox 683 1390 761 1447; x_wconf 85' lang='lat' dir='ltr'><strong>De</strong></span> <span class='ocrx_word' id='word_1_78' title='bbox 782 1390 926 1461; x_wconf 87' lang='lat' dir='ltr'><strong>pacis</strong></span> <span class='ocrx_word' id='word_1_79' title='bbox 960 1392 1138 1447; x_wconf 85' lang='lat' dir='ltr'><strong>osculo</strong></span> <span class='ocrx_word' id='word_1_80' title='bbox 1168 1392 1344 1447; x_wconf 89' lang='lat' dir='ltr'><strong>dando</strong></span> <span class='ocrx_word' id='word_1_81' title='bbox 1376 1402 1492 1460; x_wconf 87' lang='lat' dir='ltr'><strong>post</strong></span> <span class='ocrx_word' id='word_1_82' title='bbox 1522 1395 1759 1464; x_wconf 80' lang='lat' dir='ltr'><strong>confecta</strong></span> <span class='ocrx_word' id='word_1_83' title='bbox 1794 1392 2058 1464; x_wconf 82' lang='lat' dir='ltr'><strong>mysteria.</strong></span> <span class='ocrx_word' id='word_1_84' title='bbox 2088 1422 2160 1433; x_wconf 88' lang='lat'><strong>-—-</strong></span> 
     </span>
    </p>
   </div>
   <div class='ocr_carea' id='block_1_15' title="bbox 617 1481 2162 1557">
    <p class='ocr_par' dir='ltr' id='par_1_15' title="bbox 617 1481 2162 1557">
     <span class='ocr_line' id='line_1_15' title="bbox 617 1481 2162 1557; baseline 0 -19"><span class='ocrx_word' id='word_1_85' title='bbox 617 1482 687 1538; x_wconf 89' lang='lat' dir='ltr'><strong>II.</strong></span> <span class='ocrx_word' id='word_1_86' title='bbox 731 1481 812 1538; x_wconf 87' lang='lat' dir='ltr'><strong>De</strong></span> <span class='ocrx_word' id='word_1_87' title='bbox 860 1483 1153 1538; x_wconf 76' lang='lat' dir='ltr'><strong>nominibus</strong></span> <span class='ocrx_word' id='word_1_88' title='bbox 1194 1493 1315 1538; x_wconf 88' lang='lat' dir='ltr'><strong>ante</strong></span> <span class='ocrx_word' id='word_1_89' title='bbox 1341 1500 1543 1557; x_wconf 78' lang='lat' dir='ltr'><strong>precem</strong></span> <span class='ocrx_word' id='word_1_90' title='bbox 1570 1482 1857 1539; x_wconf 88' lang='lat' dir='ltr'><strong>sacerdotis</strong></span> <span class='ocrx_word' id='word_1_91' title='bbox 1900 1499 2004 1538; x_wconf 88' lang='lat' dir='ltr'><strong>non</strong></span> <span class='ocrx_word' id='word_1_92' title='bbox 2032 1483 2162 1538; x_wconf 87' lang='lat' dir='ltr'><strong>reci-</strong></span> 
     </span>
    </p>
   </div>
   <div class='ocr_carea' id='block_1_16' title="bbox 614 1575 2160 1649">
    <p class='ocr_par' dir='ltr' id='par_1_16' title="bbox 614 1575 2160 1649">
     <span class='ocr_line' id='line_1_16' title="bbox 614 1575 2160 1649; baseline -0.001 -18"><span class='ocrx_word' id='word_1_93' title='bbox 614 1576 810 1631; x_wconf 81' lang='lat' dir='ltr'><strong>tandis.</strong></span> <span class='ocrx_word' id='word_1_94' title='bbox 859 1605 931 1617; x_wconf 87' lang='lat'><strong>—-</strong></span> <span class='ocrx_word' id='word_1_95' title='bbox 967 1576 1055 1632; x_wconf 89' lang='lat' dir='ltr'><strong>III.</strong></span> <span class='ocrx_word' id='word_1_96' title='bbox 1093 1575 1248 1644; x_wconf 82' lang='lat' dir='ltr'><strong>Quod</strong></span> <span class='ocrx_word' id='word_1_97' title='bbox 1298 1594 1402 1631; x_wconf 88' lang='lat' dir='ltr'><strong>non</strong></span> <span class='ocrx_word' id='word_1_98' title='bbox 1429 1575 1644 1631; x_wconf 82' lang='lat' dir='ltr'><strong>debeant</strong></span> <span class='ocrx_word' id='word_1_99' title='bbox 1686 1576 1929 1649; x_wconf 78' lang='lat' dir='ltr'><strong>baptizati</strong></span> <span class='ocrx_word' id='word_1_100' title='bbox 1960 1576 2060 1631; x_wconf 87' lang='lat' dir='ltr'><strong>nisi</strong></span> <span class='ocrx_word' id='word_1_101' title='bbox 2095 1576 2160 1630; x_wconf 94' lang='lat' dir='ltr'><strong>ab</strong></span> 
     </span>
    </p>
   </div>
   <div class='ocr_carea' id='block_1_17' title="bbox 615 1667 2161 1741">
    <p class='ocr_par' dir='ltr' id='par_1_17' title="bbox 615 1667 2161 1741">
     <span class='ocr_line' id='line_1_17' title="bbox 615 1667 2161 1741; baseline 0.001 -18"><span class='ocrx_word' id='word_1_102' title='bbox 615 1669 857 1741; x_wconf 81' lang='lat' dir='ltr'><strong>episwpo</strong></span> <span class='ocrx_word' id='word_1_103' title='bbox 882 1669 1202 1739; x_wconf 74' lang='lat' dir='ltr'><strong>consignari.</strong></span> <span class='ocrx_word' id='word_1_104' title='bbox 1230 1698 1305 1709; x_wconf 90' lang='lat'>—</span> <span class='ocrx_word' id='word_1_105' title='bbox 1334 1667 1424 1723; x_wconf 90' lang='lat' dir='ltr'><strong>IV.</strong></span> <span class='ocrx_word' id='word_1_106' title='bbox 1458 1669 1610 1735; x_wconf 83' lang='lat' dir='ltr'><strong>Quod</strong></span> <span class='ocrx_word' id='word_1_107' title='bbox 1648 1670 1748 1724; x_wconf 88' lang='lat' dir='ltr'><strong>rite</strong></span> <span class='ocrx_word' id='word_1_108' title='bbox 1786 1670 1925 1724; x_wconf 88' lang='lat' dir='ltr'><strong>omni</strong></span> <span class='ocrx_word' id='word_1_109' title='bbox 1949 1670 2161 1726; x_wconf 82' lang='lat' dir='ltr'><strong>sabbato</strong></span> 
     </span>
    </p>
   </div>
   <div class='ocr_carea' id='block_1_18' title="bbox 605 1762 2159 1838">
    <p class='ocr_par' dir='ltr' id='par_1_18' title="bbox 605 1762 2159 1838">
     <span class='ocr_line' id='line_1_18' title="bbox 605 1762 2159 1838; baseline 0.001 -20"><span class='ocrx_word' id='word_1_110' title='bbox 605 1766 898 1838; x_wconf 82' lang='lat' dir='ltr'><strong>jejunetur.</strong></span> <span class='ocrx_word' id='word_1_111' title='bbox 934 1794 1006 1804; x_wconf 90' lang='lat'><strong><em>—</em></strong></span> <span class='ocrx_word' id='word_1_112' title='bbox 1028 1763 1096 1819; x_wconf 89' lang='lat' dir='ltr'><strong>V.</strong></span> <span class='ocrx_word' id='word_1_113' title='bbox 1134 1762 1210 1818; x_wconf 90' lang='lat' dir='ltr'><strong>De</strong></span> <span class='ocrx_word' id='word_1_114' title='bbox 1232 1763 1504 1834; x_wconf 79' lang='lat' dir='ltr'><strong>fermento,</strong></span> <span class='ocrx_word' id='word_1_115' title='bbox 1539 1764 1679 1832; x_wconf 87' lang='lat' dir='ltr'><strong>quod</strong></span> <span class='ocrx_word' id='word_1_116' title='bbox 1709 1765 1932 1819; x_wconf 81' lang='lat' dir='ltr'><strong>civitatis</strong></span> <span class='ocrx_word' id='word_1_117' title='bbox 1960 1775 2159 1820; x_wconf 85' lang='lat' dir='ltr'><strong>tantum</strong></span> 
     </span>
    </p>
   </div>
   <div class='ocr_carea' id='block_1_19' title="bbox 619 1859 930 1931">
    <p class='ocr_par' dir='ltr' id='par_1_19' title="bbox 619 1859 930 1931">
     <span class='ocr_line' id='line_1_19' title="bbox 619 1859 930 1931; baseline -0.006 -16"><span class='ocrx_word' id='word_1_118' title='bbox 619 1859 930 1931; x_wconf 70' lang='lat' dir='ltr'><strong>presbyteris</strong></span> 
     </span>
    </p>
   </div>
   <div class='ocr_carea' id='block_1_20' title="bbox 614 1950 2159 2023">
    <p class='ocr_par' dir='ltr' id='par_1_20' title="bbox 614 1950 2159 2023">
     <span class='ocr_line' id='line_1_20' title="bbox 614 1950 2159 2023; baseline 0.003 -17"><span class='ocrx_word' id='word_1_119' title='bbox 614 1953 764 2007; x_wconf 80' lang='lat' dir='ltr'><strong>satis.</strong></span> <span class='ocrx_word' id='word_1_120' title='bbox 795 1982 869 1993; x_wconf 96' lang='lat'>—</span> <span class='ocrx_word' id='word_1_121' title='bbox 890 1950 1007 2007; x_wconf 82' lang='lat' dir='ltr'><strong>VII.</strong></span> <span class='ocrx_word' id='word_1_122' title='bbox 1029 1951 1109 2007; x_wconf 86' lang='lat' dir='ltr'><strong>De</strong></span> <span class='ocrx_word' id='word_1_123' title='bbox 1157 1950 1544 2023; x_wconf 63' lang='lat' dir='ltr'><strong>pauitantibus.</strong></span> <span class='ocrx_word' id='word_1_124' title='bbox 1573 1982 1644 1991; x_wconf 98' lang='lat'><strong><em>—</em></strong></span> <span class='ocrx_word' id='word_1_125' title='bbox 1672 1951 1807 2007; x_wconf 89' lang='lat' dir='ltr'><strong>VIII.</strong></span> <span class='ocrx_word' id='word_1_126' title='bbox 1861 1951 1941 2007; x_wconf 88' lang='lat' dir='ltr'><strong>De</strong></span> <span class='ocrx_word' id='word_1_127' title='bbox 1963 1954 2159 2023; x_wconf 88' lang='lat' dir='ltr'><strong>episto-</strong></span> 
     </span>
    </p>
   </div>
   <div class='ocr_carea' id='block_1_21' title="bbox 621 2044 2159 2117">
    <p class='ocr_par' dir='ltr' id='par_1_21' title="bbox 621 2044 2159 2117">
     <span class='ocr_line' id='line_1_21' title="bbox 621 2044 2159 2117; baseline 0 -16"><span class='ocrx_word' id='word_1_128' title='bbox 621 2047 675 2101; x_wconf 91' lang='lat' dir='ltr'><strong>la</strong></span> <span class='ocrx_word' id='word_1_129' title='bbox 706 2044 770 2101; x_wconf 93' lang='lat' dir='ltr'><strong>S.</strong></span> <span class='ocrx_word' id='word_1_130' title='bbox 793 2044 980 2099; x_wconf 79' lang='lat' dir='ltr'><strong>Jacobi</strong></span> <span class='ocrx_word' id='word_1_131' title='bbox 1001 2044 1231 2116; x_wconf 81' lang='lat' dir='ltr'><strong>apostoli</strong></span> <span class='ocrx_word' id='word_1_132' title='bbox 1254 2045 1311 2098; x_wconf 91' lang='lat' dir='ltr'><strong>in</strong></span> <span class='ocrx_word' id='word_1_133' title='bbox 1336 2060 1444 2115; x_wconf 90' lang='lat' dir='ltr'><strong>qua</strong></span> <span class='ocrx_word' id='word_1_134' title='bbox 1470 2060 1567 2114; x_wconf 87' lang='lat' dir='ltr'><strong>pro</strong></span> <span class='ocrx_word' id='word_1_135' title='bbox 1594 2044 1818 2114; x_wconf 84' lang='lat' dir='ltr'><strong>inﬁrmis</strong></span> <span class='ocrx_word' id='word_1_136' title='bbox 1848 2061 1998 2100; x_wconf 86' lang='lat' dir='ltr'><strong>orare</strong></span> <span class='ocrx_word' id='word_1_137' title='bbox 2026 2062 2159 2117; x_wconf 61' lang='lat' dir='ltr'><strong>prato</strong></span> 
     </span>
    </p>
   </div>
   <div class='ocr_carea' id='block_1_22' title="bbox 623 2137 832 2209">
    <p class='ocr_par' dir='ltr' id='par_1_22' title="bbox 623 2137 832 2209">
     <span class='ocr_line' id='line_1_22' title="bbox 623 2137 832 2209; baseline 0 -16"><span class='ocrx_word' id='word_1_138' title='bbox 623 2137 832 2209; x_wconf 82' lang='lat' dir='ltr'><strong>cipitur.</strong></span> 
     </span>
    </p>
   </div>
   <div class='ocr_carea' id='block_1_23' title="bbox 996 2227 1719 2287">
    <p class='ocr_par' dir='ltr' id='par_1_23' title="bbox 996 2227 1719 2287">
     <span class='ocr_line' id='line_1_23' title="bbox 996 2227 1719 2287; baseline 0.001 -2"><span class='ocrx_word' id='word_1_139' title='bbox 996 2229 1073 2285; x_wconf 86' lang='lat' dir='ltr'><strong>Ex</strong></span> <span class='ocrx_word' id='word_1_140' title='bbox 1106 2243 1212 2285; x_wconf 89' lang='lat' dir='ltr'><strong>ms.</strong></span> <span class='ocrx_word' id='word_1_141' title='bbox 1242 2227 1567 2286; x_wconf 89' lang='lat' dir='ltr'><strong>Colbertino</strong></span> <span class='ocrx_word' id='word_1_142' title='bbox 1591 2230 1719 2287; x_wconf 76' lang='lat'><strong>952.</strong></span> 
     </span>
    </p>
   </div>
   <div class='ocr_carea' id='block_1_24' title="bbox 543 2318 2160 2396">
    <p class='ocr_par' dir='ltr' id='par_1_24' title="bbox 543 2318 2160 2396">
     <span class='ocr_line' id='line_1_24' title="bbox 543 2318 2160 2396; baseline -0.001 -17"><span class='ocrx_word' id='word_1_143' title='bbox 543 2320 587 2379; x_wconf 86' lang='grc' dir='ltr'><strong>Ι.</strong></span> <span class='ocrx_word' id='word_1_144' title='bbox 621 2318 691 2379; x_wconf 89' lang='lat' dir='ltr'><strong>Ut</strong></span> <span class='ocrx_word' id='word_1_145' title='bbox 729 2338 909 2394; x_wconf 89' lang='lat' dir='ltr'><strong>pacem</strong></span> <span class='ocrx_word' id='word_1_146' title='bbox 944 2323 1001 2377; x_wconf 86' lang='lat' dir='ltr'><strong>in</strong></span> <span class='ocrx_word' id='word_1_147' title='bbox 1024 2323 1243 2377; x_wconf 87' lang='lat' dir='ltr'><strong>ecclesia</strong></span> <span class='ocrx_word' id='word_1_148' title='bbox 1266 2324 1488 2396; x_wconf 85' lang='lat' dir='ltr'><strong>peractis</strong></span> <span class='ocrx_word' id='word_1_149' title='bbox 1529 2323 1784 2396; x_wconf 81' lang='lat' dir='ltr'><strong>mysteriis</strong></span> <span class='ocrx_word' id='word_1_150' title='bbox 1811 2324 2160 2378; x_wconf 84' lang='lat' dir='ltr'><strong>communica-</strong></span> 
     </span>
    </p>
   </div>
   <div class='ocr_carea' id='block_1_25' title="bbox 618 2413 2160 2483">
    <p class='ocr_par' dir='ltr' id='par_1_25' title="bbox 618 2413 2160 2483">
     <span class='ocr_line' id='line_1_25' title="bbox 618 2413 2160 2483; baseline 0.001 -13"><span class='ocrx_word' id='word_1_151' title='bbox 618 2417 724 2472; x_wconf 87' lang='lat' dir='ltr'><strong>turi</strong></span> <span class='ocrx_word' id='word_1_152' title='bbox 747 2416 845 2472; x_wconf 91' lang='lat' dir='ltr'><strong>sibi</strong></span> <span class='ocrx_word' id='word_1_153' title='bbox 871 2417 1090 2473; x_wconf 80' lang='lat' dir='ltr'><strong>invicem</strong></span> <span class='ocrx_word' id='word_1_154' title='bbox 1115 2418 1347 2471; x_wconf 87' lang='lat' dir='ltr'><strong>tradant.</strong></span> <span class='ocrx_word' id='word_1_155' title='bbox 1380 2446 1451 2457; x_wconf 89' lang='lat'><strong>—</strong></span> <span class='ocrx_word' id='word_1_156' title='bbox 1481 2416 1548 2471; x_wconf 90' lang='lat' dir='ltr'><strong>Il.</strong></span> <span class='ocrx_word' id='word_1_157' title='bbox 1600 2415 1669 2472; x_wconf 90' lang='lat' dir='ltr'><strong>Ut</strong></span> <span class='ocrx_word' id='word_1_158' title='bbox 1701 2417 1911 2471; x_wconf 87' lang='lat' dir='ltr'><strong>nomina</strong></span> <span class='ocrx_word' id='word_1_159' title='bbox 1939 2413 2160 2483; x_wconf 72' lang='lat' dir='ltr'><strong>offeren-</strong></span> 
     </span>
    </p>
   </div>
   <div class='ocr_carea' id='block_1_26' title="bbox 618 2510 2153 2584">
    <p class='ocr_par' dir='ltr' id='par_1_26' title="bbox 618 2510 2153 2584">
     <span class='ocr_line' id='line_1_26' title="bbox 618 2510 2153 2584; baseline -0.002 -17"><span class='ocrx_word' id='word_1_160' title='bbox 618 2513 748 2567; x_wconf 85' lang='lat' dir='ltr'><strong>tium</strong></span> <span class='ocrx_word' id='word_1_161' title='bbox 768 2528 872 2568; x_wconf 87' lang='lat' dir='ltr'><strong>non</strong></span> <span class='ocrx_word' id='word_1_162' title='bbox 896 2513 1067 2583; x_wconf 87' lang='lat' dir='ltr'><strong>prius,</strong></span> <span class='ocrx_word' id='word_1_163' title='bbox 1088 2513 1179 2567; x_wconf 90' lang='lat' dir='ltr'><strong>sed</strong></span> <span class='ocrx_word' id='word_1_164' title='bbox 1200 2513 1340 2566; x_wconf 90' lang='lat' dir='ltr'><strong>intra</strong></span> <span class='ocrx_word' id='word_1_165' title='bbox 1361 2513 1607 2584; x_wconf 80' lang='lat' dir='ltr'><strong>mysteria</strong></span> <span class='ocrx_word' id='word_1_166' title='bbox 1654 2512 1957 2565; x_wconf 81' lang='lat' dir='ltr'><strong>recitentur.</strong></span> <span class='ocrx_word' id='word_1_167' title='bbox 1979 2540 2050 2551; x_wconf 93' lang='lat'><strong>—</strong></span> <span class='ocrx_word' id='word_1_168' title='bbox 2065 2510 2153 2565; x_wconf 89' lang='lat' dir='ltr'><strong>Ill.</strong></span> 
     </span>
    </p>
   </div>
   <div class='ocr_carea' id='block_1_27' title="bbox 629 2605 2158 2679">
    <p class='ocr_par' dir='ltr' id='par_1_27' title="bbox 629 2605 2158 2679">
     <span class='ocr_line' id='line_1_27' title="bbox 629 2605 2158 2679; baseline -0.001 -18"><span class='ocrx_word' id='word_1_169' title='bbox 629 2605 707 2661; x_wconf 87' lang='lat' dir='ltr'><strong>De</strong></span> <span class='ocrx_word' id='word_1_170' title='bbox 736 2606 1107 2679; x_wconf 85' lang='lat' dir='ltr'><strong>consignandis</strong></span> <span class='ocrx_word' id='word_1_171' title='bbox 1128 2605 1417 2677; x_wconf 78' lang='lat' dir='ltr'><strong>infantibus</strong></span> <span class='ocrx_word' id='word_1_172' title='bbox 1438 2622 1458 2674; x_wconf 89' lang='lat'><strong><em>;</em></strong></span> <span class='ocrx_word' id='word_1_173' title='bbox 1479 2606 1605 2661; x_wconf 88' lang='lat' dir='ltr'><strong>solis</strong></span> <span class='ocrx_word' id='word_1_174' title='bbox 1635 2606 1699 2659; x_wconf 88' lang='lat' dir='ltr'><strong>de</strong></span> <span class='ocrx_word' id='word_1_175' title='bbox 1718 2613 2015 2659; x_wconf 86' lang='lat' dir='ltr'><strong>consecrato</strong></span> <span class='ocrx_word' id='word_1_176' title='bbox 2047 2606 2158 2660; x_wconf 90' lang='lat' dir='ltr'><strong>oleo</strong></span> 
     </span>
    </p>
   </div>
   <div class='ocr_carea' id='block_1_28' title="bbox 615 2697 2160 2773">
    <p class='ocr_par' dir='ltr' id='par_1_28' title="bbox 615 2697 2160 2773">
     <span class='ocr_line' id='line_1_28' title="bbox 615 2697 2160 2773; baseline 0.002 -20"><span class='ocrx_word' id='word_1_177' title='bbox 615 2697 769 2755; x_wconf 83' lang='lat' dir='ltr'><strong>licere</strong></span> <span class='ocrx_word' id='word_1_178' title='bbox 816 2701 943 2756; x_wconf 89' lang='lat' dir='ltr'><strong>dare</strong></span> <span class='ocrx_word' id='word_1_179' title='bbox 981 2701 1255 2773; x_wconf 82' lang='lat' dir='ltr'><strong>episcopis.</strong></span> <span class='ocrx_word' id='word_1_180' title='bbox 1306 2731 1378 2741; x_wconf 95' lang='lat'><strong>—</strong></span> <span class='ocrx_word' id='word_1_181' title='bbox 1418 2700 1510 2756; x_wconf 79' lang='grc' dir='ltr'><strong>ιν.</strong></span> <span class='ocrx_word' id='word_1_182' title='bbox 1559 2700 1637 2754; x_wconf 86' lang='lat' dir='ltr'><strong>De</strong></span> <span class='ocrx_word' id='word_1_183' title='bbox 1679 2702 1928 2771; x_wconf 82' lang='lat' dir='ltr'><strong>fermento</strong></span> <span class='ocrx_word' id='word_1_184' title='bbox 1974 2701 2029 2754; x_wconf 90' lang='lat' dir='ltr'><strong>in</strong></span> <span class='ocrx_word' id='word_1_185' title='bbox 2075 2700 2160 2756; x_wconf 90' lang='lat' dir='ltr'><strong>die</strong></span> 
     </span>
    </p>
   </div>
   <div class='ocr_carea' id='block_1_29' title="bbox 617 2793 2157 2863">
    <p class='ocr_par' dir='ltr' id='par_1_29' title="bbox 617 2793 2157 2863">
     <span class='ocr_line' id='line_1_29' title="bbox 617 2793 2157 2863; baseline -0.002 -13"><span class='ocrx_word' id='word_1_186' title='bbox 617 2803 797 2851; x_wconf 88' lang='lat' dir='ltr'><strong>sancto</strong></span> <span class='ocrx_word' id='word_1_187' title='bbox 842 2794 1087 2860; x_wconf 64' lang='lat' dir='ltr'><strong>Pascha,</strong></span> <span class='ocrx_word' id='word_1_188' title='bbox 1118 2794 1200 2851; x_wconf 78' lang='lat' dir='ltr'><strong>his</strong></span> <span class='ocrx_word' id='word_1_189' title='bbox 1233 2803 1435 2849; x_wconf 88' lang='lat' dir='ltr'><strong>tantum</strong></span> <span class='ocrx_word' id='word_1_190' title='bbox 1484 2793 1855 2859; x_wconf 86' lang='lat' dir='ltr'><strong>sacerdotibus,</strong></span> <span class='ocrx_word' id='word_1_191' title='bbox 1897 2794 1988 2863; x_wconf 88' lang='lat' dir='ltr'><strong>qui</strong></span> <span class='ocrx_word' id='word_1_192' title='bbox 2018 2795 2157 2847; x_wconf 87' lang='lat' dir='ltr'><strong>intra</strong></span> 
     </span>
    </p>
   </div>
   <div class='ocr_carea' id='block_1_30' title="bbox 616 2886 2153 2958">
    <p class='ocr_par' dir='ltr' id='par_1_30' title="bbox 616 2886 2153 2958">
     <span class='ocr_line' id='line_1_30' title="bbox 616 2886 2153 2958; baseline 0 -15"><span class='ocrx_word' id='word_1_193' title='bbox 616 2888 794 2944; x_wconf 81' lang='lat' dir='ltr'><strong>urbem</strong></span> <span class='ocrx_word' id='word_1_194' title='bbox 813 2896 958 2954; x_wconf 88' lang='lat' dir='ltr'><strong>sunt,</strong></span> <span class='ocrx_word' id='word_1_195' title='bbox 983 2888 1121 2942; x_wconf 88' lang='lat' dir='ltr'><strong>tradi</strong></span> <span class='ocrx_word' id='word_1_196' title='bbox 1147 2888 1346 2943; x_wconf 88' lang='lat' dir='ltr'><strong>debere.</strong></span> <span class='ocrx_word' id='word_1_197' title='bbox 1378 2918 1451 2928; x_wconf 96' lang='lat'><strong><em>—</em></strong></span> <span class='ocrx_word' id='word_1_198' title='bbox 1477 2886 1545 2944; x_wconf 89' lang='lat' dir='ltr'><strong>V.</strong></span> <span class='ocrx_word' id='word_1_199' title='bbox 1580 2886 1658 2942; x_wconf 90' lang='lat' dir='ltr'><strong>De</strong></span> <span class='ocrx_word' id='word_1_200' title='bbox 1686 2888 1891 2958; x_wconf 80' lang='lat' dir='ltr'><strong>jejunio</strong></span> <span class='ocrx_word' id='word_1_201' title='bbox 1932 2886 2153 2943; x_wconf 89' lang='lat' dir='ltr'><strong>sabbati.</strong></span> 
     </span>
    </p>
   </div>
   <div class='ocr_carea' id='block_1_31' title="bbox 619 2979 2157 3054">
    <p class='ocr_par' dir='ltr' id='par_1_31' title="bbox 619 2979 2157 3054">
     <span class='ocr_line' id='line_1_31' title="bbox 619 2979 2157 3054; baseline -0.001 -17"><span class='ocrx_word' id='word_1_202' title='bbox 619 3008 691 3023; x_wconf 84' lang='lat'><strong>--</strong></span> <span class='ocrx_word' id='word_1_203' title='bbox 723 2979 812 3037; x_wconf 88' lang='lat' dir='ltr'><strong>VI.</strong></span> <span class='ocrx_word' id='word_1_204' title='bbox 853 2980 936 3036; x_wconf 89' lang='lat' dir='ltr'><strong>De</strong></span> <span class='ocrx_word' id='word_1_205' title='bbox 961 2980 1041 3036; x_wconf 81' lang='lat' dir='ltr'><strong>his</strong></span> <span class='ocrx_word' id='word_1_206' title='bbox 1061 2982 1152 3052; x_wconf 85' lang='lat' dir='ltr'><strong>qui</strong></span> <span class='ocrx_word' id='word_1_207' title='bbox 1179 2992 1292 3050; x_wconf 85' lang='lat' dir='ltr'><strong>post</strong></span> <span class='ocrx_word' id='word_1_208' title='bbox 1320 2981 1631 3054; x_wconf 85' lang='lat' dir='ltr'><strong>baptismum</strong></span> <span class='ocrx_word' id='word_1_209' title='bbox 1653 2998 1685 3034; x_wconf 90' lang='lat' dir='ltr'><strong>a</strong></span> <span class='ocrx_word' id='word_1_210' title='bbox 1710 2979 1967 3035; x_wconf 72' lang='lat' dir='ltr'><strong>damonio</strong></span> <span class='ocrx_word' id='word_1_211' title='bbox 1991 2983 2157 3036; x_wconf 87' lang='lat' dir='ltr'><strong>corri-</strong></span> 
     </span>
    </p>
   </div>
   <div class='ocr_carea' id='block_1_32' title="bbox 614 3073 2154 3147">
    <p class='ocr_par' dir='ltr' id='par_1_32' title="bbox 614 3073 2154 3147">
     <span class='ocr_line' id='line_1_32' title="bbox 614 3073 2154 3147; baseline 0.001 -18"><span class='ocrx_word' id='word_1_212' title='bbox 614 3075 851 3147; x_wconf 86' lang='lat' dir='ltr'><strong>piuntur.</strong></span> <span class='ocrx_word' id='word_1_213' title='bbox 899 3104 971 3115; x_wconf 89' lang='lat'><strong>—-</strong></span> <span class='ocrx_word' id='word_1_214' title='bbox 996 3073 1108 3129; x_wconf 90' lang='lat' dir='ltr'><strong>VII.</strong></span> <span class='ocrx_word' id='word_1_215' title='bbox 1143 3073 1223 3130; x_wconf 88' lang='lat' dir='ltr'><strong>De</strong></span> <span class='ocrx_word' id='word_1_216' title='bbox 1267 3075 1629 3145; x_wconf 69' lang='lat' dir='ltr'><strong>paenitentibus</strong></span> <span class='ocrx_word' id='word_1_217' title='bbox 1654 3075 1752 3146; x_wconf 89' lang='lat' dir='ltr'><strong>&#39;qui</strong></span> <span class='ocrx_word' id='word_1_218' title='bbox 1790 3074 1974 3129; x_wconf 88' lang='lat' dir='ltr'><strong>modus</strong></span> <span class='ocrx_word' id='word_1_219' title='bbox 2018 3077 2154 3130; x_wconf 85' lang='lat' dir='ltr'><strong>circa</strong></span> 
     </span>
    </p>
   </div>
   <div class='ocr_carea' id='block_1_33' title="bbox 618 3166 2152 3226">
    <p class='ocr_par' dir='ltr' id='par_1_33' title="bbox 618 3166 2152 3226">
     <span class='ocr_line' id='line_1_33' title="bbox 618 3166 2152 3226; baseline 0.003 -4"><span class='ocrx_word' id='word_1_220' title='bbox 618 3166 756 3224; x_wconf 88' lang='lat' dir='ltr'><strong>diem</strong></span> <span class='ocrx_word' id='word_1_221' title='bbox 798 3179 1035 3223; x_wconf 88' lang='lat' dir='ltr'><strong>sanctum</strong></span> <span class='ocrx_word' id='word_1_222' title='bbox 1073 3167 1296 3224; x_wconf 74' lang='lat' dir='ltr'><strong>Pascha:</strong></span> <span class='ocrx_word' id='word_1_223' title='bbox 1339 3169 1500 3223; x_wconf 89' lang='lat' dir='ltr'><strong>teneri</strong></span> <span class='ocrx_word' id='word_1_224' title='bbox 1556 3168 1755 3224; x_wconf 86' lang='lat' dir='ltr'><strong>debeat.</strong></span> <span class='ocrx_word' id='word_1_225' title='bbox 1786 3198 1859 3212; x_wconf 90' lang='lat'><strong>—</strong></span> <span class='ocrx_word' id='word_1_226' title='bbox 1885 3168 2027 3225; x_wconf 87' lang='lat' dir='ltr'><strong>VIII.</strong></span> <span class='ocrx_word' id='word_1_227' title='bbox 2081 3168 2152 3226; x_wconf 88' lang='lat' dir='ltr'><strong>Ut</strong></span> 
     </span>
    </p>
   </div>
   <div class='ocr_carea' id='block_1_34' title="bbox 2262 547 3863 616">
    <p class='ocr_par' dir='ltr' id='par_1_34' title="bbox 2262 547 3863 616">
     <span class='ocr_line' id='line_1_34' title="bbox 2262 547 3863 616; baseline 0.002 -14"><span class='ocrx_word' id='word_1_228' title='bbox 2262 547 2475 602; x_wconf 91' lang='lat' dir='ltr'><strong>Domini</strong></span> <span class='ocrx_word' id='word_1_229' title='bbox 2506 547 2821 605; x_wconf 85' lang='lat' dir='ltr'><strong>sacerdotes</strong></span> <span class='ocrx_word' id='word_1_230' title='bbox 2849 592 2863 612; x_wconf 87' lang='lat'><em>.</em></span> <span class='ocrx_word' id='word_1_231' title='bbox 2899 547 3047 605; x_wconf 89' lang='lat' dir='ltr'><strong>nulla</strong></span> <span class='ocrx_word' id='word_1_232' title='bbox 3079 548 3397 616; x_wconf 85' lang='lat' dir='ltr'><strong>diversitas,</strong></span> <span class='ocrx_word' id='word_1_233' title='bbox 3429 549 3583 605; x_wconf 90' lang='lat' dir='ltr'><strong>nulla</strong></span> <span class='ocrx_word' id='word_1_234' title='bbox 3625 547 3863 605; x_wconf 88' lang='lat' dir='ltr'><strong>varietas</strong></span> 
     </span>
    </p>
   </div>
   <div class='ocr_carea' id='block_1_35' title="bbox 2259 641 3862 713">
    <p class='ocr_par' dir='ltr' id='par_1_35' title="bbox 2259 641 3862 713">
     <span class='ocr_line' id='line_1_35' title="bbox 2259 641 3862 713; baseline 0.002 -16"><span class='ocrx_word' id='word_1_235' title='bbox 2259 642 2311 697; x_wconf 90' lang='lat' dir='ltr'><strong>in</strong></span> <span class='ocrx_word' id='word_1_236' title='bbox 2334 642 2466 713; x_wconf 86' lang='lat' dir='ltr'><strong>ipsis</strong></span> <span class='ocrx_word' id='word_1_237' title='bbox 2497 642 2780 699; x_wconf 84' lang='lat' dir='ltr'><strong>ordinibus</strong></span> <span class='ocrx_word' id='word_1_238' title='bbox 2801 650 2859 699; x_wconf 89' lang='lat' dir='ltr'><strong>et</strong></span> <span class='ocrx_word' id='word_1_239' title='bbox 2877 644 3384 701; x_wconf 84' lang='lat' dir='ltr'><strong>consecrationibus</strong></span> <span class='ocrx_word' id='word_1_240' title='bbox 3407 645 3729 701; x_wconf 80' lang='lat' dir='ltr'><strong>haberetur.</strong></span> <span class='ocrx_word' id='word_1_241' title='bbox 3757 641 3862 700; x_wconf 87' lang='lat' dir='ltr'><strong>Sed</strong></span> 
     </span>
    </p>
   </div>
   <div class='ocr_carea' id='block_1_36' title="bbox 2258 731 3861 808">
    <p class='ocr_par' dir='ltr' id='par_1_36' title="bbox 2258 731 3861 808">
     <span class='ocr_line' id='line_1_36' title="bbox 2258 731 3861 808; baseline 0.002 -20"><span class='ocrx_word' id='word_1_242' title='bbox 2258 731 2387 789; x_wconf 90' lang='lat' dir='ltr'><strong>dum</strong></span> <span class='ocrx_word' id='word_1_243' title='bbox 2419 733 2798 806; x_wconf 86' lang='lat' dir='ltr'><strong>unusquisque</strong></span> <span class='ocrx_word' id='word_1_244' title='bbox 2826 749 2938 790; x_wconf 93' lang='lat' dir='ltr'><strong>non</strong></span> <span class='ocrx_word' id='word_1_245' title='bbox 2969 735 3115 807; x_wconf 89' lang='lat' dir='ltr'><strong>quod</strong></span> <span class='ocrx_word' id='word_1_246' title='bbox 3145 735 3404 793; x_wconf 88' lang='lat' dir='ltr'><strong>traditum</strong></span> <span class='ocrx_word' id='word_1_247' title='bbox 3435 745 3543 804; x_wconf 91' lang='lat' dir='ltr'><strong>est,</strong></span> <span class='ocrx_word' id='word_1_248' title='bbox 3593 736 3692 793; x_wconf 90' lang='lat' dir='ltr'><strong>sed</strong></span> <span class='ocrx_word' id='word_1_249' title='bbox 3721 735 3861 808; x_wconf 85' lang='lat' dir='ltr'><strong>quod</strong></span> 
     </span>
    </p>
   </div>
   <div class='ocr_carea' id='block_1_37' title="bbox 2259 827 3864 899">
    <p class='ocr_par' dir='ltr' id='par_1_37' title="bbox 2259 827 3864 899">
     <span class='ocr_line' id='line_1_37' title="bbox 2259 827 3864 899; baseline 0.004 -16"><span class='ocrx_word' id='word_1_250' title='bbox 2259 827 2366 885; x_wconf 89' lang='lat' dir='ltr'><strong>sibi</strong></span> <span class='ocrx_word' id='word_1_251' title='bbox 2394 828 2572 885; x_wconf 89' lang='lat' dir='ltr'><strong>visum</strong></span> <span class='ocrx_word' id='word_1_252' title='bbox 2616 828 2800 897; x_wconf 87' lang='lat' dir='ltr'><strong>fuerit,</strong></span> <span class='ocrx_word' id='word_1_253' title='bbox 2832 828 2936 886; x_wconf 90' lang='lat' dir='ltr'><strong>hoc</strong></span> <span class='ocrx_word' id='word_1_254' title='bbox 2965 831 3207 886; x_wconf 68' lang='lat' dir='ltr'><strong>mstimat</strong></span> <span class='ocrx_word' id='word_1_255' title='bbox 3235 845 3360 891; x_wconf 87' lang='lat' dir='ltr'><strong>esse</strong></span> <span class='ocrx_word' id='word_1_256' title='bbox 3386 830 3713 899; x_wconf 90' lang='lat' dir='ltr'><strong>tenendum,</strong></span> <span class='ocrx_word' id='word_1_257' title='bbox 3744 829 3864 889; x_wconf 86' lang='lat' dir='ltr'><strong>inde</strong></span> 
     </span>
    </p>
   </div>
   <div class='ocr_carea' id='block_1_38' title="bbox 2258 921 3867 991">
    <p class='ocr_par' dir='ltr' id='par_1_38' title="bbox 2258 921 3867 991">
     <span class='ocr_line' id='line_1_38' title="bbox 2258 921 3867 991; baseline 0.001 -14"><span class='ocrx_word' id='word_1_258' title='bbox 2258 921 2476 977; x_wconf 89' lang='lat' dir='ltr'><strong>diversa</strong></span> <span class='ocrx_word' id='word_1_259' title='bbox 2509 923 2561 976; x_wconf 92' lang='lat' dir='ltr'><strong>in</strong></span> <span class='ocrx_word' id='word_1_260' title='bbox 2596 921 2831 977; x_wconf 85' lang='lat' dir='ltr'><strong>diversis</strong></span> <span class='ocrx_word' id='word_1_261' title='bbox 2855 921 2990 978; x_wconf 89' lang='lat' dir='ltr'><strong>locis</strong></span> <span class='ocrx_word' id='word_1_262' title='bbox 3016 922 3103 978; x_wconf 90' lang='lat' dir='ltr'><strong>vel</strong></span> <span class='ocrx_word' id='word_1_263' title='bbox 3129 923 3381 980; x_wconf 89' lang='lat' dir='ltr'><strong>ecclesiis</strong></span> <span class='ocrx_word' id='word_1_264' title='bbox 3408 932 3502 980; x_wconf 89' lang='lat' dir='ltr'><strong>aut</strong></span> <span class='ocrx_word' id='word_1_265' title='bbox 3532 922 3733 991; x_wconf 89' lang='lat' dir='ltr'><strong>teneri,</strong></span> <span class='ocrx_word' id='word_1_266' title='bbox 3777 930 3867 979; x_wconf 89' lang='lat' dir='ltr'><strong>aut</strong></span> 
     </span>
    </p>
   </div>
   <div class='ocr_carea' id='block_1_39' title="bbox 2258 1013 3862 1087">
    <p class='ocr_par' dir='ltr' id='par_1_39' title="bbox 2258 1013 3862 1087">
     <span class='ocr_line' id='line_1_39' title="bbox 2258 1013 3862 1087; baseline -0.001 -16"><span class='ocrx_word' id='word_1_267' title='bbox 2258 1013 2531 1071; x_wconf 90' lang='lat' dir='ltr'><strong>celebrari</strong></span> <span class='ocrx_word' id='word_1_268' title='bbox 2582 1013 2869 1080; x_wconf 89' lang='lat' dir='ltr'><strong>videntur;</strong></span> <span class='ocrx_word' id='word_1_269' title='bbox 2918 1029 2985 1071; x_wconf 89' lang='lat' dir='ltr'><strong>ac</strong></span> <span class='ocrx_word' id='word_1_270' title='bbox 3030 1015 3093 1070; x_wconf 86' lang='lat' dir='ltr'><strong>fit</strong></span> <span class='ocrx_word' id='word_1_271' title='bbox 3133 1015 3454 1072; x_wconf 84' lang='lat' dir='ltr'><strong>scandalum</strong></span> <span class='ocrx_word' id='word_1_272' title='bbox 3502 1014 3746 1087; x_wconf 89' lang='lat' dir='ltr'><strong>populis,</strong></span> <span class='ocrx_word' id='word_1_273' title='bbox 3777 1014 3862 1086; x_wconf 88' lang='lat' dir='ltr'><strong>qui</strong></span> 
     </span>
    </p>
   </div>
   <div class='ocr_carea' id='block_1_40' title="bbox 2258 1105 3863 1180">
    <p class='ocr_par' dir='ltr' id='par_1_40' title="bbox 2258 1105 3863 1180">
     <span class='ocr_line' id='line_1_40' title="bbox 2258 1105 3863 1180; baseline 0.001 -19"><span class='ocrx_word' id='word_1_274' title='bbox 2258 1105 2387 1162; x_wconf 92' lang='lat' dir='ltr'><strong>dum</strong></span> <span class='ocrx_word' id='word_1_275' title='bbox 2411 1106 3010 1163; x_wconf 86' lang='lat' dir='ltr'><strong>nesciunttraditiones</strong></span> <span class='ocrx_word' id='word_1_276' title='bbox 3034 1108 3290 1179; x_wconf 90' lang='lat' dir='ltr'><strong>antiquas</strong></span> <span class='ocrx_word' id='word_1_277' title='bbox 3303 1109 3542 1165; x_wconf 88' lang='lat' dir='ltr'><strong>humana</strong></span> <span class='ocrx_word' id='word_1_278' title='bbox 3566 1120 3863 1180; x_wconf 61' lang='lat' dir='ltr'><strong>presump-</strong></span> 
     </span>
    </p>
   </div>
   <div class='ocr_carea' id='block_1_41' title="bbox 2260 1199 3864 1271">
    <p class='ocr_par' dir='ltr' id='par_1_41' title="bbox 2260 1199 3864 1271">
     <span class='ocr_line' id='line_1_41' title="bbox 2260 1199 3864 1271; baseline 0.002 -18"><span class='ocrx_word' id='word_1_279' title='bbox 2260 1199 2411 1255; x_wconf 90' lang='lat' dir='ltr'><strong>tione</strong></span> <span class='ocrx_word' id='word_1_280' title='bbox 2451 1207 2760 1271; x_wconf 90' lang='lat' dir='ltr'><strong>corruptas,</strong></span> <span class='ocrx_word' id='word_1_281' title='bbox 2791 1208 2990 1271; x_wconf 88' lang='lat' dir='ltr'><strong>putent</strong></span> <span class='ocrx_word' id='word_1_282' title='bbox 3019 1200 3124 1257; x_wconf 86' lang='lat' dir='ltr'><strong>sibi</strong></span> <span class='ocrx_word' id='word_1_283' title='bbox 3152 1211 3249 1257; x_wconf 86' lang='lat' dir='ltr'><strong>aut</strong></span> <span class='ocrx_word' id='word_1_284' title='bbox 3286 1202 3562 1259; x_wconf 87' lang='lat' dir='ltr'><strong>ecclesias</strong></span> <span class='ocrx_word' id='word_1_285' title='bbox 3590 1217 3703 1257; x_wconf 90' lang='lat' dir='ltr'><strong>non</strong></span> <span class='ocrx_word' id='word_1_286' title='bbox 3741 1215 3864 1256; x_wconf 89' lang='lat' dir='ltr'><strong>con-</strong></span> 
     </span>
    </p>
   </div>
   <div class='ocr_carea' id='block_1_42' title="bbox 2259 1290 3866 1367">
    <p class='ocr_par' dir='ltr' id='par_1_42' title="bbox 2259 1290 3866 1367">
     <span class='ocr_line' id='line_1_42' title="bbox 2259 1290 3866 1367; baseline 0.001 -19"><span class='ocrx_word' id='word_1_287' title='bbox 2259 1294 2465 1361; x_wconf 86' lang='lat' dir='ltr'><strong>venire,</strong></span> <span class='ocrx_word' id='word_1_288' title='bbox 2499 1290 2631 1349; x_wconf 74' lang='lat' dir='ltr'><strong>autd</strong></span> <span class='ocrx_word' id='word_1_289' title='bbox 2644 1294 2714 1349; x_wconf 87' lang='lat' dir='ltr'><strong>ab</strong></span> <span class='ocrx_word' id='word_1_290' title='bbox 2744 1296 3025 1367; x_wconf 80' lang='lat' dir='ltr'><strong>Apostolis</strong></span> <span class='ocrx_word' id='word_1_291' title='bbox 3046 1295 3130 1352; x_wconf 90' lang='lat' dir='ltr'><strong>vel</strong></span> <span class='ocrx_word' id='word_1_292' title='bbox 3152 1295 3472 1367; x_wconf 85' lang='lat' dir='ltr'><strong>apostolicis</strong></span> <span class='ocrx_word' id='word_1_293' title='bbox 3495 1297 3633 1352; x_wconf 87' lang='lat' dir='ltr'><strong>viris</strong></span> <span class='ocrx_word' id='word_1_294' title='bbox 3652 1305 3866 1352; x_wconf 87' lang='lat' dir='ltr'><strong>contra-</strong></span> 
     </span>
    </p>
   </div>
   <div class='ocr_carea' id='block_1_43' title="bbox 2259 1386 3351 1461">
    <p class='ocr_par' dir='ltr' id='par_1_43' title="bbox 2259 1386 3351 1461">
     <span class='ocr_line' id='line_1_43' title="bbox 2259 1386 3351 1461; baseline 0.005 -21"><span class='ocrx_word' id='word_1_295' title='bbox 2259 1386 2510 1443; x_wconf 78' lang='lat' dir='ltr'><strong>rietatem</strong></span> <span class='ocrx_word' id='word_1_296' title='bbox 2544 1388 2819 1445; x_wconf 89' lang='lat' dir='ltr'><strong>inductam</strong></span> <span class='ocrx_word' id='word_1_297' title='bbox 2848 1389 3020 1461; x_wconf 87' lang='lat' dir='ltr'><strong>(Dist.</strong></span> <span class='ocrx_word' id='word_1_298' title='bbox 3050 1390 3105 1456; x_wconf 84' lang='lat'><strong>5,</strong></span> <span class='ocrx_word' id='word_1_299' title='bbox 3138 1407 3187 1445; x_wconf 85' lang='lat' dir='ltr'><strong>c.</strong></span> <span class='ocrx_word' id='word_1_300' title='bbox 3217 1390 3282 1447; x_wconf 81' lang='grc' dir='ltr'>Η</span> <span class='ocrx_word' id='word_1_301' title='bbox 3309 1390 3351 1461; x_wconf 92' lang='grc'><strong>).</strong></span> 
     </span>
    </p>
   </div>
   <div class='ocr_carea' id='block_1_44' title="bbox 2331 1503 3864 1583">
    <p class='ocr_par' dir='ltr' id='par_1_44' title="bbox 2331 1503 3864 1583">
     <span class='ocr_line' id='line_1_44' title="bbox 2331 1503 3864 1583; baseline 0.006 -25"><span class='ocrx_word' id='word_1_302' title='bbox 2331 1503 2388 1558; x_wconf 97' lang='lat'><strong>2.</strong></span> <span class='ocrx_word' id='word_1_303' title='bbox 2422 1505 2557 1575; x_wconf 84' lang='lat' dir='ltr'><strong>Quis</strong></span> <span class='ocrx_word' id='word_1_304' title='bbox 2588 1508 2733 1564; x_wconf 89' lang='lat' dir='ltr'><strong>enim</strong></span> <span class='ocrx_word' id='word_1_305' title='bbox 2767 1509 2975 1564; x_wconf 89' lang='lat' dir='ltr'><strong>nesciat</strong></span> <span class='ocrx_word' id='word_1_306' title='bbox 3001 1519 3093 1565; x_wconf 89' lang='lat' dir='ltr'><strong>aut</strong></span> <span class='ocrx_word' id='word_1_307' title='bbox 3129 1525 3236 1566; x_wconf 93' lang='lat' dir='ltr'><strong>non</strong></span> <span class='ocrx_word' id='word_1_308' title='bbox 3264 1509 3539 1579; x_wconf 84' lang='lat' dir='ltr'><strong>advertat,</strong></span> <span class='ocrx_word' id='word_1_309' title='bbox 3571 1510 3627 1566; x_wconf 91' lang='lat' dir='ltr'><strong>id</strong></span> <span class='ocrx_word' id='word_1_310' title='bbox 3657 1510 3800 1583; x_wconf 90' lang='lat' dir='ltr'><strong>quod</strong></span> <span class='ocrx_word' id='word_1_311' title='bbox 3837 1526 3864 1567; x_wconf 86' lang='lat' dir='ltr'><strong>a</strong></span> 
     </span>
    </p>
   </div>
   <div class='ocr_carea' id='block_1_45' title="bbox 2262 1608 3867 1681">
    <p class='ocr_par' dir='ltr' id='par_1_45' title="bbox 2262 1608 3867 1681">
     <span class='ocr_line' id='line_1_45' title="bbox 2262 1608 3867 1681; baseline 0.005 -18"><span class='ocrx_word' id='word_1_312' title='bbox 2262 1608 2513 1680; x_wconf 89' lang='lat' dir='ltr'><strong>principe</strong></span> <span class='ocrx_word' id='word_1_313' title='bbox 2543 1610 2925 1681; x_wconf 85' lang='lat' dir='ltr'><strong>Apostolorum</strong></span> <span class='ocrx_word' id='word_1_314' title='bbox 2963 1610 3129 1668; x_wconf 87' lang='lat' dir='ltr'><strong>Petro</strong></span> <span class='ocrx_word' id='word_1_315' title='bbox 3167 1611 3432 1670; x_wconf 65' lang='lat' dir='ltr'><strong>Romanae</strong></span> <span class='ocrx_word' id='word_1_316' title='bbox 3466 1613 3737 1671; x_wconf 81' lang='lat' dir='ltr'><strong>Ecclesia:</strong></span> <span class='ocrx_word' id='word_1_317' title='bbox 3768 1626 3867 1671; x_wconf 84' lang='lat' dir='ltr'><strong>tra-</strong></span> 
     </span>
    </p>
   </div>
   <div class='ocr_carea' id='block_1_46' title="bbox 2262 1712 3867 1786">
    <p class='ocr_par' dir='ltr' id='par_1_46' title="bbox 2262 1712 3867 1786">
     <span class='ocr_line' id='line_1_46' title="bbox 2262 1712 3867 1786; baseline 0.005 -19"><span class='ocrx_word' id='word_1_318' title='bbox 2262 1712 2435 1768; x_wconf 88' lang='lat' dir='ltr'><strong>ditum</strong></span> <span class='ocrx_word' id='word_1_319' title='bbox 2465 1722 2572 1782; x_wconf 91' lang='lat' dir='ltr'><strong>est,</strong></span> <span class='ocrx_word' id='word_1_320' title='bbox 2604 1728 2668 1770; x_wconf 92' lang='lat' dir='ltr'><strong>ac</strong></span> <span class='ocrx_word' id='word_1_321' title='bbox 2690 1729 2834 1770; x_wconf 91' lang='lat' dir='ltr'><strong>nunc</strong></span> <span class='ocrx_word' id='word_1_322' title='bbox 2858 1730 3030 1786; x_wconf 89' lang='lat' dir='ltr'><strong>usque</strong></span> <span class='ocrx_word' id='word_1_323' title='bbox 3056 1716 3390 1784; x_wconf 90' lang='lat' dir='ltr'><strong>custoditur,</strong></span> <span class='ocrx_word' id='word_1_324' title='bbox 3412 1717 3484 1775; x_wconf 83' lang='lat' dir='ltr'><strong>ab</strong></span> <span class='ocrx_word' id='word_1_325' title='bbox 3505 1718 3760 1775; x_wconf 86' lang='lat' dir='ltr'><strong>omnibus</strong></span> <span class='ocrx_word' id='word_1_326' title='bbox 3780 1719 3867 1775; x_wconf 82' lang='lat' dir='ltr'><strong>de-</strong></span> 
     </span>
    </p>
   </div>
   <div class='ocr_carea' id='block_1_47' title="bbox 960 1813 3864 1931">
    <p class='ocr_par' dir='ltr' id='par_1_47' title="bbox 960 1813 3864 1931">
     <span class='ocr_line' id='line_1_47' title="bbox 960 1813 3864 1931; baseline 0.003 -64"><span class='ocrx_word' id='word_1_327' title='bbox 2190 1849 2240 1911; x_wconf 79' lang='grc' dir='ltr'><strong>Β</strong></span> <span class='ocrx_word' id='word_1_328' title='bbox 2264 1813 2395 1870; x_wconf 89' lang='lat' dir='ltr'><strong>bere</strong></span> <span class='ocrx_word' id='word_1_329' title='bbox 2422 1815 2665 1882; x_wconf 89' lang='lat' dir='ltr'><strong>servari;</strong></span> <span class='ocrx_word' id='word_1_330' title='bbox 2712 1830 2814 1872; x_wconf 88' lang='lat' dir='ltr'><strong>nec</strong></span> <span class='ocrx_word' id='word_1_331' title='bbox 2842 1816 3137 1887; x_wconf 90' lang='lat' dir='ltr'><strong>superduci</strong></span> <span class='ocrx_word' id='word_1_332' title='bbox 3172 1827 3265 1873; x_wconf 88' lang='lat' dir='ltr'><strong>aut</strong></span> <span class='ocrx_word' id='word_1_333' title='bbox 3315 1818 3594 1901; x_wconf 66' lang='lat' dir='ltr'><strong>introduci</strong></span> <span class='ocrx_word' id='word_1_334' title='bbox 3646 1820 3864 1892; x_wconf 90' lang='lat' dir='ltr'><strong>aliquid,</strong></span> 
     </span>
    </p>
   </div>
   <div class='ocr_carea' id='block_1_48' title="bbox 2265 1915 3868 1992">
    <p class='ocr_par' dir='ltr' id='par_1_48' title="bbox 2265 1915 3868 1992">
     <span class='ocr_line' id='line_1_48' title="bbox 2265 1915 3868 1992; baseline 0.006 -22"><span class='ocrx_word' id='word_1_335' title='bbox 2265 1915 2405 1986; x_wconf 89' lang='lat' dir='ltr'><strong>quod</strong></span> <span class='ocrx_word' id='word_1_336' title='bbox 2435 1918 2819 1973; x_wconf 85' lang='lat' dir='ltr'><strong>auctoritatem</strong></span> <span class='ocrx_word' id='word_1_337' title='bbox 2852 1932 2957 1973; x_wconf 90' lang='lat' dir='ltr'><strong>non</strong></span> <span class='ocrx_word' id='word_1_338' title='bbox 2991 1916 3209 1988; x_wconf 87' lang='lat' dir='ltr'><strong>habeat,</strong></span> <span class='ocrx_word' id='word_1_339' title='bbox 3256 1928 3352 1976; x_wconf 92' lang='lat' dir='ltr'><strong>aut</strong></span> <span class='ocrx_word' id='word_1_340' title='bbox 3378 1920 3600 1978; x_wconf 90' lang='lat' dir='ltr'><strong>aliunde</strong></span> <span class='ocrx_word' id='word_1_341' title='bbox 3626 1921 3868 1992; x_wconf 87' lang='lat' dir='ltr'><strong>accipere</strong></span> 
     </span>
    </p>
   </div>
   <div class='ocr_carea' id='block_1_49' title="bbox 2263 2009 3864 2083">
    <p class='ocr_par' dir='ltr' id='par_1_49' title="bbox 2263 2009 3864 2083">
     <span class='ocr_line' id='line_1_49' title="bbox 2263 2009 3864 2083; baseline 0.004 -19"><span class='ocrx_word' id='word_1_342' title='bbox 2263 2009 2514 2065; x_wconf 86' lang='lat' dir='ltr'><strong>videatur</strong></span> <span class='ocrx_word' id='word_1_343' title='bbox 2542 2009 2890 2080; x_wconf 78' lang='lat' dir='ltr'><strong>exemplum?</strong></span> <span class='ocrx_word' id='word_1_344' title='bbox 2916 2012 3216 2081; x_wconf 58' lang='lat' dir='ltr'><strong>praesertim</strong></span> <span class='ocrx_word' id='word_1_345' title='bbox 3243 2027 3368 2070; x_wconf 92' lang='lat' dir='ltr'><strong>cum</strong></span> <span class='ocrx_word' id='word_1_346' title='bbox 3397 2014 3469 2069; x_wconf 90' lang='lat' dir='ltr'><strong>sit</strong></span> <span class='ocrx_word' id='word_1_347' title='bbox 3498 2014 3864 2083; x_wconf 89' lang='lat' dir='ltr'><strong>manifestum,</strong></span> 
     </span>
    </p>
   </div>
   <div class='ocr_carea' id='block_1_50' title="bbox 2262 2103 3867 2182">
    <p class='ocr_par' dir='ltr' id='par_1_50' title="bbox 2262 2103 3867 2182">
     <span class='ocr_line' id='line_1_50' title="bbox 2262 2103 3867 2182; baseline 0.004 -23"><span class='ocrx_word' id='word_1_348' title='bbox 2262 2103 2318 2159; x_wconf 90' lang='lat' dir='ltr'><strong>in</strong></span> <span class='ocrx_word' id='word_1_349' title='bbox 2335 2118 2555 2161; x_wconf 90' lang='lat' dir='ltr'><strong>omnem</strong></span> <span class='ocrx_word' id='word_1_350' title='bbox 2580 2103 2813 2173; x_wconf 88' lang='lat' dir='ltr'><strong>Italiam,</strong></span> <span class='ocrx_word' id='word_1_351' title='bbox 2841 2104 3070 2173; x_wconf 86' lang='lat' dir='ltr'><strong>Gallias,</strong></span> <span class='ocrx_word' id='word_1_352' title='bbox 3104 2106 3418 2178; x_wconf 82' lang='lat' dir='ltr'><strong>Hispanias,</strong></span> <span class='ocrx_word' id='word_1_353' title='bbox 3445 2108 3691 2165; x_wconf 88' lang='lat' dir='ltr'><strong>Africam</strong></span> <span class='ocrx_word' id='word_1_354' title='bbox 3713 2118 3867 2182; x_wconf 89' lang='lat' dir='ltr'><strong>atque</strong></span> 
     </span>
    </p>
   </div>
   <div class='ocr_carea' id='block_1_51' title="bbox 2262 2204 3869 2278">
    <p class='ocr_par' dir='ltr' id='par_1_51' title="bbox 2262 2204 3869 2278">
     <span class='ocr_line' id='line_1_51' title="bbox 2262 2204 3869 2278; baseline 0.002 -16"><span class='ocrx_word' id='word_1_355' title='bbox 2262 2204 2535 2270; x_wconf 90' lang='lat' dir='ltr'><strong>Siciliam,</strong></span> <span class='ocrx_word' id='word_1_356' title='bbox 2580 2214 2637 2261; x_wconf 91' lang='lat' dir='ltr'><strong>et</strong></span> <span class='ocrx_word' id='word_1_357' title='bbox 2685 2204 2893 2262; x_wconf 90' lang='lat' dir='ltr'><strong>insulas</strong></span> <span class='ocrx_word' id='word_1_358' title='bbox 2926 2216 2949 2244; x_wconf 74' lang='grc' dir='ltr'><strong>ε</strong></span> <span class='ocrx_word' id='word_1_359' title='bbox 2996 2207 3410 2278; x_wconf 74' lang='lat' dir='ltr'><strong>interiacentes,</strong></span> <span class='ocrx_word' id='word_1_360' title='bbox 3458 2208 3671 2265; x_wconf 92' lang='lat' dir='ltr'><strong>nullum</strong></span> <span class='ocrx_word' id='word_1_361' title='bbox 3722 2209 3869 2265; x_wconf 90' lang='lat' dir='ltr'><strong>insti-</strong></span> 
     </span>
    </p>
   </div>
   <div class='ocr_carea' id='block_1_52' title="bbox 2261 2299 3867 2377">
    <p class='ocr_par' dir='ltr' id='par_1_52' title="bbox 2261 2299 3867 2377">
     <span class='ocr_line' id='line_1_52' title="bbox 2261 2299 3867 2377; baseline 0.005 -23"><span class='ocrx_word' id='word_1_362' title='bbox 2261 2300 2435 2355; x_wconf 90' lang='lat' dir='ltr'><strong>tuisse</strong></span> <span class='ocrx_word' id='word_1_363' title='bbox 2459 2299 2748 2369; x_wconf 87' lang='lat' dir='ltr'><strong>ecclesias,</strong></span> <span class='ocrx_word' id='word_1_364' title='bbox 2779 2300 2883 2357; x_wconf 88' lang='lat' dir='ltr'><strong>nisi</strong></span> <span class='ocrx_word' id='word_1_365' title='bbox 2914 2316 3010 2357; x_wconf 88' lang='lat' dir='ltr'><strong>eos</strong></span> <span class='ocrx_word' id='word_1_366' title='bbox 3035 2316 3175 2373; x_wconf 85' lang='lat' dir='ltr'><strong>quos</strong></span> <span class='ocrx_word' id='word_1_367' title='bbox 3216 2303 3552 2361; x_wconf 89' lang='lat' dir='ltr'><strong>venerabilis</strong></span> <span class='ocrx_word' id='word_1_368' title='bbox 3592 2306 3867 2377; x_wconf 88' lang='lat' dir='ltr'><strong>apostolus</strong></span> 
     </span>
    </p>
   </div>
   <div class='ocr_carea' id='block_1_53' title="bbox 2260 2392 3862 2465">
    <p class='ocr_par' dir='ltr' id='par_1_53' title="bbox 2260 2392 3862 2465">
     <span class='ocr_line' id='line_1_53' title="bbox 2260 2392 3862 2465; baseline 0.003 -17"><span class='ocrx_word' id='word_1_369' title='bbox 2260 2392 2457 2449; x_wconf 88' lang='lat' dir='ltr'><strong>Petrus</strong></span> <span class='ocrx_word' id='word_1_370' title='bbox 2482 2402 2576 2450; x_wconf 88' lang='lat' dir='ltr'><strong>aut</strong></span> <span class='ocrx_word' id='word_1_371' title='bbox 2606 2393 2724 2465; x_wconf 77' lang='lat' dir='ltr'><strong>eius</strong></span> <span class='ocrx_word' id='word_1_372' title='bbox 2746 2408 3095 2451; x_wconf 86' lang='lat' dir='ltr'><strong>successores</strong></span> <span class='ocrx_word' id='word_1_373' title='bbox 3118 2396 3506 2453; x_wconf 87' lang='lat' dir='ltr'><strong>constituerint</strong></span> <span class='ocrx_word' id='word_1_374' title='bbox 3531 2398 3862 2455; x_wconf 84' lang='lat' dir='ltr'><strong>sacerdotes.</strong></span> 
     </span>
    </p>
   </div>
   <div class='ocr_carea' id='block_1_54' title="bbox 2260 2487 3863 2561">
    <p class='ocr_par' dir='ltr' id='par_1_54' title="bbox 2260 2487 3863 2561">
     <span class='ocr_line' id='line_1_54' title="bbox 2260 2487 3863 2561; baseline 0.005 -19"><span class='ocrx_word' id='word_1_375' title='bbox 2260 2487 2373 2543; x_wconf 85' lang='lat' dir='ltr'><strong>Aut</strong></span> <span class='ocrx_word' id='word_1_376' title='bbox 2399 2488 2606 2559; x_wconf 87' lang='lat' dir='ltr'><strong>legant,</strong></span> <span class='ocrx_word' id='word_1_377' title='bbox 2651 2488 2698 2544; x_wconf 92' lang='lat' dir='ltr'><strong>si</strong></span> <span class='ocrx_word' id='word_1_378' title='bbox 2729 2488 2785 2543; x_wconf 91' lang='lat' dir='ltr'><strong>in</strong></span> <span class='ocrx_word' id='word_1_379' title='bbox 2829 2488 2912 2543; x_wconf 89' lang='lat' dir='ltr'><strong>his</strong></span> <span class='ocrx_word' id='word_1_380' title='bbox 2941 2489 3240 2559; x_wconf 88' lang='lat' dir='ltr'><strong>provinciis</strong></span> <span class='ocrx_word' id='word_1_381' title='bbox 3284 2489 3430 2545; x_wconf 87' lang='lat' dir='ltr'><strong>alius</strong></span> <span class='ocrx_word' id='word_1_382' title='bbox 3473 2491 3863 2561; x_wconf 85' lang='lat' dir='ltr'><strong>Apostolorum</strong></span> 
     </span>
    </p>
   </div>
   <div class='ocr_carea' id='block_1_55' title="bbox 2260 2582 3862 2659">
    <p class='ocr_par' dir='ltr' id='par_1_55' title="bbox 2260 2582 3862 2659">
     <span class='ocr_line' id='line_1_55' title="bbox 2260 2582 3862 2659; baseline 0.003 -22"><span class='ocrx_word' id='word_1_383' title='bbox 2260 2582 2561 2652; x_wconf 88' lang='lat' dir='ltr'><strong>invenitur,</strong></span> <span class='ocrx_word' id='word_1_384' title='bbox 2592 2590 2688 2639; x_wconf 89' lang='lat' dir='ltr'><strong>aut</strong></span> <span class='ocrx_word' id='word_1_385' title='bbox 2713 2583 2912 2656; x_wconf 77' lang='lat' dir='ltr'><strong>legitur</strong></span> <span class='ocrx_word' id='word_1_386' title='bbox 2947 2584 3222 2641; x_wconf 89' lang='lat' dir='ltr'><strong>docuisse.</strong></span> <span class='ocrx_word' id='word_1_387' title='bbox 3261 2584 3366 2654; x_wconf 84' lang='lat' dir='ltr'><strong>Qui</strong></span> <span class='ocrx_word' id='word_1_388' title='bbox 3417 2585 3467 2641; x_wconf 91' lang='lat' dir='ltr'><strong>si</strong></span> <span class='ocrx_word' id='word_1_389' title='bbox 3510 2600 3621 2641; x_wconf 90' lang='lat' dir='ltr'><strong>non</strong></span> <span class='ocrx_word' id='word_1_390' title='bbox 3665 2587 3862 2659; x_wconf 87' lang='lat' dir='ltr'><strong>legunt,</strong></span> 
     </span>
    </p>
   </div>
   <div class='ocr_carea' id='block_1_56' title="bbox 2261 2676 3862 2751">
    <p class='ocr_par' dir='ltr' id='par_1_56' title="bbox 2261 2676 3862 2751">
     <span class='ocr_line' id='line_1_56' title="bbox 2261 2676 3862 2751; baseline 0.002 -19"><span class='ocrx_word' id='word_1_391' title='bbox 2261 2677 2387 2747; x_wconf 91' lang='lat' dir='ltr'><strong>quia</strong></span> <span class='ocrx_word' id='word_1_392' title='bbox 2408 2691 2673 2747; x_wconf 87' lang='lat' dir='ltr'><strong>nusquam</strong></span> <span class='ocrx_word' id='word_1_393' title='bbox 2695 2676 3002 2744; x_wconf 90' lang='lat' dir='ltr'><strong>inveniunt,</strong></span> <span class='ocrx_word' id='word_1_394' title='bbox 3030 2687 3247 2749; x_wconf 89' lang='lat' dir='ltr'><strong>oportet</strong></span> <span class='ocrx_word' id='word_1_395' title='bbox 3274 2692 3371 2734; x_wconf 89' lang='lat' dir='ltr'><strong>eos</strong></span> <span class='ocrx_word' id='word_1_396' title='bbox 3394 2677 3500 2736; x_wconf 87' lang='lat' dir='ltr'><strong>hoc</strong></span> <span class='ocrx_word' id='word_1_397' title='bbox 3521 2680 3705 2751; x_wconf 86' lang='lat' dir='ltr'><strong>sequi,</strong></span> <span class='ocrx_word' id='word_1_398' title='bbox 3728 2679 3862 2751; x_wconf 90' lang='lat' dir='ltr'><strong>quod</strong></span> 
     </span>
    </p>
   </div>
   <div class='ocr_carea' id='block_1_57' title="bbox 2262 2768 3861 2841">
    <p class='ocr_par' dir='ltr' id='par_1_57' title="bbox 2262 2768 3861 2841">
     <span class='ocr_line' id='line_1_57' title="bbox 2262 2768 3861 2841; baseline 0.002 -17"><span class='ocrx_word' id='word_1_399' title='bbox 2262 2768 2505 2826; x_wconf 87' lang='lat' dir='ltr'><strong>Ecclesia</strong></span> <span class='ocrx_word' id='word_1_400' title='bbox 2536 2768 2780 2825; x_wconf 83' lang='lat' dir='ltr'><strong>Romana</strong></span> <span class='ocrx_word' id='word_1_401' title='bbox 2813 2769 3074 2838; x_wconf 87' lang='lat' dir='ltr'><strong>custodit,</strong></span> <span class='ocrx_word' id='word_1_402' title='bbox 3102 2785 3135 2825; x_wconf 88' lang='lat' dir='ltr'><strong>a</strong></span> <span class='ocrx_word' id='word_1_403' title='bbox 3163 2786 3267 2841; x_wconf 89' lang='lat' dir='ltr'><strong>qua</strong></span> <span class='ocrx_word' id='word_1_404' title='bbox 3290 2784 3387 2825; x_wconf 91' lang='lat' dir='ltr'><strong>eos</strong></span> <span class='ocrx_word' id='word_1_405' title='bbox 3417 2770 3749 2841; x_wconf 85' lang='lat' dir='ltr'><strong>principium</strong></span> <span class='ocrx_word' id='word_1_406' title='bbox 3775 2786 3861 2827; x_wconf 88' lang='lat' dir='ltr'><strong>ac-</strong></span> 
     </span>
    </p>
   </div>
   <div class='ocr_carea' id='block_1_58' title="bbox 2259 2860 3864 2933">
    <p class='ocr_par' dir='ltr' id='par_1_58' title="bbox 2259 2860 3864 2933">
     <span class='ocr_line' id='line_1_58' title="bbox 2259 2860 3864 2933; baseline 0.002 -17"><span class='ocrx_word' id='word_1_407' title='bbox 2259 2860 2473 2931; x_wconf 90' lang='lat' dir='ltr'><strong>cepisse</strong></span> <span class='ocrx_word' id='word_1_408' title='bbox 2502 2874 2612 2916; x_wconf 89' lang='lat' dir='ltr'><strong>non</strong></span> <span class='ocrx_word' id='word_1_409' title='bbox 2643 2860 2866 2916; x_wconf 91' lang='lat' dir='ltr'><strong>dubium</strong></span> <span class='ocrx_word' id='word_1_410' title='bbox 2898 2869 3003 2930; x_wconf 84' lang='lat' dir='ltr'><strong>est,</strong></span> <span class='ocrx_word' id='word_1_411' title='bbox 3036 2876 3104 2916; x_wconf 89' lang='lat' dir='ltr'><strong>ne</strong></span> <span class='ocrx_word' id='word_1_412' title='bbox 3134 2861 3260 2917; x_wconf 94' lang='lat' dir='ltr'><strong>dum</strong></span> <span class='ocrx_word' id='word_1_413' title='bbox 3286 2862 3592 2933; x_wconf 75' lang='lat' dir='ltr'><strong>peregrinis</strong></span> <span class='ocrx_word' id='word_1_414' title='bbox 3616 2864 3864 2920; x_wconf 88' lang='lat' dir='ltr'><strong>assertio-</strong></span> 
     </span>
    </p>
   </div>
   <div class='ocr_carea' id='block_1_59' title="bbox 2259 2952 3862 3023">
    <p class='ocr_par' dir='ltr' id='par_1_59' title="bbox 2259 2952 3862 3023">
     <span class='ocr_line' id='line_1_59' title="bbox 2259 2952 3862 3023; baseline 0.003 -16"><span class='ocrx_word' id='word_1_415' title='bbox 2259 2953 2422 3007; x_wconf 88' lang='lat' dir='ltr'><strong>nibus</strong></span> <span class='ocrx_word' id='word_1_416' title='bbox 2491 2952 2757 3021; x_wconf 88' lang='lat' dir='ltr'><strong>student,</strong></span> <span class='ocrx_word' id='word_1_417' title='bbox 2838 2960 3004 3023; x_wconf 90' lang='lat' dir='ltr'><strong>caput</strong></span> <span class='ocrx_word' id='word_1_418' title='bbox 3082 2953 3495 3012; x_wconf 86' lang='lat' dir='ltr'><strong>institutionum</strong></span> <span class='ocrx_word' id='word_1_419' title='bbox 3579 2954 3862 3012; x_wconf 88' lang='lat' dir='ltr'><strong>videantur</strong></span> 
     </span>
    </p>
   </div>
   <div class='ocr_carea' id='block_1_60' title="bbox 2256 3044 2533 3102">
    <p class='ocr_par' dir='ltr' id='par_1_60' title="bbox 2256 3044 2533 3102">
     <span class='ocr_line' id='line_1_60' title="bbox 2256 3044 2533 3102; baseline 0 -2"><span class='ocrx_word' id='word_1_420' title='bbox 2256 3044 2533 3102; x_wconf 90' lang='lat' dir='ltr'><strong>omittere.</strong></span> 
     </span>
    </p>
   </div>
   <div class='ocr_carea' id='block_1_61' title="bbox 2332 3159 3859 3235">
    <p class='ocr_par' dir='ltr' id='par_1_61' title="bbox 2332 3159 3859 3235">
     <span class='ocr_line' id='line_1_61' title="bbox 2332 3159 3859 3235; baseline 0.005 -20"><span class='ocrx_word' id='word_1_421' title='bbox 2332 3159 2384 3215; x_wconf 79' lang='lat'><strong>3.</strong></span> <span class='ocrx_word' id='word_1_422' title='bbox 2425 3160 2584 3231; x_wconf 69' lang='lat' dir='ltr'><strong>Saepe</strong></span> <span class='ocrx_word' id='word_1_423' title='bbox 2605 3159 2961 3217; x_wconf 85' lang='lat' dir='ltr'><strong>dilectionem</strong></span> <span class='ocrx_word' id='word_1_424' title='bbox 2996 3168 3141 3216; x_wconf 89' lang='lat' dir='ltr'><strong>tuam</strong></span> <span class='ocrx_word' id='word_1_425' title='bbox 3176 3160 3242 3216; x_wconf 88' lang='lat' dir='ltr'><strong>ad</strong></span> <span class='ocrx_word' id='word_1_426' title='bbox 3292 3160 3501 3218; x_wconf 87' lang='lat' dir='ltr'><strong>Urbem</strong></span> <span class='ocrx_word' id='word_1_427' title='bbox 3531 3162 3775 3235; x_wconf 86' lang='lat' dir='ltr'><strong>venisse,</strong></span> <span class='ocrx_word' id='word_1_428' title='bbox 3800 3179 3859 3222; x_wconf 86' lang='lat' dir='ltr'><strong>ac</strong></span> 
     </span>
    </p>
   </div>
   <div class='ocr_carea' id='block_1_62' title="bbox 616 3246 3854 3332">
    <p class='ocr_par' dir='ltr' id='par_1_62' title="bbox 616 3246 3854 3332">
     <span class='ocr_line' id='line_1_62' title="bbox 616 3246 3854 3332; baseline 0 -15"><span class='ocrx_word' id='word_1_429' title='bbox 616 3261 787 3317; x_wconf 87' lang='lat' dir='ltr'><strong>oleum</strong></span> <span class='ocrx_word' id='word_1_430' title='bbox 812 3270 1052 3317; x_wconf 86' lang='lat' dir='ltr'><strong>sanctum</strong></span> <span class='ocrx_word' id='word_1_431' title='bbox 1077 3276 1181 3315; x_wconf 90' lang='lat' dir='ltr'><strong>non</strong></span> <span class='ocrx_word' id='word_1_432' title='bbox 1207 3262 1379 3316; x_wconf 88' lang='lat' dir='ltr'><strong>solum</strong></span> <span class='ocrx_word' id='word_1_433' title='bbox 1400 3262 1772 3329; x_wconf 82' lang='lat' dir='ltr'><strong>sacerdotibus,</strong></span> <span class='ocrx_word' id='word_1_434' title='bbox 1797 3263 1886 3317; x_wconf 86' lang='lat' dir='ltr'><strong>sed</strong></span> <span class='ocrx_word' id='word_1_435' title='bbox 1915 3273 1964 3318; x_wconf 89' lang='lat' dir='ltr'><strong>et</strong></span> <span class='ocrx_word' id='word_1_436' title='bbox 1985 3264 2151 3318; x_wconf 70' lang='lat' dir='ltr'><strong>enini-</strong></span> <span class='ocrx_word' id='word_1_437' title='bbox 2180 3246 2225 3311; x_wconf 89' lang='lat' dir='ltr'>C</span> <span class='ocrx_word' id='word_1_438' title='bbox 2257 3253 2540 3311; x_wconf 90' lang='lat' dir='ltr'><strong>uobiscum</strong></span> <span class='ocrx_word' id='word_1_439' title='bbox 2570 3253 2625 3310; x_wconf 90' lang='lat' dir='ltr'><strong>in</strong></span> <span class='ocrx_word' id='word_1_440' title='bbox 2658 3254 2894 3311; x_wconf 89' lang='lat' dir='ltr'><strong>ecclesia</strong></span> <span class='ocrx_word' id='word_1_441' title='bbox 2921 3256 3269 3325; x_wconf 88' lang='lat' dir='ltr'><strong>convenisse,</strong></span> <span class='ocrx_word' id='word_1_442' title='bbox 3320 3273 3430 3313; x_wconf 92' lang='lat' dir='ltr'><strong>non</strong></span> <span class='ocrx_word' id='word_1_443' title='bbox 3483 3258 3717 3316; x_wconf 84' lang='lat' dir='ltr'><strong>dubium</strong></span> <span class='ocrx_word' id='word_1_444' title='bbox 3759 3270 3854 3332; x_wconf 87' lang='lat' dir='ltr'><strong>est,</strong></span> 
     </span>
    </p>
   </div>
   <div class='ocr_carea' id='block_1_63' title="bbox 610 3352 2149 3425">
    <p class='ocr_par' dir='ltr' id='par_1_63' title="bbox 610 3352 2149 3425">
     <span class='ocr_line' id='line_1_63' title="bbox 610 3352 2149 3425; baseline 0 -17"><span class='ocrx_word' id='word_1_445' title='bbox 610 3352 706 3408; x_wconf 88' lang='lat' dir='ltr'><strong>bus</strong></span> <span class='ocrx_word' id='word_1_446' title='bbox 755 3352 1088 3420; x_wconf 83' lang='lat' dir='ltr'><strong>Christianis,</strong></span> <span class='ocrx_word' id='word_1_447' title='bbox 1119 3354 1171 3407; x_wconf 85' lang='lat' dir='ltr'><strong>iu</strong></span> <span class='ocrx_word' id='word_1_448' title='bbox 1210 3370 1305 3408; x_wconf 90' lang='lat' dir='ltr'><strong>sua</strong></span> <span class='ocrx_word' id='word_1_449' title='bbox 1354 3369 1667 3425; x_wconf 86' lang='lat' dir='ltr'><strong>suorumque</strong></span> <span class='ocrx_word' id='word_1_450' title='bbox 1713 3354 2014 3409; x_wconf 82' lang='lat' dir='ltr'><strong>necessitate</strong></span> <span class='ocrx_word' id='word_1_451' title='bbox 2052 3371 2149 3408; x_wconf 88' lang='lat' dir='ltr'><strong>un-</strong></span> 
     </span>
    </p>
   </div>
   <div class='ocr_carea' id='block_1_64' title="bbox 609 3444 2150 3520">
    <p class='ocr_par' dir='ltr' id='par_1_64' title="bbox 609 3444 2150 3520">
     <span class='ocr_line' id='line_1_64' title="bbox 609 3444 2150 3520; baseline 0 -19"><span class='ocrx_word' id='word_1_452' title='bbox 609 3464 727 3520; x_wconf 86' lang='lat' dir='ltr'><strong>gere</strong></span> <span class='ocrx_word' id='word_1_453' title='bbox 758 3447 929 3501; x_wconf 86' lang='lat' dir='ltr'><strong>liceat.</strong></span> <span class='ocrx_word' id='word_1_454' title='bbox 952 3476 1024 3488; x_wconf 91' lang='lat'><strong>—</strong></span> <span class='ocrx_word' id='word_1_455' title='bbox 1053 3444 1147 3501; x_wconf 81' lang='lat' dir='ltr'><strong>IX.</strong></span> <span class='ocrx_word' id='word_1_456' title='bbox 1170 3445 1239 3502; x_wconf 88' lang='lat' dir='ltr'><strong>Ut</strong></span> <span class='ocrx_word' id='word_1_457' title='bbox 1280 3445 1643 3517; x_wconf 70' lang='lat' dir='ltr'><strong>paenitentibus</strong></span> <span class='ocrx_word' id='word_1_458' title='bbox 1685 3445 1859 3501; x_wconf 90' lang='lat' dir='ltr'><strong>oleum</strong></span> <span class='ocrx_word' id='word_1_459' title='bbox 1892 3457 2150 3515; x_wconf 87' lang='lat' dir='ltr'><strong>sanctum,</strong></span> 
     </span>
    </p>
   </div>
   <div class='ocr_carea' id='block_1_65' title="bbox 613 3540 2152 3621">
    <p class='ocr_par' dir='ltr' id='par_1_65' title="bbox 613 3540 2152 3621">
     <span class='ocr_line' id='line_1_65' title="bbox 613 3540 2152 3621; baseline 0.001 -27"><span class='ocrx_word' id='word_1_460' title='bbox 613 3542 747 3621; x_wconf 66' lang='lat' dir='ltr'><strong>sicyt</strong></span> <span class='ocrx_word' id='word_1_461' title='bbox 799 3549 847 3594; x_wconf 91' lang='lat' dir='ltr'><strong>et</strong></span> <span class='ocrx_word' id='word_1_462' title='bbox 897 3541 1003 3594; x_wconf 88' lang='lat' dir='ltr'><strong>alia</strong></span> <span class='ocrx_word' id='word_1_463' title='bbox 1051 3549 1403 3607; x_wconf 88' lang='lat' dir='ltr'><strong>sacramenta,</strong></span> <span class='ocrx_word' id='word_1_464' title='bbox 1432 3540 1742 3611; x_wconf 67' lang='lat' dir='ltr'><strong>paenitentia:</strong></span> <span class='ocrx_word' id='word_1_465' title='bbox 1779 3550 2008 3613; x_wconf 85' lang='lat' dir='ltr'><strong>tempore</strong></span> <span class='ocrx_word' id='word_1_466' title='bbox 2051 3558 2152 3596; x_wconf 89' lang='lat' dir='ltr'><strong>non</strong></span> 
     </span>
    </p>
   </div>
   <div class='ocr_carea' id='block_1_66' title="bbox 617 3632 948 3689">
    <p class='ocr_par' dir='ltr' id='par_1_66' title="bbox 617 3632 948 3689">
     <span class='ocr_line' id='line_1_66' title="bbox 617 3632 948 3689; baseline 0.006 -2"><span class='ocrx_word' id='word_1_467' title='bbox 617 3632 948 3689; x_wconf 84' lang='lat' dir='ltr'><strong>concedatur.</strong></span> 
     </span>
    </p>
   </div>
   <div class='ocr_carea' id='block_1_67' title="bbox 541 3726 2151 3799">
    <p class='ocr_par' dir='ltr' id='par_1_67' title="bbox 541 3726 2151 3799">
     <span class='ocr_line' id='line_1_67' title="bbox 541 3726 2151 3799; baseline 0 -14"><span class='ocrx_word' id='word_1_468' title='bbox 541 3727 899 3786; x_wconf 73' lang='lat' dir='ltr'><strong>Inuocsn&#39;rws</strong></span> <span class='ocrx_word' id='word_1_469' title='bbox 929 3727 1205 3783; x_wconf 71' lang='lat' dir='ltr'><strong>Dncnurro</strong></span> <span class='ocrx_word' id='word_1_470' title='bbox 1232 3726 1494 3798; x_wconf 89' lang='lat' dir='ltr'><strong>episcopo</strong></span> <span class='ocrx_word' id='word_1_471' title='bbox 1523 3726 1806 3799; x_wconf 85' lang='lat' dir='ltr'><strong>Eugubino</strong></span> <span class='ocrx_word' id='word_1_472' title='bbox 1838 3739 1861 3769; x_wconf 75' lang='grc' dir='ltr'><strong>ε</strong></span> <span class='ocrx_word' id='word_1_473' title='bbox 1891 3727 2151 3786; x_wconf 84' lang='lat' dir='ltr'><strong>salutem.</strong></span> 
     </span>
    </p>
   </div>
   <div class='ocr_carea' id='block_1_68' title="bbox 613 3816 2156 3893">
    <p class='ocr_par' dir='ltr' id='par_1_68' title="bbox 613 3816 2156 3893">
     <span class='ocr_line' id='line_1_68' title="bbox 613 3816 2156 3893; baseline -0.001 -14"><span class='ocrx_word' id='word_1_474' title='bbox 613 3822 669 3879; x_wconf 83' lang='lat' dir='ltr'><strong>I.</strong></span> <span class='ocrx_word' id='word_1_475' title='bbox 716 3821 773 3878; x_wconf 91' lang='lat' dir='ltr'><strong>Si</strong></span> <span class='ocrx_word' id='word_1_476' title='bbox 804 3818 933 3893; x_wconf 85' lang='lat' dir='ltr'><strong>(Ivo</strong></span> <span class='ocrx_word' id='word_1_477' title='bbox 974 3837 1027 3891; x_wconf 88' lang='lat' dir='ltr'><strong>p.</strong></span> <span class='ocrx_word' id='word_1_478' title='bbox 1058 3819 1114 3886; x_wconf 73' lang='grc'><strong>4,</strong></span> <span class='ocrx_word' id='word_1_479' title='bbox 1144 3837 1192 3874; x_wconf 91' lang='lat' dir='ltr'><strong>c.</strong></span> <span class='ocrx_word' id='word_1_480' title='bbox 1225 3816 1334 3890; x_wconf 88' lang='lat'><strong>67)</strong></span> <span class='ocrx_word' id='word_1_481' title='bbox 1366 3821 1612 3876; x_wconf 86' lang='lat' dir='ltr'><strong>instituta</strong></span> <span class='ocrx_word' id='word_1_482' title='bbox 1651 3819 2048 3891; x_wconf 89' lang='lat' dir='ltr'><strong>ecclesiastica,</strong></span> <span class='ocrx_word' id='word_1_483' title='bbox 2098 3834 2156 3877; x_wconf 92' lang='lat' dir='ltr'><strong>ut</strong></span> 
     </span>
    </p>
   </div>
   <div class='ocr_carea' id='block_1_69' title="bbox 537 3958 2142 4034">
    <p class='ocr_par' dir='ltr' id='par_1_69' title="bbox 537 3958 2142 4034">
     <span class='ocr_line' id='line_1_69' title="bbox 537 3958 2142 4034; baseline -0.002 -15"><span class='ocrx_word' id='word_1_484' title='bbox 537 3963 699 4034; x_wconf 81' lang='lat' dir='ltr'><strong>epist.</strong></span> <span class='ocrx_word' id='word_1_485' title='bbox 724 3961 858 4034; x_wconf 56' lang='lat'><strong>185,</strong></span> <span class='ocrx_word' id='word_1_486' title='bbox 890 3976 946 4034; x_wconf 79' lang='grc' dir='ltr'><strong>η.</strong></span> <span class='ocrx_word' id='word_1_487' title='bbox 979 3958 1072 4027; x_wconf 71' lang='grc'><strong>44,</strong></span> <span class='ocrx_word' id='word_1_488' title='bbox 1112 3959 1425 4034; x_wconf 37' lang='lat' dir='ltr'><strong>objiciunt:</strong></span> <span class='ocrx_word' id='word_1_489' title='bbox 1456 3959 1517 4034; x_wconf 77' lang='lat' dir='ltr'><strong>Si</strong></span> <span class='ocrx_word' id='word_1_490' title='bbox 1539 3976 1660 4034; x_wconf 88' lang='lat' dir='ltr'><strong>ergo</strong></span> <span class='ocrx_word' id='word_1_491' title='bbox 1690 3969 1887 4034; x_wconf 81' lang='lat' dir='ltr'><strong>oportet</strong></span> <span class='ocrx_word' id='word_1_492' title='bbox 1942 3968 1999 4034; x_wconf 80' lang='lat' dir='ltr'><strong>ut</strong></span> <span class='ocrx_word' id='word_1_493' title='bbox 2049 3977 2142 4016; x_wconf 87' lang='lat' dir='ltr'><strong>nos</strong></span> 
     </span>
    </p>
   </div>
   <div class='ocr_carea' id='block_1_70' title="bbox 543 4029 2145 4102">
    <p class='ocr_par' dir='ltr' id='par_1_70' title="bbox 543 4029 2145 4102">
     <span class='ocr_line' id='line_1_70' title="bbox 543 4029 2145 4102; baseline -0.004 -13"><span class='ocrx_word' id='word_1_494' title='bbox 543 4029 690 4090; x_wconf 59' lang='lat' dir='ltr'><strong>eictra</strong></span> <span class='ocrx_word' id='word_1_495' title='bbox 714 4031 1007 4088; x_wconf 76' lang='lat' dir='ltr'><strong>Ecclesium</strong></span> <span class='ocrx_word' id='word_1_496' title='bbox 1033 4040 1081 4085; x_wconf 92' lang='lat' dir='ltr'><strong>et</strong></span> <span class='ocrx_word' id='word_1_497' title='bbox 1102 4030 1349 4086; x_wconf 82' lang='lat' dir='ltr'><strong>adversus</strong></span> <span class='ocrx_word' id='word_1_498' title='bbox 1369 4029 1655 4086; x_wconf 79' lang='lat' dir='ltr'><strong>Ecclesium</strong></span> <span class='ocrx_word' id='word_1_499' title='bbox 1686 4031 1843 4102; x_wconf 79' lang='lat' dir='ltr'><strong>fuisse</strong></span> <span class='ocrx_word' id='word_1_500' title='bbox 1858 4031 2099 4102; x_wconf 68' lang='lat' dir='ltr'><strong>paeniteat</strong></span> <span class='ocrx_word' id='word_1_501' title='bbox 2124 4048 2145 4097; x_wconf 85' lang='lat'><strong><em>;</em></strong></span> 
     </span>
    </p>
   </div>
   <div class='ocr_carea' id='block_1_71' title="bbox 538 4100 2143 4177">
    <p class='ocr_par' dir='ltr' id='par_1_71' title="bbox 538 4100 2143 4177">
     <span class='ocr_line' id='line_1_71' title="bbox 538 4100 2143 4177; baseline -0.004 -16"><span class='ocrx_word' id='word_1_502' title='bbox 538 4104 798 4177; x_wconf 88' lang='lat' dir='ltr'><strong>quomodo</strong></span> <span class='ocrx_word' id='word_1_503' title='bbox 841 4114 954 4175; x_wconf 88' lang='lat' dir='ltr'><strong>post</strong></span> <span class='ocrx_word' id='word_1_504' title='bbox 994 4104 1146 4157; x_wconf 81' lang='lat' dir='ltr'><strong>istam</strong></span> <span class='ocrx_word' id='word_1_505' title='bbox 1173 4103 1525 4177; x_wconf 64' lang='lat' dir='ltr'><strong>paenitentiam</strong></span> <span class='ocrx_word' id='word_1_506' title='bbox 1570 4100 1711 4175; x_wconf 84' lang='lat' dir='ltr'><strong>apud</strong></span> <span class='ocrx_word' id='word_1_507' title='bbox 1749 4100 2035 4177; x_wconf 72' lang='lat' dir='ltr'><strong>eos_rlerici</strong></span> <span class='ocrx_word' id='word_1_508' title='bbox 2066 4102 2143 4158; x_wconf 87' lang='lat' dir='ltr'><strong>vel</strong></span> 
     </span>
    </p>
   </div>
   <div class='ocr_carea' id='block_1_72' title="bbox 537 4172 2143 4249">
    <p class='ocr_par' dir='ltr' id='par_1_72' title="bbox 537 4172 2143 4249">
     <span class='ocr_line' id='line_1_72' title="bbox 537 4172 2143 4249; baseline -0.004 -17"><span class='ocrx_word' id='word_1_509' title='bbox 537 4172 692 4232; x_wconf 77' lang='lat' dir='ltr'><strong>etiam</strong></span> <span class='ocrx_word' id='word_1_510' title='bbox 713 4172 937 4249; x_wconf 54' lang='lat' dir='ltr'><strong>episcepi</strong></span> <span class='ocrx_word' id='word_1_511' title='bbox 958 4172 1310 4249; x_wconf 74' lang='lat' dir='ltr'><strong>permanemus</strong></span> <span class='ocrx_word' id='word_1_512' title='bbox 1334 4176 1366 4249; x_wconf 88' lang='lat'><strong>?_</strong></span> <span class='ocrx_word' id='word_1_513' title='bbox 1376 4173 1583 4241; x_wconf 86' lang='lat' dir='ltr'><strong>Quibus</strong></span> <span class='ocrx_word' id='word_1_514' title='bbox 1604 4172 1906 4249; x_wconf 76' lang='lat' dir='ltr'><strong>respondet</strong></span> <span class='ocrx_word' id='word_1_515' title='bbox 1926 4174 2143 4249; x_wconf 81' lang='lat' dir='ltr'><strong>Augus-</strong></span> 
     </span>
    </p>
   </div>
   <div class='ocr_carea' id='block_1_73' title="bbox 538 4244 2141 4315">
    <p class='ocr_par' dir='ltr' id='par_1_73' title="bbox 538 4244 2141 4315">
     <span class='ocr_line' id='line_1_73' title="bbox 538 4244 2141 4315; baseline -0.004 -11"><span class='ocrx_word' id='word_1_516' title='bbox 538 4248 685 4304; x_wconf 85' lang='lat' dir='ltr'><strong>tinus</strong></span> <span class='ocrx_word' id='word_1_517' title='bbox 708 4244 866 4303; x_wconf 20' lang='lat' dir='ltr'><strong>:’Hoc</strong></span> <span class='ocrx_word' id='word_1_518' title='bbox 884 4244 992 4301; x_wconf 79' lang='lat' dir='ltr'><strong>non</strong></span> <span class='ocrx_word' id='word_1_519' title='bbox 1014 4246 1179 4313; x_wconf 85' lang='lat' dir='ltr'><strong>ﬁeret,</strong></span> <span class='ocrx_word' id='word_1_520' title='bbox 1212 4247 1455 4315; x_wconf 86' lang='lat' dir='ltr'><strong>quoniam</strong></span> <span class='ocrx_word' id='word_1_521' title='bbox 1482 4261 1676 4312; x_wconf 75' lang='lat' dir='ltr'><strong>revera,</strong></span> <span class='ocrx_word' id='word_1_522' title='bbox 1711 4244 1847 4315; x_wconf 88' lang='lat' dir='ltr'><strong>quod</strong></span> <span class='ocrx_word' id='word_1_523' title='bbox 1878 4244 2141 4314; x_wconf 83' lang='lat' dir='ltr'><strong>fatendum</strong></span> 
     </span>
    </p>
   </div>
   <div class='ocr_carea' id='block_1_74' title="bbox 537 4316 2148 4391">
    <p class='ocr_par' dir='ltr' id='par_1_74' title="bbox 537 4316 2148 4391">
     <span class='ocr_line' id='line_1_74' title="bbox 537 4316 2148 4391; baseline -0.004 -16"><span class='ocrx_word' id='word_1_524' title='bbox 537 4328 633 4389; x_wconf 90' lang='lat' dir='ltr'><strong>est,</strong></span> <span class='ocrx_word' id='word_1_525' title='bbox 666 4320 779 4391; x_wconf 83' lang='lat' dir='ltr'><strong>ﬁeri</strong></span> <span class='ocrx_word' id='word_1_526' title='bbox 810 4335 922 4391; x_wconf 59' lang='lat' dir='ltr'><strong>non</strong></span> <span class='ocrx_word' id='word_1_527' title='bbox 958 4318 1178 4391; x_wconf 82' lang='lat' dir='ltr'><strong>deberet,</strong></span> <span class='ocrx_word' id='word_1_528' title='bbox 1224 4319 1325 4370; x_wconf 88' lang='lat' dir='ltr'><strong>nisi</strong></span> <span class='ocrx_word' id='word_1_529' title='bbox 1363 4318 1504 4391; x_wconf 76' lang='lat' dir='ltr'><strong>pacis</strong></span> <span class='ocrx_word' id='word_1_530' title='bbox 1544 4317 1705 4388; x_wconf 85' lang='lat' dir='ltr'><strong>ipsius</strong></span> <span class='ocrx_word' id='word_1_531' title='bbox 1733 4316 2148 4391; x_wconf 76' lang='lat' dir='ltr'><strong>compensatione</strong></span> 
     </span>
    </p>
   </div>
   <div class='ocr_carea' id='block_1_75' title="bbox 536 4384 2146 4455">
    <p class='ocr_par' dir='ltr' id='par_1_75' title="bbox 536 4384 2146 4455">
     <span class='ocr_line' id='line_1_75' title="bbox 536 4384 2146 4455; baseline -0.004 -9"><span class='ocrx_word' id='word_1_532' title='bbox 536 4384 827 4446; x_wconf 75' lang='lat' dir='ltr'><strong>sanaretur.</strong></span> <span class='ocrx_word' id='word_1_533' title='bbox 863 4388 1009 4444; x_wconf 84' lang='lat' dir='ltr'><strong>Fieri</strong></span> <span class='ocrx_word' id='word_1_534' title='bbox 1041 4397 1219 4443; x_wconf 85' lang='lat' dir='ltr'><strong>autem</strong></span> <span class='ocrx_word' id='word_1_535' title='bbox 1253 4384 1373 4441; x_wconf 63' lang='lat' dir='ltr'><strong>non&#39;</strong></span> <span class='ocrx_word' id='word_1_536' title='bbox 1394 4384 1640 4452; x_wconf 82' lang='lat' dir='ltr'><strong>deberet,</strong></span> <span class='ocrx_word' id='word_1_537' title='bbox 1671 4387 1794 4455; x_wconf 83' lang='lat' dir='ltr'><strong>quia</strong></span> <span class='ocrx_word' id='word_1_538' title='bbox 1822 4384 2027 4439; x_wconf 80' lang='lat' dir='ltr'><strong>Christi</strong></span> <span class='ocrx_word' id='word_1_539' title='bbox 2051 4386 2146 4440; x_wconf 89' lang='lat' dir='ltr'><strong>ho-</strong></span> 
     </span>
    </p>
   </div>
   <div class='ocr_carea' id='block_1_76' title="bbox 536 4456 2145 4528">
    <p class='ocr_par' dir='ltr' id='par_1_76' title="bbox 536 4456 2145 4528">
     <span class='ocr_line' id='line_1_76' title="bbox 536 4456 2145 4528; baseline -0.004 -10"><span class='ocrx_word' id='word_1_540' title='bbox 536 4463 762 4518; x_wconf 89' lang='lat' dir='ltr'><strong>noribus</strong></span> <span class='ocrx_word' id='word_1_541' title='bbox 794 4476 901 4516; x_wconf 87' lang='lat' dir='ltr'><strong>non</strong></span> <span class='ocrx_word' id='word_1_542' title='bbox 930 4468 1058 4513; x_wconf 90' lang='lat' dir='ltr'><strong>sunt</strong></span> <span class='ocrx_word' id='word_1_543' title='bbox 1081 4458 1253 4528; x_wconf 87' lang='lat' dir='ltr'><strong>digni,</strong></span> <span class='ocrx_word' id='word_1_544' title='bbox 1287 4457 1379 4526; x_wconf 90' lang='lat' dir='ltr'><strong>qui</strong></span> <span class='ocrx_word' id='word_1_545' title='bbox 1419 4456 1861 4526; x_wconf 85' lang='lat' dir='ltr'><strong>reprehensionis</strong></span> <span class='ocrx_word' id='word_1_546' title='bbox 1893 4465 2145 4526; x_wconf 79' lang='lat' dir='ltr'><strong>expertes</strong></span> 
     </span>
    </p>
   </div>
   <div class='ocr_carea' id='block_1_77' title="bbox 537 4540 2140 4664">
    <p class='ocr_par' dir='ltr' id='par_1_77' title="bbox 537 4540 2140 4664">
     <span class='ocr_line' id='line_1_77' title="bbox 537 4540 2140 4664; baseline -0.002 -7"><span class='ocrx_word' id='word_1_547' title='bbox 537 4548 647 4641; x_wconf 58' lang='lat' dir='ltr'><strong>n02</strong></span> <span class='ocrx_word' id='word_1_548' title='bbox 674 4540 892 4658; x_wconf 53' lang='grc' dir='ltr'><strong>Ιἓάἰι.</strong></span> <span class='ocrx_word' id='word_1_549' title='bbox 923 4599 1128 4656; x_wconf 87' lang='lat' dir='ltr'><strong>Concil.</strong></span> <span class='ocrx_word' id='word_1_550' title='bbox 1165 4600 1220 4654; x_wconf 83' lang='lat' dir='ltr'><strong>I.</strong></span> <span class='ocrx_word' id='word_1_551' title='bbox 1252 4599 1383 4664; x_wconf 75' lang='lat' dir='ltr'><strong>Quze</strong></span> <span class='ocrx_word' id='word_1_552' title='bbox 1412 4607 1591 4653; x_wconf 88' lang='lat' dir='ltr'><strong>autem</strong></span> <span class='ocrx_word' id='word_1_553' title='bbox 1614 4597 1687 4652; x_wconf 87' lang='lat'><strong>25</strong></span> <span class='ocrx_word' id='word_1_554' title='bbox 1716 4605 1853 4662; x_wconf 89' lang='lat' dir='ltr'><strong>erat,</strong></span> <span class='ocrx_word' id='word_1_555' title='bbox 1879 4613 2025 4653; x_wconf 90' lang='lat' dir='ltr'><strong>nunc</strong></span> <span class='ocrx_word' id='word_1_556' title='bbox 2051 4597 2140 4653; x_wconf 78' lang='lat'><strong>50.</strong></span> 
     </span>
    </p>
   </div>
   <div class='ocr_carea' id='block_1_78' title="bbox 538 4667 2145 4745">
    <p class='ocr_par' dir='ltr' id='par_1_78' title="bbox 538 4667 2145 4745">
     <span class='ocr_line' id='line_1_78' title="bbox 538 4667 2145 4745; baseline -0.006 -13"><span class='ocrx_word' id='word_1_557' title='bbox 538 4675 839 4745; x_wconf 87' lang='lat' dir='ltr'><strong>Epistolam</strong></span> <span class='ocrx_word' id='word_1_558' title='bbox 872 4672 1014 4727; x_wconf 87' lang='lat' dir='ltr'><strong>hanc</strong></span> <span class='ocrx_word' id='word_1_559' title='bbox 1057 4669 1325 4745; x_wconf 66' lang='lat' dir='ltr'><strong>exhibent</strong></span> <span class='ocrx_word' id='word_1_560' title='bbox 1362 4667 1694 4745; x_wconf 70' lang='lat' dir='ltr'><strong>Qorbeiense</strong></span> <span class='ocrx_word' id='word_1_561' title='bbox 1720 4667 1998 4745; x_wconf 67' lang='lat' dir='ltr'><strong>exemplar</strong></span> <span class='ocrx_word' id='word_1_562' title='bbox 2041 4683 2145 4723; x_wconf 71' lang='lat' dir='ltr'><strong>saa-</strong></span> 
     </span>
    </p>
   </div>
   <div class='ocr_carea' id='block_1_79' title="bbox 536 4738 2136 4807">
    <p class='ocr_par' dir='ltr' id='par_1_79' title="bbox 536 4738 2136 4807">
     <span class='ocr_line' id='line_1_79' title="bbox 536 4738 2136 4807; baseline -0.004 -7"><span class='ocrx_word' id='word_1_563' title='bbox 536 4738 661 4801; x_wconf 83' lang='lat' dir='ltr'><strong>ctilo</strong></span> <span class='ocrx_word' id='word_1_564' title='bbox 685 4756 839 4799; x_wconf 83' lang='lat' dir='ltr'><strong>sexto</strong></span> <span class='ocrx_word' id='word_1_565' title='bbox 868 4753 1172 4805; x_wconf 81' lang='lat' dir='ltr'><strong>exaratum,</strong></span> <span class='ocrx_word' id='word_1_566' title='bbox 1201 4749 1255 4794; x_wconf 91' lang='lat' dir='ltr'><strong>et</strong></span> <span class='ocrx_word' id='word_1_567' title='bbox 1286 4738 1467 4794; x_wconf 75' lang='lat' dir='ltr'><strong>Codex</strong></span> <span class='ocrx_word' id='word_1_568' title='bbox 1496 4754 1525 4792; x_wconf 90' lang='lat' dir='ltr'><strong>a</strong></span> <span class='ocrx_word' id='word_1_569' title='bbox 1554 4738 1843 4806; x_wconf 78' lang='lat' dir='ltr'><strong>Quosnello</strong></span> <span class='ocrx_word' id='word_1_570' title='bbox 1868 4738 2136 4807; x_wconf 88' lang='lat' dir='ltr'><strong>vulgatus,</strong></span> 
     </span>
    </p>
   </div>
   <div class='ocr_carea' id='block_1_80' title="bbox 539 4808 2134 4882">
    <p class='ocr_par' dir='ltr' id='par_1_80' title="bbox 539 4808 2134 4882">
     <span class='ocr_line' id='line_1_80' title="bbox 539 4808 2134 4882; baseline -0.005 -10"><span class='ocrx_word' id='word_1_571' title='bbox 539 4831 755 4873; x_wconf 88' lang='lat' dir='ltr'><strong>necnon</strong></span> <span class='ocrx_word' id='word_1_572' title='bbox 773 4813 856 4868; x_wconf 91' lang='lat' dir='ltr'><strong>col</strong></span> <span class='ocrx_word' id='word_1_573' title='bbox 866 4813 1123 4868; x_wconf 90' lang='lat' dir='ltr'><strong>lectiones</strong></span> <span class='ocrx_word' id='word_1_574' title='bbox 1145 4810 1391 4882; x_wconf 85' lang='lat' dir='ltr'><strong>Dionysii</strong></span> <span class='ocrx_word' id='word_1_575' title='bbox 1406 4808 1620 4882; x_wconf 78' lang='lat' dir='ltr'><strong>Exigui,</strong></span> <span class='ocrx_word' id='word_1_576' title='bbox 1641 4809 1890 4882; x_wconf 89' lang='lat' dir='ltr'><strong>lladriani</strong></span> <span class='ocrx_word' id='word_1_577' title='bbox 1910 4809 1928 4863; x_wconf 88' lang='grc' dir='ltr'>Ι</span> <span class='ocrx_word' id='word_1_578' title='bbox 1946 4808 2134 4882; x_wconf 70' lang='grc' dir='ltr'><strong>Ηὶδρει-</strong></span> 
     </span>
    </p>
   </div>
   <div class='ocr_carea' id='block_1_81' title="bbox 542 4880 2138 4962">
    <p class='ocr_par' dir='ltr' id='par_1_81' title="bbox 542 4880 2138 4962">
     <span class='ocr_line' id='line_1_81' title="bbox 542 4880 2138 4962; baseline -0.005 -21"><span class='ocrx_word' id='word_1_579' title='bbox 542 4901 612 4962; x_wconf 81' lang='lat' dir='ltr'><strong>na</strong></span> <span class='ocrx_word' id='word_1_580' title='bbox 639 4894 695 4942; x_wconf 91' lang='lat' dir='ltr'><strong>et</strong></span> <span class='ocrx_word' id='word_1_581' title='bbox 721 4884 941 4939; x_wconf 89' lang='lat' dir='ltr'><strong>lsidori.</strong></span> <span class='ocrx_word' id='word_1_582' title='bbox 984 4880 1322 4962; x_wconf 82' lang='lat' dir='ltr'><strong>A__Dion_ysio</strong></span> <span class='ocrx_word' id='word_1_583' title='bbox 1351 4881 1657 4962; x_wconf 70' lang='lat' dir='ltr'><strong>appellatur</strong></span> <span class='ocrx_word' id='word_1_584' title='bbox 1687 4881 1903 4962; x_wconf 64' lang='lat' dir='ltr'><strong>epistola</strong></span> <span class='ocrx_word' id='word_1_585' title='bbox 1931 4880 2138 4962; x_wconf 70' lang='lat' dir='ltr'><strong>regula-</strong></span> 
     </span>
    </p>
   </div>
   <div class='ocr_carea' id='block_1_82' title="bbox 536 4950 2136 5026">
    <p class='ocr_par' dir='ltr' id='par_1_82' title="bbox 536 4950 2136 5026">
     <span class='ocr_line' id='line_1_82' title="bbox 536 4950 2136 5026; baseline -0.003 -14"><span class='ocrx_word' id='word_1_586' title='bbox 536 4959 634 5020; x_wconf 88' lang='lat' dir='ltr'><strong>ris,</strong></span> <span class='ocrx_word' id='word_1_587' title='bbox 686 4966 848 5026; x_wconf 91' lang='lat' dir='ltr'><strong>atque</strong></span> <span class='ocrx_word' id='word_1_588' title='bbox 893 4953 1142 5009; x_wconf 89' lang='lat' dir='ltr'><strong>omnibus</strong></span> <span class='ocrx_word' id='word_1_589' title='bbox 1191 4950 1487 5026; x_wconf 83' lang='lat' dir='ltr'><strong>Innocentii</strong></span> <span class='ocrx_word' id='word_1_590' title='bbox 1534 4951 1769 5026; x_wconf 85' lang='lat' dir='ltr'><strong>decretis</strong></span> <span class='ocrx_word' id='word_1_591' title='bbox 1816 4951 1915 5026; x_wconf 87' lang='lat' dir='ltr'><strong>sub</strong></span> <span class='ocrx_word' id='word_1_592' title='bbox 1967 4950 2136 5026; x_wconf 78' lang='lat' dir='ltr'><strong>titulis</strong></span> 
     </span>
    </p>
   </div>
   <div class='ocr_carea' id='block_1_83' title="bbox 538 5022 2133 5093">
    <p class='ocr_par' dir='ltr' id='par_1_83' title="bbox 538 5022 2133 5093">
     <span class='ocr_line' id='line_1_83' title="bbox 538 5022 2133 5093; baseline -0.004 -9"><span class='ocrx_word' id='word_1_593' title='bbox 538 5038 686 5093; x_wconf 92' lang='lat' dir='ltr'><strong>octo,</strong></span> <span class='ocrx_word' id='word_1_594' title='bbox 714 5022 776 5082; x_wconf 60' lang='lat' dir='ltr'><strong>id&#39;</strong></span> <span class='ocrx_word' id='word_1_595' title='bbox 796 5034 880 5081; x_wconf 92' lang='lat' dir='ltr'><strong>est</strong></span> <span class='ocrx_word' id='word_1_596' title='bbox 908 5040 946 5090; x_wconf 85' lang='grc' dir='ltr'><strong>ι,</strong></span> <span class='ocrx_word' id='word_1_597' title='bbox 976 5040 1036 5090; x_wconf 85' lang='grc' dir='ltr'><strong>ιι,</strong></span> <span class='ocrx_word' id='word_1_598' title='bbox 1070 5034 1203 5091; x_wconf 90' lang='lat' dir='ltr'><strong>etc.,</strong></span> <span class='ocrx_word' id='word_1_599' title='bbox 1232 5023 1300 5079; x_wconf 91' lang='lat' dir='ltr'><strong>ad</strong></span> <span class='ocrx_word' id='word_1_600' title='bbox 1332 5038 1429 5077; x_wconf 91' lang='lat' dir='ltr'><strong>vm</strong></span> <span class='ocrx_word' id='word_1_601' title='bbox 1462 5024 1817 5093; x_wconf 84' lang='lat' dir='ltr'><strong>praeponitur.</strong></span> <span class='ocrx_word' id='word_1_602' title='bbox 1856 5023 1984 5093; x_wconf 83' lang='lat' dir='ltr'><strong>Eam</strong></span> <span class='ocrx_word' id='word_1_603' title='bbox 2016 5022 2133 5077; x_wconf 90' lang='lat' dir='ltr'><strong>lau-</strong></span> 
     </span>
    </p>
   </div>
   <div class='ocr_carea' id='block_1_84' title="bbox 537 5092 2137 5166">
    <p class='ocr_par' dir='ltr' id='par_1_84' title="bbox 537 5092 2137 5166">
     <span class='ocr_line' id='line_1_84' title="bbox 537 5092 2137 5166; baseline -0.004 -12"><span class='ocrx_word' id='word_1_604' title='bbox 537 5092 679 5155; x_wconf 10' lang='lat' dir='ltr'><strong>danti</strong></span> <span class='ocrx_word' id='word_1_605' title='bbox 698 5096 862 5153; x_wconf 88' lang='lat' dir='ltr'><strong>tacito</strong></span> <span class='ocrx_word' id='word_1_606' title='bbox 891 5095 1105 5166; x_wconf 89' lang='lat' dir='ltr'><strong>quidem</strong></span> <span class='ocrx_word' id='word_1_607' title='bbox 1128 5094 1424 5151; x_wconf 87' lang='lat' dir='ltr'><strong>Innocentii</strong></span> <span class='ocrx_word' id='word_1_608' title='bbox 1458 5092 1674 5150; x_wconf 87' lang='lat' dir='ltr'><strong>nomine</strong></span> <span class='ocrx_word' id='word_1_609' title='bbox 1694 5092 1980 5149; x_wconf 81' lang='lat' dir='ltr'><strong>concilium</strong></span> <span class='ocrx_word' id='word_1_610' title='bbox 2013 5094 2137 5148; x_wconf 81' lang='lat' dir='ltr'><strong>llis-</strong></span> 
     </span>
    </p>
   </div>
   <div class='ocr_carea' id='block_1_85' title="bbox 534 5166 2129 5240">
    <p class='ocr_par' dir='ltr' id='par_1_85' title="bbox 534 5166 2129 5240">
     <span class='ocr_line' id='line_1_85' title="bbox 534 5166 2129 5240; baseline -0.003 -16"><span class='ocrx_word' id='word_1_611' title='bbox 534 5169 759 5240; x_wconf 89' lang='lat' dir='ltr'><strong>palense</strong></span> <span class='ocrx_word' id='word_1_612' title='bbox 786 5166 1394 5240; x_wconf 22' lang='lat' dir='ltr'><strong>tt‘annoﬁlDAltabitum</strong></span> <span class='ocrx_word' id='word_1_613' title='bbox 1423 5184 1471 5221; x_wconf 92' lang='lat' dir='ltr'><strong>c.</strong></span> <span class='ocrx_word' id='word_1_614' title='bbox 1505 5167 1559 5233; x_wconf 88' lang='lat'><strong>7,</strong></span> <span class='ocrx_word' id='word_1_615' title='bbox 1588 5166 1899 5240; x_wconf 62' lang='lat' dir='ltr'><strong>Parisiense</strong></span> <span class='ocrx_word' id='word_1_616' title='bbox 1924 5181 1974 5220; x_wconf 82' lang='lat' dir='ltr'><strong>vr</strong></span> <span class='ocrx_word' id='word_1_617' title='bbox 2000 5180 2129 5240; x_wconf 71' lang='lat' dir='ltr'><strong>ann.</strong></span> 
     </span>
    </p>
   </div>
   <div class='ocr_carea' id='block_1_86' title="bbox 534 5236 2135 5309">
    <p class='ocr_par' dir='ltr' id='par_1_86' title="bbox 534 5236 2135 5309">
     <span class='ocr_line' id='line_1_86' title="bbox 534 5236 2135 5309; baseline -0.005 -12"><span class='ocrx_word' id='word_1_618' title='bbox 534 5236 660 5309; x_wconf 71' lang='lat'><strong>829,</strong></span> <span class='ocrx_word' id='word_1_619' title='bbox 696 5240 787 5295; x_wconf 90' lang='lat' dir='ltr'><strong>lib.</strong></span> <span class='ocrx_word' id='word_1_620' title='bbox 814 5237 873 5304; x_wconf 90' lang='lat'><strong>2,</strong></span> <span class='ocrx_word' id='word_1_621' title='bbox 902 5237 1083 5309; x_wconf 68' lang='lat'><strong>9.27;</strong></span> <span class='ocrx_word' id='word_1_622' title='bbox 1116 5237 1205 5292; x_wconf 93' lang='lat' dir='ltr'><strong>illo</strong></span> <span class='ocrx_word' id='word_1_623' title='bbox 1236 5238 1718 5309; x_wconf 82' lang='lat' dir='ltr'><strong>autemappellalo</strong></span> <span class='ocrx_word' id='word_1_624' title='bbox 1747 5236 1995 5309; x_wconf 83' lang='lat' dir='ltr'><strong>Isidorus</strong></span> <span class='ocrx_word' id='word_1_625' title='bbox 2009 5236 2135 5309; x_wconf 72' lang='lat' dir='ltr'><strong>Ilis-</strong></span> 
     </span>
    </p>
   </div>
   <div class='ocr_carea' id='block_1_87' title="bbox 528 5307 2135 5383">
    <p class='ocr_par' dir='ltr' id='par_1_87' title="bbox 528 5307 2135 5383">
     <span class='ocr_line' id='line_1_87' title="bbox 528 5307 2135 5383; baseline -0.004 -14"><span class='ocrx_word' id='word_1_626' title='bbox 528 5307 857 5383; x_wconf 27' lang='lat' dir='ltr'><strong>pal.‘lib.u</strong></span> <span class='ocrx_word' id='word_1_627' title='bbox 889 5307 1042 5383; x_wconf 79' lang='lat' dir='ltr'><strong>Ollio.</strong></span> <span class='ocrx_word' id='word_1_628' title='bbox 1100 5308 1234 5383; x_wconf 66' lang='lat' dir='ltr'><strong>ccc].</strong></span> <span class='ocrx_word' id='word_1_629' title='bbox 1284 5322 1334 5383; x_wconf 68' lang='grc' dir='ltr'><strong>ς.</strong></span> <span class='ocrx_word' id='word_1_630' title='bbox 1384 5307 1495 5383; x_wconf 51' lang='grc'><strong>26,</strong></span> <span class='ocrx_word' id='word_1_631' title='bbox 1528 5307 2135 5383; x_wconf 69' lang='lat' dir='ltr'><strong>Meldcnseconcilium</strong></span> 
     </span>
    </p>
   </div>
   <div class='ocr_carea' id='block_1_88' title="bbox 528 5378 2134 5511">
    <p class='ocr_par' dir='ltr' id='par_1_88' title="bbox 528 5378 2134 5511">
     <span class='ocr_line' id='line_1_88' title="bbox 528 5378 2134 5511; baseline -0.004 -72"><span class='ocrx_word' id='word_1_632' title='bbox 528 5378 668 5511; x_wconf 42' lang='lat' dir='ltr'><strong>ann;l</strong></span> <span class='ocrx_word' id='word_1_633' title='bbox 693 5382 800 5509; x_wconf 50' lang='lat'><strong>8245</strong></span> <span class='ocrx_word' id='word_1_634' title='bbox 838 5397 888 5436; x_wconf 90' lang='lat' dir='ltr'><strong>c.</strong></span> <span class='ocrx_word' id='word_1_635' title='bbox 933 5379 1022 5448; x_wconf 68' lang='grc' dir='ltr'><strong>μ,</strong></span> <span class='ocrx_word' id='word_1_636' title='bbox 1065 5387 1120 5437; x_wconf 90' lang='lat' dir='ltr'><strong>et</strong></span> <span class='ocrx_word' id='word_1_637' title='bbox 1159 5378 1413 5434; x_wconf 84' lang='lat' dir='ltr'><strong>Nicolaus</strong></span> <span class='ocrx_word' id='word_1_638' title='bbox 1463 5381 1504 5448; x_wconf 92' lang='lat' dir='ltr'><strong>l,</strong></span> <span class='ocrx_word' id='word_1_639' title='bbox 1555 5381 1716 5450; x_wconf 87' lang='lat' dir='ltr'><strong>epist.</strong></span> <span class='ocrx_word' id='word_1_640' title='bbox 1753 5379 1889 5434; x_wconf 85' lang='lat' dir='ltr'><strong>alias</strong></span> <span class='ocrx_word' id='word_1_641' title='bbox 1926 5379 1984 5448; x_wconf 86' lang='lat'><strong>2,</strong></span> <span class='ocrx_word' id='word_1_642' title='bbox 2040 5394 2134 5449; x_wconf 88' lang='lat' dir='ltr'><strong>ap-</strong></span> 
     </span>
     <span class='ocr_line' id='line_1_89' title="bbox 528 5470 779 5511; baseline -0.008 0"><span class='ocrx_word' id='word_1_643' title='bbox 528 5470 632 5511; x_wconf 84' lang='lat' dir='ltr'><strong>nen</strong></span> <span class='ocrx_word' id='word_1_644' title='bbox 676 5494 691 5510; x_wconf 94' lang='lat'><strong>.</strong></span> <span class='ocrx_word' id='word_1_645' title='bbox 764 5494 779 5509; x_wconf 96' lang='lat'><strong>.</strong></span> 
     </span>
    </p>
   </div>
   <div class='ocr_carea' id='block_1_89' title="bbox 566 5455 779 5513">
    <p class='ocr_par' dir='ltr' id='par_1_89' title="bbox 566 5455 779 5513">
     <span class='ocr_line' id='line_1_90' title="bbox 566 5455 779 5513; baseline -0.019 0"><span class='ocrx_word' id='word_1_646' title='bbox 566 5455 691 5513; x_wconf 91' lang='lat' dir='ltr'><strong>end.</strong></span> <span class='ocrx_word' id='word_1_647' title='bbox 722 5455 779 5509; x_wconf 90' lang='lat'><strong>2.</strong></span> 
     </span>
    </p>
   </div>
   <div class='ocr_carea' id='block_1_90' title="bbox 526 5470 2135 5595">
    <p class='ocr_par' dir='ltr' id='par_1_90' title="bbox 526 5470 2135 5595">
     <span class='ocr_line' id='line_1_91' title="bbox 526 5470 2135 5595; baseline -0.004 -12"><span class='ocrx_word' id='word_1_648' title='bbox 526 5470 779 5582; x_wconf 52' lang='grc' dir='ltr'><strong>νεξσῦιῖ</strong></span> <span class='ocrx_word' id='word_1_649' title='bbox 802 5522 1063 5595; x_wconf 82' lang='lat' dir='ltr'><strong>subnexis</strong></span> <span class='ocrx_word' id='word_1_650' title='bbox 1111 5521 1430 5595; x_wconf 84' lang='lat' dir='ltr'><strong>titulis,qui</strong></span> <span class='ocrx_word' id='word_1_651' title='bbox 1476 5538 1545 5578; x_wconf 82' lang='lat' dir='ltr'><strong>ex</strong></span> <span class='ocrx_word' id='word_1_652' title='bbox 1582 5522 1931 5595; x_wconf 88' lang='lat' dir='ltr'><strong>Dionysianis</strong></span> <span class='ocrx_word' id='word_1_653' title='bbox 1974 5531 2135 5594; x_wconf 88' lang='lat' dir='ltr'><strong>atque</strong></span> 
     </span>
    </p>
   </div>
   <div class='ocr_carea' id='block_1_91' title="bbox 527 5593 2132 5665">
    <p class='ocr_par' dir='ltr' id='par_1_91' title="bbox 527 5593 2132 5665">
     <span class='ocr_line' id='line_1_92' title="bbox 527 5593 2132 5665; baseline -0.004 -11"><span class='ocrx_word' id='word_1_654' title='bbox 527 5597 731 5655; x_wconf 88' lang='lat' dir='ltr'><strong>codicis</strong></span> <span class='ocrx_word' id='word_1_655' title='bbox 755 5611 785 5652; x_wconf 92' lang='lat' dir='ltr'><strong>a</strong></span> <span class='ocrx_word' id='word_1_656' title='bbox 814 5594 1105 5665; x_wconf 86' lang='lat' dir='ltr'><strong>Quesnello</strong></span> <span class='ocrx_word' id='word_1_657' title='bbox 1138 5593 1337 5665; x_wconf 79' lang='lat' dir='ltr'><strong>vulgati</strong></span> <span class='ocrx_word' id='word_1_658' title='bbox 1381 5593 1781 5665; x_wconf 80' lang='lat' dir='ltr'><strong>exemplaribus</strong></span> <span class='ocrx_word' id='word_1_659' title='bbox 1810 5593 2132 5665; x_wconf 59' lang='lat' dir='ltr'><strong>describunc</strong></span> 
     </span>
    </p>
   </div>
   <div class='ocr_carea' id='block_1_92' title="bbox 527 5663 2130 5733">
    <p class='ocr_par' dir='ltr' id='par_1_92' title="bbox 527 5663 2130 5733">
     <span class='ocr_line' id='line_1_93' title="bbox 527 5663 2130 5733; baseline -0.005 -9"><span class='ocrx_word' id='word_1_660' title='bbox 527 5678 616 5724; x_wconf 89' lang='lat' dir='ltr'><strong>tur</strong></span> <span class='ocrx_word' id='word_1_661' title='bbox 648 5669 747 5723; x_wconf 89' lang='lat' dir='ltr'><strong>hos</strong></span> <span class='ocrx_word' id='word_1_662' title='bbox 785 5663 1012 5723; x_wconf 73' lang='lat' dir='ltr'><strong>exhibet</strong></span> <span class='ocrx_word' id='word_1_663' title='bbox 1038 5674 1193 5720; x_wconf 90' lang='lat' dir='ltr'><strong>vetus</strong></span> <span class='ocrx_word' id='word_1_664' title='bbox 1230 5663 1399 5720; x_wconf 85' lang='lat' dir='ltr'><strong>codex</strong></span> <span class='ocrx_word' id='word_1_665' title='bbox 1433 5663 1798 5720; x_wconf 86' lang='lat' dir='ltr'><strong>Corbciensis.</strong></span> <span class='ocrx_word' id='word_1_666' title='bbox 1831 5666 1873 5721; x_wconf 92' lang='lat' dir='ltr'><strong>l.</strong></span> <span class='ocrx_word' id='word_1_667' title='bbox 1922 5664 2002 5719; x_wconf 89' lang='lat' dir='ltr'><strong>De</strong></span> <span class='ocrx_word' id='word_1_668' title='bbox 2032 5681 2130 5733; x_wconf 84' lang='lat' dir='ltr'><strong>pa-</strong></span> 
     </span>
    </p>
   </div>
   <div class='ocr_carea' id='block_1_93' title="bbox 528 5735 2131 5812">
    <p class='ocr_par' dir='ltr' id='par_1_93' title="bbox 528 5735 2131 5812">
     <span class='ocr_line' id='line_1_94' title="bbox 528 5735 2131 5812; baseline -0.004 -17"><span class='ocrx_word' id='word_1_669' title='bbox 528 5757 637 5795; x_wconf 88' lang='lat' dir='ltr'><strong>cem</strong></span> <span class='ocrx_word' id='word_1_670' title='bbox 663 5739 885 5812; x_wconf 67' lang='lat' dir='ltr'><strong>qualiter</strong></span> <span class='ocrx_word' id='word_1_671' title='bbox 911 5739 979 5812; x_wconf 58' lang='lat' dir='ltr'><strong>iis</strong></span> <span class='ocrx_word' id='word_1_672' title='bbox 994 5735 1214 5812; x_wconf 83' lang='lat' dir='ltr'><strong>ecclesia</strong></span> <span class='ocrx_word' id='word_1_673' title='bbox 1251 5736 1376 5812; x_wconf 83' lang='lat' dir='ltr'><strong>dare</strong></span> <span class='ocrx_word' id='word_1_674' title='bbox 1404 5735 1584 5812; x_wconf 77' lang='lat' dir='ltr'><strong>debet.</strong></span> <span class='ocrx_word' id='word_1_675' title='bbox 1598 5810 1605 5812; x_wconf 14' lang='grc' dir='ltr'><strong>Α</strong></span> <span class='ocrx_word' id='word_1_676' title='bbox 1626 5735 1690 5791; x_wconf 89' lang='lat' dir='ltr'><strong>II.</strong></span> <span class='ocrx_word' id='word_1_677' title='bbox 1723 5738 1814 5812; x_wconf 75' lang='lat' dir='ltr'><strong>D_e_</strong></span> <span class='ocrx_word' id='word_1_678' title='bbox 1840 5735 2131 5812; x_wconf 52' lang='lat' dir='ltr'><strong>nominibus</strong></span> 
     </span>
    </p>
   </div>
   <div class='ocr_carea' id='block_1_94' title="bbox 528 5805 2125 5881">
    <p class='ocr_par' dir='ltr' id='par_1_94' title="bbox 528 5805 2125 5881">
     <span class='ocr_line' id='line_1_95' title="bbox 528 5805 2125 5881; baseline -0.004 -16"><span class='ocrx_word' id='word_1_679' title='bbox 528 5805 750 5866; x_wconf 74' lang='lat' dir='ltr'><strong>recitari.</strong></span> <span class='ocrx_word' id='word_1_680' title='bbox 807 5809 894 5881; x_wconf 74' lang='lat' dir='ltr'><strong>III.</strong></span> <span class='ocrx_word' id='word_1_681' title='bbox 939 5807 1019 5881; x_wconf 84' lang='lat' dir='ltr'><strong>De</strong></span> <span class='ocrx_word' id='word_1_682' title='bbox 1084 5807 1351 5881; x_wconf 77' lang='lat' dir='ltr'><strong>signandis</strong></span> <span class='ocrx_word' id='word_1_683' title='bbox 1394 5809 1701 5881; x_wconf 79' lang='lat' dir='ltr'><strong>infantibus.</strong></span> <span class='ocrx_word' id='word_1_684' title='bbox 1747 5808 1838 5864; x_wconf 89' lang='lat' dir='ltr'><strong>IV.</strong></span> <span class='ocrx_word' id='word_1_685' title='bbox 1888 5805 1968 5861; x_wconf 89' lang='lat' dir='ltr'><strong>De</strong></span> <span class='ocrx_word' id='word_1_686' title='bbox 2020 5810 2125 5876; x_wconf 81' lang='lat' dir='ltr'><strong>fer-</strong></span> 
     </span>
    </p>
   </div>
   <div class='ocr_carea' id='block_1_95' title="bbox 527 5879 2122 5952">
    <p class='ocr_par' dir='ltr' id='par_1_95' title="bbox 527 5879 2122 5952">
     <span class='ocr_line' id='line_1_96' title="bbox 527 5879 2122 5952; baseline -0.006 -12"><span class='ocrx_word' id='word_1_687' title='bbox 527 5893 716 5941; x_wconf 85' lang='lat' dir='ltr'><strong>mento.</strong></span> <span class='ocrx_word' id='word_1_688' title='bbox 742 5881 811 5938; x_wconf 89' lang='lat' dir='ltr'><strong>V.</strong></span> <span class='ocrx_word' id='word_1_689' title='bbox 834 5880 914 5937; x_wconf 89' lang='lat' dir='ltr'><strong>De</strong></span> <span class='ocrx_word' id='word_1_690' title='bbox 950 5879 1225 5952; x_wconf 80' lang='lat' dir='ltr'><strong>baptisatis</strong></span> <span class='ocrx_word' id='word_1_691' title='bbox 1252 5880 1342 5949; x_wconf 88' lang='lat' dir='ltr'><strong>qui</strong></span> <span class='ocrx_word' id='word_1_692' title='bbox 1376 5889 1551 5952; x_wconf 87' lang='lat' dir='ltr'><strong>postea</strong></span> <span class='ocrx_word' id='word_1_693' title='bbox 1587 5898 1619 5934; x_wconf 92' lang='lat' dir='ltr'><strong>a</strong></span> <span class='ocrx_word' id='word_1_694' title='bbox 1640 5880 1896 5936; x_wconf 68' lang='lat' dir='ltr'><strong>daemonio</strong></span> <span class='ocrx_word' id='word_1_695' title='bbox 1932 5892 2122 5933; x_wconf 68' lang='lat' dir='ltr'><strong>vexan-</strong></span> 
     </span>
    </p>
   </div>
   <div class='ocr_carea' id='block_1_96' title="bbox 2257 3347 3855 3426">
    <p class='ocr_par' dir='ltr' id='par_1_96' title="bbox 2257 3347 3855 3426">
     <span class='ocr_line' id='line_1_97' title="bbox 2257 3347 3855 3426; baseline 0.004 -22"><span class='ocrx_word' id='word_1_696' title='bbox 2257 3355 2314 3404; x_wconf 86' lang='lat' dir='ltr'><strong>ct</strong></span> <span class='ocrx_word' id='word_1_697' title='bbox 2354 3364 2513 3419; x_wconf 89' lang='lat' dir='ltr'><strong>quem</strong></span> <span class='ocrx_word' id='word_1_698' title='bbox 2562 3363 2771 3404; x_wconf 89' lang='lat' dir='ltr'><strong>morem</strong></span> <span class='ocrx_word' id='word_1_699' title='bbox 2833 3347 2923 3405; x_wconf 88' lang='lat' dir='ltr'><strong>vel</strong></span> <span class='ocrx_word' id='word_1_700' title='bbox 2978 3348 3031 3404; x_wconf 90' lang='lat' dir='ltr'><strong>in</strong></span> <span class='ocrx_word' id='word_1_701' title='bbox 3089 3350 3483 3407; x_wconf 87' lang='lat' dir='ltr'><strong>consecrandis</strong></span> <span class='ocrx_word' id='word_1_702' title='bbox 3538 3355 3812 3426; x_wconf 83' lang='lat' dir='ltr'><strong>mysteriis</strong></span> <span class='ocrx_word' id='word_1_703' title='bbox 3840 3394 3855 3421; x_wconf 92' lang='lat'><strong>,</strong></span> 
     </span>
    </p>
   </div>
   <div class='ocr_carea' id='block_1_97' title="bbox 2255 3439 3853 3519">
    <p class='ocr_par' dir='ltr' id='par_1_97' title="bbox 2255 3439 3853 3519">
     <span class='ocr_line' id='line_1_98' title="bbox 2255 3439 3853 3519; baseline 0.004 -24"><span class='ocrx_word' id='word_1_704' title='bbox 2255 3439 2344 3495; x_wconf 88' lang='lat' dir='ltr'><strong>vel</strong></span> <span class='ocrx_word' id='word_1_705' title='bbox 2385 3440 2439 3496; x_wconf 90' lang='lat' dir='ltr'><strong>in</strong></span> <span class='ocrx_word' id='word_1_706' title='bbox 2470 3440 2688 3497; x_wconf 76' lang='lat' dir='ltr'><strong>caeteris</strong></span> <span class='ocrx_word' id='word_1_707' title='bbox 2736 3441 2963 3513; x_wconf 76' lang='lat' dir='ltr'><strong>agendis</strong></span> <span class='ocrx_word' id='word_1_708' title='bbox 3008 3443 3225 3507; x_wconf 79' lang='lat' dir='ltr'><strong>arcanis</strong></span> <span class='ocrx_word' id='word_1_709' title='bbox 3255 3451 3475 3514; x_wconf 88' lang='lat' dir='ltr'><strong>teneat,</strong></span> <span class='ocrx_word' id='word_1_710' title='bbox 3516 3448 3853 3519; x_wconf 89' lang='lat' dir='ltr'><strong>cognovisse.</strong></span> 
     </span>
    </p>
   </div>
   <div class='ocr_carea' id='block_1_98' title="bbox 2254 3535 3851 3618">
    <p class='ocr_par' dir='ltr' id='par_1_98' title="bbox 2254 3535 3851 3618">
     <span class='ocr_line' id='line_1_99' title="bbox 2254 3535 3851 3618; baseline 0.006 -28"><span class='ocrx_word' id='word_1_711' title='bbox 2254 3535 2408 3606; x_wconf 87' lang='lat' dir='ltr'><strong>Quod</strong></span> <span class='ocrx_word' id='word_1_712' title='bbox 2448 3535 2702 3593; x_wconf 83' lang='lat' dir='ltr'><strong>sufficere</strong></span> <span class='ocrx_word' id='word_1_713' title='bbox 2756 3535 2776 3575; x_wconf 74' lang='grc' dir='ltr'>ί</span> <span class='ocrx_word' id='word_1_714' title='bbox 2811 3536 2878 3593; x_wconf 92' lang='lat' dir='ltr'><strong>ad</strong></span> <span class='ocrx_word' id='word_1_715' title='bbox 2929 3537 3371 3596; x_wconf 82' lang='lat' dir='ltr'><strong>informationem</strong></span> <span class='ocrx_word' id='word_1_716' title='bbox 3417 3542 3670 3599; x_wconf 67' lang='lat' dir='ltr'><strong>ecclesia:</strong></span> <span class='ocrx_word' id='word_1_717' title='bbox 3727 3542 3851 3618; x_wconf 64' lang='lat' dir='ltr'><strong>tutcf,</strong></span> 
     </span>
    </p>
   </div>
   <div class='ocr_carea' id='block_1_99' title="bbox 2256 3632 3854 3703">
    <p class='ocr_par' dir='ltr' id='par_1_99' title="bbox 2256 3632 3854 3703">
     <span class='ocr_line' id='line_1_100' title="bbox 2256 3632 3854 3703; baseline 0.004 -19"><span class='ocrx_word' id='word_1_718' title='bbox 2256 3632 2340 3688; x_wconf 89' lang='lat' dir='ltr'><strong>vel</strong></span> <span class='ocrx_word' id='word_1_719' title='bbox 2390 3632 2850 3699; x_wconf 76' lang='lat' dir='ltr'><strong>reformationem,</strong></span> <span class='ocrx_word' id='word_1_720' title='bbox 2905 3634 2951 3688; x_wconf 90' lang='lat' dir='ltr'><strong>si</strong></span> <span class='ocrx_word' id='word_1_721' title='bbox 2996 3647 3360 3703; x_wconf 76' lang='lat' dir='ltr'><strong>przccessores</strong></span> <span class='ocrx_word' id='word_1_722' title='bbox 3389 3635 3465 3691; x_wconf 93' lang='lat' dir='ltr'><strong>tui</strong></span> <span class='ocrx_word' id='word_1_723' title='bbox 3518 3638 3704 3693; x_wconf 88' lang='lat' dir='ltr'><strong>minus</strong></span> <span class='ocrx_word' id='word_1_724' title='bbox 3748 3636 3854 3692; x_wconf 89' lang='lat' dir='ltr'><strong>ali-</strong></span> 
     </span>
    </p>
   </div>
   <div class='ocr_carea' id='block_1_100' title="bbox 2256 3725 3851 3798">
    <p class='ocr_par' dir='ltr' id='par_1_100' title="bbox 2256 3725 3851 3798">
     <span class='ocr_line' id='line_1_101' title="bbox 2256 3725 3851 3798; baseline 0.003 -17"><span class='ocrx_word' id='word_1_725' title='bbox 2256 3725 2390 3798; x_wconf 91' lang='lat' dir='ltr'><strong>quid</strong></span> <span class='ocrx_word' id='word_1_726' title='bbox 2442 3736 2537 3783; x_wconf 91' lang='lat' dir='ltr'><strong>aut</strong></span> <span class='ocrx_word' id='word_1_727' title='bbox 2586 3726 2749 3782; x_wconf 91' lang='lat' dir='ltr'><strong>aliter</strong></span> <span class='ocrx_word' id='word_1_728' title='bbox 2801 3733 3115 3794; x_wconf 87' lang='lat' dir='ltr'><strong>tenuerunt,</strong></span> <span class='ocrx_word' id='word_1_729' title='bbox 3176 3727 3311 3782; x_wconf 88' lang='lat' dir='ltr'><strong>satis</strong></span> <span class='ocrx_word' id='word_1_730' title='bbox 3364 3736 3580 3784; x_wconf 89' lang='lat' dir='ltr'><strong>certum</strong></span> <span class='ocrx_word' id='word_1_731' title='bbox 3630 3728 3851 3787; x_wconf 64' lang='lat' dir='ltr'><strong>habereo</strong></span> 
     </span>
    </p>
   </div>
   <div class='ocr_carea' id='block_1_101' title="bbox 2257 3819 3853 3892">
    <p class='ocr_par' dir='ltr' id='par_1_101' title="bbox 2257 3819 3853 3892">
     <span class='ocr_line' id='line_1_102' title="bbox 2257 3819 3853 3892; baseline 0.002 -15"><span class='ocrx_word' id='word_1_732' title='bbox 2257 3838 2401 3890; x_wconf 87' lang='lat' dir='ltr'><strong>mus,</strong></span> <span class='ocrx_word' id='word_1_733' title='bbox 2433 3820 2536 3878; x_wconf 88' lang='lat' dir='ltr'><strong>nisi</strong></span> <span class='ocrx_word' id='word_1_734' title='bbox 2579 3819 2649 3876; x_wconf 92' lang='lat' dir='ltr'><strong>de</strong></span> <span class='ocrx_word' id='word_1_735' title='bbox 2695 3820 2969 3892; x_wconf 89' lang='lat' dir='ltr'><strong>aliquibus</strong></span> <span class='ocrx_word' id='word_1_736' title='bbox 3006 3820 3377 3878; x_wconf 88' lang='lat' dir='ltr'><strong>consulendos</strong></span> <span class='ocrx_word' id='word_1_737' title='bbox 3401 3838 3506 3879; x_wconf 90' lang='lat' dir='ltr'><strong>nos</strong></span> <span class='ocrx_word' id='word_1_738' title='bbox 3529 3838 3656 3880; x_wconf 90' lang='lat' dir='ltr'><strong>esse</strong></span> <span class='ocrx_word' id='word_1_739' title='bbox 3678 3824 3853 3880; x_wconf 80' lang='lat' dir='ltr'><strong>duxis-</strong></span> 
     </span>
    </p>
   </div>
   <div class='ocr_carea' id='block_1_102' title="bbox 2245 3954 3233 4031">
    <p class='ocr_par' dir='ltr' id='par_1_102' title="bbox 2245 3954 3233 4031">
     <span class='ocr_line' id='line_1_103' title="bbox 2245 3954 3233 4031; baseline -0.001 -17"><span class='ocrx_word' id='word_1_740' title='bbox 2245 3970 2347 4014; x_wconf 88' lang='lat' dir='ltr'><strong>tur.</strong></span> <span class='ocrx_word' id='word_1_741' title='bbox 2383 3957 2469 4031; x_wconf 73' lang='lat' dir='ltr'><strong>VI.</strong></span> <span class='ocrx_word' id='word_1_742' title='bbox 2504 3954 2585 4011; x_wconf 88' lang='lat' dir='ltr'><strong>De</strong></span> <span class='ocrx_word' id='word_1_743' title='bbox 2616 3956 2960 4031; x_wconf 72' lang='lat' dir='ltr'><strong>intinguertdis</strong></span> <span class='ocrx_word' id='word_1_744' title='bbox 2990 3957 3233 4031; x_wconf 65' lang='lat' dir='ltr'><strong>inﬁnitis.</strong></span> 
     </span>
    </p>
   </div>
   <div class='ocr_carea' id='block_1_103' title="bbox 2322 4026 3846 4101">
    <p class='ocr_par' dir='ltr' id='par_1_103' title="bbox 2322 4026 3846 4101">
     <span class='ocr_line' id='line_1_104' title="bbox 2322 4026 3846 4101; baseline 0.003 -16"><span class='ocrx_word' id='word_1_745' title='bbox 2322 4040 2344 4067; x_wconf 76' lang='grc' dir='ltr'><strong>ο</strong></span> <span class='ocrx_word' id='word_1_746' title='bbox 2378 4028 2540 4101; x_wconf 85' lang='lat' dir='ltr'><strong>Unus</strong></span> <span class='ocrx_word' id='word_1_747' title='bbox 2562 4026 2762 4101; x_wconf 19' lang='lat' dir='ltr'><strong>#codex&#39;</strong></span> <span class='ocrx_word' id='word_1_748' title='bbox 2786 4026 3267 4101; x_wconf 10' lang='lat' dir='ltr'><strong>Coflb.,76apuano._</strong></span> <span class='ocrx_word' id='word_1_749' title='bbox 3313 4028 3426 4086; x_wconf 85' lang='lat' dir='ltr'><strong>Alii</strong></span> <span class='ocrx_word' id='word_1_750' title='bbox 3457 4031 3645 4101; x_wconf 73' lang='lat' dir='ltr'><strong>proba:</strong></span> <span class='ocrx_word' id='word_1_751' title='bbox 3695 4041 3846 4100; x_wconf 67' lang='lat' dir='ltr'><strong>notae,</strong></span> 
     </span>
    </p>
   </div>
   <div class='ocr_carea' id='block_1_104' title="bbox 2249 4098 3848 4174">
    <p class='ocr_par' dir='ltr' id='par_1_104' title="bbox 2249 4098 3848 4174">
     <span class='ocr_line' id='line_1_105' title="bbox 2249 4098 3848 4174; baseline 0.004 -20"><span class='ocrx_word' id='word_1_752' title='bbox 2249 4099 2504 4174; x_wconf 76' lang='lat' dir='ltr'><strong>Egubino.</strong></span> <span class='ocrx_word' id='word_1_753' title='bbox 2560 4099 2619 4174; x_wconf 90' lang='lat' dir='ltr'><strong>In</strong></span> <span class='ocrx_word' id='word_1_754' title='bbox 2658 4100 2926 4174; x_wconf 78' lang='lat' dir='ltr'><strong>exemplis</strong></span> <span class='ocrx_word' id='word_1_755' title='bbox 2970 4098 3128 4174; x_wconf 76' lang='lat' dir='ltr'><strong>Dion.</strong></span> <span class='ocrx_word' id='word_1_756' title='bbox 3175 4098 3270 4174; x_wconf 79' lang='lat' dir='ltr'><strong>ubi</strong></span> <span class='ocrx_word' id='word_1_757' title='bbox 3314 4098 3510 4174; x_wconf 79' lang='lat' dir='ltr'><strong>legitur</strong></span> <span class='ocrx_word' id='word_1_758' title='bbox 3560 4098 3848 4174; x_wconf 73' lang='lat' dir='ltr'><strong>Eugubino,</strong></span> 
     </span>
    </p>
   </div>
   <div class='ocr_carea' id='block_1_105' title="bbox 2250 4169 3848 4248">
    <p class='ocr_par' dir='ltr' id='par_1_105' title="bbox 2250 4169 3848 4248">
     <span class='ocr_line' id='line_1_106' title="bbox 2250 4169 3848 4248; baseline 0.001 -22"><span class='ocrx_word' id='word_1_759' title='bbox 2250 4169 2463 4227; x_wconf 88' lang='lat' dir='ltr'><strong>additur</strong></span> <span class='ocrx_word' id='word_1_760' title='bbox 2500 4173 2741 4240; x_wconf 85' lang='lat' dir='ltr'><strong>salutem,</strong></span> <span class='ocrx_word' id='word_1_761' title='bbox 2784 4169 2928 4242; x_wconf 92' lang='lat' dir='ltr'><strong>quod</strong></span> <span class='ocrx_word' id='word_1_762' title='bbox 2977 4180 3034 4227; x_wconf 92' lang='lat' dir='ltr'><strong>et</strong></span> <span class='ocrx_word' id='word_1_763' title='bbox 3078 4171 3130 4225; x_wconf 91' lang='lat' dir='ltr'><strong>in</strong></span> <span class='ocrx_word' id='word_1_764' title='bbox 3166 4169 3401 4243; x_wconf 70' lang='lat' dir='ltr'><strong>vulgatis</strong></span> <span class='ocrx_word' id='word_1_765' title='bbox 3457 4173 3588 4230; x_wconf 89' lang='lat' dir='ltr'><strong>inde</strong></span> <span class='ocrx_word' id='word_1_766' title='bbox 3634 4169 3848 4248; x_wconf 51' lang='lat' dir='ltr'><strong>expres;</strong></span> 
     </span>
    </p>
   </div>
   <div class='ocr_carea' id='block_1_106' title="bbox 2251 4253 2503 4298">
    <p class='ocr_par' dir='ltr' id='par_1_106' title="bbox 2251 4253 2503 4298">
     <span class='ocr_line' id='line_1_107' title="bbox 2251 4253 2503 4298; baseline 0.004 -3"><span class='ocrx_word' id='word_1_767' title='bbox 2251 4258 2369 4297; x_wconf 85' lang='lat' dir='ltr'><strong>sum</strong></span> <span class='ocrx_word' id='word_1_768' title='bbox 2398 4253 2503 4298; x_wconf 85' lang='lat' dir='ltr'><strong>cst.</strong></span> 
     </span>
    </p>
   </div>
   <div class='ocr_carea' id='block_1_107' title="bbox 2325 4310 3846 4386">
    <p class='ocr_par' dir='ltr' id='par_1_107' title="bbox 2325 4310 3846 4386">
     <span class='ocr_line' id='line_1_108' title="bbox 2325 4310 3846 4386; baseline 0.003 -17"><span class='ocrx_word' id='word_1_769' title='bbox 2325 4310 2352 4350; x_wconf 72' lang='grc' dir='ltr'><em>ἀ</em></span> <span class='ocrx_word' id='word_1_770' title='bbox 2392 4315 2557 4386; x_wconf 74' lang='lat' dir='ltr'><strong>Corb.</strong></span> <span class='ocrx_word' id='word_1_771' title='bbox 2610 4330 2714 4386; x_wconf 86' lang='lat' dir='ltr'><strong>ms.</strong></span> <span class='ocrx_word' id='word_1_772' title='bbox 2745 4328 2868 4369; x_wconf 86' lang='lat' dir='ltr'><strong>cum</strong></span> <span class='ocrx_word' id='word_1_773' title='bbox 2909 4329 3017 4386; x_wconf 83' lang='lat' dir='ltr'><strong>uno</strong></span> <span class='ocrx_word' id='word_1_774' title='bbox 3044 4312 3224 4386; x_wconf 86' lang='lat' dir='ltr'><strong>Colb._</strong></span> <span class='ocrx_word' id='word_1_775' title='bbox 3254 4324 3346 4368; x_wconf 85' lang='lat' dir='ltr'><strong>aut</strong></span> <span class='ocrx_word' id='word_1_776' title='bbox 3382 4314 3672 4386; x_wconf 86' lang='lat' dir='ltr'><strong>Apostolis.</strong></span> <span class='ocrx_word' id='word_1_777' title='bbox 3723 4317 3846 4373; x_wconf 79' lang='lat' dir='ltr'><strong>&#39;I&#39;um</strong></span> 
     </span>
    </p>
   </div>
   <div class='ocr_carea' id='block_1_108' title="bbox 2248 4382 3845 4458">
    <p class='ocr_par' dir='ltr' id='par_1_108' title="bbox 2248 4382 3845 4458">
     <span class='ocr_line' id='line_1_109' title="bbox 2248 4382 3845 4458; baseline 0.002 -18"><span class='ocrx_word' id='word_1_778' title='bbox 2248 4400 2370 4458; x_wconf 82' lang='lat' dir='ltr'><strong>eum</strong></span> <span class='ocrx_word' id='word_1_779' title='bbox 2400 4384 2589 4458; x_wconf 77' lang='lat' dir='ltr'><strong>iisdem</strong></span> <span class='ocrx_word' id='word_1_780' title='bbox 2622 4385 2711 4458; x_wconf 80' lang='lat' dir='ltr'><strong>alii</strong></span> <span class='ocrx_word' id='word_1_781' title='bbox 2738 4394 2875 4458; x_wconf 82' lang='lat' dir='ltr'><strong>tres,</strong></span> <span class='ocrx_word' id='word_1_782' title='bbox 2904 4384 2983 4438; x_wconf 77' lang='lat' dir='ltr'><strong>rel</strong></span> <span class='ocrx_word' id='word_1_783' title='bbox 3020 4382 3323 4458; x_wconf 82' lang='lat' dir='ltr'><strong>apostolicis</strong></span> <span class='ocrx_word' id='word_1_784' title='bbox 3368 4382 3516 4458; x_wconf 80' lang='lat' dir='ltr'><strong>ipsis,</strong></span> <span class='ocrx_word' id='word_1_785' title='bbox 3573 4404 3683 4443; x_wconf 92' lang='lat' dir='ltr'><strong>non</strong></span> <span class='ocrx_word' id='word_1_786' title='bbox 3716 4391 3845 4444; x_wconf 72' lang='lat' dir='ltr'><strong>viris.</strong></span> 
     </span>
    </p>
   </div>
   <div class='ocr_carea' id='block_1_109' title="bbox 2254 4455 3846 4522">
    <p class='ocr_par' dir='ltr' id='par_1_109' title="bbox 2254 4455 3846 4522">
     <span class='ocr_line' id='line_1_110' title="bbox 2254 4455 3846 4522; baseline 0.001 -11"><span class='ocrx_word' id='word_1_787' title='bbox 2254 4455 2458 4513; x_wconf 86' lang='lat' dir='ltr'><strong>Deinde</strong></span> <span class='ocrx_word' id='word_1_788' title='bbox 2487 4471 2627 4512; x_wconf 87' lang='lat' dir='ltr'><strong>unus</strong></span> <span class='ocrx_word' id='word_1_789' title='bbox 2655 4456 2832 4522; x_wconf 85' lang='lat' dir='ltr'><strong>Colb.,</strong></span> <span class='ocrx_word' id='word_1_790' title='bbox 2883 4455 3149 4511; x_wconf 76' lang='lat' dir='ltr'><strong>contraria</strong></span> <span class='ocrx_word' id='word_1_791' title='bbox 3174 4464 3220 4509; x_wconf 92' lang='lat' dir='ltr'><strong>et</strong></span> <span class='ocrx_word' id='word_1_792' title='bbox 3251 4472 3358 4511; x_wconf 89' lang='lat' dir='ltr'><strong>non</strong></span> <span class='ocrx_word' id='word_1_793' title='bbox 3388 4455 3582 4513; x_wconf 83' lang='lat' dir='ltr'><strong>utenda</strong></span> <span class='ocrx_word' id='word_1_794' title='bbox 3625 4461 3846 4514; x_wconf 74' lang='lat' dir='ltr'><strong>inducta.</strong></span> 
     </span>
    </p>
   </div>
   <div class='ocr_carea' id='block_1_110' title="bbox 2246 4525 3847 4597">
    <p class='ocr_par' dir='ltr' id='par_1_110' title="bbox 2246 4525 3847 4597">
     <span class='ocr_line' id='line_1_111' title="bbox 2246 4525 3847 4597; baseline 0.002 -15"><span class='ocrx_word' id='word_1_795' title='bbox 2246 4526 2363 4583; x_wconf 84' lang='lat' dir='ltr'><strong>Jatn</strong></span> <span class='ocrx_word' id='word_1_796' title='bbox 2399 4544 2562 4597; x_wconf 84' lang='lat' dir='ltr'><strong>supra</strong></span> <span class='ocrx_word' id='word_1_797' title='bbox 2606 4528 2767 4597; x_wconf 88' lang='lat' dir='ltr'><strong>epist.</strong></span> <span class='ocrx_word' id='word_1_798' title='bbox 2810 4528 2899 4587; x_wconf 82' lang='grc'><strong>17.</strong></span> <span class='ocrx_word' id='word_1_799' title='bbox 2934 4544 2989 4581; x_wconf 91' lang='lat' dir='ltr'><strong>n.</strong></span> <span class='ocrx_word' id='word_1_800' title='bbox 3021 4527 3073 4591; x_wconf 85' lang='lat'><strong>9,</strong></span> <span class='ocrx_word' id='word_1_801' title='bbox 3121 4525 3502 4583; x_wconf 85' lang='lat' dir='ltr'><strong>Innocentium</strong></span> <span class='ocrx_word' id='word_1_802' title='bbox 3551 4531 3847 4586; x_wconf 76' lang='lat' dir='ltr'><strong>audivimus</strong></span> 
     </span>
    </p>
   </div>
   <div class='ocr_carea' id='block_1_111' title="bbox 2247 4598 3846 4672">
    <p class='ocr_par' dir='ltr' id='par_1_111' title="bbox 2247 4598 3846 4672">
     <span class='ocr_line' id='line_1_112' title="bbox 2247 4598 3846 4672; baseline 0.003 -19"><span class='ocrx_word' id='word_1_803' title='bbox 2247 4599 2714 4672; x_wconf 86' lang='lat' dir='ltr'><strong>commendantem</strong></span> <span class='ocrx_word' id='word_1_804' title='bbox 2746 4598 2951 4672; x_wconf 80' lang='lat' dir='ltr'><strong>regulas</strong></span> <span class='ocrx_word' id='word_1_805' title='bbox 2969 4605 3182 4672; x_wconf 55' lang='lat' dir='ltr'><strong>ueteres,</strong></span> <span class='ocrx_word' id='word_1_806' title='bbox 3220 4615 3352 4672; x_wconf 86' lang='lat' dir='ltr'><strong>quas</strong></span> <span class='ocrx_word' id='word_1_807' title='bbox 3380 4599 3447 4654; x_wconf 93' lang='lat' dir='ltr'><strong>ab</strong></span> <span class='ocrx_word' id='word_1_808' title='bbox 3483 4600 3751 4672; x_wconf 79' lang='lat' dir='ltr'><strong>Apostolis</strong></span> <span class='ocrx_word' id='word_1_809' title='bbox 3776 4600 3846 4657; x_wconf 75' lang='lat' dir='ltr'><strong>uel</strong></span> 
     </span>
    </p>
   </div>
   <div class='ocr_carea' id='block_1_112' title="bbox 2246 4666 3747 4739">
    <p class='ocr_par' dir='ltr' id='par_1_112' title="bbox 2246 4666 3747 4739">
     <span class='ocr_line' id='line_1_113' title="bbox 2246 4666 3747 4739; baseline 0.005 -19"><span class='ocrx_word' id='word_1_810' title='bbox 2246 4672 2540 4739; x_wconf 82' lang='lat' dir='ltr'><strong>apostolicis</strong></span> <span class='ocrx_word' id='word_1_811' title='bbox 2569 4670 2691 4724; x_wconf 77' lang='lat' dir='ltr'><strong>viris</strong></span> <span class='ocrx_word' id='word_1_812' title='bbox 2722 4666 2937 4724; x_wconf 78' lang='lat' dir='ltr'><strong>traditas</strong></span> <span class='ocrx_word' id='word_1_813' title='bbox 2961 4666 3195 4722; x_wconf 84' lang='lat' dir='ltr'><strong>Ecclesia</strong></span> <span class='ocrx_word' id='word_1_814' title='bbox 3224 4666 3468 4725; x_wconf 79' lang='lat' dir='ltr'><strong>Romana</strong></span> <span class='ocrx_word' id='word_1_815' title='bbox 3498 4666 3747 4728; x_wconf 70' lang='lat' dir='ltr'><strong>custodit.</strong></span> 
     </span>
    </p>
   </div>
   <div class='ocr_carea' id='block_1_113' title="bbox 2323 4739 3848 4811">
    <p class='ocr_par' dir='ltr' id='par_1_113' title="bbox 2323 4739 3848 4811">
     <span class='ocr_line' id='line_1_114' title="bbox 2323 4739 3848 4811; baseline 0.003 -16"><span class='ocrx_word' id='word_1_816' title='bbox 2323 4752 2345 4777; x_wconf 80' lang='grc' dir='ltr'>υ</span> <span class='ocrx_word' id='word_1_817' title='bbox 2387 4739 2587 4810; x_wconf 88' lang='lat' dir='ltr'><strong>Supple</strong></span> <span class='ocrx_word' id='word_1_818' title='bbox 2619 4751 2899 4811; x_wconf 85' lang='lat' dir='ltr'><strong>terrasque.</strong></span> <span class='ocrx_word' id='word_1_819' title='bbox 2939 4739 3173 4811; x_wconf 80' lang='lat' dir='ltr'><strong>Hilarius</strong></span> <span class='ocrx_word' id='word_1_820' title='bbox 3199 4740 3267 4794; x_wconf 90' lang='lat' dir='ltr'><strong>iis</strong></span> <span class='ocrx_word' id='word_1_821' title='bbox 3295 4743 3387 4811; x_wconf 88' lang='lat' dir='ltr'><strong>qui</strong></span> <span class='ocrx_word' id='word_1_822' title='bbox 3418 4758 3529 4798; x_wconf 88' lang='lat' dir='ltr'><strong>una</strong></span> <span class='ocrx_word' id='word_1_823' title='bbox 3563 4744 3689 4802; x_wconf 88' lang='lat' dir='ltr'><strong>lidei</strong></span> <span class='ocrx_word' id='word_1_824' title='bbox 3719 4760 3848 4800; x_wconf 52' lang='lat' dir='ltr'><strong>con»</strong></span> 
     </span>
    </p>
   </div>
   <div class='ocr_carea' id='block_1_114' title="bbox 2247 4810 3843 4884">
    <p class='ocr_par' dir='ltr' id='par_1_114' title="bbox 2247 4810 3843 4884">
     <span class='ocr_line' id='line_1_115' title="bbox 2247 4810 3843 4884; baseline 0.004 -19"><span class='ocrx_word' id='word_1_825' title='bbox 2247 4812 2502 4884; x_wconf 84' lang='lat' dir='ltr'><strong>munione</strong></span> <span class='ocrx_word' id='word_1_826' title='bbox 2519 4827 2583 4884; x_wconf 84' lang='lat' dir='ltr'><strong>ac</strong></span> <span class='ocrx_word' id='word_1_827' title='bbox 2598 4810 2859 4884; x_wconf 84' lang='lat' dir='ltr'><strong>societate</strong></span> <span class='ocrx_word' id='word_1_828' title='bbox 2878 4827 2999 4868; x_wconf 91' lang='lat' dir='ltr'><strong>cum</strong></span> <span class='ocrx_word' id='word_1_829' title='bbox 3021 4810 3192 4884; x_wconf 81' lang='lat' dir='ltr'><strong>Gallis</strong></span> <span class='ocrx_word' id='word_1_830' title='bbox 3213 4810 3642 4884; x_wconf 78' lang='lat' dir='ltr'><strong>copulabantur,</strong></span> <span class='ocrx_word' id='word_1_831' title='bbox 3659 4816 3843 4872; x_wconf 88' lang='lat' dir='ltr'><strong>librum</strong></span> 
     </span>
    </p>
   </div>
   <div class='ocr_carea' id='block_1_115' title="bbox 2245 4880 3845 4958">
    <p class='ocr_par' dir='ltr' id='par_1_115' title="bbox 2245 4880 3845 4958">
     <span class='ocr_line' id='line_1_116' title="bbox 2245 4880 3845 4958; baseline 0.004 -22"><span class='ocrx_word' id='word_1_832' title='bbox 2245 4880 2315 4937; x_wconf 90' lang='lat' dir='ltr'><strong>de</strong></span> <span class='ocrx_word' id='word_1_833' title='bbox 2362 4882 2597 4958; x_wconf 75' lang='lat' dir='ltr'><strong>Synodjs</strong></span> <span class='ocrx_word' id='word_1_834' title='bbox 2629 4883 3048 4958; x_wconf 62' lang='lat' dir='ltr'><strong>scribens,_cum</strong></span> <span class='ocrx_word' id='word_1_835' title='bbox 3079 4880 3636 4958; x_wconf 48' lang='lat' dir='ltr'><strong>iisdem—Germaniae</strong></span> <span class='ocrx_word' id='word_1_836' title='bbox 3667 4889 3845 4958; x_wconf 78' lang='lat' dir='ltr'><strong>prima:</strong></span> 
     </span>
    </p>
   </div>
   <div class='ocr_carea' id='block_1_116' title="bbox 2245 4953 3839 5027">
    <p class='ocr_par' dir='ltr' id='par_1_116' title="bbox 2245 4953 3839 5027">
     <span class='ocr_line' id='line_1_117' title="bbox 2245 4953 3839 5027; baseline 0.003 -20"><span class='ocrx_word' id='word_1_837' title='bbox 2245 4962 2309 5027; x_wconf 64' lang='lat' dir='ltr'><strong>et</strong></span> <span class='ocrx_word' id='word_1_838' title='bbox 2352 4953 2625 5027; x_wconf 66' lang='lat' dir='ltr'><strong>secundae.</strong></span> <span class='ocrx_word' id='word_1_839' title='bbox 2679 4953 3530 5027; x_wconf 70' lang='lat' dir='ltr'><strong>Britanniarumqueepiscopos</strong></span> <span class='ocrx_word' id='word_1_840' title='bbox 3576 4953 3839 5016; x_wconf 72' lang='lat' dir='ltr'><strong>recenset.</strong></span> 
     </span>
    </p>
   </div>
   <div class='ocr_carea' id='block_1_117' title="bbox 2246 5023 3843 5101">
    <p class='ocr_par' dir='ltr' id='par_1_117' title="bbox 2246 5023 3843 5101">
     <span class='ocr_line' id='line_1_118' title="bbox 2246 5023 3843 5101; baseline 0.003 -24"><span class='ocrx_word' id='word_1_841' title='bbox 2246 5023 2341 5077; x_wconf 88' lang='lat' dir='ltr'><strong>llis</strong></span> <span class='ocrx_word' id='word_1_842' title='bbox 2372 5026 2418 5079; x_wconf 84' lang='lat' dir='ltr'><strong>si</strong></span> <span class='ocrx_word' id='word_1_843' title='bbox 2448 5025 2823 5101; x_wconf 51' lang='lat' dir='ltr'><strong>adiunguntur:</strong></span> <span class='ocrx_word' id='word_1_844' title='bbox 2836 5027 3011 5101; x_wconf 63' lang='lat' dir='ltr'><strong>varice</strong></span> <span class='ocrx_word' id='word_1_845' title='bbox 3028 5024 3225 5096; x_wconf 88' lang='lat' dir='ltr'><strong>Illyrici</strong></span> <span class='ocrx_word' id='word_1_846' title='bbox 3254 5023 3579 5101; x_wconf 58' lang='lat' dir='ltr'><strong>provinciae,</strong></span> <span class='ocrx_word' id='word_1_847' title='bbox 3610 5044 3746 5101; x_wconf 89' lang='lat' dir='ltr'><strong>quas</strong></span> <span class='ocrx_word' id='word_1_848' title='bbox 3767 5031 3843 5085; x_wconf 84' lang='lat' dir='ltr'><strong>Iu-</strong></span> 
     </span>
    </p>
   </div>
   <div class='ocr_carea' id='block_1_118' title="bbox 2244 5095 3841 5166">
    <p class='ocr_par' dir='ltr' id='par_1_118' title="bbox 2244 5095 3841 5166">
     <span class='ocr_line' id='line_1_119' title="bbox 2244 5095 3841 5166; baseline 0.004 -18"><span class='ocrx_word' id='word_1_849' title='bbox 2244 5095 2531 5150; x_wconf 84' lang='lat' dir='ltr'><strong>nocentius</strong></span> <span class='ocrx_word' id='word_1_850' title='bbox 2566 5098 2725 5166; x_wconf 89' lang='lat' dir='ltr'><strong>epist.</strong></span> <span class='ocrx_word' id='word_1_851' title='bbox 2759 5098 2850 5162; x_wconf 72' lang='lat'><strong>15,</strong></span> <span class='ocrx_word' id='word_1_852' title='bbox 2880 5115 2935 5151; x_wconf 91' lang='lat' dir='ltr'><strong>n.</strong></span> <span class='ocrx_word' id='word_1_853' title='bbox 2981 5095 3037 5158; x_wconf 88' lang='lat'><strong>2,</strong></span> <span class='ocrx_word' id='word_1_854' title='bbox 3070 5110 3221 5150; x_wconf 87' lang='lat' dir='ltr'><strong>suam</strong></span> <span class='ocrx_word' id='word_1_855' title='bbox 3268 5098 3322 5152; x_wconf 91' lang='lat' dir='ltr'><strong>in</strong></span> <span class='ocrx_word' id='word_1_856' title='bbox 3362 5113 3458 5154; x_wconf 90' lang='lat' dir='ltr'><strong>eas</strong></span> <span class='ocrx_word' id='word_1_857' title='bbox 3500 5095 3680 5156; x_wconf 78' lang='lat' dir='ltr'><strong>vieein</strong></span> <span class='ocrx_word' id='word_1_858' title='bbox 3711 5101 3841 5155; x_wconf 81' lang='lat' dir='ltr'><strong>Rulo</strong></span> 
     </span>
    </p>
   </div>
   <div class='ocr_carea' id='block_1_119' title="bbox 2243 5167 3837 5238">
    <p class='ocr_par' dir='ltr' id='par_1_119' title="bbox 2243 5167 3837 5238">
     <span class='ocr_line' id='line_1_120' title="bbox 2243 5167 3837 5238; baseline 0.003 -18"><span class='ocrx_word' id='word_1_859' title='bbox 2243 5169 2588 5223; x_wconf 89' lang='lat' dir='ltr'><strong>committens</strong></span> <span class='ocrx_word' id='word_1_860' title='bbox 2618 5179 2889 5235; x_wconf 90' lang='lat' dir='ltr'><strong>recenset,</strong></span> <span class='ocrx_word' id='word_1_861' title='bbox 2917 5167 3250 5232; x_wconf 70' lang='lat' dir='ltr'><strong>diteceseon,</strong></span> <span class='ocrx_word' id='word_1_862' title='bbox 3284 5185 3406 5238; x_wconf 72' lang='lat' dir='ltr'><strong>quae</strong></span> <span class='ocrx_word' id='word_1_863' title='bbox 3429 5169 3500 5225; x_wconf 88' lang='lat' dir='ltr'><strong>ad</strong></span> <span class='ocrx_word' id='word_1_864' title='bbox 3545 5170 3837 5227; x_wconf 77' lang='lat' dir='ltr'><strong>Romanum</strong></span> 
     </span>
    </p>
   </div>
   <div class='ocr_carea' id='block_1_120' title="bbox 2244 5238 3840 5306">
    <p class='ocr_par' dir='ltr' id='par_1_120' title="bbox 2244 5238 3840 5306">
     <span class='ocr_line' id='line_1_121' title="bbox 2244 5238 3840 5306; baseline 0.005 -17"><span class='ocrx_word' id='word_1_865' title='bbox 2244 5238 2662 5306; x_wconf 86' lang='lat' dir='ltr'><strong>patriarchatum</strong></span> <span class='ocrx_word' id='word_1_866' title='bbox 2691 5240 2946 5303; x_wconf 86' lang='lat' dir='ltr'><strong>attinent,</strong></span> <span class='ocrx_word' id='word_1_867' title='bbox 2970 5238 3101 5293; x_wconf 82' lang='lat' dir='ltr'><strong>Satis</strong></span> <span class='ocrx_word' id='word_1_868' title='bbox 3126 5249 3381 5295; x_wconf 85' lang='lat' dir='ltr'><strong>accurata</strong></span> <span class='ocrx_word' id='word_1_869' title='bbox 3406 5240 3695 5298; x_wconf 89' lang='lat' dir='ltr'><strong>habebitur</strong></span> <span class='ocrx_word' id='word_1_870' title='bbox 3718 5259 3840 5299; x_wconf 85' lang='lat' dir='ltr'><strong>enu-</strong></span> 
     </span>
    </p>
   </div>
   <div class='ocr_carea' id='block_1_121' title="bbox 2245 5308 3833 5382">
    <p class='ocr_par' dir='ltr' id='par_1_121' title="bbox 2245 5308 3833 5382">
     <span class='ocr_line' id='line_1_122' title="bbox 2245 5308 3833 5382; baseline 0.003 -20"><span class='ocrx_word' id='word_1_871' title='bbox 2245 5310 2494 5382; x_wconf 81' lang='lat' dir='ltr'><strong>meratio.</strong></span> <span class='ocrx_word' id='word_1_872' title='bbox 2524 5309 2606 5365; x_wconf 80' lang='lat' dir='ltr'><strong>Ex</strong></span> <span class='ocrx_word' id='word_1_873' title='bbox 2627 5309 2873 5382; x_wconf 89' lang='lat' dir='ltr'><strong>ecclesiis</strong></span> <span class='ocrx_word' id='word_1_874' title='bbox 2896 5318 3075 5382; x_wconf 77' lang='lat' dir='ltr'><strong>autem</strong></span> <span class='ocrx_word' id='word_1_875' title='bbox 3104 5309 3171 5364; x_wconf 86' lang='lat' dir='ltr'><strong>ab</strong></span> <span class='ocrx_word' id='word_1_876' title='bbox 3206 5308 3314 5367; x_wconf 86' lang='lat' dir='ltr'><strong>hoc</strong></span> <span class='ocrx_word' id='word_1_877' title='bbox 3358 5325 3499 5381; x_wconf 87' lang='lat' dir='ltr'><strong>papa</strong></span> <span class='ocrx_word' id='word_1_878' title='bbox 3527 5312 3833 5382; x_wconf 83' lang='lat' dir='ltr'><strong>nominatis,</strong></span> 
     </span>
    </p>
   </div>
   <div class='ocr_carea' id='block_1_122' title="bbox 2244 5379 3833 5456">
    <p class='ocr_par' dir='ltr' id='par_1_122' title="bbox 2244 5379 3833 5456">
     <span class='ocr_line' id='line_1_123' title="bbox 2244 5379 3833 5456; baseline 0.004 -23"><span class='ocrx_word' id='word_1_879' title='bbox 2244 5394 2353 5434; x_wconf 87' lang='lat' dir='ltr'><strong>non</strong></span> <span class='ocrx_word' id='word_1_880' title='bbox 2380 5379 2577 5435; x_wconf 90' lang='lat' dir='ltr'><strong>desunt</strong></span> <span class='ocrx_word' id='word_1_881' title='bbox 2596 5383 2685 5452; x_wconf 91' lang='lat' dir='ltr'><strong>qui</strong></span> <span class='ocrx_word' id='word_1_882' title='bbox 2699 5379 3080 5456; x_wconf 68' lang='lat' dir='ltr'><strong>excipiendam</strong></span> <span class='ocrx_word' id='word_1_883' title='bbox 3107 5379 3375 5438; x_wconf 78' lang='lat' dir='ltr'><strong>censeant</strong></span> <span class='ocrx_word' id='word_1_884' title='bbox 3398 5379 3833 5456; x_wconf 71' lang='lat' dir='ltr'><strong>Lugdunensem,</strong></span> 
     </span>
    </p>
   </div>
   <div class='ocr_carea' id='block_1_123' title="bbox 2244 5452 3836 5527">
    <p class='ocr_par' dir='ltr' id='par_1_123' title="bbox 2244 5452 3836 5527">
     <span class='ocr_line' id='line_1_124' title="bbox 2244 5452 3836 5527; baseline 0.003 -23"><span class='ocrx_word' id='word_1_885' title='bbox 2244 5466 2405 5518; x_wconf 88' lang='lat' dir='ltr'><strong>quam</strong></span> <span class='ocrx_word' id='word_1_886' title='bbox 2435 5467 2618 5527; x_wconf 80' lang='lat' dir='ltr'><strong>neque</strong></span> <span class='ocrx_word' id='word_1_887' title='bbox 2640 5468 2671 5506; x_wconf 89' lang='lat' dir='ltr'><strong>a</strong></span> <span class='ocrx_word' id='word_1_888' title='bbox 2698 5452 2861 5508; x_wconf 87' lang='lat' dir='ltr'><strong>Petro</strong></span> <span class='ocrx_word' id='word_1_889' title='bbox 2890 5466 3064 5521; x_wconf 87' lang='lat' dir='ltr'><strong>neque</strong></span> <span class='ocrx_word' id='word_1_890' title='bbox 3092 5466 3121 5504; x_wconf 90' lang='lat' dir='ltr'><strong>a</strong></span> <span class='ocrx_word' id='word_1_891' title='bbox 3149 5452 3570 5527; x_wconf 70' lang='lat' dir='ltr'><strong>successoribus</strong></span> <span class='ocrx_word' id='word_1_892' title='bbox 3592 5458 3711 5527; x_wconf 87' lang='lat' dir='ltr'><strong>ejus</strong></span> <span class='ocrx_word' id='word_1_893' title='bbox 3735 5458 3836 5526; x_wconf 85' lang='lat' dir='ltr'><strong>pri-</strong></span> 
     </span>
    </p>
   </div>
   <div class='ocr_carea' id='block_1_124' title="bbox 2243 5522 3832 5591">
    <p class='ocr_par' dir='ltr' id='par_1_124' title="bbox 2243 5522 3832 5591">
     <span class='ocr_line' id='line_1_125' title="bbox 2243 5522 3832 5591; baseline 0.006 -16"><span class='ocrx_word' id='word_1_894' title='bbox 2243 5536 2391 5576; x_wconf 93' lang='lat' dir='ltr'><strong>mum</strong></span> <span class='ocrx_word' id='word_1_895' title='bbox 2431 5522 2769 5580; x_wconf 87' lang='lat' dir='ltr'><strong>sacerdotem</strong></span> <span class='ocrx_word' id='word_1_896' title='bbox 2818 5538 2974 5579; x_wconf 91' lang='lat' dir='ltr'><strong>suum</strong></span> <span class='ocrx_word' id='word_1_897' title='bbox 3020 5522 3302 5591; x_wconf 88' lang='lat' dir='ltr'><strong>accepisse</strong></span> <span class='ocrx_word' id='word_1_898' title='bbox 3330 5522 3691 5584; x_wconf 80' lang='lat' dir='ltr'><strong>arbitrantur.</strong></span> <span class='ocrx_word' id='word_1_899' title='bbox 3738 5522 3832 5584; x_wconf 77' lang='lat' dir='ltr'><strong>Sed</strong></span> 
     </span>
    </p>
   </div>
   <div class='ocr_carea' id='block_1_125' title="bbox 2241 5593 3832 5669">
    <p class='ocr_par' dir='ltr' id='par_1_125' title="bbox 2241 5593 3832 5669">
     <span class='ocr_line' id='line_1_126' title="bbox 2241 5593 3832 5669; baseline 0.003 -23"><span class='ocrx_word' id='word_1_900' title='bbox 2241 5593 2683 5669; x_wconf 78' lang='lat' dir='ltr'><strong>opinionishujus</strong></span> <span class='ocrx_word' id='word_1_901' title='bbox 2695 5602 2901 5669; x_wconf 70' lang='lat' dir='ltr'><strong>auctor,</strong></span> <span class='ocrx_word' id='word_1_902' title='bbox 2924 5609 2953 5649; x_wconf 87' lang='lat' dir='ltr'><strong>a</strong></span> <span class='ocrx_word' id='word_1_903' title='bbox 2976 5609 3205 5669; x_wconf 76' lang='lat' dir='ltr'><strong>quonam</strong></span> <span class='ocrx_word' id='word_1_904' title='bbox 3220 5593 3451 5653; x_wconf 89' lang='lat' dir='ltr'><strong>Potinus</strong></span> <span class='ocrx_word' id='word_1_905' title='bbox 3471 5599 3681 5667; x_wconf 86' lang='lat' dir='ltr'><strong>primus</strong></span> <span class='ocrx_word' id='word_1_906' title='bbox 3701 5602 3832 5669; x_wconf 85' lang='lat' dir='ltr'><strong>ejus-</strong></span> 
     </span>
    </p>
   </div>
   <div class='ocr_carea' id='block_1_126' title="bbox 2241 5662 3826 5737">
    <p class='ocr_par' dir='ltr' id='par_1_126' title="bbox 2241 5662 3826 5737">
     <span class='ocr_line' id='line_1_127' title="bbox 2241 5662 3826 5737; baseline 0.004 -20"><span class='ocrx_word' id='word_1_907' title='bbox 2241 5662 2383 5737; x_wconf 12' lang='lat' dir='ltr'><strong>dem,</strong></span> <span class='ocrx_word' id='word_1_908' title='bbox 2412 5662 2659 5721; x_wconf 66' lang='lat' dir='ltr'><strong>ecclesiae</strong></span> <span class='ocrx_word' id='word_1_909' title='bbox 2698 5664 2896 5735; x_wconf 71' lang='lat' dir='ltr'><strong>praesul</strong></span> <span class='ocrx_word' id='word_1_910' title='bbox 2940 5662 3025 5720; x_wconf 82' lang='lat' dir='ltr'><strong>vel</strong></span> <span class='ocrx_word' id='word_1_911' title='bbox 3051 5663 3337 5737; x_wconf 85' lang='lat' dir='ltr'><strong>ordinatus</strong></span> <span class='ocrx_word' id='word_1_912' title='bbox 3385 5662 3491 5725; x_wconf 43' lang='lat' dir='ltr'><strong>vel&quot;</strong></span> <span class='ocrx_word' id='word_1_913' title='bbox 3516 5662 3826 5737; x_wconf 60' lang='lat' dir='ltr'><strong>missus&#39;sit,</strong></span> 
     </span>
    </p>
   </div>
   <div class='ocr_carea' id='block_1_127' title="bbox 2238 5734 3330 5807">
    <p class='ocr_par' dir='ltr' id='par_1_127' title="bbox 2238 5734 3330 5807">
     <span class='ocr_line' id='line_1_128' title="bbox 2238 5734 3330 5807; baseline 0.009 -21"><span class='ocrx_word' id='word_1_914' title='bbox 2238 5734 2342 5807; x_wconf 85' lang='lat' dir='ltr'><strong>sibi</strong></span> <span class='ocrx_word' id='word_1_915' title='bbox 2371 5734 2765 5807; x_wconf 83' lang='lat' dir='ltr'><strong>incompertum</strong></span> <span class='ocrx_word' id='word_1_916' title='bbox 2797 5751 2922 5792; x_wconf 91' lang='lat' dir='ltr'><strong>esse</strong></span> <span class='ocrx_word' id='word_1_917' title='bbox 2950 5736 3078 5791; x_wconf 89' lang='lat' dir='ltr'><strong>alibi</strong></span> <span class='ocrx_word' id='word_1_918' title='bbox 3104 5735 3330 5796; x_wconf 77' lang='lat' dir='ltr'><strong>fatetur.</strong></span> 
     </span>
    </p>
   </div>
   <div class='ocr_carea' id='block_1_128' title="bbox 2309 5803 3828 5877">
    <p class='ocr_par' dir='ltr' id='par_1_128' title="bbox 2309 5803 3828 5877">
     <span class='ocr_line' id='line_1_129' title="bbox 2309 5803 3828 5877; baseline 0.003 -16"><span class='ocrx_word' id='word_1_919' title='bbox 2309 5803 2330 5842; x_wconf 71' lang='grc' dir='ltr'><em>τ</em></span> <span class='ocrx_word' id='word_1_920' title='bbox 2371 5803 2605 5863; x_wconf 77' lang='lat' dir='ltr'><strong>Verbum</strong></span> <span class='ocrx_word' id='word_1_921' title='bbox 2635 5807 2915 5863; x_wconf 87' lang='lat' dir='ltr'><strong>arbitrarer</strong></span> <span class='ocrx_word' id='word_1_922' title='bbox 2960 5808 3012 5863; x_wconf 90' lang='lat' dir='ltr'><strong>in</strong></span> <span class='ocrx_word' id='word_1_923' title='bbox 3040 5807 3233 5877; x_wconf 87' lang='lat' dir='ltr'><strong>priscis</strong></span> <span class='ocrx_word' id='word_1_924' title='bbox 3275 5810 3390 5869; x_wconf 88' lang='lat' dir='ltr'><strong>edit</strong></span> <span class='ocrx_word' id='word_1_925' title='bbox 3434 5813 3641 5870; x_wconf 89' lang='lat' dir='ltr'><strong>concil.</strong></span> <span class='ocrx_word' id='word_1_926' title='bbox 3686 5821 3742 5868; x_wconf 89' lang='lat' dir='ltr'><strong>ut</strong></span> <span class='ocrx_word' id='word_1_927' title='bbox 3780 5811 3828 5866; x_wconf 87' lang='lat' dir='ltr'><strong>in</strong></span> 
     </span>
    </p>
   </div>
   <div class='ocr_carea' id='block_1_129' title="bbox 2227 5877 2742 5935">
    <p class='ocr_par' dir='ltr' id='par_1_129' title="bbox 2227 5877 2742 5935">
     <span class='ocr_line' id='line_1_130' title="bbox 2227 5877 2742 5935; baseline 0.006 -3"><span class='ocrx_word' id='word_1_928' title='bbox 2227 5890 2362 5932; x_wconf 89' lang='lat' dir='ltr'><strong>mss.</strong></span> <span class='ocrx_word' id='word_1_929' title='bbox 2395 5877 2482 5935; x_wconf 87' lang='lat' dir='ltr'><strong>hic</strong></span> <span class='ocrx_word' id='word_1_930' title='bbox 2505 5878 2742 5935; x_wconf 87' lang='lat' dir='ltr'><strong>additur.</strong></span> 
     </span>
    </p>
   </div>
  </div>
