4084 6342
424 257 532 318 559

1671 257 1728 315 S.
1768 252 2164 316 INNOCENTII
2202 251 2226 314 Ι
2260 249 2471 314 ΡΑΡΑΞ

3630 254 3736 316 860

421 382 478 437 id
507 379 622 437 tieri
654 379 772 439 sine
803 391 1004 452 magno
1033 378 1218 436 labore
1258 380 1481 450 poterit,
1517 388 1574 434 ut
1622 377 1786 450 longe
1826 378 2031 434 consti—
2059 401 2112 463 Α
2138 378 2279 433 filius
2304 392 2458 434 tneus
2484 377 2817 435 Caelestinus
2846 376 3106 434 diaconus
3132 375 3184 433 in
3209 374 3447 450 epistola
3474 389 3594 447 sua,
3616 391 3736 433 esse

427 483 578 530 tutus
620 488 1021 546 energumenus
1053 473 1120 528 ad
1167 475 1482 544 episcopum
1531 470 1852 540 deducatur,
1906 485 2027 526 cum

428 569 477 623 si
525 567 648 622 talis
686 582 844 623 casus
874 568 923 623 ei
956 567 1007 622 in
1036 566 1234 623 itinere
1263 565 1544 632 acciderit,
1579 579 1678 620 nec
1706 563 1936 636 perferri
1963 563 2030 618 ad

431 660 773 730 episcopum.
809 675 909 715 nec
939 659 1133 715 referri
1160 659 1226 713 ad
1256 673 1352 713 sua
1382 657 1539 713 facile
1585 657 1794 727 possit?

503 753 634 810 Car.
669 753 781 809 VII.
809 785 879 795 —
904 753 992 809 10.
1031 753 1104 808 De
1135 751 1525 822 paenitentibus
1553 759 1757 816 autem,
1781 750 1870 819 qui
1918 747 2035 803 sive

433 864 501 904 ex
529 847 875 918 gravioribus
901 845 1234 912 commissis,
1267 844 1384 900 sive
1414 859 1482 900 ex
1533 841 1832 898 levioribus
1864 839 2037 910 paeni-

433 940 660 996 tentiam
677 948 894 1012 gerunt,
927 939 973 994 si
998 938 1143 994 nulla
1169 936 1501 993 interveniat
1530 935 1818 1007 mgritndo,
1847 933 2035 1005 quinta

431 1034 569 1088 feria
602 1042 730 1092 ante
783 1032 992 1088 Pascha
1025 1031 1106 1086 eis
1135 1030 1526 1086 remittendum
1560 1029 1822 1083 Romana:
1852 1026 2040 1081 Eccle-

432 1130 528 1184 sia:
550 1127 892 1185 consuetudo
914 1128 1257 1184 demonstrat
1303 1123 1424 1197 (De
1469 1139 1704 1180 consecr.
1730 1123 1851 1176 dist.
1885 1121 1940 1187 5,
1988 1136 2036 1175 c.

439 1221 505 1275 17
530 1236 545 1287 ;
581 1219 674 1273 Ιυο
699 1239 754 1290 p.
785 1218 874 1290 15,
903 1235 951 1272 c.
984 1219 1091 1283 40;
1120 1215 1274 1272 Isaac
1295 1214 1524 1290 Lingon.
1556 1233 1602 1268 c.
1630 1212 2039 1286 15).(1;ιιῑθηιῐῐι

435 1317 503 1370 de
537 1315 779 1386 pondere
828 1312 1152 1369 mstimando
1200 1312 1549 1378 delictorum,
1603 1307 1909 1365 sacerdotis
1956 1312 2043 1363 est

429 1408 701 1478 judicare,
733 1415 792 1462 ut
821 1405 1068 1462 attendat
1091 1406 1156 1460 ad
1187 1404 1588 1461 confessionem
1617 1404 1954 1473 paenitentis,
1988 1411 2044 1458 et

431 1501 498 1556 ad
527 1500 690 1556 ﬂetus
715 1511 882 1571 atque
913 1500 1185 1571 lacrymas
1227 1499 1574 1569 corrigentis,
1606 1513 1669 1552 ac
1709 1506 1822 1552 tum
1852 1497 2044 1566 jubere

435 1594 695 1660 dimitti,
731 1609 854 1649 cum
909 1593 1110 1649 viderit
1180 1607 1474 1663 congruam
1530 1600 1555 1629 α
1609 1590 2042 1646 satisfactionem

437 1704 613 1744 suam.
652 1689 745 1745 Vel
801 1689 845 1744 si
896 1688 1020 1759 quis
1065 1685 1444 1759 mgritudinem
1502 1685 1824 1751 incurrerit,
1883 1693 2043 1754 atque

2135 488 2164 526 a
2194 481 2284 527 tua
2314 471 2611 528 dilectione
2641 471 2878 544 positum
2910 472 3068 535 illud.
3125 471 3272 544 quod
3301 473 3354 528 in
3401 472 3544 529 beati
3595 471 3737 542 Apo-

2136 569 2261 624 stoli
2301 567 2486 625 Jacobi
2532 569 2758 640 epistola
2791 571 3160 641 conscriptum
3210 579 3299 627 est
3345 589 3360 627 :
3409 571 3472 626 Si
3502 570 3740 638 inﬁrmus

2138 663 2164 700 ι)
2199 664 2388 734 aliquis
2416 665 2470 718 in
2502 664 2640 720 robis
2661 675 2736 719 est
2761 681 2778 732 ;
2801 674 2940 720 vocet
2963 665 3314 738 presbyteros,
3343 673 3395 721 et
3423 671 3572 719 orent
3592 680 3744 736 super

2138 777 2275 825 eum,
2309 769 2560 832 ungentes
2589 776 2706 815 eum
2759 761 2872 816 oleo
2910 763 2962 815 in
2988 762 3196 816 nomine
3253 760 3470 814 Domini
3498 774 3517 814 :
3549 768 3596 813 et
3621 774 3744 814 ora-

2141 851 2211 906 tio
2253 863 2274 890 ε
2307 851 2432 921 ﬁdei
2489 852 2706 907 salvabit
2753 852 3102 920 laborantem,
3160 860 3208 906 et
3268 851 3548 907 suscitabit
3599 849 3748 904 illum

2141 943 2420 1014 Dominus,
2445 943 2470 984 ἀ
2497 957 2544 1000 et
2575 948 2619 1001 si
2649 957 2920 1019 peccatum
2953 949 3095 1018 fecit,
3128 947 3348 1001 remittet
3373 947 3419 1000 ei
3451 943 3667 1016 (Iacob.
3693 959 3744 1012 v,

2140 1039 2212 1096 24
2233 1040 2277 1112 ).
2303 1040 2458 1109 Quod
2488 1056 2594 1097 non
2620 1051 2705 1098 est
2731 1041 2957 1097 dubium
2982 1041 3051 1097 de
3082 1041 3337 1098 ﬁdelibus
3358 1039 3748 1110 aegrotantibus

2141 1132 2316 1205 accipi
2342 1134 2425 1188 vel
2457 1133 2684 1205 intelligi
2708 1133 2932 1199 debere,
2955 1133 3045 1204 qui
3069 1141 3258 1188 sancto
3280 1132 3404 1188 oleo
3434 1129 3750 1188 chrismatis

2143 1227 2374 1298 perungi
2433 1237 2684 1297 possunt,
2732 1236 2755 1264 ο
2787 1225 2933 1297 quod
2979 1227 3047 1282 ab
3094 1227 3361 1297 episcopo
3416 1225 3748 1290 confectum,

2148 1335 2260 1374 non
2310 1319 2491 1375 solum
2520 1318 2922 1384 sacerdotibus,
2964 1319 3057 1374 scd
3091 1329 3142 1374 et
3175 1319 3431 1373 omnibus
3462 1315 3541 1372 uti
3565 1314 3750 1372 Chris-

2147 1412 2483 1477 tianislicet,
2521 1412 2576 1466 in
2604 1426 2698 1466 sua
2731 1420 2823 1465 aut
2851 1411 2904 1465 in
2949 1425 3173 1465 suorum
3205 1409 3538 1465 necessitate
3591 1405 3610 1445 ί
3655 1423 3754 1462 un-

2145 1503 2403 1573 gendum.
2437 1503 2705 1559 Cmterutn
2741 1501 2924 1576 (Dist.
2955 1503 3047 1570 95,
3081 1520 3129 1556 c.
3163 1502 3228 1568 9;
3260 1501 3354 1557 Ivo
3402 1521 3457 1574 p.
3489 1501 3548 1566 ‘2,
3579 1519 3626 1556 r.
3654 1499 3753 1569 75)

2148 1597 2280 1653 illud
2312 1597 2648 1667 superﬂuum
2691 1611 2817 1652 esse
2845 1595 3094 1652 videmus
3121 1595 3418 1665 adjectum,
3455 1601 3518 1650 ut
3546 1593 3616 1649 de
3643 1593 3756 1663 epi-

2148 1705 2316 1761 scopo
2339 1689 2828 1761 ambigatur.quod
2847 1689 3181 1762 presbyteris
3205 1687 3377 1744 licere
3401 1702 3510 1742 non
3533 1686 3754 1741 dubium

437 1799 612 1854 usque
653 1783 720 1838 ad
750 1781 1196 1852 desperationem
1227 1778 1533 1844 devenerit,
1567 1779 1614 1832 ei
1639 1786 1723 1833 est
1751 1785 1878 1832 ante
1908 1785 2045 1832 tem-
2074 1795 2122 1855 B
2150 1793 2252 1839 est.
2283 1782 2418 1840 Nam
2452 1783 2660 1838 idcirco
2692 1792 2716 1830 8
2748 1781 3084 1855 presbyteris
3111 1781 3318 1836 dictum
3345 1790 3451 1849 est,
3480 1779 3609 1850 quia
3647 1777 3760 1850 epi-

439 1891 539 1946 pns
565 1874 796 1930 Pascha:
821 1872 1200 1940 relaxandum,
1231 1885 1301 1927 ne
1326 1871 1394 1927 de
1423 1870 1626 1926 saeculo
1666 1869 1871 1940 absque
1896 1883 2046 1925 com-

441 1969 704 2024 munione
733 1966 1000 2022 discedat.

509 2062 640 2118 Car.
695 2059 833 2117 VIII.
856 2089 927 2101 —-
955 2059 1044 2114 11.
1079 2058 1224 2115 Sane
1247 2056 1506 2128 quoniam
1539 2057 1606 2113 de
1637 2058 1762 2123 hoc,
1790 2057 1948 2113 sicuti
1971 2057 2042 2114 de

440 2157 676 2226 caeteris,
707 2155 999 2212 consulere
1027 2153 1203 2210 voluit
1231 2151 1456 2208 dilectio
1491 2161 1606 2218 tua,
1639 2152 1842 2222 adjecit
1875 2157 2039 2208 etiam

441 2321 601 2392 epist.
632 2317 724 2385 10,
781 2316 846 2372 ad
887 2315 1094 2392 clerum
1143 2327 1322 2376 suum,
1349 2307 1784 2392 rqueriturnuood
1818 2324 1936 2392 cum
1984 2309 2039 2362 in

445 2382 728 2448 minoribus
757 2389 979 2456 peccatis
1001 2394 1156 2455 agant
1178 2391 1473 2456 peccatores
1497 2382 1848 2456 paenitentiam
1886 2382 2041 2452 longo

445 2477 694 2537 tempore,
729 2451 776 2514 et
804 2451 1087 2514 secundum
1111 2451 1405 2537 disciplina;
1435 2452 1673 2507 ordinem
1711 2451 1779 2504 ad
1834 2451 2042 2534 eremo:

441 2522 645 2606 logésin
685 2522 912 2597 ueniant,
940 2540 984 2583 et
1040 2545 1144 2606 per_
1179 2522 1561 2606 im'positionem
1605 2540 1789 2576 manus
1819 2522 2044 2606 episcopi

446 2596 650 2663 etvcleri
683 2606 776 2677 jus
797 2596 1500 2677 communionisaccipiant;
1532 2610 1668 2677 nunc
1712 2596 2040 2677 crudo-tem:

447 2695 642 2750 pore...
674 2664 904 2730 nondum
927 2669 1224 2750 pauitantia
1253 2677 1369 2748 acta
1389 2707 1403 2730 ,
1433 2666 1664 2750 nonduin
1694 2664 2044 2747 exqmoloyesi

447 2736 609 2821 facta,
641 2746 885 2821 nondum
900 2759 1058 2821 manu
1077 2741 1148 2794 eis
1168 2740 1239 2821 ab
1255 2739 1494 2809 episcopo
1517 2747 1563 2817 et
1605 2736 1741 2790 clero
1769 2738 1837 2788 im
1847 2740 2037 2821 posita,

443 2808 762 2875 euchdristia
805 2816 910 2869 illis
964 2815 1138 2866 datur.
1196 2808 1397 2865 Verum
1455 2808 1766 2877 episcopus,
1824 2809 2041 2877 quantlo

447 2896 658 2956 aberat,
676 2903 739 2943 ac
772 2903 869 2942 nec
900 2883 1196 2956 necessitas
1211 2881 1458 2956 urgebat,
1477 2879 1581 2956 hoc
1609 2881 1783 2956 ipsum
1809 2881 2041 2956 presby—

451 2967 586 3020 teris
633 2951 724 3015 vel
754 2960 916 3014 etiam
959 2955 1204 3010 diaconis
1254 2951 1623 3022 permittebat.
1677 2951 1944 3016 Quocirca
1988 2959 2045 3004 et

451 3037 517 3091 ad
567 3034 773 3089 clerum
805 3044 960 3085 suum
989 3027 1133 3080 idem
1163 3023 1468 3094 Cyprianus
1497 3022 1661 3090 epist.
1697 3022 1765 3094 15
1813 3022 2002 3076 scribit
2029 3037 2042 3074 :

455 3109 517 3164 Si
542 3102 866 3160 incommodo
896 3100 1070 3169 aliquo
1097 3106 1145 3150 et
1175 3093 1490 3169 inﬁrmitatis
1533 3093 1761 3164 periculo
1810 3093 2049 3169 occupati

456 3179 672 3248 fuerint,
701 3191 803 3229 non
828 3164 1123 3242 exspectata
1153 3164 1423 3248 prwsetttia
1452 3173 1649 3248 nostra,
1679 3164 1818 3248 opu—.1!
1845 3165 2054 3236 presby—

457 3235 619 3304 terum
646 3235 1016 3319 quemcumque
1064 3247 1384 3319 prementem,
1435 3236 1514 3290 vel
1560 3237 1604 3289 si
1658 3235 1922 3319 presbyter
1971 3252 2056 3319 Ie-

460 3331 632 3392 pertus
659 3307 765 3374 non
795 3307 970 3388 fuerit,
1007 3307 1261 3392 tat—urgere.
1283 3309 1451 3392 exitus
1502 3307 1710 3392 coeperit
1730 3349 1743 3372 ,
1775 3309 1916 3389 apud
1949 3307 2061 3392 diu-

459 3379 646 3446 trimum
680 3379 878 3460 quoque
907 3379 1304 3460 exomoto'gcsin
1329 3383 1498 3460 facere
1525 3379 1702 3460 delicti
1729 3379 1809 3460 sui
1831 3380 2057 3460 possint,

460 3476 515 3518 ut
546 3449 704 3517 manu
732 3449 805 3514 eis
827 3461 877 3512 in
905 3455 1256 3524 paenitentiam
1287 3449 1788 3524 intposita,_vt:niant
1952 3449 2059 3502 Do-

463 3537 664 3589 minum
692 3546 809 3585 cum
850 3521 996 3592 pace.
1023 3526 1136 3579 lluc
1164 3521 1376 3588 spectat
1420 3521 1567 3592 quod
1615 3521 1828 3592 Regino
1879 3522 1972 3575 lib.
2019 3537 2056 3588 l,

463 3621 514 3661 c.
545 3603 655 3660 295
683 3613 736 3657 et
760 3592 891 3663 296,
917 3611 1126 3652 necnon
1178 3594 1529 3649 Burchardus
1554 3593 1648 3647 lib.
1677 3608 1731 3656 χ,
1781 3608 1831 3647 c.
1873 3592 1974 3646 155
2006 3601 2062 3647 et

467 3676 595 3740 156,
624 3674 770 3728 velut
796 3686 865 3725 ex
893 3666 1260 3740 Paenitentiali
1286 3665 1533 3740 liotnano
1562 3665 1846 3740 proferunt
1871 3681 1880 3717 :
1910 3665 2061 3718 Sicut

462 3735 598 3800 enim
614 3743 925 3812 sacriﬁcium
944 3737 1129 3805 offerre
1146 3753 1248 3812 non
1275 3736 1455 3812 debent
1482 3735 1579 3812 nisi
1597 3735 1825 3806 episcopi
1846 3745 1894 3812 et
1919 3750 2062 3812 pres-

464 3818 650 3890 byteri,
684 3805 760 3868 sic
787 3828 876 3867 nec
900 3811 1253 3890 pwnitentium
1266 3805 1573 3890 judiciaolii
1597 3805 1845 3890 usurpare
1860 3805 2061 3888 debent.

470 3877 528 3945 Si
551 3877 723 3943 autem
742 3877 1017 3939 necessitas
1030 3877 1277 3943 evenerit,
1286 3887 1330 3932 et
1354 3878 1613 3949 presbyter
1635 3895 1738 3931 non
1757 3877 1909 3946 fuerit
1940 3892 2066 3945 pra:-

467 3977 608 4025 sens,
625 3959 877 4012 diaconus
893 3953 1142 4023 suscipiat
1159 3951 1486 4025 ptenitentem
1508 3949 1573 4000 ad
1588 3957 1819 4025 sanctam
1841 3965 2068 4025 comma:

467 4019 693 4086 nionem.
712 4019 1133 4094 Ethzccquidem
1148 4021 1218 4078 de
1230 4021 1524 4094 paniteute
1537 4019 2064 4094 reconciliandombi

473 4103 768 4172 periculum
792 4092 981 4152 mortis
1009 4096 1274 4172 imminet,
1298 4093 1440 4172 dicta
1465 4099 1619 4172 sunt:
1649 4104 1700 4145 at
1717 4092 2066 4148 Innocentius

468 4163 612 4229 circa
640 4184 1037 4240 energumenos
1055 4167 1342 4236 quamdam
1367 4165 1434 4218 ab
1458 4163 1714 4240 episcopo
1743 4174 2064 4240 potestatem

473 4247 634 4302 tribui
666 4235 828 4315 posse
854 4235 1340 4315 delinit,quaa_uon
1373 4236 1812 4315 presbyteroaut
1835 4235 2068 4315 diacono

476 4319 626 4382 solis,
659 4307 833 4370 sed—et
854 4311 1049 4368 cteteris
1066 4309 1264 4382 clericis
1285 4307 1897 4382 contpetet'e_videa_tur,
1929 4309 2068 4382 inter

475 4379 852 4460 quosinlimus
876 4394 956 4440 est
985 4381 1377 4460 exorcistarum
1408 4379 1565 4434 ordo.
1597 4379 1750 4460 Quod
1775 4379 1843 4433 ita
1872 4379 2070 4460 inn-Ili-

478 4447 732 4530 gcndum,
769 4467 830 4513 ut
852 4470 948 4512 eos
971 4455 1288 4530 ritus,_quos
1316 4465 1571 4530 exercere
1611 4447 1742 4503 solis
1773 4451 2070 4530 sacerdoti-

2153 1879 2301 1947 scopi
2327 1875 2781 1947 occupationibus
2823 1876 2949 1932 aliis
2980 1876 3252 1948 impediti,
3295 1876 3360 1931 ad
3406 1889 3602 1930 omnes
3649 1874 3760 1929 lan-

2151 1969 2347 2042 guidos
2378 1970 2457 2025 ire
2499 1985 2608 2026 non
2642 1981 2895 2041 possunt.
2931 1969 3203 2025 therum
3234 1970 3277 2024 si
3329 1969 3624 2040 episcopus
3671 1972 3761 2022 aut

2148 2073 2354 2135 potest,
2387 2073 2482 2118 aut
2517 2064 2740 2136 dignum
2769 2062 2941 2130 ducit,
2972 2063 3206 2134 aliquem
3237 2077 3266 2115 a
3312 2075 3372 2117 se
3402 2059 3758 2128 visitandum,

2146 2165 2201 2212 et
2234 2157 2562 2213 benedicere
2619 2164 2675 2210 et
2716 2152 2742 2190 ιι
2787 2164 3016 2226 tangere
3044 2152 3345 2208 chrismate
3377 2169 3391 2219 ;
3449 2155 3573 2208 sine
3597 2165 3762 2208 cunc-

2146 2311 2560 2377 vctustiorihus,
2593 2309 2812 2364 salvabit
2844 2308 3168 2362 laborantem
3211 2323 3229 2360 :
3261 2305 3350 2362 ubi
3403 2307 3457 2360 in
3509 2306 3759 2378 vulgatis,

2147 2384 2366 2438 salvabit
2395 2381 2688 2452 inﬁrmum.

2220 2453 2242 2491 ί¹
2301 2451 2466 2519 Editi,
2498 2456 2540 2507 si
2563 2457 2617 2506 in
2640 2452 2862 2524 peccatis
2895 2451 3080 2521 fuerit,
3115 2451 3447 2524 remittantur
3469 2451 3518 2504 ei
3543 2465 3562 2504 :
3589 2451 3759 2524 corri-

2149 2536 2348 2598 guntur
2377 2523 2704 2582 auctoritate
2737 2525 3030 2598 meliorum
3061 2539 3196 2576 mss.
3230 2523 3554 2598 in_qu0rnm
3591 2523 3760 2598 tribus

2151 2593 2346 2662 exstat,
2381 2598 2423 2652 si
2445 2607 2658 2668 peccata
2683 2598 2824 2668 fecit.
2854 2595 3061 2668 Deinde
3101 2594 3242 2668 apu_d
3281 2593 3448 2668 _[_)ion.
3482 2593 3765 2648 remittetur

2152 2672 2218 2732 ei,
2252 2665 2525 2740 quomodo
2549 2665 2745 2740 legitur
2783 2678 2836 2722 et
2866 2667 2916 2720 in
2944 2665 3169 2734 antiquo
3199 2665 3401 2721 Italica:
3431 2667 3764 2736 interpreta-

2152 2739 2318 2796 tionis
2360 2739 2686 2808 exemplari.

2227 2823 2248 2849 θ
2279 2813 2440 2868 Crab.
2476 2812 2675 2879 aliique
2696 2809 2954 2877 deinceps
2982 2809 3139 2876 editi,
3162 2825 3262 2881 quo
3292 2808 3355 2862 ab
3387 2809 3634 2881 episcOpo
3655 2825 3766 2863 con-

2153 2888 2302 2954 ft'clo,
2323 2883 2476 2938 Merl.
2497 2892 2548 2936 et
2567 2882 3082 2954 utss.renitentibus.
3105 2880 3258 2954 Apud
3272 2881 3495 2954 Graecos
3512 2880 3767 2954 oleumil-

2153 2952 2239 3008 lttd
2255 2957 2414 3008 etiam
2439 2969 2468 3006 a
2497 2953 2822 3024 presbyteris
2838 2953 3028 3024 confici
3055 2953 3232 3008 solere
3246 2962 3435 3007 noster
3450 2952 3765 3024 Edmundus

2153 3026 2396 3081 Martcne
2429 3036 2561 3078 tom.
2586 3023 2627 3078 II
2660 3022 2726 3080 de
2748 3025 2931 3092 Antiq.
2967 3023 3116 3078 Eccl.
3149 3025 3240 3079 rit.
3270 3039 3390 3092 pag.
3419 3022 3525 3078 114
3557 3025 3766 3093 prohat.

2234 3096 2250 3135 ῐ
2280 3097 2509 3166 Qttesn.,
2536 3097 2792 3166 tingendo.
2815 3095 2959 3149 Edit.
2978 3094 3163 3163 Rom,
3196 3094 3265 3147 ad
3290 3099 3617 3167 ungendum.
3651 3095 3764 3151 Ca:-

2161 3165 2318 3235 terae,
2349 3165 2665 3237 innngendo.
2693 3167 2892 3223 Verius
2921 3181 3081 3234 mss.,
3114 3165 3440 3236 ungendum,
3473 3183 3597 3232 seu,
3627 3178 3684 3222 ut
3715 3170 3767 3222 in

2161 3242 2438 3310 plerisque
2461 3241 2724 3309 pingitur,
2750 3238 3103 3308 unguendum.
3131 3237 3316 3308 Neque
3344 3253 3477 3292 vero
3494 3253 3771 3310 gramma-

2163 3313 2288 3366 ticis
2328 3312 2569 3365 insolens
2592 3321 2676 3364 est
2704 3311 2884 3382 verbo
2926 3313 3002 3382 uti
3035 3321 3288 3382 quartpm
3331 3323 3520 3366 casum
3575 3311 3767 3382 adjun-

2197 3398 2312 3442 erc.
2341 3391 2399 3436 ttt
2429 3382 2618 3436 videre
2647 3394 2731 3436 est
2758 3382 2809 3436 iu
2836 3380 2920 3434 his
2948 3377 3147 3445 Plauti,
3172 3377 3371 3435 thera
3408 3397 3526 3449 qum
3551 3377 3763 3437 utiriiur.

2209 3470 2333 3508 orro
2378 3453 2445 3508 ah
2487 3453 2787 3508 Innocentii
2833 3463 3016 3508 mente
3047 3452 3327 3516 aberrant,
3361 3452 3452 3522 qui
3496 3469 3620 3507 eum
3670 3453 3769 3508 hoc

2165 3525 2554 3582 locoomnibus
2573 3523 2899 3578 Christianis
2915 3534 3026 3578 tum
3046 3538 3128 3592 se,
3156 3533 3266 3578 tum
3290 3539 3421 3578 suos
3443 3523 3570 3578 oleo
3587 3535 3770 3579 sancto

2167 3599 2400 3666 uttgendi
2431 3599 2515 3661 jus
2542 3595 2869 3660 attribuere,
2894 3605 2950 3650 et
2975 3595 3161 3650 fideles
3184 3609 3376 3650 omnes
3403 3595 3564 3664 Irujus
3591 3611 3770 3651 sacra-

2168 3671 2338 3724 menti
2368 3669 2651 3722 ministt-os
2673 3668 2973 3738 praedicare
2998 3667 3357 3721 arbitrantur.
3391 3667 3626 3738 Tantum
3655 3668 3768 3738 opi-

2170 3742 2385 3796 nionem
2413 3739 2614 3794 refutat
2635 3737 2849 3801 eorum,
2882 3739 2974 3808 qni
3007 3750 3120 3792 tum
3162 3741 3302 3794 forte
3347 3737 3452 3794 sibi
3484 3737 3770 3808 persuase-

2168 3823 2312 3878 rant,
2361 3811 2470 3866 olei
2509 3811 2685 3865 sanrti
2709 3825 2862 3866 usum
2895 3809 3272 3866 sacerdotibus
3303 3826 3331 3862 a
3363 3809 3565 3880 quibus
3597 3810 3770 3865 conli-

2169 3885 2334 3950 eitur,
2366 3886 2438 3938 ita
2469 3883 3017 3964 _propr-i.um_esse,.ut
3044 3897 3110 3937 eo
3139 3881 3274 3964 nulli
3306 3882 3402 3936 alii
3430 3882 3772 3964 ungendies:

2169 3965 2288 4010 sent
2317 3972 2334 4022 ;
2365 3971 2427 4010 ac
2450 3955 2612 4010 docet
2643 3952 2774 4008 illud
2815 3953 2885 4007 ab
2919 3955 2984 4008 iis
3025 3952 3246 4018 conﬁci,
3280 3966 3388 4007 non
3422 3963 3481 4006 ut
3514 3952 3641 4008 inde
3672 3953 3768 4022 ipsi

2173 4028 2298 4094 soli,
2333 4042 2518 4082 verum
2542 4026 2706 4080 etiam
2736 4038 2928 4079 omnes
2953 4025 3249 4078 Christiani
3280 4035 3577 4093 unguntur.
3622 4023 3770 4080 Non-

2172 4099 2300 4155 dum
2362 4099 2562 4169 quippe
2621 4095 2711 4169 bic
2753 4097 2822 4169 de
2867 4095 3137 4151 unctionis
3187 4095 3458 4169 ministro,
3489 4095 3586 4151 sed
3616 4099 3772 4152 deeo

2177 4168 2388 4226 tantum
2420 4172 2505 4222 cui
2537 4168 2776 4223 conferri
2810 4169 3002 4235 possit,
3035 4181 3220 4222 sermo
3250 4175 3353 4222 est.
3388 4168 3523 4222 Inde
3553 4169 3619 4222 ad
3643 4169 3771 4224 alte-

2176 4258 2290 4297 ram
2350 4240 2706 4311 progrediens
2753 4239 3136 4311 quaestionem,
3180 4253 3246 4292 an
3306 4238 3522 4294 scilicet
3553 4239 3772 4311 presby-

2177 4310 2419 4369 terorum
2463 4310 2536 4366 ita
2571 4311 2854 4382 proprium
2897 4311 2967 4365 sit
3015 4310 3120 4366 hoc
3161 4318 3570 4382 sacramentum
3598 4310 3770 4382 adrui;

2179 4385 2440 4450 nistrarc,
2474 4393 2532 4437 ut
2569 4379 2701 4438 illttd
2725 4381 2978 4436 conferre
3005 4381 3285 4452 episcOpis
3318 4396 3429 4436 non
3460 4381 3647 4445 liceat.
3679 4379 3774 4436 fal-

2178 4472 2295 4511 sam
2335 4471 2398 4510 ea
2429 4453 2497 4510 de
2521 4469 2580 4510 re
2611 4453 2998 4508 nonnullorum
3021 4453 3359 4521 opinionem,
3390 4453 3460 4508 tle
3487 4467 3591 4523 qua
3622 4452 3769 4508 illum

477 4521 576 4586 lius
603 4521 923 4606 concessum
953 4521 1567 4606 est,_itt_l_‘eriores‘clerici
1599 4523 2064 4606 pr:ctertuiserittt.
2097 4545 2148 4606 ι)
2178 4525 2469 4606 Decentius
2508 4525 2902 4606 consulendum
2951 4523 3202 4606 duxerat,
3235 4521 3521 4606 confutati
3565 4527 3632 4580 Et
3663 4525 3772 4606 haec

551 4613 575 4639 ο
603 4604 675 4658 Ita
708 4603 816 4656 duo
855 4613 986 4653 mss.
1037 4595 1190 4650 Colb.
1229 4599 1298 4647 At
1323 4593 1413 4646 alii
1446 4593 1591 4660 libri,
1644 4594 2064 4663 satisfactionem.

483 4679 622 4730 Sane
648 4674 693 4726 si
719 4672 855 4742 quis.
888 4669 1060 4734 Quam
1092 4664 1309 4718 solliciti
1339 4663 1537 4742 fuerint
1563 4665 1770 4742 antiqui
1802 4679 1870 4742 ne
1897 4666 2070 4734 poeni-

482 4755 660 4800 tentes
687 4733 782 4796 aut
801 4733 928 4793 ante
956 4751 1246 4806 congruam
1279 4733 1702 4789 satisfactioaetn
1721 4733 2072 4806 absolveret]-

481 4831 586 4878 tur,
617 4811 846 4867 autsine
869 4805 1310 4863 reconciliatione
1331 4807 1794 4878 etcomtnunione
1816 4805 1882 4878 de
1899 4820 2073 4861 saucu-

481 4890 533 4941 lo
557 4874 921 4945 discederent,
951 4879 1108 4933 testis
1141 4886 1246 4940 est,
1281 4875 1492 4930 utalios
1520 4876 1751 4945 mittam,
1782 4874 1914 4929 locis
1945 4894 2068 4931 mox

480 4958 656 5012 allatis
707 4953 1028 5025 Cyprianus.
1083 4948 1157 5001 lbi
1208 4949 1619 5025 etiamsanetus
1653 4944 1748 5000 ille
1777 4957 1980 5019 martyr
2009 4949 2072 5025 de

481 5019 767 5082 minoribus
786 5019 1009 5096 peccatis
1021 5029 1206 5096 actam
1249 5019 1624 5088 paenitentiam
1651 5028 1937 5096 memorat,
1957 5021 2075 5096 sed

483 5100 599 5157 lucc
626 5113 746 5153 cum
777 5089 1118 5165 gravioribus
1173 5100 1508 5165 comparata,
1556 5089 1802 5165 quamvis
1850 5105 1906 5147 et
1955 5091 2073 5162 ipsa

482 5169 761 5226 mortifera
782 5161 1013 5227 iuerint,
1046 5163 1257 5216 minora
1284 5178 1348 5218 ac
1373 5161 1574 5218 leviora
1608 5161 1715 5215 dici
1747 5161 2077 5220 haudteme-

488 5257 549 5298 re
577 5240 894 5295 sentiamus.

554 5311 582 5351 ι)
600 5312 688 5370 Sic
711 5309 946 5380 potiores
968 5319 1108 5380 Amss.
1128 5319 1245 5380 sex,
1267 5303 1358 5373 qui
1380 5304 1432 5358 in
1456 5303 1567 5380 ΔΙιοίε
1585 5303 1708 5360 loco
1721 5305 2078 5380 exprimendo

483 5400 603 5440 cum
632 5376 853 5451 antiquo
890 5377 1086 5431 Italicae
1128 5376 1596 5451 interpretationis
1617 5377 1920 5451 exemplari
1935 5394 2076 5449 pene

481 5455 702 5510 omnino
723 5445 1092 5508 consentiunt.
1112 5445 1182 5500 At
1201 5447 1407 5518 esensi,
1433 5445 1740 5516 Inﬁrmatur
1761 5445 1878 5518 quis
1907 5445 1962 5504 in
1985 5467 2074 5506 vo-

479 5529 552 5580 bis
575 5528 597 5580 ?
619 5524 843 5579 Inducat
873 5521 1193 5590 presbyteros
1215 5514 1459 5590 Ecclesia:
1475 5514 1510 5572 :i
1531 5521 1632 5573 nisi
1655 5514 1795 5588 quod
1822 5518 2073 5577 Ecclesiae

481 5612 579 5652 vox
607 5597 746 5667 apud
770 5587 1078 5667 ῌειξιιηυιὶι,
1105 5600 1162 5642 llt
1186 5589 1238 5642 itt
1295 5587 1519 5667 reliquis
1533 5587 1681 5667 _mss.’
1711 5607 1816 5644 non
1865 5604 2063 5647 exstat.

480 5669 616 5724 Tum
643 5660 750 5722 duo
765 5666 1012 5729 Colb.,ut
1036 5671 1178 5715 orent
1203 5674 1296 5729 pro
1323 5675 1383 5732 eo
1403 5676 1421 5714 :
1442 5660 1607 5726 Pith.,
1635 5674 1679 5714 et
1699 5673 1842 5716 orent
1865 5680 1958 5732 pro
1981 5681 2064 5720 eo.

555 5752 576 5776 ε
609 5738 757 5795 Unus
784 5751 816 5792 e
846 5750 976 5790 mss.
1021 5732 1178 5788 Colb.
1209 5745 1331 5786 cum
1355 5729 1498 5786 Pitlt.
1523 5743 1579 5786 et
1614 5733 1831 5788 laudato
1862 5729 2064 5792 Italicae

480 5805 942 5880 interpretationis
970 5802 1286 5874 exemplari,
1323 5803 1373 5856 in
1404 5801 1507 5870 ﬁde
1541 5817 1560 5858 :
1605 5817 1667 5858 ac
1697 5802 1898 5861 deinde
1937 5822 2062 5863 cum

2174 4601 2394 4668 quidem
2414 4597 2658 4652 Decentii
2677 4594 3050 4668 interrogatio,
3080 4607 3342 4665 quantum
3359 4596 3680 4668 abhorreret
3707 4595 3773 4660 ab

2178 4666 2396 4724 illorum
2427 4679 2732 4737 temporum
2759 4666 3266 4731 ﬁde,’utCltrtstiani
3299 4666 3503 4738 quique
3533 4667 3772 4722 infirmos

2177 4755 2338 4796 sacro
2355 4741 2712 4810 oleoﬁungere
2741 4753 2902 4808 posse
2923 4739 3308 4810 crederentur,
3331 4750 3521 4808 aperte
3549 4739 3770 4794 indicat.

2252 4823 2276 4858 8
2313 4811 2456 4866 Edit.
2488 4807 2646 4866 Rom.
2671 4821 2724 4864 et
2742 4807 2955 4866 concil.
2991 4821 3111 4879 post
3139 4807 3304 4865 Crab.
3334 4807 3459 4866 cum
3508 4826 3621 4865 uno
3671 4825 3769 4864 ms.

2177 4883 2358 4949 Colb.,
2391 4883 2455 4935 de
2485 4882 2810 4952 presbyteris.
2837 4881 2992 4937 Merl.
3028 4897 3150 4936 cum
3179 4883 3398 4937 caeteris
3422 4897 3582 4947 mss.,
3612 4896 3774 4952 prcs-

2181 4954 2388 5026 byteris,
2423 4954 2566 5024 quod
2614 4951 2686 5008 ita
2708 4953 3083 5026 intelligimus,
3121 4962 3179 5006 ut
3215 4953 3576 5008 subaudiatur
3600 4951 3772 5026 licere.

2179 5023 2288 5082 Nec
2314 5023 2566 5095 displicet
2591 5025 2737 5095 quod
2767 5025 2910 5096 apud
2940 5025 3146 5096 Quesn.
3171 5027 3516 5096 presbyteros,
3545 5039 3614 5096 eo
3653 5023 3772 5079 scil.

2184 5099 2461 5169 intellectu
2494 5115 2504 5150 :
2533 5098 2724 5151 idcirco
2754 5098 2821 5169 (a
2852 5095 3081 5168 Iacobo)
3113 5095 3307 5151 dictum
3325 5095 3400 5151 est
3431 5095 3772 5168 presbyteros,

2181 5167 2487 5276 supplendo
2527 5178 2689 5223 vocet.

2313 5242 2493 5276 (illam:
2575 5250 2619 5276 nl
2645 5257 2689 5276 ut

2313 5242 2543 5313 t)uesn_.,
2574 5250 2619 5294 et
2645 5255 2857 5313 ungere.
2905 5239 3067 5313 Licet
3099 5253 3263 5313 supra
3293 5255 3349 5294 n.
3379 5237 3415 5294 6
3452 5239 3771 5313 legerimus,

2183 5311 2458 5365 chrismate
2487 5311 2771 5383 baptizatos
2819 5328 3008 5382 ungere
3034 5312 3150 5366 licet
3173 5311 3304 5383 :_hic_
3331 5321 3518 5368 tamen
3549 5314 3602 5367 in
3627 5311 3774 5366 nullo

2187 5385 2350 5437 veteri
2385 5381 2572 5438 codice
2603 5381 2904 5454 reperimus
2932 5399 3166 5455 ungere._
3188 5381 3244 5436 In
3273 5381 3654 5455 duobus_mss.
3683 5383 3774 5438 de-

2179 5455 2450 5526 sideratur
2494 5453 2733 5526 tangere;
2755 5464 2810 5510 et
2835 5455 2888 5508 in
2911 5453 3097 5526 eorum
3119 5453 3299 5510 altero
3341 5470 3441 5524 pro
3464 5453 3737 5509 chrismate
3754 5493 3770 5518 ,

2175 5535 2348 5580 exstat
2381 5523 2664 5578 chrismare
2686 5541 2704 5579 :
2730 5527 2817 5580 cui
2849 5525 3069 5580 lectioni
3119 5523 3492 5581 consentanea
3539 5536 3627 5581 est
3663 5529 3773 5580 tunc

2173 5595 2420 5652 Toletani
2452 5596 2732 5657 Iconcilii.
2764 5611 2887 5652 can.
2920 5596 2979 5663 2,
3012 5596 3105 5651 ubi
3161 5598 3448 5664 statuitur,
3497 5599 3770 5650 diaconum

2171 5684 2274 5721 non
2317 5668 2615 5722 chrismare.
2665 5668 2962 5724 Locutione
3017 5677 3195 5723 autem
3251 5667 3528 5724 chrismate
3571 5678 3771 5737 tangere

2169 5738 2464 5809 Gregorius
2510 5739 2602 5793 lib.
2658 5739 2717 5807 4,
2748 5741 2910 5810 epist.
2944 5739 3039 5809 26,
3065 5741 3132 5796 ad
3177 5739 3558 5804 .lannuarium,
3608 5733 3770 5794 seinel

2166 5825 2230 5865 ac
2246 5811 2486 5866 secundo
2515 5810 2701 5865 utitur.
3743 5825 3745 5828 ‘
