4084 6342
320 398 414 456 561

316 611 714 681 paenitentibus
747 613 890 670 istud
929 614 1142 672 infundi
1172 634 1280 673 non
1329 629 1531 689 potest,
1576 624 1703 694 quia
1745 641 1919 696 genus

315 715 397 762 est
417 715 443 742 ι
470 709 827 764 sacramenti.
853 707 983 764 Nam
1009 711 1206 781 quibus
1229 711 1438 784 reliqua
1460 727 1798 772 sacramenta
1823 735 1922 775 ne-

313 809 529 870 gantur,
557 801 836 873 quomodo
865 818 1036 858 unum
1088 819 1262 876 genus
1297 816 1519 877 putatur
1565 825 1726 880 posse
1779 829 1916 870 con-

315 893 429 947 cedi
453 893 477 946 ?

382 983 469 1038 12.
514 985 614 1041 llis
633 1001 788 1058 ergo,
815 987 984 1043 frater
1024 988 1368 1058 cliarissime,
1398 994 1656 1051 omnibus
1681 1012 1802 1068 qua:
1829 1007 1918 1053 tua

309 1079 531 1136 dilectio
563 1081 744 1138 voluit
773 1098 801 1136 a
832 1083 1260 1155 nobis'exponi,
1301 1097 1463 1156 prout
1494 1090 1794 1159 potuimus,
1829 1108 1920 1147 re-

309 1172 589 1244 Spondere
604 1175 941 1244 curavimus,
972 1187 1031 1232 ut
1061 1177 1303 1233 Ecclesia
1337 1190 1429 1234 tua
1460 1180 1756 1252 Romanam
1788 1199 1918 1240 con-

307 1267 682 1331 suetudinem,
713 1283 743 1323 a
796 1284 900 1340 qua
938 1270 1212 1341 originem
1249 1271 1422 1343 ducit,
1470 1289 1693 1332 servare
1741 1277 1918 1334 valeat

307 1367 467 1431 atque
494 1359 805 1416 custodire.
839 1360 1070 1431 Reliqua
1122 1379 1273 1430 vero,
1306 1381 1430 1436 quae
1459 1368 1628 1423 scribi
1678 1371 1758 1425 fas
1806 1388 1912 1428 non

304 1461 441 1519 erat,
495 1467 624 1507 cum
652 1452 910 1523 adfueris,
946 1453 1264 1528 interrogati
1317 1459 1620 1530 poterimus
1671 1463 1910 1521 edicere.

300 1543 422 1600 Erit
464 1553 656 1602 autem
703 1547 917 1603 Domini
963 1552 1242 1619 potentiae,
1289 1554 1452 1607 etiam
1501 1554 1554 1608 id
1589 1569 1910 1627 procurare,

303 1647 363 1694 ut
404 1647 459 1694 et
497 1647 652 1695 tuam
698 1640 1007 1696 Ecelesiam
1039 1651 1096 1698 et
1121 1644 1356 1701 clericos
1399 1658 1644 1716 nostros,
1693 1650 1782 1719 qui
1814 1652 1916 1708 sub

303 1740 392 1787 tuo
429 1733 719 1803 pontificio
759 1732 968 1789 divinis
1015 1734 1347 1792 famulantur
1395 1739 1620 1805 olftciis,
1659 1742 1796 1798 bene
1828 1742 1910 1796 in-

299 1827 515 1896 stituas,
542 1836 601 1883 et
633 1827 756 1882 aliis
788 1827 1014 1883 formam
1065 1829 1292 1897 tribuas,
1323 1847 1484 1903 quam
1531 1833 1767 1888 debeant
1791 1835 1910 1891 imi-

1541 413 1906 473 EPISTOLE
1946 417 2036 476 ET
2075 421 2419 484 DECRETA.

318 516 522 618 talione
576 527 779 618 potest,
833 521 1393 618 cujusAestchrisma
1426 526 1740 595 Leonlicere.
1772 531 1917 599 Nam
1945 541 2342 618 Ascriplures,
2371 550 2486 618 qui
2521 550 2732 606 litteras
2784 552 2904 608 illas
2965 553 2982 609 1

3509 446 3618 504 562

2159 557 2732 633 :toreshqut‘litteras
2784 557 2904 608 illas
2965 557 3281 633 Innocentio
3337 565 3618 633 conceptis

2024 615 2204 694 verbis
2244 615 2545 694 ascribunt.
2600 622 2788 694 Neque
2834 639 2932 679 cur
2989 626 3079 682 ille
3129 628 3200 683 de
3229 615 3615 691 materiaﬂtraitti

2022 687 2324 768 abundanti
2351 699 2570 768 tamque
2600 687 2779 768 ampla
2812 712 3150 768 nequaquam
3184 700 3356 756 fusius
3403 687 3614 761 edisse:

2023 766 2127 846 rat,
2184 762 2461 844 explicare
2508 762 2756 846 pluribus
2787 762 2925 838 opus
2955 762 3038 824 es't
3069 812 3083 838 ,
3126 785 3249 827 cum
3280 772 3505 846 hujusce
3534 778 3614 833 rei

2022 834 2286 886 rationem
2323 834 2437 902 ipse
2484 834 2800 893 reddiderit.

2024 972 2035 983 ι
2165 903 2295 970 Quae
2319 904 2465 988 {\‘fris
2487 908 2946 988 adlnnucentium
2966 915 3240 971 scribendi
3262 931 3424 972 causa
3453 918 3617 975 fuerit

2024 977 2129 1060 ipsi
2159 991 2264 1060 non
2300 977 2589 1060 siluerunt.
2621 982 2844 1060 Cupe_re_
2867 1000 2934 1060 se
2959 995 3260 1051 testantur,
3295 997 3352 1060 ut
3383 990 3434 1042 in
3463 992 3615 1060 gravi

2020 1045 2156 1130 adeo
2190 1056 2538 1130 tempestate.
2564 1045 2725 1130 quam
2755 1054 3004 1125 Pelagius
3031 1066 3193 1130 atque
3213 1045 3505 1117 (Itelestiuvs
3526 1045 3617 1117 ex;

2020 1121 2285 1201 citarant,
2317 1121 2384 1175 de
2415 1121 2540 1177 fidei
2579 1121 2808 1201 veritate
2837 1121 3119 1184 certiores
3147 1133 3277 1185 liant
3304 1146 3320 1191 ;
3364 1140 3527 1201 atque
3556 1143 3616 1188 ut

2019 1203 2114 1274 sua
2143 1191 2381 1260 ipsorum
2412 1197 2683 1274 sententia
2711 1196 3007 1274 Innocentii
3027 1201 3248 1274 judicio
3288 1191 3616 1274 comprobe-

2020 1269 2144 1346 tur;
2172 1279 2344 1346 eaque
2372 1267 2584 1320 ratione
2609 1268 2826 1346 statutis
2853 1272 2970 1346 suis
3018 1272 3170 1327 firma
3215 1274 3364 1329 sedis
3391 1267 3616 1346 a'pOsto-

2018 1334 2143 1410 lica;
2161 1335 2383 1390 accedat
2414 1340 2732 1394 anetoritas.
2757 1339 2889 1395 Tum
2913 1342 3131 1397 demum
3161 1359 3387 1410 Sperate
3427 1334 3495 1402 'se
3535 1348 3614 1402 si-

2017 1405 2301 1486 gnificant,
2349 1410 2563 1486 eos_qui
2616 1421 2722 1486 tam
2751 1427 3000 1480 perversa
3036 1405 3252 1484 tamque
3303 1420 3612 1486 perniciosa

2017 1479 2283 1556 sentiunt2
2314 1479 2560 1556 ejusdem
2583 1481 2731 1537 sedis
2753 1479 3100 1555 auctoritati,
3136 1479 3320 1556 utpote
3353 1507 3372 1540 ι
3397 1489 3464 1544 de
3486 1504 3613 1544 san-

2016 1549 2659 1632 eLarumﬁcriptnurarum
2684 1556 3010 1611 auctoritate
3051 1549 3391 1630 depromptae
3417 1562 3604 1632 (epist.

2015 1618 2106 1685 27,
2137 1637 2191 1675 ιι.
2224 1621 2279 1694 5)
2303 1665 2316 1683 ,
2359 1618 2388 1676 ί
2416 1624 2624 1679 facilius
2655 1640 2776 1682 esse
2807 1642 3079 1684 cessuros.

2087 1695 2140 1766 ὅ.
2166 1694 2440 1762 Quantum
2473 1698 2783 1766 apostolicae
2814 1699 2929 1754 sedi
2962 1700 3314 1757 deferendum
3348 1714 3608 1758 censeant

2016 1761 2297 1845 Afri,_suis
2328 1767 2377 1820 in
2404 1761 2935 1845 littéris_lueulent_er
2962 1773 3212 1842 probant.
3239 1774 3376 1828 Ilinc
3403 1784 3459 1830 et
3487 1775 3607 1845 ejus

2016 1836 2342 1916 extollendat
2368 1854 2559 1916 ansam
2602 1836 3235 1916 Innocentius'arripuit.
3267 1845 3324 1899 In
3361 1860 3468 1916 quo
3490 1836 3606 1900 mo-

305 1919 424 1977 tari.
475 1920 618 1976 Data
663 1937 752 1976 xrv
783 1919 1137 1978 kalendarum
1188 1925 1458 1994 Aprilium
1514 1927 1530 1995 (
1558 1925 1741 1981 Martii
1794 1944 1904 1996 xix,
1939 1937 1988 1997 Β
2014 1905 2142 1997 Em!“
2171 1912 2657 1997 εξεβεὲίξεθηεῖουί
2685 1915 2956 1997 Videam?»
2978 1905 3168 1997 τίεᾘξίθι
3193 1932 3318 1972 eum
3347 1905 3608 1997 Pg'ususti-

298 2031 420 2070 ann.
450 2016 562 2072 416
588 2019 632 2088 ),
675 2015 996 2074 Theodosio
1017 2027 1250 2088 augusto
1279 2034 1348 2074 vtt
1377 2029 1432 2075 et
1458 2020 1701 2078 Palladio
1730 2019 1757 2059 ι)
1789 2023 1905 2077 viro

298 2109 610 2168 clarissimo
641 2111 984 2167 consulibus.

365 2227 688 2286 MONITUM
731 2227 796 2285 IN
835 2226 1215 2287 EPISTOLAS
1255 2227 1827 2299 SUBSEQUENTES.

367 2342 419 2396 1.
437 2341 546 2398 Sex
566 2341 837 2412 epistulas
850 2350 1144 2410 sequentes
1169 2355 1563 2413 repraesentant
1584 2354 1800 2401 veteres
1815 2361 1907 2402 co-

297 2411 625 2484 dicesquaru
646 2413 868 2483 plurimi
883 2415 936 2468 in
954 2411 1250 2470 novissima
1269 2418 1554 2487 Augusuni
1570 2418 1812 2473 editione
1828 2435 1906 2474 re-

295 2487 510 2558 censiti.
537 2487 774 2558 Easdem
792 2501 898 2541 una
927 2501 1049 2540 cum
1078 2487 1451 2558 subsequente
1469 2490 1559 2554 3‘2,
1592 2505 1696 2544 non
1720 2492 1894 2544 solum

296 2557 640 2612 collectiOnis
671 2556 888 2624 Isidori,
925 2558 1018 2612 sed
1051 2572 1106 2613 et
1140 2556 1410 2629 Hispanae,
1439 2577 1648 2616 necnon
1681 2562 1903 2616 (Iudicis

296 2644 323 2681 a
369 2629 679 2702 Quesnello
720 2629 924 2702 vulgati
956 2631 1292 2702 exemplaria
1314 2634 1602 2687 exhibent.
1643 2633 1900 2702 lpsoAu-

296 2699 550 2771 gustinus
581 2701 753 2771 epist.
785 2701 912 2756 olim
961 2700 1090 2768 106,
1147 2717 1291 2757 nunc
1323 2703 1446 2767 186,
1490 2721 1640 2760 ntmt.
1669 2699 1747 2768 "2,
1781 2706 1904 2761 illas

297 2774 617 2843 singillatim
653 2783 1048 2828 commemorat
1095 2774 1146 2827 in
1180 2773 1323 2829 hunc
1373 2776 1590 2830 modum
1620 2795 1632 2830 ε
1668 2796 1686 2828 ι
1724 2777 1901 2831 Missm

297 2855 420 2898 Sunt
459 2845 652 2914 itaque
683 2844 755 2900 de
783 2843 882 2899 hac
922 2860 983 2900 re
1013 2861 1078 2899 ex
1110 2845 1324 2902 duobtts
1375 2847 1641 2913 conciliis,
1670 2849 1902 2903 Cartha-

296 2917 506 2984 ginensi
541 2928 594 2970 et
630 2915 952 2971 Milevitana
982 2916 1279 2973 relationes
1316 2917 1382 2972 ad
1425 2919 1781 2986 apostolicam
1815 2935 1902 2975 se-

297 2987 490 3061 dem...
525 2987 862 3061 scripsimus
883 2987 1045 3043 etiam
1069 2987 1134 3042 ad
1163 2990 1348 3061 beata:
1393 2989 1673 3045 memoria:
1705 3007 1896 3061 papam

300 3057 711 3127 Innocentium,
767 3069 967 3127 prazter
1019 3060 1374 3115 conciliorum
1426 3057 1899 3128 relationes,'lit-

299 3139 444 3204 teras
514 3131 819 3204 familiares
860 3176 872 3198 ,
923 3130 1014 3204 ubi
1073 3132 1163 3204 de,
1199 3133 1313 3202 ipsa
1352 3148 1543 3204 causa
1625 3135 1899 3204 aliquanto

298 3201 502 3258 diutius
578 3202 816 3272 egimus.
863 3202 945 3257 Ad
1021 3201 1231 3258 omnia
1273 3203 1428 3258 nobis
1488 3204 1576 3259 ille
1624 3201 1900 3273 rescripsit

297 3273 486 3330 eodem
542 3273 737 3339 modo,
785 3288 892 3343 quo
932 3273 1022 3346 fas
1057 3282 1175 3329 erat
1229 3283 1392 3346 atque
1445 3277 1730 3344 Oportebat
1771 3293 1901 3345 apo-

2013 1994 2138 2056 nus,
2194 1982 2349 2056 cujus
2392 1982 2616 2051 judicio,
2672 1995 2730 2038 ut
2760 2001 2926 2056 supra
2979 1982 3233 2054 vidimus,
3270 2007 3289 2041 t
3325 1988 3392 2042 ad
3421 1982 3604 2045 omnia

2014 2051 2103 2130 ille
2133 2051 2959 2130 rescripsit‘eodemrmodo,'quo
2991 2059 3071 2113 fas
3098 2051 3229 2115 erat
3247 2069 3409 2130 atque
3439 2075 3608 2127 Opor-

2015 2123 2160 2178 lebat
2181 2127 2506 2200 apostolica:
2537 2128 2684 2181 sedis
2733 2123 3050 2185 antistitem.
3085 2151 3103 2184 ι
3141 2132 3223 2186 An
3271 2123 3605 2200 Augustinus

2010 2196 2573 2271 gaeteriqueAfricani
2605 2215 2667 2252 ea
2712 2209 2946 2270 tantum,
2980 2217 3100 2271 qua:
3157 2196 3502 2258 Innocentius
3533 2203 3602 2258 de

2010 2265 2251 2343 Pelagio,
2283 2267 2542 2324 Ctelestio
2601 2285 2900 2342 eorumque
2934 2265 3286 2329 consortibus
3311 2274 3600 2343 judicavit,

2011 2354 2116 2416 non
2141 2342 2267 2395 item
2293 2357 2413 2416 quae
2438 2343 2686 2416 epistolis
2707 2345 2775 2398 ‘29
2803 2353 2858 2399 et
2871 2345 2941 2401 30
2969 2345 3036 2400 de
3069 2345 3218 2400 sedis
3249 2342 3360 2400 sua:
3389 2361 3600 2416 praero-

2008 2411 2186 2478 gativa
2213 2413 2583 2483 prmloquitur,
2617 2416 2951 2484 approbasse
3006 2417 3265 2472 censendi
3298 2411 3425 2471 sunt
3448 2418 3470 2470 ?
3493 2417 3599 2471 Ista

2008 2485 2174 2559 etiam
2204 2485 2272 2538 ab
2293 2485 2425 2555 Ipsis
2452 2487 2800 2555 comprobata
2831 2503 2952 2544 esse
2965 2504 3032 2543 ex
3052 2504 3118 2544 eo
3138 2489 3431 2557 colligitur,
3455 2488 3600 2559 quod

2009 2555 2277 2630 scribunt
2293 2572 2482 2612 eorum
2539 2561 2740 2630 posteri
2775 2561 2826 2612 in
2851 2562 3079 2615 exordio
3121 2555 3393 2630 epistolae,
3426 2555 3600 2630 quaca

2012 2627 2182 2682 tribus
2207 2627 2679 2702 Africa-conciliis
2708 2631 2774 2684 ad
2809 2627 3377 2702 Tlteodurumpapam
3408 2627 3597 2690 missa.

2007 2699 2355 2768 postmodum
2409 2701 2462 2754 in
2511 2700 2862 2758 Lateranensi
2911 2704 3146 2759 concilio
3171 2699 3272 2759 sub
3318 2703 3601 2758 Martinol

2008 2772 2230 2846 recitata
2263 2771 2464 2846 est.lbi
2495 2773 2638 2828 enim
2668 2774 2925 2845 quidqttid
2958 2775 3027 2830 de
3056 2775 3313 2832 Romana:
3339 2773 3600 2846 Ecclesia:

2005 2843 2271 2912 dignitate
2317 2845 2667 2901 Innocentius
2687 2843 2840 2915 epist
2868 2848 2939 2904 29
2983 2849 3204 2912 astruit,
3253 2847 3446 2903 iisdem
3475 2843 3603 2902 sen-

2007 2918 2211 2982 tentiis,
2257 2925 2465 2972 tantum
2498 2935 2602 2971 non
2637 2919 2827 2974 iisdem
2871 2919 3092 2974 omnino
3134 2920 3335 2986 verbis,
3371 2934 3470 2973 suo
3495 2935 3600 2973 tto-

2007 2990 2152 3061 mine
2200 2998 2457 3058 repetunt
2481 2987 2634 3061 (Lab.
2664 3002 2701 3045 t.
2726 2991 2781 3057 6,
2802 3009 2855 3061 p.
2886 2991 3036 3061 118).
3065 2990 3171 3047 Sed
3225 2991 3289 3045 ad
3321 3005 3602 3044 commen-

2005 3058 2237 3131 dandam
2263 3060 2578 3128 apostulic:e
2604 3062 2749 3116 sedis
2780 3058 3146 3131 praestantiam
3171 3062 3437 3117 illustrius
3467 3063 3607 3116 nihil

2006 3130 2304 3203 desiderari
2351 3141 2555 3200 potest,
2601 3130 2951 3201 quam’quud
2982 3135 3317 3203 Augustinus
3356 3133 3601 3201 acceptis

2006 3199 2308 3258 Innocentii
2338 3199 2537 3257 litteris
2582 3199 2746 3258 scrin.
2777 3205 2900 3272 151,
2936 3221 2989 3258 ιι.
3019 3199 3105 3267 16,
3134 3206 3302 3273 palam
3335 3199 3602 3273 praedica-

2008 3275 2082 3328 vit
2107 3291 2119 3326 :
2146 3292 2164 3325 t
2193 3275 2312 3329 latn
2341 3275 2485 3328 enim
2518 3274 2586 3330 de
2603 3290 2665 3330 ea
2691 3291 2851 3330 causa
2885 3276 2994 3330 duo
3017 3275 3248 3331 concilia
3276 3277 3442 3329 missa
3471 3284 3601 3328 sunt

297 3348 546 3402 stoticam
613 3337 823 3417 sedem:
875 3363 895 3397 ι
926 3344 1252 3417 Nominatim
1305 3337 1436 3402 vero
1484 3337 1556 3401 de
1601 3337 1897 3404 Innocentii
1928 3337 1974 3401 C
2005 3347 2069 3398 ad
2095 3347 2279 3401 sedem
2299 3348 2676 3416 apostolicam,
2698 3347 2821 3402 inde
2839 3347 3000 3402 etiam
3018 3350 3281 3417 rescripta
3304 3355 3595 3402 venerunt:

298 3417 548 3488 epistolis
579 3416 681 3472 lib.
721 3433 736 3470 ι
766 3427 953 3471 eontra
983 3416 1255 3472 Juliauum
1287 3433 1336 3472 c.
1366 3423 1398 3472 4
1437 3419 1550 3471 lucc
1590 3419 1860 3487 eloquitur
1887 3442 1898 3477 :

305 3505 328 3562 t_
357 3490 500 3556 Quid
525 3489 687 3562 enim
711 3490 887 3562 potuit
915 3489 999 3542 vir
1021 3489 1116 3562 ille
1137 3501 1358 3543 sanetus
1374 3490 1647 3544 Africanis
1671 3507 1899 3562 respon-

299 3559 429 3631 dere
455 3559 744 3626 conciliis,
773 3561 873 3614 nisi
916 3561 1058 3629 quod
1085 3563 1384 3631 antiquitus
1415 3562 1710 3631 apostolica
1742 3559 1904 3620 sedes

300 3639 355 3686 et
379 3630 636 3686 Romana
663 3648 787 3687 cum
817 3634 1034 3686 eteteris
1080 3630 1230 3687 tenet
1257 3630 1674 3702 perseveranter
1715 3635 1904 3691 Eccle-

299 3704 411 3777 sia?
451 3723 470 3756 ι
517 3703 664 3760 Tum
709 3702 1008 3777 exscriptis
1058 3704 1382 3777 quibusdam
1432 3709 1737 3772 sententiis,
1771 3723 1903 3777 quas

299 3774 663 3832 innocentius
704 3775 760 3829 in
791 3774 1038 3844 epistolis
1061 3775 1168 3828 illis
1207 3776 1499 3846 depromit,
1523 3774 1801 3833 Julianurri
1824 3779 1905 3834 sic

301 3857 496 3919 urget:
539 3866 561 3900 ι
608 3847 746 3901 lluic
777 3845 1066 3916 responde,
1121 3845 1418 3917 imtno’ipsi
1475 3850 1701 3904 Domino
1748 3850 1904 3919 cujus

302 3918 390 3974 ille
407 3919 650 3974 antistes
676 3933 806 3972 usus
833 3926 916 3971 est
945 3921 1281 3973 testimonio.
1318 3939 1335 3971 ι
1370 3920 1499 3975 Item
1526 3921 1617 3974 lib.
1650 3937 1686 3974 ιι
1713 3918 1904 3976 contra

302 3989 433 4044 duas
466 3988 1031 4062 episttilasPelagiatt.
1057 4005 1106 4044 c.
1132 3989 1188 4052 4,
1216 4007 1269 4044 ιι.
1296 3991 1350 4057 6,
1382 3991 1468 4045 ubi
1495 3993 1748 4046 nonnulla
1785 4008 1905 4062 pro-

304 4061 418 4117 tulit
438 4062 698 4130 epistulae
725 4061 797 4115 29
838 4062 1024 4123 verba,
1057 4062 1320 4116 exclamat
1352 4080 1365 4113 :
1404 4081 1421 4114 t
1456 4063 1594 4130 Quid
1629 4064 1728 4117 ista
1758 4061 1905 4118 sedis

303 4135 628 4203 apostolicae
672 4133 941 4187 sententia
974 4132 1175 4187 clarius
1204 4135 1227 4187 ?
1265 4154 1281 4185 ι
1313 4134 1656 4200 Rursumque
1688 4150 1840 4188 num.
1873 4136 1903 4188 7

303 4205 491 4261 verbis
523 4206 654 4258 aliis
677 4220 745 4259 ex
789 4205 1016 4272 epistula
1041 4204 1110 4262 '50
1157 4208 1207 4257 itt
1239 4207 1418 4257 tnetliu
1467 4205 1658 4270 positis
1685 4207 1862 4259 subdit
1889 4223 1901 4258 :

308 4295 326 4329 ι
351 4277 494 4342 Quid
525 4276 598 4330 ad
626 4279 743 4330 haec
770 4275 900 4330 dicit
929 4277 1205 4345 ingratus?
1228 4295 1246 4328 ι
1275 4275 1363 4330 Sic
1382 4276 1698 4330 Ctvlestium
1727 4287 1902 4339 vocat,

301 4363 459 4417 quem
496 4358 549 4403 et
583 4348 785 4402 ibidem
822 4365 875 4399 ιι.
961 4347 1187 4400 l'allacite
1213 4348 1412 4417 arguit,
1448 4363 1568 4402 cum
1621 4349 1702 4400 liis
1746 4349 1906 4400 Ιιιιιυ-

304 4421 466 4474 centii
521 4419 737 4475 litteris
785 4420 1097 4473 consentire
1123 4433 1182 4474 se
1233 4430 1418 4487 postea
1470 4435 1654 4472 coram
1687 4419 1905 4473 Zosimo

305 4491 652 4546 mendaciter
683 4490 985 4558 respondit.
1045 4488 1148 4544 Tot
1207 4501 1427 4558 tamque
1458 4489 1800 4546 evidentibus
1831 4501 1909 4545 tc-

303 4564 586 4617 stimoniis
615 4562 885 4616 llenricus
913 4561 1159 4616 Norisius
1190 4562 1327 4615 Hist.
1357 4563 1536 4632 Pelag.
1564 4561 1760 4632 pag.“
1782 4577 1910 4617 cen-

301 4650 482 4689 suram
509 4632 962 4697 refellitVossii,t
993 4648 1061 4686 an
1089 4633 1335 4701 epistolae
1367 4635 1483 4688 ista:
1515 4643 1660 4687 tattto
1691 4636 1800 4689 sint
1827 4634 1909 4689 di-
1949 4647 1952 4650 '

302 4720 420 4770 gnat
444 4708 722 4766 antistite,
767 4723 784 4755 ι
821 4715 942 4773 post
983 4704 1266 4758 Erasmum
1303 4706 1355 4760 in
1383 4705 1607 4760 dubiutn
1640 4708 1903 4770 vocantis,

301 4777 580 4846 simulque
606 4777 853 4830 conl'utat
884 4779 1211 4831 sententiam
1238 4779 1562 4832 recentioris
1594 4778 1904 4848 cujusdam,

303 4850 393 4921 qui
436 4850 508 4904 de
561 4849 781 4921 illarum
821 4849 1060 4921 veritate
1109 4849 1310 4918 pariter
1339 4849 1550 4904 videtur
1607 4849 1904 4921 ambigere.

304 4919 667 4993 Prosperutn,
716 4917 1072 4975 Caelestinum
1113 4917 1322 4991 papam
1365 4921 1610 4992 aliosque
1665 4917 1907 4978 tacemus

373 5185 399 5214 ⁸
422 5177 481 5233 In
505 5188 619 5229 uno
638 5185 777 5228 mss.
799 5170 982 5245 Qolb.,
1004 5179 1473 5245 sacramentorum.
1493 5173 1595 5228 Cui
1618 5173 1763 5228 favet
1783 5173 1926 5245 quod

305 5250 356 5304 in
385 5257 608 5304 vetusto
631 5245 797 5300 Corb.
826 5242 1022 5313 legitur
1047 5253 1392 5298 sacratorum.
1423 5243 1572 5298 Hanc
1591 5242 1923 5315 quippe'lec-

305 5321 510 5375 tionem
543 5316 866 5373 mendosam
897 5329 1044 5376 esse,
1076 5322 1241 5384 atque
1274 5317 1615 5370 inlirmorurn
1649 5319 1925 5371 inunctioo

306 5408 429 5447 nem
462 5407 574 5446 non
625 5390 770 5443 inter
820 5394 1037 5441 sacrata
1091 5394 1322 5452 tantum,
1356 5403 1542 5441 verum
1581 5388 1748 5442 etiam
1782 5388 1927 5443 inter

307 5470 656 5519 sacramenta
710 5457 780 5511 ab
824 5457 1146 5511 Innocentio
1197 5459 1505 5527 computari
1550 5475 1614 5514 ex
1657 5460 1927 5514 subnexis

306 5533 662 5606 perspicuum
687 5537 791 5584 est.
827 5528 928 5606 lilii
954 5530 1222 5606 vero__ltoc
1243 5539 1647 5585 sacramentum
1671 5532 1736 5584 iis
1766 5541 1926 5601 negat

309 5598 733 5678 paenitentibus,
785 5598 967 5662 quibus
1017 5598 1216 5678 reliqua
1245 5611 1596 5678 _sucramenta
1650 5598 1921 5678 negantur,

309 5671 446 5732 satis
475 5687 673 5746 aperte
703 5673 863 5725 docet
894 5686 992 5746 usu
1013 5681 1150 5746 _tum
1185 5671 1352 5746 fuisse
1381 5683 1682 5746 receptum,
1717 5683 1773 5727 ut
1802 5673 1925 5729 aliis

314 5741 571 5802 fidelibus
625 5746 764 5796 citra
819 5741 1122 5811 periculum
1172 5745 1366 5796 mortis
1392 5743 1768 5798 laborantibus
1797 5758 1924 5799 con-

315 5819 628 5876 cederetur.
658 5812 792 5869 Nam
824 5825 876 5866 et
904 5817 1317 5884 potuiteutibus,
1374 5817 1420 5868 si
1475 5816 1526 5868 itt
1579 5815 1922 5884 desperatam

315 5889 705 5960 aegritudinem
739 5881 1147 5960 _incurrissent_,_
1165 5885 1371 5960 reliqua
1417 5881 1757 5960 sacramenta
1806 5886 1926 5944 sine

321 5955 476 6019 mora
505 5957 752 6017 conferri
792 5971 956 6026 supra
992 5967 1046 6008 tt.
1097 5955 1166 6009 11)
1205 5958 1476 6027 prteeipil.
1527 5956 1699 6011 Cra-ri
1743 5964 1921 6012 autem

2005 3432 2169 3473 causa
2201 3418 2348 3472 finita
2385 3431 2488 3479 est,
2534 3419 2737 3472 utinam
2766 3418 3062 3487 aliquando
3097 3418 3313 3473 finiatur
3344 3420 3531 3472 error!
3573 3435 3594 3469 ι

2009 3489 2122 3561 Hoc
2152 3502 2254 3554 est,
2289 3489 2579 3561 Pelagiana
2608 3504 2771 3545 causa
2804 3490 3019 3546 duobus
3060 3491 3110 3544 in
3144 3489 3396 3545 conciliis
3445 3488 3596 3544 Afri-

2005 3560 2158 3615 canis
2184 3562 2479 3630 diligenter
2499 3563 2748 3616 discussa
2772 3562 3122 3632 judicataque
3141 3572 3247 3618 est.
3265 3565 3397 3615 (lum
3419 3571 3602 3632 autem

2006 3632 2116 3688 illis
2141 3642 2405 3704 congruat
2444 3644 2497 3688 et
2525 3632 2787 3702 judicium
2834 3635 3150 3703 apostolica
3207 3633 3376 3696 sedis,
3401 3631 3602 3704 triplici

2008 3713 2172 3776 tanta:
2205 3703 2545 3760 auctoritatis
2567 3705 2772 3776 judicio
2803 3720 2965 3761 causa
2986 3706 3194 3775 decisa,
3226 3706 3422 3760 merito
3451 3703 3602 3758 ﬁnita

2000 3775 2178 3847 judiCa
2189 3789 2292 3833 tur.

2079 3847 2133 3902 4.
2163 3850 2236 3905 Ita
2260 3851 2687 3906 concionabatur
2727 3852 3083 3920 Augustinus,
3118 3856 3472 3920 cumiutrum
3513 3862 3601 3902 re-

2008 3920 2224 3990 scriptis
2253 3923 2358 3976 illis
2407 3929 2618 3976 starent
2644 3918 2946 3992 Pelagiani,
2978 3936 3173 3986 necne,
3199 3919 3383 3992 adhuc
3413 3918 3598 3974 incer-

2011 4001 2095 4045 tus
2143 4005 2286 4048 esset
2314 4011 2327 4064 ;
2361 3995 2605 4064 adeoque
2635 4009 2758 4046 cum
2785 3991 2997 4048 irecens
3054 3993 3106 4047 in
3141 3991 3377 4064 Africam
3409 4005 3601 4064 perve-

2009 4065 2245 4118 nissent.
2301 4063 2467 4134 Atqui
2510 4061 2830 4120 Sermonem
2885 4065 3034 4118 illum
3070 4082 3088 4115 ι
3127 4062 3372 4118 habiturn
3405 4077 3456 4115 ιχ
3488 4061 3599 4134 kal.

2009 4135 2252 4189 Octobris
2301 4131 2697 4214 die'_l)_0minica
2731 4155 2752 4214 ε
2781 4137 2834 4214 in
2865 4135 3038 4214 veteri
3068 4131 3600 4214 codiceprtenotari,

2009 4216 2172 4275 atque
2197 4219 2341 4259 anno
2366 4205 2472 4260 417
2506 4221 2705 4260 ιιοηιιιιι
2737 4205 3090 4260 kalendarum
3121 4205 3428 4275 octobrium
3461 4204 3604 4275 diem

2012 4272 2429 4332 in’Dominicam
2477 4276 2752 4343 incidisse,
2789 4278 2841 4331 in
2883 4291 3018 4330 nova
3047 4275 3330 4345 Augustini
3361 4272 3605 4328 editione

2012 4348 2359 4402 observatum
2390 4357 2494 4402 est.
2545 4347 2622 4400 Ex
2654 4363 2760 4416 quo
2803 4358 2856 4401 et
2883 4347 3190 4409 coniicitur,
3221 4347 3482 4413 rescripta
3507 4345 3604 4416 illa

2012 4435 2200 4476 mense
2224 4419 2522 4490 septembri
2553 4414 2683 4472 anni
2717 4420 2822 4472 417
2850 4435 2957 4474 non
2995 4432 3118 4473 esse
3142 4419 3470 4472 recentiora.
3495 4414 3606 4470 Sed

2014 4502 2196 4545 manet
2222 4504 2370 4547 certa
2403 4505 2591 4545 eorum
2623 4491 2829 4560 epocha
2856 4492 2906 4545 in
2927 4493 3132 4558 Optime
3171 4499 3315 4544 notae
3361 4501 3493 4560 mss.
3523 4500 3612 4541 as-

2013 4573 2247 4627 servata,
2307 4579 2427 4628 qua:
2475 4581 2493 4614 ι
2530 4579 2580 4617 vr
2611 4559 2722 4616 kal.
2778 4561 3035 4616 februarii
3086 4570 3206 4631 post
3260 4559 3610 4614 consulatum

2017 4634 2314 4690 Theodosii
2342 4651 2412 4688 vu
2435 4649 2484 4690 et
2517 4634 2660 4689 Junii
2694 4651 2741 4688 tv
2773 4633 2945 4697 V.C.,
2978 4651 2998 4685 ι
3023 4632 3223 4687 ltocest
3249 4632 3318 4685 27
3339 4631 3428 4686 die
3458 4645 3611 4684 meu—

2019 4709 2094 4762 sis
2121 4708 2509 4778 januariianni
2535 4705 2640 4760 417
2670 4707 3080 4777 consignantur.
3116 4705 3297 4774 Neque
3343 4701 3609 4778 epocham

2018 4773 2165 4834 illam
2201 4777 2492 4849 ancipitem
2522 4780 2672 4844 facit,
2715 4779 2811 4834 sed
2828 4773 3017 4848 potius
3049 4773 3334 4832 conlirmat
3369 4775 3484 4849 hrec
3532 4773 3612 4849 al-

2020 4862 2160 4918 tera,
2187 4844 2347 4920 quam
2394 4850 2641 4906 nonnulli
2685 4844 2904 4906 codices
2948 4850 3235 4920 exhibent,
3269 4866 3288 4898 t
3320 4862 3373 4903 vt
3401 4844 3617 4920 kal_._fe-

2020 4915 2227 4979 bruarii
2272 4923 2514 4979 Honorio
2557 4933 2611 4978 et
2649 4922 2974 4978 Constantio
3004 4921 3070 4977 V.
3102 4919 3165 4977 C.
3211 4933 3395 4976 conss.
3428 4938 3448 4971 ι
3480 4915 3617 4972 Nam

2036 5184 2176 5229 teste
2209 5172 2371 5228 Petro
2411 5171 2652 5229 Arcudio
2684 5171 2780 5228 lib.
2809 5187 2863 5241 v,
2898 5187 2951 5228 c.
2982 5171 3038 5238 4,
3071 5187 3139 5227 eo
3187 5183 3531 5242 processere,
3560 5177 3636 5242 _ut

2036 5261 2141 5299 non
2177 5245 2356 5299 Solum
2382 5245 2629 5299 infirmos
2659 5245 2800 5297 nulla
2834 5237 3140 5314 periculosa
3190 5237 3641 5314 aegritudineJla-

2034 5317 2312 5382 borantes,
2365 5316 2459 5370 sed
2510 5326 2565 5370 et
2615 5308 2913 5388 pwnitentcs
2965 5315 3087 5388 bene
3133 5308 3374 5376 valentes,
3401 5308 3638 5388 adftibita

2032 5405 2233 5459 quoque
2256 5389 2424 5459 forma
2467 5381 2801 5455 sucra'menti,
2841 5403 2944 5440 non
2989 5387 3139 5440 aliter
3193 5396 3349 5453 atquc
3399 5381 3638 5450 inﬁrmos

2032 5459 2309 5530 inungunt.

2105 5529 2132 5568 1’
2164 5522 2362 5604 iEdili,
2395 5531 2518 5604 uiris
2549 5530 2867 5604 clarissimis.
2914 5528 3329 5604 Rectiusmss.“
3351 5540 3399 5575 υ.
3455 5539 3500 5574 c.

2033 5611 2116 5655 est
2144 5602 2249 5654 viro
2281 5593 2614 5655 clarissimo:
2644 5603 2786 5671 quod
2829 5600 2880 5654 in
2929 5613 3094 5671 unum
3126 5593 3426 5650 Palladiunt
3472 5593 3640 5671 cadit.

2035 5673 2138 5729 Ubi
2192 5686 2325 5726 vero
2357 5673 2554 5727 umarii
2603 5664 2723 5726 t'iris
2751 5669 3055 5724 clarissimis
3087 5671 3395 5735 exprimere
3427 5664 3640 5735 volunt,

2031 5753 2220 5800 notam
2270 5745 2522 5817 eamdem
2571 5745 2850 5817 geminant
2897 5741 3125 5817 inultnnc
3161 5736 3644 5817 Ill()_(_iltnl.1.1‘t:.£(.3.

2029 5831 2150 5885 qua:
2199 5823 2308 5871 tum
2367 5813 2434 5870 de
2485 5805 2704 5871 duobus
2756 5808 3074 5866 consulibus
3129 5805 3413 5877 praedicari
3445 5805 3649 5864 uitelli.

2028 5890 2197 5959 gitur.
