4084 6342
282 320 382 380 565

1518 328 1879 391 EPISTOLA!
1913 335 2004 393 ET
2044 335 2395 399 DECRETA.

3484 356 3596 415 566

276 449 497 512 gregata
541 455 617 500 es
648 444 815 503 nobis
836 445 1077 518 synodus
1104 446 1400 505 haberetur
1425 464 1441 515 ;
1471 450 1888 525 compresbyter
1918 457 1964 517 Α
1994 457 2317 515 naturaliter
2349 459 2403 515 in
2427 461 2596 521 corde
2614 467 3005 538 conscriptam;
3038 470 3153 527 sive
3182 472 3237 528 in
3269 470 3470 530 litteris
3495 475 3595 530 da-

279 543 462 592 uoster
504 537 748 597 Orosius
789 541 946 597 nobis
992 541 1203 599 litteras
1230 554 1544 601 sanctorum
1576 544 1807 603 fratrum
1832 556 1890 605 et

277 630 746 688 consacerdotum
778 643 1087 690 nostrorum
1104 634 1255 692 dedit
1278 636 1538 694 ﬂilerotis
1569 647 1625 695 et
1668 638 1883 708 Lazari,

278 739 507 798 quarum
564 727 803 784 formam
838 728 922 784 his
951 730 1337 787 constituimus
1361 746 1483 788 esse
1522 732 1883 791 subdendum.

278 821 368 876 llis
388 836 523 893 ergo
551 821 740 891 lectis,
768 824 1043 896 Pelagium
1062 834 1117 883 et
1137 825 1457 885 leestium
1481 839 1734 886 auctores
1754 829 1782 869 ι’
1799 845 1887 887 ar-

274 913 361 985 gui
388 915 586 970 nefarii
619 931 847 984 prorsus
866 928 924 973 et
948 920 1017 975 ab
1037 921 1296 977 omnibus
1321 922 1480 977 nobis
1500 922 1881 981 anathemandl

273 1006 479 1061 erroris
503 1006 868 1066 advertimus.
906 1010 1057 1068 Unde
1110 1013 1309 1070 factum
1358 1024 1460 1083 est,
1494 1026 1553 1070 ut
1597 1031 1885 1073 recensen-

273 1102 398 1159 dum
418 1114 772 1175 peteremus,
804 1108 932 1179 quid
971 1118 1097 1166 ante
1126 1111 1298 1169 ferme
1337 1114 1769 1186 quinquennium
1793 1131 1877 1172 su-

272 1212 366 1269 per
378 1196 635 1253 leestii
661 1201 881 1257 nomine
900 1201 1144 1273 hicapnd
1170 1205 1465 1262 Ecclesiam
1483 1207 1880 1281 Carthagiue‘t-

271 1307 384 1348 sem
418 1291 888 1365 fueritagitatum.
918 1298 1037 1363 Quo
1064 1300 1314 1371 recitato,
1338 1303 1482 1359 sicut
1510 1321 1575 1360 ex
1602 1317 1623 1344 ο
1648 1305 1883 1363 subditis

270 1383 574 1442 advertere
622 1389 830 1457 poterit
876 1393 1142 1449 sanctitas
1189 1402 1300 1465 tua,
1335 1399 1583 1468 quamvis
1616 1398 1883 1470 judicatio

270 1476 565 1533 manifesta
594 1488 902 1548 constaret,
938 1498 1043 1555 qua
1077 1486 1168 1541 illo
1199 1494 1444 1558 tempore
1473 1491 1767 1562 episcopali
1796 1493 1883 1565 ju-

270 1570 416 1627 dicio
457 1574 718 1630 excisum
750 1577 852 1633 hoc
889 1587 1099 1636 tantum
1128 1582 1328 1639 vulnus
1359 1584 1429 1641 ab
1462 1587 1702 1642 Ecclesia
1731 1588 1884 1647 vide-

270 1672 420 1719 retur
446 1681 465 1731 ;
492 1665 854 1725 nihilominus
887 1680 1073 1729 tamen
1100 1673 1151 1730 id
1175 1680 1448 1733 communi
1479 1678 1882 1739 deliberatione

269 1761 611 1831 censuimus,
645 1763 958 1835 hujusmodi
985 1772 1356 1839 persuasionis
1397 1783 1669 1844 auctores,
1695 1791 1884 1848 quam-

1996 558 2128 604 tam.
2159 549 2421 608 Eamdem
2446 570 2660 627 quoque
2684 558 2859 631 legem
2906 561 2974 616 ad
3013 563 3247 633 gratiam
3292 566 3588 636 pertinere,

1988 643 2134 713 quod
2164 645 2311 701 illam
2343 647 2487 706 Deus
2518 651 2572 706 in
2599 652 2928 723 adjutorium
2955 656 3269 715 hominibus
3329 658 3498 717 dedit.
3522 660 3594 717 Il-

1990 735 2096 791 lam
2126 753 2254 795 vero
2273 744 2528 817 gratiam,
2569 762 2694 816 qua,
2726 758 2787 803 ut
2808 749 3012 805 dictum
3042 761 3149 819 est,
3176 752 3472 810 Christiani
3494 768 3586 811 su-

1990 845 2132 900 mus,
2160 834 2317 904 cujus
2343 836 2633 908 Apostolus
2663 842 2986 910 praedicator
3014 854 3118 912 est,
3152 846 3363 915 dicens,
3394 846 3597 905 Conde-

1988 921 2149 979 lector
2175 928 2311 982 enim
2338 927 2441 1002 legi
2466 929 2565 986 Dei
2614 935 2896 990 secundum
2948 938 3243 994 interiorem
3293 941 3596 1012 hominem;

1985 1017 2133 1073 video
2178 1030 2351 1077 autem
2408 1024 2565 1079 aliam
2598 1027 2761 1100 legem
2780 1031 2836 1083 in
2876 1029 3114 1086 membris
3142 1034 3272 1088 meis
3298 1050 3595 1107 repugnan-

1986 1118 2089 1166 tem
2138 1111 2242 1187 legi
2288 1118 2475 1171 mentis
2516 1134 2660 1186 mete,
2719 1130 2768 1175 et
2816 1122 3159 1190 captivantem
3199 1135 3329 1180 mee
3361 1128 3457 1182 sub
3479 1125 3592 1200 lege

1987 1208 2214 1275 peccati,
2231 1224 2348 1279 qua
2369 1219 2445 1264 est
2468 1212 2522 1265 in
2545 1213 2785 1268 membris
2801 1216 2951 1270 meis.
2980 1214 3143 1272 Miser
3165 1234 3258 1291 ego
3274 1218 3450 1288 homo,
3481 1223 3595 1292 quis

1986 1316 2068 1354 me
2094 1300 2329 1357 liberabit
2366 1304 2431 1358 de
2455 1321 2670 1378 corpore
2714 1310 2895 1363 mortis
2942 1309 3149 1381 hujus?
3174 1314 3347 1386 gratia
3369 1311 3471 1369 Dei
3496 1333 3589 1386 per

1984 1389 2164 1447 Iesum
2184 1392 2449 1451 Christum
2474 1397 2750 1455 Dominum
2773 1411 3007 1457 nostrum
3035 1402 3215 1477 (Rom.
3230 1405 3591 1481 vtt,22seqq.)

1986 1491 2179 1547 nolunt
2197 1493 2421 1550 omnino
2442 1511 2797 1567 cognoscere,
2821 1514 2923 1557 nec
2944 1512 3133 1573 aperte
3177 1503 3396 1577 quidem
3421 1521 3588 1583 oppu-

1984 1599 2154 1656 gnare
2176 1587 2380 1645 audent
2400 1590 2446 1663 (Ι
2472 1590 2593 1646 Cor.
2646 1608 2705 1661 ιι,
2758 1592 2871 1665 14).

2055 1680 2110 1736 5.
2146 1680 2254 1738 Sed
2284 1681 2412 1754 quid
2443 1685 2588 1741 aliud
2619 1695 2808 1756 agunt,
2836 1703 2957 1744 cum
3008 1688 3322 1750 hominibus
3344 1693 3591 1755 animali-

1986 1771 2087 1828 bus
2113 1788 2220 1829 non
2249 1776 2679 1847 percipientibus
2701 1796 2821 1853 quae
2834 1791 2962 1839 sunt
2991 1783 3217 1853 spiritus
3244 1784 3340 1842 Dei
3364 1800 3591 1859 persna-

270 1856 353 1912 vis
381 1866 443 1914 et
471 1858 539 1912 ad
573 1860 975 1934 presbyterium
995 1865 1138 1921 idem
1156 1865 1446 1924 Ctelestius
1467 1878 1651 1941 postea
1682 1885 1879 1943 perve-
1909 1878 1958 1940 Β
1985 1863 2116 1923 dere
2142 1883 2251 1924 non
2297 1882 2536 1938 cessant.
2585 1873 2651 1929 ad
2702 1879 3039 1947 operandam
3086 1856 3589 1956 perﬁciendamque

265 1953 421 2010 uisse
442 1953 697 2023 dicatur;
725 1958 830 2012 nisi
861 1959 977 2016 haec
998 1962 1343 2032 apertissime
1373 1964 1872 2036 anathemaverlnt,

264 2046 415 2119 ipsos
438 2049 786 2106 anathemari
814 2064 1088 2124 oportere,
1116 2064 1174 2112 ut
1202 2057 1248 2111 si
1273 2058 1515 2128 ipsorum
1546 2075 1655 2116 non
1680 2070 1879 2131 potue-

264 2140 352 2207 rit,
383 2142 592 2198 saltem
624 2158 819 2200 eorum
845 2147 1024 2217 quiab
1054 2147 1133 2206 eis
1170 2150 1387 2223 decepti
1418 2165 1546 2209 sunt
1577 2155 1666 2210 vel
1696 2155 1877 2228 decipi

265 2246 521 2306 possunt,
554 2239 774 2311 cognita
804 2244 1073 2300 sententia
1102 2260 1224 2317 qure
1256 2249 1310 2304 in
1338 2264 1433 2305 eos
1465 2249 1571 2305 lata
1604 2263 1708 2318 est,
1730 2254 1876 2309 sani-

266 2339 346 2387 tas
368 2343 729 2403 procuretur.
767 2335 879 2392 lloc
918 2338 1104 2410 itaque
1148 2351 1390 2413 gestum,
1422 2344 1646 2402 domine
1680 2346 1874 2423 frater,

262 2433 476 2480 sancite
496 2425 766 2483 charitatl
798 2436 904 2484 tua:
930 2430 1289 2490 intimandum
1322 2436 1674 2507 duxltnus,ut
1707 2448 1880 2496 statu-

262 2518 334 2573 tis
359 2528 575 2575 nostrze
598 2519 1002 2580 mediocritatis
1031 2527 1197 2583 etiam
1217 2530 1532 2600 apostolica:
1554 2532 1702 2588 sedis
1725 2534 1879 2591 adhi-

265 2610 463 2668 beatur
494 2615 831 2684 auctoritas,
866 2633 965 2688 pro
996 2620 1196 2677 tuenda
1249 2623 1432 2681 salute
1481 2626 1795 2695 multorum,
1823 2640 1882 2687 et

265 2707 639 2778 quorumdam
672 2712 1032 2780 perversitate
1051 2716 1215 2772 etiam
1244 2717 1589 2790 corrigenda.

331 2803 388 2859 2.
419 2802 478 2858 ιιι
510 2805 665 2860 enim
692 2813 860 2877 agunt
886 2807 975 2863 isti
1000 2809 1879 2885 damnabilibustliSpntationibns

267 2896 401 2965 suis,
435 2905 495 2952 ut
527 2913 643 2954 non
703 2899 1066 2971 defendendo,
1111 2906 1206 2962 sed
1238 2909 1418 2977 potius
1452 2911 1502 2964 in
1552 2912 1876 2984 sacrilegam

268 2989 582 3061 superbiam
607 2992 924 3048 extollendo
966 2995 1193 3052 liberum
1224 2999 1536 3072 arbitrium,
1561 3004 1765 3059 nullum
1796 3022 1878 3062 re-

268 3081 519 3155 linquant
546 3084 733 3139 locum
761 3087 953 3155 gratiae
1001 3088 1122 3156 Dei,
1171 3106 1275 3162 qua
1330 3093 1617 3150 Christiani
1667 3111 1877 3169 sumus,

271 3190 371 3246 qua
400 3185 459 3232 et
489 3176 675 3247 ipsum
706 3188 906 3233 nostrae
931 3183 1223 3239 voluntatis
1251 3184 1535 3241 arbitrium
1575 3203 1707 3246 vere
1730 3191 1787 3245 lit
1816 3191 1879 3247 ll-

1975 1957 2261 2031 justitiam,
2294 1969 2350 2017 et
2378 1961 2474 2020 Dei
2503 1965 2759 2023 mandata
2788 1968 3136 2040 complenda,
3163 1971 3336 2028 solam
3363 1973 3466 2030 sibi
3492 1973 3595 2030 hu-

1983 2065 2199 2108 manam
2252 2054 2504 2114 sufﬁcere
2553 2072 2713 2129 posse
2754 2063 3053 2118 naturam?
3083 2079 3191 2121 non
3242 2065 3592 2129 attendentes

1980 2147 2123 2216 quod
2148 2147 2413 2227 scriptum
2436 2159 2542 2222 est,
2578 2152 2813 2222 Spiritus
2840 2155 3056 2228 adjuvat
3099 2159 3454 2229 inﬁmitatem
3499 2181 3595 2220 ua-

1979 2250 2139 2295 stram
2159 2240 2337 2315 (Rom.
2368 2259 2483 2312 vm,
2511 2243 2639 2318 26);
2662 2256 2738 2315 et,
2775 2246 2899 2303 Non
2929 2251 3167 2320 volentis,
3193 2268 3357 2323 neque
3380 2272 3593 2311 curren-

1980 2336 2068 2403 tis,
2123 2336 2213 2391 sed
2256 2338 2544 2395 miserantis
2586 2347 2660 2394 est
2712 2340 2808 2395 Dei
2830 2341 3010 2416 (Rom.
3059 2358 3135 2413 ιχ,
3196 2345 3324 2416 i6);
3366 2352 3423 2404 et
3446 2349 3591 2427 quod

1979 2444 2142 2484 unum
2197 2447 2385 2503 corpus
2443 2450 2620 2489 sumus
2650 2436 2702 2490 in
2731 2434 2936 2492 Christo
2976 2437 3130 2513 Jesu,
3179 2440 3372 2512 singuli
3417 2453 3591 2499 autem

1978 2526 2110 2579 alter
2132 2524 2347 2580 alterius
2365 2528 2604 2596 membra,
2636 2528 2885 2587 habentes
2907 2532 3045 2587 dona
3060 2532 3261 2591 diversa
3293 2537 3581 2597 secundum

1980 2618 2202 2689 gratiam
2250 2635 2365 2690 qua:
2398 2619 2521 2673 data
2552 2630 2626 2675 est
2657 2621 2805 2678 nobis
2832 2621 3014 2695 (Rom.
3046 2641 3140 2692 xu,
3174 2626 3231 2699 v)
3258 2643 3272 2697 ;
3301 2636 3377 2699 et,
3407 2628 3593 2687 Gratia

1981 2713 2080 2770 Dei
2107 2733 2219 2771 sum
2246 2716 2300 2771 id
2324 2715 2464 2789 quod
2490 2735 2633 2786 sum,
2660 2728 2705 2774 et
2728 2723 2897 2792 gratia
2917 2723 3034 2795 ejus
3071 2722 3127 2776 in
3173 2739 3253 2777 me
3292 2739 3453 2778 vacua
3484 2742 3590 2782 non

1981 2808 2101 2879 fuit,
2133 2809 2224 2864 sed
2255 2809 2370 2879 plus
2400 2811 2634 2871 omnibus
2670 2811 2777 2869 illis
2821 2813 3099 2871 laboravi:
3124 2831 3229 2870 non
3267 2832 3359 2891 ego
3390 2827 3588 2890 autem,

1980 2900 2071 2955 sed
2097 2903 2263 2974 gratia
2291 2901 2392 2958 Dei
2420 2919 2617 2959 mecum
2643 2904 2689 2977 (l
2704 2902 2827 2962 Cor.
2856 2923 2948 2980 xv,
2969 2907 3061 2981 lO)
3083 2924 3097 2977 ;
3121 2916 3197 2979 et,
3222 2907 3432 2964 Gratias
3455 2910 3590 2987 Dea,

1979 2994 2069 3065 qui
2094 2993 2233 3048 dedit
2260 2994 2405 3050 nobis
2424 2997 2689 3051 victoriam
2718 3014 2808 3070 per
2830 2995 3117 3053 Dominum
3140 3011 3380 3055 nostrum
3404 2999 3591 3061 Iesum

1982 3083 2245 3141 Christum
2268 3085 2460 3160 (Ibid.,
2494 3085 2586 3161 57)
2612 3105 2625 3154 ;
2669 3098 2743 3158 et,
2786 3088 2911 3144 Non
2939 3093 3061 3161 quia
3090 3091 3265 3151 idonei
3288 3109 3466 3147 sumus
3496 3095 3593 3155 ali-

1982 3180 2108 3251 quid
2147 3181 2373 3252 sagitare
2417 3183 2568 3251 quasi
2610 3198 2671 3237 ea:
2709 3182 3114 3254 nobismetipsis,
3138 3185 3231 3238 sed
3278 3184 3588 3258 sufﬁcientia

272 3267 485 3336 herum,
520 3268 654 3325 dum
682 3284 713 3325 a
741 3274 1038 3329 carnalium
1094 3277 1657 3349 concupiscentiarum
1700 3283 1876 3341 domi-

1988 3282 2155 3329 aostra
2183 3290 2246 3330 em
2265 3271 2375 3330 Deo
2394 3284 2468 3329 est
2496 3274 2563 3347 (ll
2585 3274 2705 3330 Cor.
2739 3291 2820 3343 ιιι,
2853 3275 2948 3348 5);
2978 3286 3052 3346 et,
3084 3275 3354 3335 Habemus
3381 3278 3594 3339 thesau-

274 3363 495 3420 natione
552 3364 843 3436 liberatur,
898 3367 1114 3426 dicente
1163 3371 1393 3428 Domino
1431 3391 1443 3429 :
1477 3374 1540 3432 Si
1590 3393 1675 3431 vos
1702 3376 1879 3437 Filius

273 3455 594 3525 liberaverit,
656 3468 777 3513 tunc
824 3477 937 3519 vere
974 3460 1123 3519 liberi
1159 3466 1309 3525 eritis
1352 3465 1554 3540 (Joan.
1582 3486 1695 3540 \‘lll,
1738 3471 1875 3546 56).

273 3546 299 3586 ἀ
325 3550 478 3619 Quod
504 3551 773 3607 auxilium
828 3553 958 3609 fides
982 3556 1258 3628 impetrat,
1309 3576 1429 3629 qutc
1460 3572 1542 3618 est
1576 3564 1627 3619 in
1655 3563 1875 3623 Christo

273 3643 397 3699 Jesu
450 3644 691 3702 Domino
740 3656 946 3703 nostro.
1000 3647 1090 3704 lsti
1150 3662 1327 3707 autem
1378 3667 1650 3727 asserunt,
1686 3658 1880 3717 sienta

276 3735 560 3800 fratribus.
595 3738 887 3809 quietiam
922 3755 1110 3798 eorum
1155 3745 1322 3802 libros
1351 3746 1624 3820 legerunt,
1681 3767 1884 3823 cogno-

276 3828 470 3899 vimus,
507 3829 567 3889 in
609 3846 678 3889 eo
707 3830 805 3889 Dei
834 3834 1068 3904 gratiam
1116 3835 1500 3909 deputandam,
1531 3843 1678 3913 quod
1721 3845 1881 3902 talem

276 3922 514 3980 hominis
538 3925 776 3981 instituit
825 3927 1134 4000 creavitque
1164 3939 1435 4000 naturam,
1478 3948 1600 4004 qua)
1631 3950 1726 4006 per
1751 3951 1881 4011 pro-

200 4040 203 4043 ·
278 4019 445 4090 priam
477 4020 815 4077 voluntatem
872 4022 1045 4099 legem
1096 4024 1190 4083 Dei
1241 4028 1413 4101 possit
1465 4026 1714 4103 implere,
1767 4032 1883 4091 sive

348 4267 373 4297 ο
401 4257 461 4314 ln
492 4269 629 4314 mss.
662 4253 817 4319 lsid..
842 4253 1074 4319 Nerviis,
1092 4262 1186 4312 aut
1212 4255 1469 4311 Anerotis.
1502 4255 1559 4310 in
1586 4255 1718 4311 edit.
1745 4270 1877 4312 con-

281 4330 393 4392 cil..
421 4328 717 4385 Averothis.
751 4328 883 4387 Erat
924 4328 1094 4383 llcros
1136 4328 1492 4390 Arelatensis.
1535 4337 1592 4386 et
1641 4327 1877 4386 Lazarus

284 4399 555 4473 Aqneusis
576 4398 884 4473 cpiscopus.
923 4399 1096 4473 Ambo
1119 4417 1147 4453 e
1177 4399 1391 4473 sedibus
1424 4400 1536 4452 suis
1564 4398 1876 4473 pulsi,_cum

284 4470 719 4529 in'Palmstinam
750 4471 1151 4541 pervenissent,
1184 4470 1429 4541 libellum
1485 4470 1672 4524 contra
1726 4470 1880 4524 Pela-

282 4549 428 4617 gium
454 4555 512 4617 et
543 4543 863 4617 Ctelestiutn
888 4542 1120 4617 Eulogii)
1163 4540 1501 4617 Cmsareensi
1529 4543 1880 4617 obtulerunt;

284 4614 434 4683 cuius
465 4615 672 4670 deinde
692 4615 1016 4697 auctoritate
1053 4614 1425 4683 Diospolitana
1469 4615 1708 4697 synodus
1737 4630 1882 4669 anno

1978 3384 2092 3423 rum
2141 3376 2291 3423 istum
2314 3369 2370 3422 in
2408 3370 2543 3423 vasis
2590 3368 2856 3438 ﬁctilibus,
2887 3379 2943 3428 ut
2974 3372 3247 3427 eminentia
3279 3371 3483 3428 virtutis
3528 3373 3595 3428 sit

1982 3460 2103 3528 Dei,
2129 3472 2176 3516 et
2205 3478 2306 3516 non
2332 3478 2396 3516 ea:
2422 3462 2567 3517 nobis
2597 3460 2617 3533 (
2647 3460 2789 3517 Ibid.
2843 3478 2915 3532 IV,
2951 3461 3031 3535 7);
3060 3473 3116 3520 et
3148 3463 3590 3541 innumerabilia,

1981 3570 2100 3625 qua:
2129 3555 2195 3611 de
2222 3554 2515 3631 Scripturis
2534 3555 2790 3612 omnibus
2810 3554 2856 3612 si
2886 3555 3149 3627 colligere
3170 3555 3420 3631 velimus,
3453 3555 3473 3597 ἲ
3509 3568 3592 3614 to-

1982 3667 2102 3707 mus
2133 3667 2238 3707 non
2266 3650 2486 3709 sufficit.
2514 3651 2580 3706 Et
2608 3665 2881 3721 veremur,
2930 3665 3000 3707 ne
3029 3649 3173 3723 apud
3218 3659 3272 3712 te
3314 3651 3416 3714 ista
3465 3652 3587 3726 ipsa

1987 3743 2489 3812 commemorando,
2523 3755 2547 3792 ε
2580 3760 2700 3817 quae
2731 3744 2939 3816 majore
2963 3740 3136 3816 gratia
3158 3743 3230 3802 de
3276 3743 3411 3803 sede
3455 3760 3588 3818 προσ

1990 3839 2184 3896 stolica
2225 3837 2512 3910 praedicas,
2556 3836 3007 3893 inconvenienter
3052 3835 3235 3894 facere
3280 3836 3586 3899 videamur.

1989 3935 2094 3993 Sed
2125 3934 2248 3992 ideo
2289 3933 2536 4001 facimus,
2569 3933 2693 4003 quia
2725 3948 2814 4000 eo,
2844 3948 2952 4011 quo
2992 3930 3325 3990 inﬁrmiores
3372 3948 3584 4009 sumus,

1989 4044 2392 4104 quaquaversus
2420 4029 2648 4105 quisque
2668 4036 2912 4083 nostrum
2940 4027 3107 4084 verbo
3130 4027 3225 4089 Dei
3247 4027 3594 4105 praedicando

2052 4264 2075 4292 θ
2105 4254 2251 4309 Edit.
2285 4252 2443 4308 Rom.
2467 4260 2522 4308 et
2549 4252 2751 4308 concil.
2776 4266 2900 4307 cum
2920 4250 3073 4318 lsid.,
3112 4266 3323 4309 necnon
3371 4256 3583 4315 duobus

1993 4341 2129 4389 mss.
2161 4324 2318 4382 Colb.
2345 4334 2400 4383 et
2421 4323 2568 4379 Pith.
2586 4324 2652 4395 in
2675 4324 2803 4395 lege.

2058 4396 2078 4435 τ
2119 4396 2275 4473 Apud
2299 4399 2463 4473 Πᾼιιβ.
2492 4404 2553 4450 ut
2581 4394 2633 4473 in
2667 4394 2799 4451 mss.
2846 4395 3007 4454 Cori).
3042 4404 3098 4451 et
3127 4394 3314 4473 Germ.
3363 4407 3584 4473 tempus.

1981 4468 2115 4526 Cum
2144 4466 2265 4523 aliis
2298 4466 2448 4541 libris
2474 4468 2792 4541 retinemus
2813 4476 2979 4541 tomus
3000 4482 3014 4541 ;
3033 4482 3140 4541 quo
3154 4467 3419 4541 vocabulo
3447 4466 3476 4521 εἰ
3483 4474 3589 4541 pud

1984 4545 2240 4608 antiquos
2291 4539 2521 4611 epistola
2544 4536 2834 4611 synodica
2877 4537 3176 4611 significari
3215 4540 3378 4596 solet.
3413 4536 3497 4595 Et'
3521 4556 3592 4598 en

1988 4615 2211 4685 quidem
2248 4625 2413 4667 sensu
2468 4609 2803 4685 Athanasius
2831 4609 3219 4685 Alexandrina:
3250 4612 3443 4683 synodi
3475 4613 3594 4684 cpi-

286 4676 389 4747 4I'5
416 4697 751 4758 congregata
784 4687 903 4741 fuit.
928 4676 1236 4743 Memorata:
1268 4694 1447 4743 autem
1499 4676 1886 4758 episcoporum
1914 4676 1967 4739 D
1993 4676 2193 4758 stolam
2222 4694 2413 4758 tomu_nt
2432 4683 2502 4758 ad
2521 4682 2868 4758 Antiocheam:
2892 4682 3167 4758 inscripsit
3194 4701 3207 4737 :
3238 4676 3597 4758 eiectteilium

288 4759 499 4815 illorum
530 4758 727 4813 littera:
756 4758 1101 4815 exciderunt.

359 4831 386 4870 ιι
422 4831 669 4904 Verbum
688 4830 864 4904 argui,
890 4830 1035 4901 quod
1061 4830 1206 4899 prius
1236 4828 1729 4904 deerat,cutncdit.
1753 4830 1889 4900 Aug.

289 4918 355 4960 ex
386 4917 516 4958 mss.
544 4901 712 4987 Colb..
746 4899 800 4957 ἐι
825 4899 1013 4987 ϐθξιη.
1038 4905 1374 4987 supplentus.
1402 4902 1531 4987 Inde
1561 4917 1794 4987 quoque,
1832 4899 1892 4987 litt

292 4983 346 5031 et
368 4991 438 5031 ex
472 4988 578 5029 ms.
610 4973 756 5031 Pith.
789 4970 1183 5043 anathemandi,
1224 4973 1342 5032 loco
1384 4970 1888 5043 anathematizandi,

292 5046 651 5129 resti_ttr_i_mt§.
965 5117 978 5129 l
1366 5113 1400 5129 η
1511 5116 1522 5129 ,
1610 5116 1621 5129 ,
1825 5116 1858 5129 ,,

362 5130 384 5157 ε
415 5118 559 5174 Edit.
586 5117 774 5182 Rom.,
799 5133 868 5190 gat
898 5117 1333 5190 subsequentibus.
1356 5113 1692 5190 Concinnius
1710 5114 1796 5174 alii
1822 5116 1890 5190 _li.

293 5192 393 5255 bri,
427 5206 491 5245 ea:
514 5190 757 5245 subditis.
787 5186 949 5244 Gesta
982 5186 1070 5242 illa
1099 5187 1446 5260 episc0palia,
1476 5206 1594 5259 qua:
1639 5188 1886 5259 epistula:

296 5264 417 5318 huic
463 5263 717 5318 subnexa
752 5272 931 5343 erant,
965 5261 1313 5343 interierunt,
1336 5260 1735 5343 iis_exceptiis,_
1766 5276 1836 5343 qu
1858 5277 1886 5312 ιε

295 5334 363 5390 Μ.
390 5334 662 5393 Mercator
699 5333 857 5387 initio
885 5331 1299 5388 C(lIIIIIIOIIlIOU‘ll
1353 5331 1613 5390 adversus
1645 5330 1891 5401 Pelagia-

297 5423 391 5461 nos
424 5423 490 5462 ex
522 5405 637 5487 illis
661 5404 881 5487 delibat,
907 5411 963 5487 et
985 5420 1104 5487 qua:
1127 5404 1457 5487 Augustinus
1486 5403 1727 5487 tinnit-lib,
1758 5419 1795 5487 tt
1822 5401 1891 5487 de

298 5479 526 5537 Peream
555 5477 814 5549 originali
833 5489 884 5532 c.
907 5476 1023 5549 Set
1048 5474 1252 5549 Lutum
1276 5475 1460 5549 _lib.de
1484 5474 1664 5549 Gestis
1687 5474 1890 5549 Pelagii

298 5566 414 5622 cap.
450 5552 540 5618 Η,
591 5545 668 5606 εί
705 5546 1216 5631 .iisd.eut_’d_escr_il_t_it_.
1275 5547 1657 5631 l’rmtcrefaﬁab
1698 5545 1890 5631 eodem

302 5618 532 5678 Ductore
554 5624 609 5677 in
633 5618 864 5692 epistola
884 5618 1008 5684 l57,
1038 5619 1103 5679 ad
1124 5618 1412 5687 llilarium,
1433 5635 1485 5671 η.
1502 5618 1600 5686 22,
1628 5622 1899 5689 perstrin-

1995 4757 2100 4814 CP.
2125 4757 2285 4828 epist.
2322 4754 2407 4828 1'5,
2433 4752 2501 4828 ad
2532 4755 2842 4828 Damasum,
2862 4771 2928 4828 _n.
2954 4750 3014 4828 _4,
3047 4750 3200 4828 toto»
3244 4755 3461 4815 vocavit
3486 4759 3599 4821 An—

1996 4824 2234 4886 tiochéni
2255 4825 2470 4901 concilii
2512 4824 3036 4901 epistolant.__lps_ius
3087 4824 3307 4901 Damasi
3339 4829 3599 4901 synodica

1995 4901 2230 4973 epistola
2257 4902 2311 4973 4,.
2341 4900 2409 4953 ab
2437 4898 2629 4973 eodem
2670 4897 2913 4973 concilio
2941 4897 3072 4973 ΕΡ.-
3099 4911 3223 4973 can.
3254 4897 3470 4973 5,‘tbmi
3501 4918 3598 4961 no-

1996 4968 2145 5029 mine
2184 4972 2518 5041 designatur.
2550 4968 2712 5024 Vocis
2743 4968 2903 5038 hujus
2934 4972 3126 5041 eodem
3183 4969 3458 5041 intellectu
3489 4973 3598 5033 fre-

1995 5044 2252 5117 quentior
2299 5039 2380 5097 éSl
2432 5057 2562 5117 US_1!§
2611 5042 2663 5094 in
2709 5040 2943 5117 COPE'“?
2971 5039 3589 5117 ghqlqedppgDSil—pum

1993 5110 2126 5171 etlit.
2163 5115 2298 5187 ιλιι»,
2323 5122 2457 5187 tom.
2487 5110 2581 5187 lVA,
2610 5110 2865 5187 pag._187
2887 5110 2944 5187 d,
2976 5110 3169 5187 26441,
3202 5113 3306 5187 4M
3339 5130 3390 5173 e.
3420 5110 3595 5187 Vulgo

1993 5186 2159 5245 etiam
2207 5184 2438 5241 celebris
2482 5180 2714 5252 epistola
2742 5180 2943 5241 Leonis
2985 5184 3052 5237 ad
3076 5180 3395 5241 Flavianum
3427 5180 3597 5245 tomus

1996 5252 2674 5337 nuncupatur._lnterdum
2707 5253 2870 5313 etiam
2902 5261 3067 5337 tomus
3094 5253 3356 5337 longioris
3385 5271 3598 5337 sertae.

1997 5331 2080 5384 nis
2107 5324 2504 5397 (Io—inpendium
2536 5333 2716 5410 sonat.
2747 5340 2918 5409 eaque
2946 5324 3242 5410 rationein
3270 5326 3589 5410 prmfatione

1996 5395 2263 5475 Toletani
2296 5412 2395 5475 vttt
2431 5395 2657 5475 concilii
2679 5397 2981 5475 accipitur:
3015 5395 3080 5475 ad
3113 5395 3594 5475 littcratnjjetloid

1995 5468 2247 5547 estquod
2273 5469 2449 5547 sectio.
2474 5466 2557 5525 Ad
2586 5464 2746 5547 Afros
2770 5468 2914 5541 quod
2938 5467 3153 5532 attinet,
3174 5481 3294 5547 non
3330 5466 3600 5547 aliudhic

1999 5544 2100 5601 sibi
2123 5536 2269 5601 'vclle
2298 5537 2703 5623 videnturnnisi
2720 5536 3085 5596 se'consueta:
3102 5536 3347 5623 cpistola:
3370 5538 3593 5623 modum

2003 5626 2346 5677 excessurus,
2378 5612 2420 5668 si
2453 5610 2659 5679 omnia,
2692 5626 2813 5683 qua:
2843 5626 2874 5669 e
2901 5626 2958 5669 re
2981 5624 3075 5665 sua
3108 5614 3258 5674 sunt,
3281 5610 3597 5669 testimonia

299 5701 563 5821 guunt]:ch
590 5762 894 5831 sententia,
931 5761 1083 5830 Quod
1108 5763 1361 5817 auxilium
1379 5761 1507 5831 ﬁdes
1531 5761 1771 5827 impetrat
1791 5775 1908 5838 quia
2002 5686 2577 5838 (ff)lg'tl;§edi?hﬂqttt.ngl
2598 5753 2798 5838 ροιιεὶιο
2834 5760 2957 5833 μίξει
2984 5744 3198 5838 Λεπίδου
3248 5749 3338 5818 ιιιιί
3382 5754 3605 5823 majores
3661 5754 3669 5760 ’

309 5848 382 5894 est
412 5840 464 5893 in
492 5834 703 5893 Christo
718 5833 773 5890 J.
801 5826 978 5889 DXN:
1005 5835 1059 5889 in
1088 5849 1220 5890 mss.
1244 5826 1407 5890 Curii.
1440 5842 1496 5889 et
1533 5832 1720 5888 Germ.
1745 5826 1907 5888 omit-
2007 5826 2337 5886 Concinuius
2365 5827 2455 5882 alii
2486 5826 2633 5905 libri,
2664 5840 2781 5896 qua:
2804 5826 3017 5892 majore.

302 5910 450 5967 titur.
