4084 6342
479 319 584 375 567

1745 322 1803 375 S.
1841 318 2235 373 INNOCENTII
2270 319 2286 374 Ι
2319 319 2524 373 ΡΜ)Αέ

3674 315 3778 371 568

479 447 700 506 putatur
726 439 1008 506 attentior,
1039 438 1284 493 crebrius
1333 453 1427 492 eos
1480 437 1711 505 patinmr
1739 445 1792 489 et
1824 433 2078 488 audacius
2109 436 2159 493 Α
2189 435 2487 499 tnittentes,
2515 434 2676 488 etiam
2705 435 2750 488 si
2781 449 2885 488 non
2912 434 3273 503 baptizentnr.
3308 433 3591 488 habituros
3617 431 3778 486 vitam

477 531 846 599 insurgentes.

552 622 609 676 4.
647 621 704 677 Si
727 638 857 692 ergo
883 621 1130 688 Pelagius
1159 620 1560 692 episcopalibus
1591 618 1762 687 gesus
1796 617 2086 687 (Diospoli-

486 724 624 769 tante
658 715 892 786 synodi),
947 730 1066 783 quin
1114 713 1168 768 in
1222 713 1452 768 Oriente
1492 713 1735 767 conlecta
1790 710 2080 776 dicuntur,

483 808 648 862 etiam
683 816 786 861 tuae
839 807 1174 862 venerationi
1217 807 1362 875 ju~te
1404 806 1548 859 visus
1580 804 1741 858 luerit
1772 805 2083 870 absolutus;

484 914 641 954 error
670 909 848 954 tamen
876 900 991 969 ipse
1020 909 1073 954 et
1102 899 1374 968 impietas,
1403 899 1648 967 qurjam
1682 898 1883 951 multos
1913 913 2086 952 asser-

488 1004 636 1048 tores
666 993 830 1048 habet
858 1009 955 1063 per
985 995 1198 1048 diversa
1231 994 1533 1063 dispersos,
1576 991 1738 1048 etiam
1774 994 2085 1063 apostolicae

485 1087 634 1142 sedis
660 1088 981 1143 auctoritate
1006 1086 1404 1141 anathemanda
1449 1100 1551 1141 est.
1595 1086 1910 1142 (Ionsideret
1939 1087 2084 1142 enim

488 1180 750 1234 sanctitas
795 1188 908 1243 tua,
939 1190 991 1234 et
1015 1179 1379 1248 pastoralibus
1435 1180 1594 1234 nobis
1622 1181 1985 1249 compatiatnr
2011 1180 2086 1234 vi-

490 1273 759 1342 sceribus,
821 1289 983 1342 quam
1035 1273 1106 1328 sit
1146 1273 1465 1343 pestiferum
1518 1287 1570 1328 et
1619 1275 1846 1329 exitiale
1899 1275 2089 1330 ovibus

486 1362 709 1433 Christi,
739 1365 880 1434 quod
913 1367 1141 1420 istorum
1173 1367 1468 1438 sacrilegas
1489 1366 1887 1436 disputationes
1903 1381 2090 1421 neces-

485 1457 630 1512 sario
678 1459 1054 1528 consequitur,
1083 1468 1141 1514 nt
1189 1475 1286 1514 nec
1308 1475 1471 1514 orare
1501 1459 1795 1514 debeamus
1823 1476 1889 1515 ne
1923 1460 2091 1514 intre-

486 1564 608 1604 mus
639 1550 693 1604 in
727 1550 1127 1616 tentationem;
1173 1552 1316 1620 qttod
1371 1552 1638 1608 Dominus
1688 1563 1741 1608 et
1791 1551 2089 1622 discipulos

485 1642 696 1696 monuit
721 1650 777 1698 et
806 1643 987 1711 posuit
1014 1643 1066 1697 in
1098 1647 1346 1698 oratione
1372 1660 1532 1714 quam
1557 1643 1742 1700 docuit
1775 1643 1992 1715 (Matth.
2012 1659 2085 1708 vi,

488 1736 579 1806 15)
611 1753 624 1792 :
651 1748 744 1791 aut
771 1754 840 1793 ne.
867 1737 1086 1792 deﬁciat
1120 1737 1252 1792 ﬁdes
1285 1747 1491 1806 nostra,
1521 1738 1662 1808 quod
1696 1755 1792 1807 pro
1841 1739 2090 1807 apostolo

2189 534 2472 591 reternam,
2508 543 2606 580 ttcc
2634 525 2906 595 pertinere
2936 524 3000 579 ad
3031 540 3148 590 eos,
3178 525 3248 580 de
3275 523 3470 594 quibus
3521 521 3782 577 Dominus

2189 617 2282 681 ait,
2319 616 2468 670 Venit
2491 618 2621 671 enim
2651 615 2790 687 ﬁlius
2810 616 3030 670 hominis
3059 632 3286 686 quwrere
3316 626 3362 670 et
3407 615 3611 669 sulcare
3650 613 3785 684 quod

2189 709 2406 780 perierat
2437 707 2583 768 (Luc.
2614 726 2724 778 xix,
2759 711 2851 780 10)
2885 727 2898 763 :
2926 711 3044 780 quia
3077 709 3188 775 isti,
3212 708 3489 778 inquiunt,
3525 723 3631 760 non
3661 722 3784 775 pcr-

2192 805 2364 857 ierant
2393 845 2408 869 ,
2446 819 2544 859 nec
2572 814 2657 859 est
2699 803 2843 874 quod
2883 803 2937 857 in
2967 803 3043 856 eis
3070 802 3328 863 salvetur,
3369 801 3454 854 vel
3489 808 3639 854 tanto
3670 813 3788 868 prc-

2192 896 2266 950 tio
2301 897 2634 960 redimatur;
2691 897 2814 966 quia
2847 895 2980 950 nihil
3008 904 3090 949 est
3116 895 3168 948 in
3201 895 3281 947 ris
3329 894 3606 956 vitiatum,
3655 890 3788 946 nihil

2193 998 2405 1044 tenetur
2428 989 2530 1042 sub
2556 988 2756 1043 diaboli
2790 997 3056 1057 potestate
3103 986 3400 1055 captivum,
3452 1000 3555 1040 nec
3584 999 3682 1053 pro
3710 983 3788 1038 eis

2194 1090 2216 1116 -"
2249 1080 2397 1135 lu~us
2423 1092 2506 1136 est
2527 1081 2768 1152 sanguis,
2802 1081 2892 1151 qui
2923 1081 3071 1135 lusus
3098 1081 3149 1134 in
3174 1079 3564 1134 remissionem
3598 1076 3792 1147 legitur

2193 1185 2556 1243 peccatorum.
2575 1175 2910 1246 Quamquam
2927 1191 3020 1244 per
3039 1174 3362 1242 baptismum
3384 1171 3597 1228 Christi
3628 1171 3790 1224 etiam

2195 1270 2535 1338 parvulorum
2561 1268 2588 1306 ι)
2617 1271 2730 1324 ﬁeri
2756 1270 3184 1339 redemptionem
3233 1268 3422 1323 libello
3451 1283 3551 1321 suo
3591 1265 3794 1322 Coales—

2196 1368 2300 1420 tins
2332 1368 2382 1420 in
2408 1366 2823 1436 Cartliaginensi
2854 1367 3085 1420 ecclesia
3111 1366 3224 1432 jam
3254 1362 3546 1418 confessus
3563 1372 3664 1416 est.
3691 1359 3793 1414 Sed

2196 1459 2372 1528 nmlti,
2396 1459 2486 1525 qui
2506 1474 2694 1514 eorum
2713 1458 3068 1528 perhibentur
3089 1472 3210 1511 esse
3226 1455 3307 1512 vel
3329 1455 3498 1509 fuisse
3518 1452 3789 1521 discipuli,

2199 1552 2313 1608 haec
2343 1553 2508 1617 mala,
2535 1552 2728 1622 quibus
2760 1551 3108 1606 fundamenti
3159 1549 3489 1605 Christiana:
3538 1545 3661 1601 ﬁdei
3707 1561 3796 1600 eo.

2197 1657 2397 1702 nantur
2424 1655 2696 1713 evertere,
2720 1660 3063 1717 quacumque
3090 1654 3318 1714 possunt
3343 1654 3362 1681 ε
3389 1642 3664 1698 afﬁrmare
3691 1656 3795 1696 non

2196 1752 2436 1796 cessant.

485 1827 649 1884 Petro
689 1844 750 1884 se
789 1829 1140 1900 rogasseipse
1166 1840 1392 1884 leStalus
1419 1829 1677 1902 est(Luc.
1703 1847 1836 1894 χχιι,
1872 1830 1990 1900 '52).
2027 1829 2084 1885 Si
2122 1835 2170 1895 B
2271 1833 2322 1887 6.
2354 1831 2504 1889 Unde
2550 1832 2766 1888 etiamsi
2810 1833 3059 1904 Pelagius
3115 1832 3516 1900 leestinsque
3570 1827 3796 1884 correcti

483 1923 631 1978 cnim
667 1923 787 1978 hrec
818 1924 1178 1993 possibilitate
1225 1936 1432 1979 natura:
1459 1936 1511 1979 et
1541 1926 1767 1980 arbitrio
1799 1925 2096 1980 voluntatis

482 2015 537 2071 in
561 2027 829 2086 potestate
860 2029 985 2073 sunt
1018 2021 1308 2074 constituta
1329 2061 1342 2084 ,
1375 2023 1497 2090 quis
1533 2039 1637 2074 non
1675 2038 1735 2075 ea
1771 2021 1946 2076 videat
1976 2023 2091 2075 ina-

485 2110 629 2164 niter
648 2126 678 2164 a
705 2110 935 2166 Domino
967 2113 1096 2181 peti,
1141 2123 1196 2167 et
1222 2113 1488 2169 fallaciter
1516 2117 1659 2168 orari
1683 2157 1697 2180 ,
1727 2129 1850 2170 cum
1884 2115 2094 2170 orando

483 2209 805 2270 poscuntur,
829 2219 947 2272 qua:
975 2213 1181 2259 natura:
1200 2205 1310 2274 jam
1330 2204 1404 2260 ita
1431 2207 1666 2262 condita:
1696 2206 2094 2264 sufﬁcientibus

485 2296 696 2352 viribus
742 2297 1062 2354 obtinentur
1093 2318 1104 2352 :
1133 2315 1231 2354 nec
1281 2301 1542 2357 debuisse
1574 2302 1758 2358 dicere
1805 2305 2093 2358 Dominum

483 2386 697 2458 Jesum,
737 2387 961 2459 Vigilate
987 2401 1036 2445 et
1057 2402 1199 2445 orate
1232 2389 1450 2461 (Matth.
1496 2409 1644 2458 xtuv,
1697 2393 1820 2462 H);
1851 2393 1946 2448 sed
1979 2403 2099 2449 tan-

485 2481 794 2546 tummodo,
826 2483 1081 2554 Vigilate,
1140 2502 1203 2538 ne
1251 2487 1445 2538 intretis
1496 2487 1547 2538 in
1595 2488 1963 2542 tentationem:
1997 2503 2098 2544 nec

489 2575 807 2632 beatissimo
837 2575 1002 2630 Petro
1029 2575 1206 2645 primo
1232 2576 1653 2645 Apostolorum:
1683 2577 1882 2648 Rogavi
1903 2594 1996 2648 pro
2025 2591 2093 2641 te,

482 2667 600 2732 sed,
628 2682 828 2722 moneo
863 2676 935 2734 te,
968 2669 1054 2722 vel
1083 2668 1294 2737 impero
1338 2684 1400 2721 ac
1443 2670 1724 2738 praecipio,
1774 2687 1838 2722 ne
1885 2669 2094 2738 deﬁciat

487 2757 617 2826 ﬁdes
643 2766 735 2811 tua
765 2755 948 2824 (Luca:
982 2774 1118 2823 χχιι,
1152 2757 1283 2827 52)?
1309 2758 1722 2813 Contratlicitur
1753 2760 1918 2814 etiam
1961 2761 2096 2816 isto-

489 2863 611 2903 rum
670 2851 1027 2903 contentione
1093 2848 1569 2904 benedictionibus
1617 2851 1864 2919 nostris,
1926 2864 1984 2906 ut
2045 2853 2096 2908 in

489 2956 706 2997 cassum
738 2957 906 3012 super
928 2944 1186 3013 populum
1243 2943 1429 3012 dicere
1486 2944 1787 3013 videamur,
1840 2947 2098 3018 quidquid

487 3034 613 3089 eisa
642 3033 876 3090 Domino
924 3051 1237 3105 precamur,
1290 3046 1348 3090 ut
1379 3049 1525 3093 recte
1547 3053 1611 3093 ac
1637 3038 1723 3108 pie
1753 3040 1986 3096 vivendo
2019 3040 2098 3094 illi

423 3129 429 3137 '
487 3128 764 3197 placeant,
793 3130 879 3185 vel
905 3129 1016 3192 illa.
1050 3145 1170 3198 quae
1192 3145 1291 3198 pro
1319 3129 1567 3186 ﬁdelibus
1595 3143 1849 3201 precatur
1868 3133 2100 3203 Aposto-

2201 1937 2347 1993 snnt,
2403 1929 2485 1983 vel
2518 1944 2576 1983 se
2606 1931 2704 1982 ista
2751 1944 3043 1998 numquam
3074 1927 3314 1982 sensisse
3343 1925 3554 1991 dicunt,
3579 1932 3636 1978 et
3659 1937 3800 1993 qua:—

2201 2039 2434 2092 cninqnc
2465 2023 2662 2092 scripta
2701 2033 2890 2077 eontra
2923 2037 3020 2077 eos
3047 2022 3259 2092 prolata
3285 2019 3509 2084 fuerint,
3555 2034 3653 2074 sua
3683 2031 3802 2072 esse

2203 2124 2418 2184 negant,
2446 2130 2547 2170 nec
2567 2124 2651 2169 est
2677 2114 3133 2184 quemadmodum
3171 2113 3237 2169 de
3261 2112 3550 2168 mendacio
3585 2111 3804 2166 convin-

2203 2216 2394 2261 cantur
2429 2224 2440 2260 :
2474 2206 2804 2277 generaliter
2832 2207 3383 2278 tamen,quicumque
3406 2205 3803 2276 dogmatimtet

2203 2300 2458 2365 afﬁrmat,
2517 2299 2808 2354 humanam
2862 2300 2964 2354 sibi
3007 2298 3073 2354 ad
3104 2296 3131 2334 ά
3159 2297 3427 2353 vincenda
3469 2306 3722 2367 peccata,
3749 2304 3802 2350 et

2203 2393 2300 2448 Dei
2329 2391 2583 2447 mandata
2611 2391 2884 2458 facienda,
2911 2392 3169 2446 sufﬁcere
3214 2404 3376 2460 posse
3433 2399 3704 2452 naturam,
3751 2394 3804 2441 et

2204 2503 2271 2544 eo
2301 2487 2462 2542 modo
2491 2487 2678 2557 gratia:
2712 2486 2830 2554 Dei,
2864 2502 2984 2556 quae
3017 2495 3331 2540 sanctorum
3348 2482 3657 2538 evidentius
3682 2497 3800 2535 ora-

2207 2581 2444 2634 tionibus
2475 2579 2814 2646 declaratur,
2837 2578 3184 2634 adversarius
3233 2577 3508 2631 invenitur
3543 2591 3557 2629 :
3601 2585 3653 2629 et
3689 2575 3803 2645 qui-

2204 2689 2433 2742 cumque
2457 2681 2616 2742 negat
2644 2671 2895 2740 parvulos
2921 2685 3015 2741 per
3039 2669 3366 2741 baptismum
3395 2667 3604 2724 Christi
3631 2684 3660 2724 a
3685 2684 3802 2738 per-

2203 2764 2414 2818 ditione
2437 2764 2680 2831 liberari,
2713 2775 2765 2819 et
2795 2764 3025 2818 salutem
3066 2763 3351 2832 percipere
3395 2762 3799 2831 sempiternam,

2203 2859 2492 2914 anathema
2523 2861 2612 2914 sit.
2639 2859 3007 2928 Qua-cumque
3029 2868 3207 2912 autem
3237 2855 3345 2911 alia
3369 2856 3449 2911 eis
3480 2855 3803 2926 objiciuntur

2204 2971 2309 3008 non
2335 2954 2646 3008 dubitamus
2676 2953 3081 3009 venerationem
3137 2962 3306 3016 tuam,
3341 2967 3464 3006 cum
3507 2959 3662 3020 gesta
3694 2949 3801 3019 epi-

2203 3050 2440 3120 scopalia
2483 3048 2828 3122 (Pulwstinae
2865 3044 3097 3118 synodi.)
3146 3046 3538 3115 perspexerit,
3586 3058 3705 3114 qna:
3747 3045 3797 3097 in

2204 3143 2426 3198 Oriente
2458 3142 2512 3196 in
2535 3141 2725 3197 eadem
2749 3155 2910 3196 causa
2942 3138 3186 3195 conlecta
3209 3139 3488 3204 dicuntur,
3522 3137 3573 3192 id
3595 3135 3799 3207 judica-

490 3222 777 3279 lusdieens
803 3241 816 3277 :
851 3221 1034 3278 Flecte
1055 3240 1222 3294 genua
1241 3241 1350 3278 mea
1366 3225 1436 3278 ad
1467 3223 1677 3280 Patrem
1696 3226 1909 3280 Domini
1938 3237 2087 3282 nostr;

2212 3244 2408 3299 turam,
2440 3233 2583 3288 unde
2610 3249 2799 3288 omnes
2826 3232 2878 3286 in
2908 3232 3002 3286 Dei
3037 3229 3410 3286 misericordia
3449 3228 3793 3300 gaudeamus.

487 3312 615 3370 Jesu
639 3313 852 3382 Christi,
885 3333 950 3371 ea:
964 3333 1065 3388 quo
1097 3318 1260 3371 omnis
1287 3320 1567 3390 paternitas
1591 3321 1640 3373 in
1660 3320 1786 3374 coelo
1807 3333 1851 3374 et
1881 3321 1932 3374 in
1960 3331 2096 3375 terra

490 3410 810 3476 nominatur,
844 3419 898 3462 ut
928 3409 1012 3463 det
1032 3409 1171 3464 vobis
1192 3411 1476 3465 secundant
1518 3413 1724 3466 divitias
1757 3413 1938 3484 gloriw
1965 3431 2092 3480 sum,

490 3502 678 3555 virtute
702 3504 1028 3557 corroborari
1060 3520 1152 3571 per
1177 3504 1430 3573 Spiritum
1480 3508 1596 3576 ejus
1619 3505 1838 3577 (Ephes.
1870 3523 1945 3572 ιιι,
1981 3507 2092 3578 14).

489 3593 548 3650 Si
568 3609 697 3664 ergo
722 3594 1078 3661 voluerimus,
1106 3595 1493 3661 benedicondo,
1527 3612 1691 3665 super
1720 3600 1974 3667 populum
2006 3598 2094 3653 di-

492 3701 658 3743 cere:
689 3685 770 3740 Da
798 3686 899 3753 illi,
929 3684 1171 3751 Domine,
1200 3687 1434 3740 virtutem
1463 3687 1784 3742 corroborari
1807 3706 1894 3757 per
1921 3690 2094 3758 Spiri-

494 3786 602 3832 tum
631 3787 817 3832 tuum:
847 3778 1072 3831 istorum
1107 3777 1262 3831 nobis
1309 3778 1605 3848 disputatio
1635 3781 1978 3846 contradicit,
2014 3782 2093 3836 af.

489 3867 714 3922 ﬁrmans
743 3867 974 3922 liberum
1018 3869 1205 3938 negari
1255 3869 1558 3935 arbitrium,
1590 3871 1634 3924 si
1670 3871 1771 3925 hoc
1793 3887 1823 3925 a
1860 3873 1969 3928 Deo
1999 3890 2094 3942 po-

489 3961 679 4026 scitur,
709 3960 930 4032 quodin
965 3969 1151 4017 nostra
1201 3972 1287 4018 est
1319 3973 1609 4032 potestate.
1672 3965 1891 4022 Virtute
1941 3969 2087 4023 cnim

488 4053 833 4108 corroborari
863 4054 908 4107 si
929 4054 1196 4123 volumus,
1227 4055 1499 4125 inquiunt,
1555 4073 1846 4126 possumus
1869 4076 1931 4114 ea
1956 4077 2086 4130 pos-

493 4144 750 4201 sibilitate
789 4155 1016 4211 naturai,
1048 4163 1207 4217 quam
1253 4165 1360 4203 non
1411 4165 1555 4205 nunc
1603 4152 1939 4222 accipimus,
1992 4155 2092 4210 sed

491 4251 614 4293 cum
645 4252 958 4293 erearemur
984 4239 1310 4309 accepimus.

560 4329 616 4384 5.
650 4329 908 4386 Parvulos
933 4332 1093 4386 etiam
1124 4341 1346 4402 propter
1374 4334 1627 4400 salutem,
1658 4353 1780 4406 qua:
1821 4353 1920 4408 per
1974 4340 2090 4396 Sal-

491 4433 732 4482 vatorem
759 4427 1034 4482 Christum
1066 4427 1244 4491 datur,
1279 4429 1630 4498 baptizandos
1655 4441 1885 4502 negant;
1919 4450 1982 4490 ac
2013 4437 2090 4491 sic

483 4533 580 4576 eos
611 4520 887 4578 mortifera
913 4521 1018 4576 ista
1047 4520 1294 4577 doctrina
1324 4521 1377 4576 in
1406 4530 1670 4578 aeternum
1706 4537 1925 4592 necant,
1961 4545 2086 4596 pro-

2205 3329 2309 3384 Ora
2345 3344 2441 3397 pro
2471 3326 2648 3394 nobis,
2691 3325 2910 3380 domine
2942 3323 3256 3379 heatiSsime
3281 3337 3444 3395 papa.

2711 3481 3035 3538 EPISTOLA
3080 3479 3297 3536 XXVII.

2348 3615 2663 3656 IILEVITANI
2693 3613 2920 3654 CONCILII
2953 3612 3021 3652 AD
3049 3611 3411 3652 INNOCENTIUI
3457 3611 3653 3651 ΡΔΡΔΙ.

2210 3731 2277 3787 Ut
2327 3731 2658 3785 inimicorum
2711 3729 2891 3798 gratitr
2931 3723 3122 3780 Christi
3172 3726 3518 3798 perniciosam
3565 3725 3791 3781 hteresim

2451 3839 2606 3894 quam
2630 3823 2854 3894 primunt
2876 3823 3186 3878 auctoritate
3208 3836 3305 3874 sua
3335 3829 3588 3875 coerceat.

2205 3964 2434 4020 Domino
2455 3962 2770 4018 beatissimo
2796 3962 3099 4030 meritoque
3123 3960 3424 4016 venerabili
3455 3959 3589 4014 etin
3611 3957 3790 4013 Chris-

2275 4069 2330 4113 to
2354 4053 2678 4111 honorando
2707 4069 2858 4125 papa:
2883 4053 3224 4119 INNOCENTIO,
3254 4056 3523 4110 SILVANL'S
3551 4056 3574 4083 θ
3606 4067 3787 4119 senex,

2273 4152 2643 4211 VALsnrisus,
2677 4149 2970 4211 Auneuus,
3001 4147 3273 4213 Daunus,
3309 4147 3664 4208 Resrrrurus.
3691 4143 3790 4198 Lu-

2272 4259 2483 4306 cuuvus,
2527 4245 2780 4304 Aunus,
2835 4245 3189 4309 AUGUSTINUS,
3228 4239 3595 4304 PLACENTIUS,
3626 4239 3788 4295 Seve-

2257 4353 2393 4398 -nos.
2427 4335 2810 4399 Fon'rusarus,
2861 4335 3156 4402 Possmws,
3189 4331 3460 4396 Novnvs,
3494 4331 3786 4394 Sacr-anus,

2271 4431 2657 4492 MAURENTIUS,
2725 4426 2873 4491 Leo,
2934 4424 3366 4493 FAUSTINIANUS,
3427 4421 3784 4488 Cnascosws,

2273 4526 2557 4591 MALCBUS,
2609 4520 2627 4560 ι
2689 4520 3006 4588 Ltr'rontvs,
3061 4519 3464 4588 Fonruuuus,
3529 4521 3784 4586 Doanus,

549 4709 577 4739 ει
605 4699 729 4780 Pili.
760 4715 887 4780 m_s.,
922 4703 1071 4768 {usus
1101 4709 1226 4754 esset
1253 4717 1283 4780 ;⁸
1304 4699 1442 4780 lsid._
1469 4717 1678 4780 necnon
1711 4703 1846 4780 edit.
1906 4704 2064 4759 Rom.
2101 4711 2151 4769 ι)
2178 4705 2431 4780 vincenda
2456 4702 2835 4780 ίιιιιιΑυιιιιυίιιρι
2897 4718 3030 4780 mss.
3076 4706 3431 4780 auctoritate,
3489 4716 3602 4764 tum
3647 4709 3784 4780 quod

480 4769 753 4829 etconcil.
801 4771 944 4840 {usus
999 4787 1126 4844 esse,
1180 4773 1383 4824 omisso
1413 4773 1610 4828 deinde
1648 4775 1736 4842 qui
1765 4776 1911 4844 [usus
1939 4792 1957 4830 :
1987 4792 2076 4831 re-

482 4852 798 4898 staurantur
825 4857 889 4894 cx
919 4839 1160 4895 melioris
1193 4856 1333 4895 noue
1358 4858 1486 4896 mss.
1519 4839 1722 4898 Chriin
1747 4839 1923 4899 autem
1960 4863 2080 4901 san-

485 4913 610 4985 guis
655 4913 721 4985 in
760 4912 1112 4985 remissionem
1160 4924 1484 4984 peccatorum
1536 4915 1846 4971 fundendus
1881 4919 2074 4973 Matth.

484 4982 637 5044 ixvt,
662 4982 751 5046 ΞΒ,
787 4983 1000 5049 legitur.

554 5053 583 5092 ιδ
605 5053 660 5126 In
685 5053 1006 5126 edit.j\om.
1038 5065 1090 5108 ut
1125 5055 1264 5124 apud
1289 5055 1443 5126 ,Merl.
1481 5073 1762 5126 perperam
1803 5061 1888 5114 hie
1912 5060 2080 5114 addi—

484 5123 792 5202 tnrdicunt;
825 5125 940 5202 Hoc
967 5123 1243 5202 ipsumde
1271 5123 1526 5202 leestio
1557 5123 1892 5200 Augustinus
1914 5137 2076 5202 epist.

485 5197 690 5276 i57,_n.
723 5194 813 5276 ξε.
846 5195 1202 5276 itaeloquitur
1227 5215 1240 5250 :
1273 5198 1488 5276 coactus
1507 5213 1584 5276 est
1611 5194 1845 5271 conﬁteri
1866 5194 2078 5276 propter

481 5269 826 5342 baptizandus
850 5268 1132 5342 Aparvulos,
1183 5271 1321 5338 quod
1343 5282 1390 5324 et
1417 5273 1540 5341 ipsis
1589 5268 1876 5342 redemptio
1900 5268 2078 5332 sitne—

479 5338 724 5423 cessaria.
760 5338 1102 5423 Unbihipquit,
1144 5338 1456 5423 quamquam
1489 5347 1707 5398 noluerit
1745 5338 1808 5423 ile
1834 5352 2077 5423 originali

482 5421 690 5490 pe_cca_to
747 5410 947 5490 aliquid
1000 5410 1290 5480 expressius
1318 5414 1508 5490 dicere,
1541 5426 1708 5490 tamen
1743 5420 1858 5490 ipso
1881 5410 2078 5476 νέάειη-

478 5483 682 5556 ptionis
698 5483 905 5556 nomine
943 5498 1045 5535 non
1077 5497 1264 5556 parum
1288 5484 1386 5536 sibi
1416 5489 1752 5556 prtescripsit.

553 5564 576 5592 ο
613 5554 754 5609 Edit.
787 5552 944 5608 Rom.
977 5561 1033 5609 et
1053 5553 1272 5619 concil.,
1333 5552 1546 5620 possunt
1595 5552 1805 5617 astutia.
1871 5563 2068 5620 Vocem

474 5628 665 5677 astutia
688 5638 1028 5680 remOVt‘lllllS
1053 5628 1377 5682 auctoritate
1415 5632 1658 5684 omnium
1683 5649 1812 5690 mss.

547 5693 571 5730 ά
601 5695 654 5749 In
687 5712 787 5748 ms.
818 5696 983 5751 Corb.
1013 5713 1042 5751 a
1074 5700 1097 5750 1
1135 5713 1319 5762 manu,
1370 5701 1437 5751 ad
1462 5701 1694 5764 nitendo,
1741 5716 1793 5760 et
1811 5708 2066 5763 secundis

473 5768 644 5837 curis,
693 5767 763 5819 ad
804 5767 1011 5822 vitanda
1038 5786 1058 5824 ,ο
1086 5768 1231 5837 quod
1255 5781 1308 5824 et
1331 5780 1503 5826 exstat
1554 5773 1606 5826 in
1639 5773 1896 5833 German.
1929 5788 1986 5833 et
2009 5780 2060 5833 in

470 5833 709 5892 editione
751 5838 1031 5908 Augustini
1064 5833 1346 5907 praelatum
1379 5855 1481 5898 cSt.
1514 5844 1828 5904 lictinhmns
1879 5859 2058 5906 tamen

2181 4777 2322 4832 infra
2349 4777 2510 4843 epist.
2543 4772 2635 4846 28,
2671 4789 2723 4827 ιι.
2757 4774 2846 4837 15,
2879 4776 3120 4843 episcopi
3148 4777 3391 4846 quinque
3421 4794 3638 4835 rursum
3661 4772 3785 4837 seri-

2187 4851 2342 4910 bttnl,
2377 4845 2655 4918 Pelagium
2699 4846 2993 4918 delendere
3039 4845 3435 4918 possibilitatem
3473 4864 3674 4906 naturw
3721 4855 3785 4906 ad

2184 4917 2434 4993 vincenda
2451 4927 2658 4983 peccatu
2675 4927 2722 4969 et
2739 4917 2998 4993 implenda
3017 4917 3280 4993 inundata.
3299 4920 3414 4986 Qua
3433 4936 3710 4993 proptere:
3735 4926 3782 4979 in

2190 4989 2791 5063 Diosiiolitanasynodo
2813 4992 3132 5058 compulsus
3166 4989 3341 5046 fuerat
3371 4989 3556 5059 lateri,
3583 4998 3782 5063 quando

2185 5071 2367 5115 contra
2397 5060 2706 5112 tentationes
2729 5063 3275 5133 concupiscentiasque
3322 5064 3542 5120 illicitas
3573 5060 3781 5120 dimica-

2185 5151 2322 5196 mus,
2365 5149 2467 5208 non
2506 5147 2570 5184 e1:
2613 5131 2824 5198 propria
2855 5134 3141 5198 voluntate,
3164 5131 3252 5187 sed
3279 5151 3344 5188 ea:
3374 5137 3643 5208 adjutorio
3690 5138 3782 5194 Dei

2179 5205 2443 5278 provenire
2466 5218 2776 5278 vIC'rontau.

2257 5292 2278 5315 υ
2333 5279 2385 5329 In
2417 5276 2741 5350 editakom.
2778 5285 2831 5328 et
2865 5276 3004 5350 Aug.
3041 5276 3393 5350 desideratur
3419 5296 3578 5335 senex
3605 5297 3626 5336 :
3666 5300 3779 5350 quae

2181 5367 2286 5404 vox
2325 5351 2377 5400 in
2408 5349 2668 5403 omnibus
2711 5347 2916 5402 nostris
2947 5364 3082 5401 mss.
3112 5349 3464 5415 exprimitur.
3492 5351 3640 5407 Idem
3679 5347 3780 5410 Sil-

2180 5435 2356 5478 V‘nltttS
2381 5421 2525 5491 apud
2557 5417 2916 5488 Augustinum
2951 5431 3006 5473 et
3037 5421 3105 5473 ad
3136 5421 3343 5475 calcem
3373 5426 3626 5491 epistola:
3656 5426 3773 5490 128,

2179 5511 2337 5548 senex
2383 5490 2614 5545 ecclesite
2657 5491 2997 5552 Summensis,
3027 5503 3075 5544 et
3125 5492 3176 5544 in
3228 5493 3335 5546 line
3367 5490 3620 5558 epistola:
3652 5499 3771 5559 {29,

2182 5567 2365 5635 prima!
2401 5561 2542 5636 sedis
2569 5562 2848 5636 provincia:
2881 5559 3150 5617 Numidia:
3178 5564 3574 5624 subscribitur.
3610 5569 3772 5624 Porto

2177 5634 2323 5691 Afris
2353 5634 2584 5706 perinde
2611 5643 2700 5709 est
2725 5649 2882 5709 senem;
2926 5643 3089 5704 atque
3120 5635 3358 5709 primus:
3381 5641 3508 5709 quia
3541 5641 3679 5709 apud
3708 5641 3773 5695 il-

2177 5709 2255 5761 los
2293 5703 2560 5777 primatus
2589 5709 2638 5761 ei
2670 5703 3047 5773 deferebatur,
3080 5706 3172 5778 qui
3213 5703 3769 5768 ordinationesenior

2172 5790 2310 5836 erat.
3653 5831 3658 5834 _

2247 5849 2453 5907 rMeri.
2497 5859 2550 5906 et
2601 5847 2767 5907 (Imb.
2819 5853 2942 5906 cum
2993 5865 3100 5907 nuo
3147 5867 3274 5920 ms.,
3317 5851 3598 5911 Lit-torius.
3633 5856 3762 5912 Alia!
