4084 6342
236 332 336 388 569

1474 330 1834 389 EPISTOLAS
1876 331 1964 388 ET
2006 328 2348 387 DECRETA.

3442 331 3547 387 5‘70

306 446 718 514 uPox'rtesuus,
745 445 1106 512 SATURNINUS,
1131 444 1520 511 “Caescomus,
1541 445 1830 508 llououws.
1861 449 1917 508 Α
1941 442 2066 498 Non
2104 444 2350 506 volentis,
2381 459 2546 515 neque
2577 445 2859 512 currentis,
2886 443 2976 500 sed
3017 443 3306 499 miserentis
3339 453 3411 500 est
3453 443 3552 498 Dei

301 539 522 606 LUCIUS,
581 541 934 606 Aneons'rus,
985 539 1304 607 Pnocessus,
1347 537 1700 601 Causcouws,
1743 537 1842 593 Su-

301 650 532 700 cuunus,
573 634 774 699 FELIX,
821 634 1130 699 ASIATICUS,
1169 645 1190 670 π
1225 633 1581 696 RUFINIANUS,
1615 631 1842 686 Fsusrr-

301 743 420 793 aus,
451 725 697 792 Scarus,
728 727 1061 791 Teusurws,
1093 726 1444 794 Cliescomus,
1475 726 1836 792 Seeusunus,

301 820 662 889 Quanaa'ws,
684 821 974 886 LUCILLUS,
1004 821 1252 888 Ssmuus,
1277 816 1303 857 ἀ
1323 820 1642 884 Ριιυετιιιυε,
1667 816 1840 872 Caus-

302 927 511 977 couws,
539 911 776 978 Vtc'ron,
809 923 831 950 θ
861 912 1170 976 Ciosu'rtus,
1204 913 1571 977 PossmoMUs,
1604 915 1841 967 Aurora-

301 1019 420 1068 sus,
441 1002 461 1040 τ
481 1002 870 1070 Ιιεηοοεμτιυε,
887 1004 1208 1064 Ριιιεειοιυε.
1229 1002 1617 1067 Cnesceurws,
1647 1003 1837 1069 FELIX,

298 1098 638 1166 Aaromuus,
663 1097 894 1166 Vtcron,
927 1098 1275 1165 Houonsrus,
1304 1098 1576 1164 Douuus,
1602 1097 1837 1164 Peruus,

297 1190 628 1258 Plu-:Slbws,
661 1189 1012 1258 Caescomus,
1049 1190 1374 1258 LAMPADIUS,
1415 1191 1740 1260 DELPHINUS,
1773 1206 1840 1247 ex

297 1284 540 1340 concilio
573 1284 893 1341 Milevitano
919 1284 971 1340 in
999 1284 1235 1341 Domino
1265 1283 1527 1340 salutem.

300 1467 353 1522 l.
388 1465 527 1533 Quia
553 1475 610 1520 te
639 1464 904 1520 Dominus
929 1465 1117 1537 gratiae
1168 1480 1283 1521 suae
1311 1464 1584 1536 przecipuo
1612 1479 1842 1521 munere

232 1565 282 1621 in
317 1562 449 1619 sede
481 1564 798 1636 apostolica
824 1564 1133 1629 collocavit,
1171 1564 1443 1636 talemque
1472 1565 1674 1620 nostris
1709 1575 1843 1620 tem-

232 1655 455 1728 poribus
489 1655 784 1725 prmstitit,
818 1667 873 1709 ut
903 1657 1056 1711 nobis
1094 1655 1275 1726 potius
1317 1656 1381 1710 ad
1423 1658 1638 1727 culpam
1675 1659 1842 1728 negli-

231 1749 430 1821 gentiaa
472 1749 692 1818 valeat,
727 1750 772 1804 si
798 1749 938 1819 apud
972 1759 1115 1804 tuam
1148 1750 1551 1805 venerationem
1583 1767 1702 1818 quae
1746 1767 1842 1822 pro

1947 539 2122 611 (Rom.
2151 555 2232 606 ιι,
2263 538 2385 612 16);
2410 549 2490 605 et,
2518 537 2719 594 Fidelis
2744 539 2909 606 Deus,
2938 540 3027 610 qui
3051 554 3138 593 vos
3164 555 3267 592 non
3293 537 3542 609 permittit

1947 634 2138 688 tentari
2160 651 2315 706 super
2338 634 2413 700 id,
2439 634 2578 705 quod
2603 635 2838 706 potestis,
2865 633 2956 688 sed
2980 633 3133 704 faciet
3156 647 3274 684 cum
3299 631 3542 685 tentatio-

1947 745 2008 782 ne
2051 730 2206 783 etiam
2249 730 2468 796 exitum,
2499 739 2555 783 ut
2585 731 2793 802 possitis
2835 729 3087 784 sustinere
3112 726 3154 802 (l
3180 725 3303 784 Cor.
3333 744 3386 793 κ,
3429 726 3541 797 15).

1947 820 2168 875 Frustra
2194 822 2357 876 etiam
2383 821 2647 878 Dominus
2671 823 2872 878 dixerit
2895 822 3143 892 apestolo
3167 822 3348 890 Petro,
3369 819 3546 892 Roga—

1945 913 1993 966 vi
2018 930 2112 984 pro
2137 924 2205 981 te,
2233 929 2296 969 ne
2318 914 2530 983 deﬁciat
2560 915 2692 985 ﬁdes
2725 925 2814 969 tua
2842 913 3026 985 (Lacte
3049 930 3183 978 χχιι,
3210 912 3324 983 52);
3352 923 3406 969 et
3431 929 3548 968 om-

1945 1005 2107 1060 nibus
2132 1007 2267 1076 suis,
2308 1006 2529 1077 Vigilate
2551 1017 2596 1062 et
2632 1017 2800 1076 orate,
2827 1024 2888 1062 ne
2912 1008 3115 1062 intretis
3138 1008 3191 1061 in
3218 1007 3549 1062 tentationem

1945 1097 2160 1172 (Matth.
2188 1116 2337 1166 xxxv,
2365 1100 2458 1170 41)
2489 1119 2502 1155 :
2529 1101 2574 1156 si
2600 1103 2700 1157 liOc
2727 1111 2901 1157 totum
2927 1111 3012 1158 est
3037 1103 3324 1173 potestatis
3351 1101 3546 1156 burna-

1946 1207 2049 1245 ηαξ.
2076 1191 2282 1247 Pueros
2307 1208 2525 1264 otioque
2551 1194 2824 1263 parvulos,
2857 1191 2882 1230 ιι
2910 1195 3011 1249 etsi
3048 1194 3212 1249 nullis
3238 1193 3553 1248 imbuantur

1944 1287 2266 1343 Christianze
2285 1289 2474 1358 gratim
2500 1291 2882 1357 sacramentis,
2899 1289 3182 1344 habituros
3205 1289 3372 1344 vitam
3394 1297 3555 1343 teter-

1946 1394 2094 1446 nam,
2125 1378 2141 1416 ί
2171 1395 2512 1451 nequaquam
2536 1381 2846 1437 Christiana
2875 1383 3304 1452 praesumptione
3326 1390 3555 1438 conten-

1945 1475 2104 1540 dunt,
2131 1485 2465 1531 evacuantes
2509 1477 2651 1548 quod
2698 1477 2830 1532 dicit
2875 1479 3190 1548 Apostolus,
3221 1477 3328 1532 Per
3380 1496 3542 1533 unum

1946 1567 2202 1623 hominem
2235 1577 2501 1640 peccatum
2532 1571 2741 1624 intravit
2765 1570 2818 1624 in
2846 1572 3128 1637 mundum,
3155 1581 3203 1626 et
3245 1589 3338 1645 per
3367 1589 3552 1642 pecca-

1948 1671 2052 1715 tum
2082 1677 2240 1726 mors,
2271 1671 2321 1716 et
2344 1663 2417 1715 ita
2445 1663 2498 1716 in
2523 1679 2698 1717 omnes
2725 1664 2956 1718 homines
2997 1666 3322 1735 pertransiit,
3352 1666 3407 1719 in
3446 1681 3550 1735 quo

1949 1770 2122 1808 ontnes
2145 1765 2483 1826 peccaverunt
2511 1755 2692 1828 (Rom.
2725 1773 2779 1822 v,
2809 1756 2921 1828 l2);
2951 1766 3007 1812 et
3028 1757 3138 1813 alio
3161 1757 3306 1821 loco,
3330 1759 3463 1812 sicut
3492 1759 3547 1812 in

230 1842 479 1899 Ecclesia
514 1842 872 1913 suggerenda
903 1853 1030 1898 sunt
1075 1843 1424 1911 taeuerimus,
1459 1859 1618 1913 quam
1665 1860 1727 1900 ea
1787 1854 1843 1900 tu
1876 1856 1921 1917 Β
1951 1847 2116 1900 Adam
2140 1863 2318 1901 omnes
2348 1848 2665 1913 moriuntur,
2692 1849 2846 1903 sicin
2878 1846 3086 1904 Christo
3113 1866 3290 1904 omnes
3325 1850 3552 1921 viviﬁca-

232 1938 409 2009 possis
457 1937 549 1992 vel
583 1936 879 1993 fastidiose
909 1937 995 1992 vel
1039 1937 1378 2008 negligenter
1426 1939 1703 2008 accipere;
1735 1953 1843 1993 ma-

230 2032 348 2105 gnis
384 2032 662 2102 periculis
708 2030 1048 2086 infirmorum
1083 2032 1456 2086 membrorum
1482 2029 1685 2086 Christi
1721 2047 1840 2102 pas-

233 2125 466 2182 toralem
492 2125 872 2196 diligentiam,
907 2139 1240 2193 qua‘sumus,
1267 2125 1530 2182 adhibere
1577 2127 1840 2197 digneris.

295 2219 352 2273 2.
399 2218 562 2274 Nova
617 2218 828 2288 quippe
884 2217 1107 2274 hazresis
1161 2227 1217 2274 et
1263 2219 1489 2274 nimium
1538 2220 1843 2290 perniciosa

232 2323 257 2362 s
286 2321 467 2369 tentat
521 2327 821 2382 assurgere
866 2312 1212 2368 inimicorum
1263 2314 1455 2384 gratia:
1503 2313 1842 2384 Cbristi,qui

229 2405 383 2461 nobis
441 2405 799 2462 Dominicam
844 2405 1006 2460 etiam
1046 2407 1348 2461 orationem
1393 2406 1574 2475 impiis
1606 2407 1844 2477 diSputa-

229 2501 476 2557 tionibus
512 2511 798 2556 conantur
836 2500 1070 2556 auferre.
1105 2501 1238 2558 Cum
1272 2503 1417 2558 enim
1450 2502 1716 2558 Domitius
1746 2504 1845 2558 do-

228 2598 408 2653 cuerit
434 2608 493 2652 ut.
524 2597 804 2662 dicamus,
845 2597 1057 2652 Dimitte
1088 2599 1233 2653 nobis
1269 2598 1440 2652 debita
1482 2609 1682 2667 nostra,
1711 2600 1843 2654 sicut

230 2701 275 2746 et
303 2707 399 2746 nos
431 2691 760 2746 dimittimus
801 2690 1116 2745 debitoribus
1143 2693 1331 2745 nostris
1360 2690 1577 2763 (Matth.
1611 2708 1683 2758 Vl,
1717 2693 1798 2761 l2)
1829 2713 1838 2746 :

231 2781 313 2836 isti
359 2781 582 2848 dicunt,
622 2796 788 2852 posse
827 2782 1109 2837 hominem
1157 2783 1210 2837 in
1247 2783 1346 2838 hac
1388 2784 1520 2850 vita,
1556 2785 1844 2854 praeceptis

233 2872 323 2928 Dei
344 2873 609 2945 cognitis,
655 2873 725 2927 ad
770 2883 972 2928 tantam
1026 2873 1417 2944 perfeetionem
1455 2875 1683 2945 justitite
1726 2875 1844 2930 siue

229 2967 503 3037 adjutorio
534 2968 740 3039 gratiae
766 2968 1066 3024 Salvatoris
1093 2985 1188 3039 per
1231 2971 1406 3024 solum
1444 2971 1632 3027 libera:
1661 2971 1845 3025 volun-

231 3061 353 3116 tatis
379 3060 683 3116 arbitrium
715 3063 1025 3129 pervcnire,
1059 3071 1116 3116 ut
1142 3063 1188 3117 ei
1223 3080 1330 3117 non
1366 3063 1560 3133 sitjam
1593 3079 1844 3119 necessa-

229 3153 365 3208 rium
392 3154 612 3220 dicere,
654 3152 870 3208 Dimitte
897 3154 1044 3208 nobis
1086 3155 1257 3209 debita
1285 3167 1466 3210 nostra
1496 3173 1513 3210 :
1545 3155 1671 3210 illud
1714 3173 1844 3212 vero

1949 1943 2140 1996 buntur
2165 1942 2207 2013 (ι
2248 1939 2369 1997 Cor.
2407 1959 2496 2010 xv,
2523 1944 2640 2016 22).
2666 1943 2738 2000 Ut
2778 1959 2909 2015 ergo
2934 1944 3038 2000 alia
3065 1946 3404 2012 omittamus,
3429 1960 3552 2016 qua:

1947 2046 2132 2091 contra
2154 2049 2374 2092 satietas
2399 2038 2713 2108 Scripturas
2740 2039 2970 2108 plurima
2993 2041 3291 2108 disserunt,
3316 2040 3436 2096 bzec
3459 2041 3544 2096 in-

1948 2129 2106 2184 terim
2149 2129 2278 2196 duo,
2313 2130 2515 2200 quibus
2556 2132 2782 2187 omnino
2829 2141 2998 2188 totum
3045 2133 3190 2203 quod
3246 2134 3546 2190 Christiani

1944 2240 2135 2281 sumus
2161 2235 2427 2281 conantur
2465 2237 2735 2292 evertere,
2766 2245 2884 2298 qu:e
2912 2227 3090 2284 fidelia
3137 2228 3302 2284 corda
3332 2229 3346 2280 i
3382 2230 3548 2285 susti-

1949 2328 2136 2384 neant,
2165 2335 2270 2373 non
2299 2334 2422 2375 esse
2448 2320 2749 2390 rogandum
2798 2320 2966 2375 Deum
3003 2330 3059 2374 ut
3097 2331 3289 2376 contra
3335 2321 3546 2390 peccati

1947 2412 2151 2465 malum
2177 2424 2342 2482 atque
2373 2412 2439 2466 ad
2465 2412 2798 2482 operandam
2822 2412 3091 2483 justitiam
3118 2413 3188 2467 sit
3223 2421 3414 2468 noster
3454 2412 3547 2467 ad-

1945 2504 2112 2575 jutor,
2155 2514 2209 2559 et
2254 2521 2358 2560 non
2405 2505 2660 2576 opitulari
2707 2506 2943 2576 parvulis
2990 2505 3054 2560 ad
3098 2505 3542 2576 consequendam

1947 2599 2109 2652 vitam
2135 2605 2396 2652 mternam
2424 2597 2752 2652 Christiana:
2775 2599 2964 2669 gratim
2989 2606 3412 2655 sacramentum.

2018 2694 2070 2748 5.
2121 2693 2248 2748 llaec
2293 2693 2629 2747 insinuantes
2673 2692 2978 2762 apostolico
3025 2692 3229 2762 pectori
3278 2702 3391 2758 tuo,
3439 2706 3546 2748 non

1945 2801 2080 2856 Opus
2107 2785 2368 2841 habemus
2400 2785 2566 2840 multa
2614 2784 2820 2846 dicere.
2849 2794 2905 2839 et
2950 2794 3160 2840 tantam
3213 2784 3548 2853 impietatem

1944 2877 2126 2933 verbis
2161 2893 2522 2948 exaggerare;
2574 2892 2697 2932 cum
2724 2878 2914 2947 procul
2956 2877 3122 2932 dubio
3152 2886 3201 2932 te
3227 2875 3252 2914 ιε
3284 2878 3386 2932 ista
3415 2892 3542 2948 per-

1945 2981 2220 3038 moveant,
2247 2982 2303 3026 ut
2337 2972 2405 3026 ab
2451 2973 2533 3028 eis
2578 2971 2941 3042 corrigendis,
2972 2987 3038 3028 ne
3084 2972 3249 3027 latius
3292 2981 3535 3042 serpant,

1947 3067 2254 3136 multosque
2277 3066 2675 3133 contaminent,
2712 3066 2796 3120 vel
2839 3065 3018 3133 potius
3045 3064 3385 3130 interimant,
3412 3063 3539 3118 dum

1945 3158 2045 3212 sub
2073 3158 2291 3212 nomine
2315 3156 2517 3213 Christi
2541 3173 2570 3212 a
2606 3158 2776 3229 gratia
2805 3157 3009 3212 Christi
3037 3158 3251 3226 penitus
3278 3156 3540 3224 alienant,

227 3248 371 3314 quod
411 3247 699 3318 sequitur,
732 3246 814 3302 Ne
849 3264 940 3302 nos
976 3250 1172 3320 inferas
1203 3249 1256 3303 in
1285 3249 1615 3302 tentationem
1643 3249 1786 3321 (Ibid
1817 3294 1831 3319 ,
1865 3247 1911 3312 C
1941 3250 2166 3305 omnino
2207 3249 2556 3305 dissimulare
2580 3266 2687 3304 non
2719 3252 2914 3320 possis.
2945 3250 3114 3318 llujus
3150 3259 3332 3304 autem
3361 3251 3542 3318 perui-

229 3337 343 3408 15),
376 3353 483 3394 ηοη
519 3341 596 3394 ita
631 3339 1070 3408 intelligendum,
1107 3353 1378 3409 tamquam
1411 3341 1654 3396 divinum
1687 3342 1838 3412 adju-

230 3435 428 3489 torium
478 3448 720 3504 poscere
771 3433 1092 3503 debeamus,
1123 3451 1190 3490 ne
1240 3437 1289 3489 in
1333 3447 1613 3506 peccatum
1647 3436 1839 3491 tentati

227 3516 589 3597 deeidamusj
620 3527 721 3584 sed
751 3528 853 3584 hoc
901 3530 954 3584 iu
989 3539 1174 3586 nostra
1214 3545 1334 3586 esse
1377 3533 1616 3603 positum
1653 3542 1835 3604 poles-

229 3631 358 3690 tate,
388 3633 445 3679 et
476 3623 547 3678 ad
582 3622 690 3678 hoc
720 3622 1049 3693 implendum
1083 3624 1256 3679 solam
1294 3624 1552 3680 sufﬁcere
1602 3626 1838 3683 hominis

229 3716 571 3774 voluntatem
629 3726 953 3787 :tainquam
1013 3718 1209 3773 frustra
1263 3718 1557 3789 Apostolus
1609 3718 1834 3789 dixerit,

225 3948 354 4004 edit.
382 3948 594 4005 concil.
634 3956 759 4016 post
793 3947 972 4011 ηοω,
1016 3945 1290 4000 Victorius.
1322 3945 1519 3999 Cmteri
1555 3942 1824 4016 libri,Li-

228 4024 390 4077 torius
417 4032 514 4075 aut
547 4015 829 4074 Littorius.
855 4019 910 4073 In
943 4019 1236 4074 collatione
1263 4016 1578 4088 Carthagin.
1614 4031 1664 4069 c.
1697 4015 1824 4080 155,

227 4091 456 4148 Litorius
481 4091 776 4148 Suavensis
807 4091 1077 4162 episcopus
1095 4090 1426 4162 appellatur.

298 4173 324 4202 α
355 4164 502 4220 Pitb.
531 4179 643 4219 ms.
678 4172 734 4216 et
766 4157 905 4217 unus
953 4157 1140 4222 Colb.,
1180 4159 1539 4214 Ponticianus.
1574 4157 1680 4212 Alii
1721 4157 1828 4211 duo

225 4251 345 4292 cum
371 4236 558 4298 Merl.,
594 4233 758 4290 Crab.
788 4247 836 4288 et
871 4233 1098 4301 Quesn.,
1135 4231 1448 4286 Pontianus.

296 4307 322 4346 δ
377 4310 431 4364 In
478 4308 625 4363 edit.
662 4309 816 4362 Hom.
855 4299 911 4360 et
959 4310 1124 4375 Aug.,
1180 4300 1614 4375 Clu-istaniusaln
1663 4299 1829 4375 editis

226 4379 347 4435 aliis
377 4381 524 4436 utin
559 4378 819 4434 omnibus
864 4370 1070 4432 nostris
1121 4392 1282 4442 mss.,
1318 4374 1638 4428 Cresconius.
1686 4372 1767 4424 ΑῘι
1788 4370 1831 4423 is

227 4450 495 4508 familiare
527 4450 704 4507 fuisse
729 4448 988 4503 Cresconii
1023 4465 1120 4504 seu
1144 4447 1398 4502 Crisconii
1429 4459 1628 4498 nomen
1676 4443 1832 4496 testis

225 4534 306 4579 est
339 4522 587 4580 Collatio
632 4521 1116 4591 Carthaginiensis,
1143 4521 1229 4574 cui
1279 4515 1830 4591 pluresdiversarum

225 4595 429 4722 aedium
455 4593 712 4667 episcopi
745 4585 1058 4648 interfuisse
1102 4585 1357 4662 leguntur
1384 4588 1576 4644 eodem
1609 4585 1832 4641 nomine

263 4670 434 4722 (muti.

263 4670 434 4723 (mali.

300 4741 610 4807 °Quinque
658 4754 690 4793 e
731 4737 930 4792 nostris
975 4752 1110 4792 mss.
1157 4751 1279 4789 cum
1333 4731 1518 4798 Mei-1.,
1563 4729 1726 4786 Crab.
1779 4743 1832 4785 et

227 4810 462 4880 Quesn.,
499 4810 755 4880 Ruﬁnus.

299 4873 602 4956 tillursnui
643 4881 894 4956 Sabinus,
924 4880 1046 4956 loco
1100 4877 1367 4956 Faus_tini_,
1403 4873 1830 4956 app:_l_Quesn_,,

227 4953 388 5020 Lab.,
419 4954 621 5021 Crab.,
654 4953 840 5018 Merl.,
871 4946 928 5008 ut
957 4953 1008 5006 in
1038 4949 1447 5020 exemplaribus
1471 4946 1601 5002 Isid.
1631 4948 1833 5014 repeti-

226 5034 338 5089 tur,
371 5025 783 5096 refragantibus
812 5024 1283 5096 potioribusmss.

306 5107 328 5134 θ
359 5091 716 5169 Apud-Aug,
737 5091 1068 5167 Gignuntius.
1096 5094 1266 5169 llujns
1289 5099 1470 5146 autem
1495 5091 1738 5161 episcopi
1769 5105 1833 5144 ac

227 5166 428 5225 novem
481 5166 942 5238 subsequeutium
990 5166 1243 5232 nomina,
1277 5174 1496 5238 propter
1538 5176 1831 5238 repetitum

235 5239 462 5296 Victoris
504 5236 860 5304 vocabulum,
900 5239 1104 5292 usitato
1148 5237 1501 5291 librariorum
1545 5236 1726 5306 lapsu,
1780 5236 1831 5288 in

227 5312 359 5368 edit.
387 5313 594 5370 concil.
635 5311 1150 5381 praatermittuntur.

307 5385 480 5441 ‘lsid.
518 5373 656 5439 mss'.
691 5397 907 5436 neeuon
937 5380 1029 5436 alii
1057 5381 1164 5433 duo
1187 5378 1346 5434 Colb.
1386 5394 1508 5432 cum
1541 5376 1691 5431 Pitb.
1741 5373 1836 5430 In-

228 5459 517 5525 nocentius,
550 5453 732 5522 Felix,
751 5453 972 5508 omissis
1003 5450 1244 5506 Prtt'sidii
1270 5460 1326 5506 et
1347 5449 1632 5504 Crescentii
1659 5450 1837 5503 uomi-

231 5529 409 5584 nibus.

301 5611 324 5647 ε
357 5599 669 5656 Carnerius
694 5613 724 5651 e
751 5596 946 5666 priscis
973 5594 1256 5665 Augustini
1295 5593 1627 5666 editionibus
1672 5607 1829 5666 revo-

229 5673 390 5739 cavit,
419 5664 1027 5744 perniciosartempestas
1064 5664 1398 5744 inimicorum
1429 5665 1610 5738 gratia:
1648 5664 1824 5732 coepit,

230 5739 641 5814 refragantibus
671 5740 796 5794 aliis
819 5739 1056 5814 editis‘et
1078 5740 1336 5814 omllibus
1366 5750 1500 5814 mss.

265 5815 324 5883 ,h
355 5803 504 5871 ﬁdit.
547 5814 709 5878 Boni.
742 5819 798 5883 et
842 5810 1068 5883 (ωηιξη.)
1100 5811 1146 5863 si
1189 5810 1366 5883 nullis,
1399 5808 1596 5883 quibus
1633 5803 1829 5859 sutl‘ra-

231 5880 422 5958 gantttr
445 5900 585 5945 mss;
614 5882 822 5939 Deinde
861 5883 1000 5952 apud
1035 5881 1201 5938 Garn.
1239 5895 1290 5938 et
1321 5882 1551 5949 Αιιειιδιο
1581 5880 1827 5933 ί¹¹¹¹⁰”⁸²⁸“

1864 4670 1913 4730 D

1941 3343 2230 3399 ciosissimi
2254 3344 2459 3399 erroris
2483 3352 2739 3398 auctores
2763 3357 2886 3398 esse
2911 3341 3268 3412 perhibentur
3289 3339 3542 3410 Pelagius

1939 3447 1995 3495 et
2016 3436 2328 3506 leestius,
2371 3453 2508 3508 quos
2540 3438 2763 3509 quidem
2792 3439 2842 3491 in
2871 3437 3116 3492 Ecclesia
3147 3437 3325 3490 sanari
3372 3436 3547 3490 malu-

1943 3548 2083 3601 mus,
2109 3548 2276 3604 quam
2301 3533 2590 3603 desperata
2617 3535 2790 3588 Salute
2821 3533 2891 3587 ali
2926 3532 3170 3588 Ecclesia
3205 3531 3469 3597 resecari,
3494 3531 3542 3586 si

1941 3626 2240 3682 necessitas
2266 3627 2414 3681 nulla
2437 3628 2758 3697 compellat.
2777 3626 3020 3698 Quorum
3048 3641 3212 3692 unus,
3233 3625 3284 3680 id
3315 3633 3399 3680 est
3420 3625 3542 3680 Cte-

1938 3723 2149 3791 lestius,
2180 3723 2349 3779 etiam
2373 3722 2440 3779 ad
2477 3724 2876 3796 presbyterium
2907 3721 2962 3777 iu
3003 3720 3130 3776 Asia
3175 3719 3190 3758 ι
3224 3719 3539 3792 pervenisse

1929 3956 2032 4002 tur.
2065 3948 2309 4004 Lectioni
2341 3951 2435 4004 etsi
2455 3951 2616 4004 nullis
2644 3949 2789 4003 favet
2818 3949 2952 4003 illud
2984 3949 3294 4017 superioris
3326 3947 3536 4017 episto-

1932 4018 1994 4072 la:
2027 4037 2081 4072 ιι.
2115 4022 2170 4080 5.
2203 4023 2554 4090 promittentes
2598 4036 2812 4076 ETIAMSI
2845 4037 2950 4074 non
2994 4019 3345 4089 baptizentur,
3381 4019 3530 4071 habi-

1929 4098 2074 4143 turos
2107 4093 2262 4144 ritum
2287 4102 2554 4147 teternum.
2582 4093 2713 4146 lude
2743 4095 2905 4146 etiam
2944 4093 3292 4159 perspicuum
3319 4100 3401 4145 est
3420 4106 3539 4160 gru-

1937 4162 2022 4214 tite
2049 4161 2358 4216 Christianae
2381 4173 2704 4216 sacramenta
2741 4163 2826 4216 hic
2856 4164 3189 4230 baptismum
3224 4163 3429 4214 vorari.

2016 4231 2028 4268 ί
2062 4234 2164 4286 Pro
2183 4249 2524 4302 nequaquam,
2545 4236 2778 4288 Garuer.
2804 4234 3084 4285 substituit
3109 4248 3328 4302 nequam
3348 4247 3367 4285 :
3389 4230 3531 4300 quod

1938 4303 2132 4357 exinde
2183 4304 2236 4356 iu
2281 4301 2418 4358 edit.
2447 4303 2586 4373 Aug.
2621 4306 2966 4357 translatum.
3009 4301 3346 4373 Atubigujtas
3380 4303 3535 4354 tolle-

1937 4384 2046 4438 tur,
2076 4374 2121 4428 si
2150 4374 2350 4445 legeris
2403 4370 2800 4442 prwsumptione
2844 4370 3190 4444 nequaquatn
3215 4370 3533 4445 Christiana.

2013 4445 2025 4497 i
2061 4443 2318 4512 Gai-netu,
2346 4463 2450 4500 non
2469 4448 2740 4510 sustinent,
2766 4443 2977 4513 adjecta
3011 4443 3277 4514 particula
3306 4452 3534 4513 negante

1938 4528 2140 4588 pra:ter
2181 4529 2429 4573 veterum
2474 4521 2731 4574 codicum
2768 4519 2925 4573 tidem
2958 4532 3022 4570 ae
3054 4518 3191 4570 citra
3230 4515 3534 4570 necessita-

1939 4599 2069 4646 tem.

2009 4660 2034 4699 ¹ί
2068 4661 2220 4732 Apud
2254 4661 2456 4728 Quesn.
2487 4672 2538 4717 et
2575 4665 2736 4730 Aug.,
2771 4672 2819 4717 te
2847 4661 2922 4714 ita
2948 4668 3300 4732 permoveant.

2015 4728 2198 4788 1Rem
2247 4735 2318 4788 ita
2371 4741 2557 4787 narrat
2606 4728 2735 4787 Mar.
2768 4728 3038 4788 Mercator
3082 4728 3371 4786 Common.
3417 4745 3467 4784 c.
3505 4732 3529 4786 1

1937 4805 2069 4861 edit.
2105 4806 2290 4861 Baluz.
2327 4805 2540 4871 p.155.
2574 4805 2864 4862 Caelestius
2911 4805 2978 4859 de
3027 4818 3126 4858 sex
3182 4802 3436 4874 capitulis
3480 4804 3532 4857 iu

1936 4877 2354 4944 Carthaginiensi
2403 4878 2637 4932 concilio
2686 4887 3011 4936 accusatus,
3059 4890 3231 4941 eaque
3275 4876 3537 4931 damnare

1932 4949 2140 5018 jussus,
2162 4948 2259 5003 sed
2293 4950 2438 5001 nullo
2460 4953 2615 5003 modo
2635 4951 2984 5018 acquiescens,
3016 4944 3369 5018 ecclesiastica
3391 4963 3534 5000 com-

1937 5016 2183 5074 munione
2211 5020 2440 5086 privatus
2475 5032 2567 5075 est.
2594 5021 2640 5075 A
2667 5016 2768 5090 qua
2790 5019 3041 5074 sententia
3073 5019 3140 5071 ad
3168 5016 3389 5071 Romani
3429 5019 3535 5090 epi-

1937 5093 2078 5157 scopi
2105 5107 2319 5144 examen
2365 5091 2587 5144 Credidit
2637 5089 3013 5160 appellandum
3047 5107 3059 5143 :
3089 5107 3193 5160 qua
3237 5105 3359 5143 mox
3396 5089 3534 5143 idem

1937 5161 2298 5231 appellatione
2327 5160 2582 5231 neglecta,
2605 5160 2872 5228 Ephesum
2900 5163 3036 5215 Asia:
3054 5161 3226 5214 urbem
3248 5161 3533 5222 contendit,

1937 5234 2110 5306 ibique
2155 5249 2310 5286 ausus
2363 5242 2434 5306 est
2488 5249 2579 5305 per
2621 5234 2972 5306 obreptionem
2999 5231 3182 5306 locum
3230 5232 3536 5306 presbyterii

1941 5301 2131 5375 petere.
2163 5301 2512 5375 Anti-apeirca
2547 5301 2751 5375 exitum
2779 5305 2905 5357 anni
2952 5304 3078 5370 411,
3111 5314 3258 5375 teSIe
3283 5301 3535 5375 Augusti-

1940 5372 2012 5432 no
2056 5376 2217 5446 epist.
2273 5374 2397 5446 157,
2451 5391 2506 5429 n.
2558 5376 2651 5437 9.2,
2700 5373 3030 5444 Carthagine
3090 5374 3449 5446 ct'nistitutus,
3483 5372 3538 5426 in

1941 5443 2172 5522 ejusdem
2202 5445 2423 5499 ciuitatis
2453 5449 2664 5522 ecclesia
2696 5450 2762 5522 ja
2782 5465 2815 5522 n
2845 5443 2925 5522 ad
2959 5445 3261 5522 presbyterii
3286 5443 3533 5522 honorent

1939 5515 2210 5592 subrepere
2251 5528 2474 5592 (ceperat
2507 5520 2633 5573 :sed
2673 5518 2977 5592 fidelissiitttt
3026 5515 3262 5592 libertate
3311 5516 3535 5592 fratrum

1938 5585 2151 5666 propter
2179 5590 2272 5666 has
2296 5590 2435 5666 ipsas
2467 5599 2644 5666 contra
2671 5585 2867 5666 Christi
2903 5586 3122 5666 gratiam
3166 5585 3536 5666 disputationes

1939 5652 2096 5734 usque
2126 5662 2192 5734 ad
2210 5652 2475 5734 judicium
2499 5659 2799 5734 episwpule
2821 5652 3095 5734 perductus
3118 5664 3213 5707 est.
3248 5652 3436 5706 Exstat
3468 5652 3537 5708 ad

1937 5727 2062 5793 enin
2095 5727 2618 5804 Nesioriiiepistola
2665 5727 2972 5804 apudblar.
3012 5727 3366 5804 metuatur-smn
3392 5738 3532 5804 pag.

1937 5791 2065 5872 i551,
2093 5801 2386 5858 honorabili
2426 5791 2482 5860 let
2528 5791 2916 5875 religidsissimo
2962 5796 3254 5867 presbytero
3296 5791 3532 5850 Cwlestio

1937 5880 2222 5946 inscripta.
