4084 6342
529 283 632 340 5η

1783 279 1840 334 5.
1880 275 2271 344 ΙΝΝΟΟΕΝΤΙΙ
2315 275 2332 332 l
2373 274 2578 335 PAP/E

3727 277 3828 336 572

530 398 752 454 dicitur.
782 396 856 454 De
882 411 990 467 quo
1009 406 1135 460 ante
1160 410 1364 467 paucos
1395 408 1568 458 annos
1607 391 1734 464 quid
1757 403 1971 462 gestum
2007 390 2125 448 fne-
2152 395 2206 464 Α
2299 391 2437 450 mine
2465 407 2496 445 a
2520 389 2762 461 ﬁdelibus
2807 386 3034 464 intelligi
3061 385 3364 448 ostendunt.
3399 385 3552 455 Quod
3578 387 3703 446 item
3739 391 3827 460 ait,

531 492 623 558 rit,
655 490 918 548 sanctitas
947 499 1037 552 tua
1083 489 1150 550 de
1173 486 1587 558 Carthaginiensi
1621 485 1852 542 ecclesia
1884 493 1908 520 ιι
1935 483 2128 540 melius

537 585 846 642 instruitur.
869 584 1116 653 Pelagius
1133 599 1288 649 vero,
1315 581 1453 640 sicut
1473 595 1500 634 a
1526 578 1851 651 quibusdam
1875 577 2133 634 fratribus

543 677 747 736 nostris
792 678 972 737 missa:
1011 677 1306 747 loquuntur
1329 675 1598 746 cpistola},
1626 672 1980 744 Jerosolymis
2004 687 2136 729 eon-

539 775 764 830 Stitutns
825 771 1118 828 nonnullos
1173 769 1364 825 fallere
1407 769 1687 828 asseritur.
1744 766 2134 826 Verumtamen

542 867 717 922 multo
752 865 959 934 plures,
985 864 1076 934 qui
1109 863 1226 933 ejus
1269 876 1466 917 sensus
1509 859 1830 930 diligentius
1877 858 2137 928 indagare

542 971 855 1032 potuerunt,
885 958 1146 1016 adversus
1192 973 1314 1014 eum
1360 972 1460 1028 pro
1503 957 1672 1028 gratia
1707 953 1932 1022 Christi,
1962 965 2018 1010 et
2047 969 2139 1009 ca-

545 1054 762 1110 tholicae
787 1053 907 1108 fidei
939 1053 1172 1109 veritate
1201 1051 1520 1122 confligunt,
1553 1049 1647 1104 sed
1686 1051 1955 1120 praecipue
1980 1061 2140 1108 sanc-

542 1159 626 1206 tus
651 1150 788 1204 lilius
822 1158 967 1215 tuus,
995 1146 1163 1203 frater
1186 1153 1241 1202 et
1271 1145 1686 1218 compresbyter
1712 1154 1904 1202 noster
1945 1144 2138 1202 lliero-

542 1256 757 1312 nymus.
784 1239 889 1294 Sed
916 1239 1265 1305 arbitramur,
1295 1238 1593 1308 adjuvante
1627 1236 2004 1294 misericordia
2033 1235 2140 1290 Do-

541 1335 671 1390 mini
719 1334 812 1388 Dei
860 1334 1168 1404 nostri,qui
1220 1341 1272 1388 te
1315 1341 1368 1387 et
1406 1347 1598 1403 regere
1647 1332 2056 1396 consulentem,
2085 1340 2139 1388 et

539 1435 785 1480 orantem
825 1425 1086 1488 exaudire
1111 1423 1135 1463 ι)
1160 1424 1440 1494 dignatur,
1471 1423 1785 1482 auctoritati
1830 1422 2138 1486 sanctitatis

538 1528 676 1584 tote,
713 1531 731 1557 ε
765 1519 833 1578 de
879 1528 1193 1576 sanctarum
1225 1519 1629 1586 Scripturarum
1668 1518 1994 1579 auctoritate
2037 1520 2137 1578 de.

543 1619 832 1682 promptae,
859 1611 1071 1668 facilius
1100 1626 1217 1679 eos,
1250 1611 1340 1681 qui
1370 1623 1475 1666 tam
1500 1627 1758 1682 perversa
1788 1622 1842 1668 et
1868 1611 2139 1682 pernicio-

539 1723 598 1762 sa
624 1707 892 1776 sentiunt,
919 1722 1041 1762 esse
1082 1723 1366 1774 cessuros;
1401 1718 1454 1768 ut
1484 1708 1552 1763 de
1582 1710 1930 1764 correctione
1958 1709 2140 1778 potius

2305 483 2565 544 hominem
2589 498 2740 554 posse
2769 481 2880 540 sine
2909 489 3118 556 peccato
3163 497 3278 538 esse
3307 481 3354 538 si
3382 480 3526 547 velit,
3559 498 3661 552 quo
3686 499 3832 538 sensu

2309 594 2443 644 rere,
2484 593 2668 648 quove,
2696 575 2901 634 etiamsi
2944 592 3048 636 non
3093 575 3202 631 sine
3247 591 3443 646 errore,
3503 573 3836 633 tolerabiliter

2307 678 2475 726 tamen
2505 669 2730 738 dicatur,
2763 667 3043 740 explicant.

2238 761 2468 818 Domino
2497 759 2835 827 beatissimo,
2868 759 3174 828 meritoque
3206 758 3696 822 honorandissimo
3733 762 3834 818 tra-

2310 856 2376 914 tri
2405 855 2729 918 lusocaarto
2769 869 2957 925 papae,
3003 855 3300 919 Auneuus,
3338 854 3598 924 ALYPIUS,
3631 857 3831 914 Ausus-

2309 962 2485 1012 rtsus,
2521 946 2778 1012 Eroows,
2803 954 2858 1005 et
2904 944 3177 1007 Possrotvs
3225 944 3280 1004 in
3318 943 3554 1006 Domino
3577 944 3830 1001 salutem.

2313 1039 2363 1102 1,
2399 1041 2476 1096 De
2503 1036 2758 1100 conciliis
2789 1035 3006 1097 duobus
3050 1036 3354 1110 provincia:
3384 1037 3835 1108 Carthaginensis

2241 1133 2709 1206 atqueNutnidiac,
2733 1132 2800 1188 ad
2825 1142 2975 1192 luam
2997 1132 3349 1193 sanctitatem
3365 1148 3394 1190 a
3419 1145 3527 1187 non
3543 1147 3714 1202 parvo
3736 1132 3839 1202 epi-

2241 1243 2538 1299 sc0porum
2568 1242 2800 1285 numero
2827 1226 3167 1299 subscriptas
3190 1227 3403 1282 litteras
3434 1227 3690 1282 misimus
3715 1242 3839 1282 con-

2244 1334 2322 1380 tra
2358 1323 2610 1378 inimicos
2640 1321 2832 1393 gratia:
2860 1319 3086 1386 Christi,
3110 1319 3205 1390 qui
3233 1319 3523 1374 confidunt
3552 1321 3607 1373 in
3643 1319 3839 1374 virtute

2245 1424 2414 1475 suaet
2435 1415 2676 1473 creatori
2705 1423 2893 1469 nostro
2921 1412 3157 1484 quodam
3178 1413 3345 1469 modo
3377 1412 3571 1470 dicunt
3598 1429 3612 1467 :
3641 1411 3724 1467 Tu
3745 1428 3839 1468 nos

2242 1513 2422 1570 fecisti
2456 1508 2930 1582 homines,justos
2966 1517 3148 1564 autem
3185 1508 3290 1579 ipsi
3325 1523 3426 1562 nos
3458 1505 3724 1574 fecimus;
3754 1506 3838 1576 qni

2244 1619 2492 1664 naturam
2519 1605 2817 1665 humanam
2847 1602 2975 1662 ideo
3006 1603 3197 1660 dicunt
3229 1602 3486 1671 liberam,
3513 1616 3583 1658 ne
3598 1608 3842 1672 quaerant

2244 1701 2632 1759 liberatorem:
2672 1698 2796 1754 ideo
2841 1698 3074 1767 salvam,
3108 1705 3169 1751 ut
3210 1694 3552 1766 superﬂuum
3597 1695 3844 1765 judicent

543 1817 739 1858 corum
769 1803 1230 1874 congratulantur,
1258 1820 1422 1874 quam
1465 1807 1854 1863 contristentur
1887 1806 2134 1874 interitu,

2246 1795 2591 1854 salvatorem.
2622 1792 2858 1848 Tantum
2890 1792 3036 1850 enim
3067 1790 3262 1846 dicunt
3286 1790 3593 1858 valentem,
3637 1799 3699 1846 ut
3734 1790 3842 1846 suis

539 1896 761 1952 domine
810 1897 1147 1956 beatissime.
1181 1898 1474 1967 Quodlibet
1519 1909 1701 1958 autem
1750 1902 1853 1970 ipsi
1907 1901 2135 1971 eligant,

548 1998 699 2053 certe
726 1989 810 2048 vel
840 1991 982 2056 aliis,
1008 2006 1144 2062 quos
1187 1992 1450 2060 plurimos
1487 2002 1738 2064 possunt,
1765 1994 1808 2050 si
1835 1995 1902 2048 ab
1931 1995 2011 2050 eis
2034 1994 2141 2050 dis-

540 2083 853 2147 simuletur,
885 2083 997 2140 suis
1026 2083 1234 2153 laqueis
1264 2084 1568 2153 implicare,
1594 2086 1770 2145 cernit
1813 2087 2140 2144 venerabili-

545 2183 626 2234 tas
658 2184 745 2230 tua
779 2176 1047 2239 instanter
1071 2186 1127 2232 et
1167 2177 1432 2234 celeriter
1469 2179 1885 2250 providendum.
1916 2181 2044 2236 llmc
2073 2179 2141 2236 ad

539 2271 891 2330 sanctitatem
929 2279 1073 2324 tuam
1120 2270 1186 2326 de
1235 2271 1470 2326 concilio
1501 2271 1771 2330 Numidiae
1816 2272 2018 2342 scripta
2059 2271 2143 2334 di-

541 2363 806 2429 reximus,
836 2363 1122 2420 imitantes
1157 2365 1182 2400 ίι
1217 2365 1704 2435 Carthaginensem
1757 2367 2046 2424 ecclesiam
2087 2376 2142 2428 et

543 2453 993 2524 Carthaginensis
1027 2457 1328 2526 provincia:
1357 2459 1711 2530 coepiscopos
1743 2470 1982 2528 nostros,
2006 2475 2143 2532 quos

540 2545 606 2599 ad
631 2546 819 2602 sedem
847 2550 1406 2620 apostolicam,qnam
1432 2552 1626 2607 beatus
1649 2551 1918 2622 illustras,
1945 2551 2016 2610 de
2043 2554 2144 2612 hac

540 2654 707 2696 causa
752 2642 1038 2713 scripsisse
1080 2645 1466 2714 comperimus.
1499 2646 1591 2720 (Et
1616 2648 1725 2703 alia
1765 2665 1922 2708 manu
1946 2664 1965 2706 :
1992 2647 2010 2720 )
2036 2650 2147 2706 Me-

547 2748 668 2788 mor
701 2737 870 2792 nostri
905 2736 959 2791 in
995 2738 1090 2793 Dei
1118 2740 1292 2808 gratia
1338 2742 1612 2811 augearis,
1637 2741 1862 2796 domine
1891 2742 2146 2800 beatissi.

545 2842 653 2893 me,
689 2828 995 2901 meritoque
1021 2833 1356 2890 venerabilis
1384 2845 1439 2890 et
1471 2835 1526 2891 in
1557 2834 1777 2896 Christo
1801 2836 2142 2906 honorande,

546 2931 737 2977 sancte
767 2938 924 2994 papa.

1004 3018 1343 3076 EPISTOLA
1390 3020 1604 3080 XXVIII
1634 3033 1679 3078 ο.

653 3124 1010 3168 ΕΡΙΒΟΟΡΟΒΗΙΙ
1059 3129 1291 3178 QUINQUE
1323 3132 1391 3171 AD
1440 3131 1797 3174 INNOCENTIUH
1828 3132 2031 3175 PAPAI.

2246 1889 2455 1944 viribus
2506 1886 2673 1944 semel
2721 1888 2770 1942 in
2814 1885 3029 1958 origine
3073 1900 3186 1940 suae
3227 1885 3534 1942 creationis
3581 1884 3838 1956 acceptis,

2247 1982 2418 2050 possit
2448 1995 2543 2051 per
2567 1980 2798 2035 liberum
2823 1977 3136 2044 arbitrium,
3165 1977 3301 2034 nihil
3323 1975 3564 2038 ulterius
3587 1976 3845 2048 adjuvan-

2248 2082 2297 2135 te
2342 2072 2487 2135 illius
2537 2072 2711 2141 gratia
2749 2070 2842 2142 qui
2870 2071 3097 2138 creavit,
3123 2068 3353 2124 domare
3411 2078 3466 2126 et
3496 2068 3846 2139 exstinguere

2247 2181 2442 2224 omnes
2467 2164 2818 2235 cupiditates,
2851 2164 3296 2233 lentationesque
3339 2175 3634 2232 superare.
3666 2161 3845 2217 Multi-

2246 2277 2355 2334 que
2387 2276 2577 2322 eorum
2611 2260 2892 2328 insurgunt
2927 2256 3226 2314 adversum
3260 2273 3384 2328 nos,
3416 2266 3471 2312 et
3506 2256 3700 2314 dicunt
3728 2259 3845 2314 ani-

2250 2370 2352 2410 mas
2403 2362 2605 2412 nostra:
2639 2371 2652 2409 :
2690 2351 2809 2406 Non
2859 2361 2930 2406 est
2958 2350 3103 2406 salus
3141 2351 3222 2404 illi
3264 2351 3318 2405 in
3367 2348 3478 2406 Deo
3523 2354 3640 2422 ejus
3674 2349 3843 2424 (Prol.

2248 2465 2327 2518 ιιι,
2351 2447 2430 2522 5).
2462 2447 2692 2504 Familia
2731 2446 2936 2502 Christi
2966 2462 3088 2517 qua:
3136 2446 3290 2511 dicit,
3329 2445 3553 2512 Quando
3584 2446 3838 2518 inﬁrmor,

2249 2555 2370 2604 tunc
2402 2542 2420 2582 τ
2450 2543 2605 2616 fortis
2636 2559 2746 2601 sum
2777 2541 2838 2614 (ll
2868 2540 2986 2596 Cor.
3027 2557 3120 2609 χιι,
3149 2540 3264 2612 10);
3297 2548 3354 2596 et
3381 2542 3468 2600 cui
3502 2540 3637 2596 dicit
3671 2541 3849 2602 Domi-

2250 2655 2354 2696 nus
2387 2639 2525 2709 ejus,
2564 2637 2728 2693 Salus
2775 2649 2866 2690 tua
2914 2653 3008 2707 ego
3052 2653 3164 2692 sum
3187 2635 3364 2709 (I’sal.
3394 2651 3583 2704 xxxw,
3611 2635 3694 2710 5),
3729 2650 3846 2700 sus-

2251 2749 2418 2804 penso
2473 2731 2640 2792 corde
2691 2745 2814 2784 eum
2876 2729 3071 2785 timore
3127 2738 3181 2784 et
3227 2739 3466 2788 tremore
3509 2729 3844 2802 adjutorium

2255 2825 2470 2882 Domini
2502 2825 2669 2880 etiam
2693 2838 2793 2896 per
2824 2823 3148 2880 charitatcm
3183 2831 3290 2880 tuac
3323 2823 3707 2884 venerationis
3754 2839 3848 2880 ex-

2251 2929 2484 2993 spectat.

2319 3014 2374 3070 2.
2421 3014 2744 3072 Audivimus
2780 3014 2926 3070 enim
2967 3028 3090 3069 esse
3131 3012 3182 3069 in
3217 3012 3354 3070 urbe
3385 3012 3583 3079 Roma,
3629 3011 3720 3067 ubi
3757 3011 3845 3069 ille

2253 3105 2548 3181 (Pelagius)
2576 3109 2669 3168 diu
2698 3109 2854 3174 vixit,
2884 3109 3177 3166 nonnullos
3199 3108 3291 3179 qtti
3321 3108 3559 3163 diversis
3600 3108 3778 3163 causis
3799 3107 3846 3162 ci

547 3202 749 3276 Pelagii
781 3215 1012 3280 retegunt
1039 3225 1099 3264 ac
1123 3213 1353 3278 refutant
1380 3211 1638 3282 brercsim,
1665 3227 1768 3281 qua
1793 3210 1860 3268 ad
1884 3211 2139 3281 cupidiltr

2253 3201 2472 3260 faveant
2501 3203 2755 3274 :qnidam
2781 3203 3016 3270 scilicet,
3041 3203 3168 3274 quia
3196 3212 3221 3250 ε
3245 3204 3328 3258 eis
3351 3203 3482 3257 talia
3508 3204 3848 3274 persuasisse

619 3307 692 3352 tes
722 3299 1009 3355 domandus
1028 3346 1042 3369 ,
1070 3304 1477 3377 tentationesquc
1515 3305 1811 3372 uincendus,
1840 3321 2037 3361 necnon
2076 3306 2146 3361 ad

623 3393 935 3459 perﬁcienda
960 3392 1053 3450 Dei
1078 3397 1347 3460 mandata,
1377 3398 1543 3457 solum
1567 3399 1664 3454 sibi
1694 3411 1934 3458 naturam
1960 3399 2147 3458 huma-

619 3501 736 3538 nam
771 3503 859 3555 per
906 3486 1125 3543 liberum.
1169 3490 1438 3546 arbitrium
1483 3492 1723 3562 sufﬁcere
1765 3492 2151 3551 contendebat:

622 3594 681 3630 ac
729 3579 895 3634 sicubi
935 3584 1155 3651 gratia‘n
1204 3586 1530 3651 prtcdicaret,
1557 3602 1671 3639 cum
1717 3585 1785 3640 ibi
1824 3584 1902 3640 vel
1928 3585 2146 3644 liberum

621 3669 912 3732 arbitrium.
962 3673 1038 3726 uel
1079 3685 1406 3744 peccatorum
1469 3677 1847 3746 remissionem,
1896 3679 1974 3736 vel
2019 3679 2147 3751 legis

622 3773 938 3833 prteceptum
960 3765 1272 3836 intelligere,
1304 3769 1556 3840 aliudque
1575 3771 1790 3841 praprio
1829 3771 2018 3842 gratia:
2054 3787 2149 3826 no-

628 3999 652 4026 α
677 3988 814 4058 Quia
840 3990 1055 4066 scilicet
1079 3991 1528 4066 cartltiagittensis
1560 3993 1806 4048 Ecclesia
1837 4009 1936 4048 seu
1970 4006 2137 4066 syno-

551 4060 652 4116 dus
673 4063 936 4135 superiori
961 4064 1210 4132 epistolre
1230 4060 1312 4120 26'
1331 4075 1481 4135 gesta
1511 4066 1886 4122 subnexuerat
1912 4060 2138 4121 alterius

550 4133 772 4189 concilii
823 4150 987 4204 super
1012 4135 1257 4192 leestii
1305 4133 1526 4192 nomine
1577 4149 1705 4192 ante
1753 4153 1927 4192 annos
1972 4138 2143 4192 lerme

551 4207 792 4276 quinque
829 4206 1157 4278 Carthagine
1199 4209 1387 4264 habiti.
1417 4208 1553 4264 Cum
1583 4221 1638 4264 et
1679 4210 1797 4265 haec
1842 4208 2144 4266 Milevitaui

550 4279 767 4352 concilii
789 4279 1044 4349 epistola,
1075 4289 1131 4336 et
1155 4281 1246 4335 illa
1276 4281 1723 4350 Carthaginensis
1762 4298 1861 4352 per
1887 4281 2140 4337 eumdem

551 4351 864 4420 episcopum
907 4352 1109 4407 iulium
1137 4352 1359 4422 delatm,
1389 4354 1552 4408 simul
1587 4351 1901 4407 Innocentio
1932 4352 2142 4408 tradita:

552 4423 776 4488 fuerint,
814 4424 888 4478 nil
911 4439 1047 4493 opus
1083 4434 1200 4479 erat
1249 4434 1302 4478 ιιι
1335 4441 1431 4493 pro
1460 4425 1646 4478 melius
1676 4426 1946 4478 instruitur
1967 4424 2140 4480 Garn.

552 4496 619 4549 de
648 4511 746 4549 suo
771 4497 1132 4550 substitueret
1166 4498 1348 4550 melius
1372 4498 1668 4549 instruatur.

622 4566 650 4604 b
682 4566 833 4622 Unus
865 4584 993 4635 ms.,
1025 4568 1349 4637 dignabitur.
1375 4568 1430 4621 in
1465 4583 1658 4621 novant
1690 4566 1916 4637 August.
1945 4567 2136 4622 editio.

556 4653 678 4692 nem
709 4638 971 4706 dignetur,
997 4654 1144 4691 mera
1180 4639 1386 4692 librarii
1410 4639 1702 4693 oscitantia
1733 4642 1967 4707 irrepsit.

630 4717 652 4746 ε
685 4708 808 4762 Isid.
847 4723 1002 4772 mss.,
1035 4711 1095 4763 de
1121 4710 1318 4763 clarum
1349 4711 1441 4779 (ex
1482 4711 1754 4778 imperitia
1794 4710 2022 4774 librarii,
2051 4709 2142 4780 qui

556 4781 609 4833 in
642 4780 935 4848 exemplari
969 4796 1068 4833 suo
1091 4781 1293 4849 legerat
1319 4782 1383 4835 de
1405 4797 1631 4846 scarum,
1667 4781 1767 4836 hoc
1793 4791 1876 4834 est
1905 4783 1967 4836 (te
1988 4797 2140 4834 sanc-

557 4861 746 4904 tarum.
785 4849 1050 4920 Capucin.
1099 4851 1358 4908 set-undis
1383 4853 1556 4916 curis,
1587 4854 1939 4907 declarations
1966 4869 2143 4906 sacra-

555 4922 691 4993 rum)
727 4921 1118 4997 scripturarum
1165 4923 1502 4997 deprompta}.
1549 4925 1676 4979 Inde
1715 4928 1766 4978 in
1812 4924 1945 4979 edit.
1977 4923 2138 4997 Rom.

557 4994 837 5066 etconcil.
871 4993 1072 5049 factum
1117 4997 1314 5061 fuerat,
1345 4993 1408 5051 de
1451 4999 1594 5050 claro
1641 4997 2031 5066 Scripturarum
2061 4996 2139 5049 lu-

557 5065 694 5118 mine
715 5067 1049 5136 deprmnpttv.
1075 5069 1385 5124 beetionem
1415 5065 1772 5124 sinceriorem
1794 5069 2141 5138 suppeditant

554 5139 807 5210 meliores
833 5151 964 5210 mss.
1001 5138 1096 5194 Hic
1131 5140 1412 5195 declarant
1458 5140 1753 5195 Milevitani
1785 5141 1997 5194 concilii
2045 5155 2140 5210 pa-

554 5217 663 5262 tres
711 5207 937 5284 Romani
968 5211 1239 5284 pontiﬁcis
1271 5213 1650 5269 auctoritatem
1684 5217 1796 5284 ipsa
1829 5207 2137 5282 Scriptura-

549 5295 668 5334 rttm
700 5282 1024 5336 auctoritate
1047 5281 1245 5338 fulciri.

623 5351 646 5388 ί¹
685 5353 826 5407 Etlit.
861 5353 1018 5408 Rom.
1065 5362 1121 5407 et
1166 5356 1332 5408 Gurn.
1381 5356 1640 5410 omittunt
1685 5356 2139 5423 Cartltagineusem

551 5425 858 5490 ecclesiam,
915 5434 962 5477 et
1023 5443 1034 5477 :
1099 5441 1219 5496 qu-e
1278 5430 1440 5482 verba
1487 5443 1551 5483 ex
1604 5428 1731 5484 aliis
1772 5429 1926 5484 libris
1975 5427 2140 5482 resti-

554 5505 799 5550 tuuntur.

619 5578 642 5642 ξε
702 5570 782 5622 Ah
836 5568 1143 5642 Augustino
1193 5569 1290 5624 lib.
1335 5569 1400 5625 de
1459 5571 1688 5626 Peccato
1731 5573 1869 5642 orig.
1905 5586 1955 5626 c.
1997 5571 2052 5634 9.
2083 5579 2138 5626 et

549 5640 712 5709 epist.
746 5641 872 5694 ut...
917 5613 1009 5706 Z7,
1047 5657 1191 5695 nunc
1242 5613 2131 5711 etsist:"viiibﬁdiiifnfii,

555 5711 671 5766 haec
695 5712 927 5787 epistola
959 5726 1295 5768 memoratur
1323 5723 1378 5767 ut
1406 5731 1436 5767 a
1465 5716 1692 5787 quinque
1730 5716 1978 5787 episcopis
2003 5716 2138 5770 scri-

554 5792 665 5852 pta.
695 5785 964 5858 Quocirca
995 5787 1220 5858 quinque
1245 5785 1732 5858 epismporum'non
1756 5785 1974 5841 male'in
1997 5787 2132 5858 edit.

553 5855 750 5910 concil.
785 5858 1040 5925 inscripta
1066 5855 1182 5913 fuit.
1219 5855 1302 5914 Ab
1329 5861 1523 5920 eodem
1555 5859 1784 5913 Doctore
1813 5859 1976 5926 epist.
2004 5857 2134 5912 olim

2255 3297 2609 3369 perhibetur;
2647 3297 2833 3368 plures
2863 3313 3014 3364 vero,
3053 3299 3141 3368 qui
3175 3313 3301 3353 eum
3345 3297 3468 3352 talia
3501 3297 3712 3352 sentire
3742 3312 3840 3352 non

2253 3393 2522 3460 credunt;
2573 3393 2878 3463 prirsertim
2934 3393 3056 3464 quia
3119 3394 3171 3449 in
3224 3391 3473 3460 Oriente,
3531 3394 3624 3449 ubi
3679 3393 3842 3464 degit,

2251 3498 2403 3560 gesta
2434 3487 2806 3548 ecclesiastica
2831 3486 2968 3542 laeta
3001 3501 3121 3542 esse
3139 3485 3439 3556 jactentur,
3470 3486 3678 3558 quibus
3701 3495 3848 3557 puta-

2255 3593 2343 3644 tttr
2371 3598 2494 3640 esse
2535 3590 2821 3652 purgatus;
2867 3579 2954 3636 ubi
2986 3579 3208 3650 quidem
3251 3579 3298 3634 si
3328 3579 3574 3648 episcopi
3617 3595 3740 3634 eum
3772 3592 3850 3634 ca-

2255 3676 2510 3736 tholicum
2545 3672 3004 3745 pronuntiarunt,
3041 3689 3146 3728 non
3180 3673 3250 3727 ob
3293 3672 3440 3728 aliud
3480 3675 3682 3729 factum
3727 3687 3843 3728 esse

2252 3769 2585 3827 credendum
2616 3779 2699 3825 est
2719 3812 2734 3839 ,
2769 3770 2867 3826 nisi
2896 3769 3022 3841 quia
3066 3783 3124 3824 se
3156 3768 3296 3823 dixit
3325 3767 3422 3823 Dei
3453 3767 3686 3839 gratiam
3727 3781 3852 3822 conc

2247 3989 2370 4058 106,
2401 4005 2544 4046 nunc
2573 3990 2700 4058 186,
2733 4005 2788 4044 n.
2813 3989 2879 4062 2,
2898 3989 2962 4044 ad
2995 3989 3301 4044 discrimen
3334 3989 3706 4060 superiorum,
3735 4005 3848 4062 qum

2245 4064 2522 4136 synodiem
2550 4073 2698 4136 sunt,
2733 4061 3010 4136 familiaris
3031 4062 3362 4136 appellatur.

2326 4134 2344 4174 τ
2391 4135 2538 4190 Unus
2559 4134 2728 4206 codex
2751 4133 2906 4206 Colb.
2938 4144 3058 4187 tunc
3084 4135 3270 4205 fortior
3289 4150 3402 4187 sum
3418 4151 3437 4189 :
3462 4134 3609 4206 quod
3637 4143 3694 4191 et
3718 4135 3850 4191 alter

2248 4207 2481 4277 primum
2505 4205 2719 4262 videtur
2753 4205 3024 4262 habuisse.

2322 4289 2346 4326 ε
2381 4279 2456 4332 Ita
2509 4278 2718 4352 Quesn.
2769 4293 2836 4332 ex
2864 4293 2966 4331 ms.
3009 4276 3185 4332 Oxon.
3218 4287 3274 4332 et
3306 4277 3677 4352 cxindeﬁnova
3704 4279 3843 4352 Aug.

2248 4351 2459 4406 editio:
2511 4350 2707 4420 quibus
2735 4357 3107 4420 consentanea
3162 4357 3290 4404 sunt
3335 4365 3455 4417 qua:
3504 4350 3847 4406 innocentius

2248 4419 2623 4477 rescribit.’At
2652 4421 2807 4475 Meri.
2835 4429 2892 4473 et
2913 4419 3097 4484 Crab.,
3126 4421 3215 4490 qui
3239 4420 3383 4475 nobis
3412 4424 3542 4476 talia
3567 4424 3846 4492 persuasis-

2246 4511 2301 4549 se
2345 4493 2716 4563 perhibentur:
2745 4493 2833 4546 ubi
2862 4492 3028 4548 (Σαώ.
3067 4495 3131 4546 ad
3159 4508 3332 4560 tnarg.
3365 4493 3597 4558 addidit,
3658 4496 3743 4564 qui
3767 4510 3847 4547 ros

2247 4577 2294 4618 et
2321 4566 2441 4635 quia
2472 4581 2581 4618 vos.
2615 4564 2826 4618 Exinde
2853 4564 2986 4619 edit.
3016 4565 3177 4636 ilum.
3216 4574 3270 4618 et
3296 4564 3420 4619 alias
3460 4568 3690 4631 concil.,
3730 4567 3847 4636 quia

2245 4653 2331 4690 vos
2361 4641 2486 4690 talia
2515 4640 2828 4705 persuasisse
2860 4635 3138 4701 perhibent.
3183 4636 3396 4690 Similia
3431 4654 3543 4706 ιιι-ω
3585 4653 3643 4692 se
3672 4635 3847 4692 ferunt

2247 4723 2378 4762 mss.
2411 4709 2511 4762 nisi
2540 4707 2683 4778 quod
2713 4725 2809 4776 pro
2839 4707 3124 4772 perhibent,
3153 4708 3203 4760 in
3225 4709 3501 4778 plerisque
3529 4719 3714 4763 exstat
3740 4727 3846 4777 per-

2244 4779 2500 4843 hibentur,
2551 4789 2604 4833 et
2634 4779 2686 4833 in
2717 4795 2828 4833 uno
2860 4779 3014 4832 Coll).
3057 4790 3216 4847 atque
3246 4780 3421 4833 altera
3473 4780 3649 4837 Vatie.
3683 4781 3844 4848 perhi-

2245 4851 2414 4904 betur.
2455 4851 2510 4906 lu
2547 4852 2646 4905 huc
2683 4860 2946 4918 praeterea
2991 4852 3168 4921 legere
3207 4861 3292 4906 est
3323 4853 3446 4920 quia
3487 4855 3650 4907 vobis.
3695 4851 3844 4907 Unde

2243 4923 2530 4978 commode
2557 4923 2748 4978 confici
2786 4932 2973 4992 posset
3007 4922 3120 4976 haec
3151 4921 3317 4978 lectio
3350 4942 3361 4974 :
3396 4925 3520 4989 quia
3551 4924 3698 4977 vobis
3725 4926 3844 4976 talia

2243 4998 2557 5064 persuasisse
2589 4994 2900 5062 perhibetur.
2927 4994 3132 5061 Nempe
3162 4995 3460 5066 Pelagiani,
3493 5003 3636 5051 teste
3669 4995 3844 5049 Possi-

2243 5067 2334 5120 dio
2364 5081 2413 5120 c.
2449 5068 2512 5122 18
2538 5110 2550 5128 ,
2588 5067 2860 5136 perﬁdiam
2900 5083 3047 5120 suam
3077 5082 3166 5135 per
3196 5083 3346 5120 suum
3376 5066 3709 5122 avttbitioncm
3741 5083 3846 5135 per.

2244 5139 2460 5193 ritatlere
2491 5141 2810 5193 conabuntur
2844 5148 3039 5194 sancta!
3085 5137 3213 5192 sedi.
3252 5140 3313 5192 Et
3342 5140 3484 5206 quod
3522 5157 3631 5194 non
3665 5140 3845 5194 mtue-

2243 5218 2372 5265 runt
2400 5212 2667 5279 perlicere
2694 5253 2708 5277 ,
2744 5211 2850 5266 hoc
2879 5226 2937 5264 se
2974 5210 3264 5279 perfecisse
3297 5211 3644 5265 mendaciter
3691 5211 3845 5280 iacti-

2246 5291 2448 5336 tarunt.
2486 5283 2630 5336 Inter
2668 5300 2766 5338 eos
2807 5293 2989 5336 autem
3019 5282 3218 5351 quibus
3262 5298 3425 5350 prava
3458 5285 3716 5352 dogmata
3753 5296 3842 5335 sua

2247 5354 2431 5408 Rome
2475 5356 2815 5424 persuasisse
2855 5371 2914 5408 se
2952 5354 3349 5422 gloriabantur,
3385 5360 3702 5423 pt'tecipuus
3735 5361 3844 5407 erat

2245 5425 2450 5495 Xystus
2480 5437 2608 5481 tunc
2638 5428 2946 5495 presbyter,
2983 5439 3044 5478 ac
3071 5433 3259 5495 postea
3290 5440 3544 5480 summus
3579 5425 3840 5492 pontifex,

2243 5500 2329 5554 cui
2362 5508 2480 5566 post
2507 5497 2778 5551 detectam
2803 5498 3129 5551 calumniam
3155 5496 3494 5567 Augustinus
3521 5502 3686 5561 epist.
3717 5499 3842 5549 alias

2245 5569 2369 5632 lOi,
2405 5583 2549 5622 [tunc
2584 5568 2703 5631 l9l,
2737 5584 2790 5622 n.
2829 5569 2880 5634 1,
2907 5569 2976 5621 ita
3003 5568 3310 5637 gratulatur
3344 5587 3356 5622 :
3392 5569 3534 5633 Quid
3563 5570 3702 5622 enim
3733 5583 3843 5638 gra-

2244 5643 2344 5695 tius
2373 5641 2581 5713 legique!
2610 5641 2781 5696 audiri
2825 5649 3009 5703 potest.
3044 5656 3197 5710 quam
3232 5641 3412 5713 gratim
3441 5649 3548 5713 tam
3590 5657 3722 5703 pura
3759 5639 3844 5713 dc-

2241 5713 2404 5784 fensio
2430 5712 2674 5766 adversus
2692 5713 2926 5766 inimicos
2953 5714 3086 5783 ejus,
3113 5727 3177 5765 ea:
3199 5711 3285 5766 ore
3313 5714 3428 5785 ejus
3445 5711 3534 5785 qui
3557 5711 3841 5785 earumdem

2240 5780 2566 5857 inimicorum
2603 5785 2777 5857 magni
2803 5780 3039 5857 momenti
3067 5791 3315 5857 patronus
3335 5780 3637 5857 3actabatur
3662 5784 3685 5840 Ρ
3711 5780 3834 5838 Vide

2242 5866 2296 5913 et
2327 5855 2569 5925 ejusdem
2602 5856 2894 5926 epistolam
2930 5855 3057 5921 194,
3091 5870 3145 5908 n.
3185 5855 3236 5912 l.
