4084 6342
583 360 691 417 575

1831 375 1887 432 S.
1934 373 2322 436 INNOCENTII
2365 382 2385 439 Ι
2425 381 2636 442 ΡΑΡίΕ

3764 407 3866 462 576

576 477 677 534 hoc
705 481 876 549 ipsum
897 494 1008 540 έναι
1029 489 1322 558 εαρίεηείίε.
1349 492 1483 549 δοίη
1504 496 1658 567 cujus
1675 504 1806 552 me!
1830 497 1928 551 hoc
1948 497 2182 554 donum:
2210 502 2266 562 Α
2290 518 2394 559 non
2453 506 2586 562 nihil
2636 525 2903 580 essemus,
2961 531 3060 572 uec
3101 519 3171 574 ita
3229 536 3475 580 essemus
3529 524 3751 597 aliquid,
3813 536 3868 583 ut

586 575 690 597 -.ηε
723 572 870 597 Π----9
917 596 922 597 ,
1080 593 1088 597 -
1137 583 1148 597 ι
1346 595 1351 597 .
1572 587 1627 597 ..¹
1748 588 1802 597 ,η
2063 591 2146 597 --.

579 575 690 628 adii
712 572 1018 650 Dominum,
1041 593 1090 638 et
1113 583 1417 654 deprecatus
1435 603 1549 641 sum
1566 587 1718 642 illum
1740 588 1895 662 (Sap.
1921 607 2036 656 vttt,
2057 591 2179 662 21).

579 667 871 727 Postremo
903 691 971 730 ne
994 676 1225 733 nimium
1258 679 1477 751 longum
1511 681 1581 736 sit
1611 693 1804 739 cuncta
1833 700 2181 754 percurrere,

574 761 798 834 iubetur
847 777 906 822 ut
945 785 1052 825 non
1087 771 1346 828 faciamus
1377 775 1575 830 malum
1600 817 1616 842 ,
1662 777 1750 831 ubi
1781 777 1981 834 dicitur
2005 821 2021 846 ,
2071 779 2182 836 De-

580 856 722 912 clina
743 876 775 914 a
799 863 935 916 malo
983 862 1158 935 (Psal.
1191 883 1374 934 xxxvi,
1404 866 1498 938 27)
1525 885 1540 935 ;
1573 880 1629 925 et
1667 879 1850 927 tamen
1894 883 2083 928 oratur
2124 884 2184 928 ut

582 964 692 1006 non
718 951 979 1011 faciamus
1010 959 1210 1014 tnalum
1245 960 1335 1015 ubi
1363 961 1563 1018 dicitttr
1596 983 1607 1018 :
1647 964 1870 1020 Oramus
1898 977 2074 1022 autem
2115 968 2184 1023 ad

580 1041 886 1115 Dominum,
927 1065 991 1104 ne
1017 1050 1143 1120 quid
1183 1055 1392 1119 faciatis
1417 1056 1544 1110 mali
1569 1055 1637 1129 (ll
1667 1057 1788 1112 Cor.
1821 1075 1942 1122 ιιιιι,
1979 1058 2055 1130 7).
2093 1059 2186 1114 Ju-

579 1136 746 1194 betur
790 1149 850 1194 ut
895 1141 1156 1199 faciamus
1206 1146 1434 1215 bonum,
1480 1149 1571 1204 ubi
1614 1150 1842 1214 dicitur,
1888 1149 2111 1207 Declina
2152 1170 2184 1207 α

579 1230 719 1283 malo
740 1241 789 1285 et
813 1231 898 1300 fac
936 1233 1127 1290 bonum
1156 1235 1330 1308 (Psat.
1369 1257 1554 1306 xxxvi,
1582 1241 1675 1313 27)
1708 1260 1722 1310 ;
1755 1253 1809 1300 et
1840 1253 2020 1301 tamen
2053 1260 2183 1301 ora-

580 1327 672 1376 tur
699 1331 757 1377 ut
781 1322 1044 1382 faciamus
1078 1328 1304 1394 bonum,
1352 1332 1438 1388 ubi
1481 1335 1680 1390 dicitur
1703 1377 1717 1401 ,
1751 1335 1876 1391 Non
1920 1353 2184 1395 cessamus

578 1433 673 1486 pro
704 1417 846 1474 vobis
873 1432 1083 1477 orantes
1116 1434 1162 1477 et
1194 1426 1516 1497 postulantes
1543 1428 1771 1500 (Coloss.
1805 1447 1822 1484 ι
1849 1475 1863 1497 ,
1895 1431 1977 1503 9).
2022 1443 2184 1503 atque

580 1512 728 1566 inter
759 1523 983 1580 caetera,
1015 1532 1138 1586 quzc
1171 1517 1280 1573 illis
1315 1530 1458 1586 orat,
1492 1519 1622 1577 dicit
1653 1539 1666 1577 :
1701 1521 1769 1577 Ut
1803 1523 2079 1578 ambuletis
2107 1527 2188 1578 di-

578 1621 676 1675 gne
699 1604 811 1660 Deo
850 1608 906 1662 in
932 1626 1083 1666 omne
1107 1613 1394 1681 placitum,
1425 1615 1478 1668 in
1512 1617 1651 1670 omni
1680 1633 1832 1688 Opere
1861 1628 1910 1672 et
1949 1622 2185 1674 sermone

575 1694 708 1751 bono
737 1696 903 1770 (Ibid.
931 1742 948 1768 ,
982 1701 1092 1772 10).
1127 1704 1278 1760 Sicut
1308 1721 1440 1775 ergo
1467 1709 1818 1776 agnoscimus
1844 1712 2178 1767 voluntatem

575 1804 699 1846 cum
725 1792 842 1847 haec
866 1794 1258 1864 praacipiuntur
1286 1813 1300 1862 ;
1336 1798 1414 1853 sic
1437 1809 1492 1854 et
1526 1801 1640 1870 ipse
1661 1813 1922 1872 agnoscat
1951 1807 2179 1874 gratiam

579 1895 704 1938 cum
736 1895 1023 1954 petuntur.

653 1973 707 2030 6.
759 1975 1000 2033 Misimus
1037 1981 1356 2037 reverentia:
1407 1992 1515 2038 tuae
1562 1983 1782 2053 librum,
1815 2003 1977 2056 quem
2018 1988 2189 2046 dede—

575 2074 705 2121 runt
731 2068 951 2137 quidam
996 2071 1236 2142 religiosi
1268 2083 1324 2128 et
1353 2075 1573 2132 honesti
1616 2077 1996 2137 adolescentes
2041 2084 2184 2138 servi

2289 599 2529 656 cadaver
2557 604 2700 674 quod
2731 621 2839 662 non
2869 607 3019 675 vivit,
3055 623 3147 667 aut
3182 615 3346 672 arbor
3383 634 3501 688 qua:
3538 635 3640 675 non
3673 626 3868 689 sentit,

2288 703 2382 746 aut
2415 710 2579 763 pecus
2610 700 2750 768 quod
2783 719 2887 757 non
2933 704 3223 779 intelligit;
3273 711 3367 767 sed
3398 712 3659 782 homines,
3689 717 3778 787 qui
3821 724 3872 772 et

2288 802 2558 858 essemus,
2592 801 2648 848 ct
2694 794 3024 864 viveremus,
3053 812 3110 857 et
3138 805 3488 874 sentiremus,
3529 819 3582 865 et
3614 809 3873 881 intellige-

2289 899 2510 951 remus;
2542 895 2596 941 et
2637 888 2704 945 de
2749 889 2853 946 hoc
2908 903 3061 950 tanto
3108 897 3376 956 beneficio
3417 904 3646 958 creatori
3693 913 3872 960 nostro

2287 980 2488 1048 gratias
2513 997 2673 1054 agere
2700 983 2727 1023 δ
2752 987 3067 1058 valeamus;
3102 994 3244 1050 unde
3273 997 3470 1052 merito
3499 1007 3554 1054 ct
3585 999 3683 1054 ista
3709 1000 3874 1070 gratia

2288 1069 2395 1127 dici
2431 1085 2634 1147 potest,
2663 1080 2786 1148 quia
2821 1098 2927 1137 non
2962 1087 3388 1154 praecedentium
3417 1069 3722 1160 aliquorum
3749 1108 3876 1162 ope-

2289 1181 2408 1222 rum
2443 1170 2671 1238 meritis,
2703 1174 2795 1230 sed
2837 1180 3071 1246 gratuita
3108 1180 3200 1236 Dei
3235 1183 3477 1238 bonitate
3524 1184 3713 1240 donata
3755 1195 3872 1241 est:

2287 1260 2394 1315 alia
2427 1273 2506 1318 est
2541 1275 2746 1335 tamen,
2778 1287 2881 1338 qua
2916 1274 3289 1342 prmdestiuati
3322 1293 3596 1347 vocnmur,
3626 1280 3878 1350 iustifica-

2293 1371 2434 1420 mur,
2459 1358 2855 1432 glorificamur,
2891 1375 2947 1420 ut
2968 1366 3156 1424 dicere
3187 1371 3459 1438 possimus
3490 1390 3502 1425 :
3539 1372 3602 1428 Si
3628 1373 3760 1428 Deus
3787 1391 3877 1446 pro

2292 1451 2458 1518 nobis,
2485 1453 2597 1519 quis
2621 1466 2802 1510 contra
2827 1459 2957 1513 nas?
2980 1460 3080 1526 Qui
3095 1461 3208 1531 ﬁlio
3236 1479 3328 1516 suo
3349 1466 3560 1537 praprio
3582 1482 3680 1519 non
3705 1482 3878 1538 peper-

2290 1544 2378 1612 cit,
2401 1545 2490 1598 sed
2511 1561 2605 1616 pro
2630 1549 2775 1604 nobis
2798 1553 3033 1606 omnibus
3055 1555 3268 1609 tradidit
3291 1556 3439 1610 illuni
3470 1557 3648 1628 (Rom.
3677 1575 3779 1624 vtu,
3799 1559 3874 1630 '5).

2363 1638 2417 1692 8.
2461 1639 2534 1695 De
2567 1641 2667 1696 hac
2716 1645 2887 1713 gratia
2927 1648 3156 1716 quaestio
3205 1651 3540 1714 vertebatur,
3577 1653 3785 1724 quando
3812 1655 3878 1710 ab

2292 1731 2397 1798 his,
2427 1749 2562 1802 quos
2596 1734 2846 1808 Pelagius
2886 1742 3128 1810 graviter
3158 1743 3473 1800 offendebat
3507 1755 3670 1816 atque
3699 1748 3880 1802 turba-

2289 1824 2402 1888 bat,
2428 1825 2711 1883 dicebatur
2732 1830 2804 1896 ei,
2835 1831 2979 1901 quod
3012 1848 3130 1888 eam
3163 1836 3277 1890 suis
3307 1835 3759 1904 disputationibus
3788 1854 3881 1912 op-

2220 1908 2266 1968 B
2293 1927 2581 1988 pugnaret,
2614 1921 2810 1990 quibus
2831 1935 3104 1981 assereret
3137 1943 3246 1982 non
3299 1929 3476 1983 solum
3515 1930 3582 1983 ad
3621 1908 3876 2000 facienda,

2291 2027 2478 2068 verum
2513 2015 2675 2070 etiam
2709 2017 2775 2072 ad
2819 2020 3144 2090 perficienda
3175 2024 3427 2080 mandata
3455 2026 3663 2093 divina,
3695 2043 3785 2097 per
3816 2029 3880 2084 li-

2291 2107 2482 2162 berum
2529 2109 2814 2168 arbitrium
2865 2114 3159 2171 humanam
3193 2118 3294 2173 sibi
3328 2119 3583 2176 sufﬁcere
3615 2131 3876 2179 naturam.

2293 2199 2440 2256 Hanc
2469 2205 2764 2274 apostolica
2794 2207 3043 2264 doctrina
3078 2211 3309 2282 gratiam
3349 2223 3371 2251 ο
3403 2213 3508 2269 isto
3541 2217 3754 2272 nomine
3785 2233 3879 2288 ap-

2291 2293 2477 2363 pellat,
2509 2313 2612 2368 qua
2645 2299 2918 2356 salvamur
2961 2313 3012 2359 et
3043 2305 3407 2374 justifieamur
3435 2323 3504 2363 ex
3527 2307 3632 2364 ﬁde
3658 2308 3875 2366 Christi.

2291 2386 2367 2441 Dc
2391 2387 2491 2444 hac
2513 2391 2778 2461 scriptum
2808 2403 2893 2449 est
2917 2412 2929 2448 :
2958 2395 3079 2451 Non
3109 2399 3310 2454 irritam
3348 2403 3485 2471 facio
3511 2407 3733 2474 gratiam
3766 2404 3876 2462 Dei.

2292 2477 2433 2533 Nam
2456 2482 2501 2536 si
2524 2500 2614 2554 per
2655 2482 2840 2556 Legem
2876 2489 3114 2560 justitia,
3142 2506 3263 2563 ergo
3291 2491 3528 2549 Christus
3557 2497 3719 2567 gratis
3748 2515 3882 2552 mor-

2289 2584 2408 2630 tuus
2437 2589 2510 2631 est
2540 2577 2748 2650 (Galat.
2794 2597 2854 2644 ιι,
2904 2581 3027 2653 21).
3063 2584 3140 2640 De
3173 2584 3276 2642 hac
3301 2587 3563 2658 scriptum
3605 2599 3704 2654 est,
3747 2590 3880 2645 Eva-

2290 2670 2427 2722 cuati
2452 2671 2569 2725 estis
2599 2688 2631 2724 a
2655 2671 2881 2741 Christo,
2901 2676 2993 2746 qui
3014 2676 3067 2730 in
3094 2677 3229 2749 Lege
3243 2681 3632 2750 justiﬁcamini,
3657 2700 3688 2737 a
3713 2685 3881 2753 gratia

2290 2761 2554 2817 excidistis
2588 2763 2808 2836 (Gulat.
2836 2783 2890 2834 v,
2914 2767 2947 2821 4
2972 2768 3011 2840 ).
3038 2770 3116 2826 De
3144 2770 3246 2827 hac
3276 2775 3542 2844 scriptum
3572 2782 3677 2843 est,
3704 2775 3765 2830 Si
3785 2792 3879 2830 au-

2291 2865 2387 2909 tent
2413 2859 2601 2929 gratia,
2616 2861 2732 2929 jam
2758 2878 2857 2915 tton
2902 2880 2964 2916 ea:
2994 2865 3238 2935 operibus
3257 2883 3275 2929 ;
3297 2867 3533 2938 alioquin
3563 2869 3731 2941 gratia
3767 2872 3878 2941 jam

2291 2965 2392 3002 non
2440 2960 2513 3003 est
2558 2953 2725 3022 gratia
2752 2955 2770 3025 (
2799 2953 2948 3009 Rom.
2997 2973 3070 3019 xi.
3115 2957 3210 3028 6).
3257 2960 3334 3016 De
3364 2961 3465 3016 hac
3490 2964 3749 3034 scriptum
3777 2975 3878 3030 est,

2289 3039 2357 3094 Ei
2379 3053 2566 3104 autent,
2591 3047 2678 3114 qui
2713 3059 2980 3118 aperatur,
3021 3067 3214 3107 merces
3253 3071 3356 3108 non
3383 3055 3666 3127 imputatur
3695 3074 3880 3112 secun-

2290 3133 2413 3186 dum
2429 3137 2670 3207 gratiam,
2694 3138 2784 3192 sed
2805 3143 3086 3196 secundum
3102 3144 3333 3199 debitum
3357 3151 3438 3201 :ei
3458 3159 3648 3215 autem,
3675 3151 3763 3218 qui
3783 3169 3882 3206 non

2290 3238 2556 3294 operatur,
2580 3229 2810 3285 credenti
2830 3242 3002 3288 autent
3030 3237 3080 3289 in
3104 3254 3242 3306 eum,
3266 3241 3354 3310 qui
3368 3242 3627 3313 justi/ira!
3648 3245 3878 3314 impimu,

2292 3320 2567 3391 deputatur
2603 3321 2732 3391 ﬁdes
2777 3327 2894 3396 ejus
2940 3328 3008 3381 ad
3045 3331 3543 3404 justitiam(Rom.
3588 3338 3774 3408 tv,4).
3816 3341 3882 3396 Et

2289 3413 2455 3468 multa
2481 3415 2605 3477 alia,
2636 3432 2759 3487 quae
2788 3419 2982 3474 melius
3009 3430 3163 3491 potes
3191 3423 3307 3492 ipse
3338 3427 3677 3495 meminisse,
3708 3440 3763 3485 ct
3802 3432 3882 3485 in-

2288 3505 2534 3576 telligere
2573 3509 2917 3578 prudentius,
2961 3522 3016 3568 et
3071 3513 3338 3572 illustrius
3370 3519 3691 3588 praedicare.
3730 3521 3880 3580 lllam

2288 3613 2418 3654 vero
2464 3601 2711 3669 gratiam,
2746 3620 2849 3673 qua
2881 3607 3051 3661 creati
3102 3623 3292 3664 sumus
3346 3612 3619 3680 homines,
3669 3617 3881 3673 etiamsi

2288 3691 2358 3745 ita
2389 3692 2769 3762 appellandam
2801 3712 2906 3752 non
2954 3699 3234 3756 immerito
3265 3703 3646 3776 intelligimus,
3687 3710 3880 3764 mirum

2286 3794 2370 3838 est
2399 3794 2577 3842 tamen
2616 3789 2660 3842 si
2695 3791 2765 3844 ita
2807 3792 3132 3862 appellatam
3175 3795 3227 3850 in
3279 3797 3403 3854 ullis
3446 3800 3726 3873 legitimis,
3756 3819 3880 3874 pro-

2288 3877 2540 3947 pheticis,
2566 3883 2913 3953 evangelicis,
2943 3887 3370 3960 apostolicisque
3397 3891 3598 3948 litteris
3629 3897 3874 3966 leginms.

2356 3973 2408 4027 9.
2451 3975 2586 4029 Cum
2619 3976 2796 4048 itaque
2827 3979 2895 4035 de
2925 3980 3025 4036 hac
3044 3983 3239 4052 gratia,
3266 3984 3601 4044 Christianis
3628 3990 3874 4046 fidelibus

2285 4065 2676 4140 catholicisque
2716 4071 3032 4142 notissima,
3062 4076 3136 4130 illi
3170 4077 3509 4147 objiceretur
3541 4085 3788 4152 quaestio,
3823 4094 3878 4141 ut

2283 4176 2404 4216 eam
2445 4178 2758 4235 oppugnare
2786 4167 3098 4235 desineret;
3149 4171 3278 4241 quid
3325 4184 3409 4228 est
3447 4175 3592 4245 quod
3624 4192 3745 4231 cum
3780 4178 3877 4233 hoc

2284 4253 2384 4308 sibi
2421 4256 2470 4308 iu
2517 4256 2656 4311 libro
2681 4274 2780 4313 suo
2805 4260 2952 4315 velut
2980 4263 3050 4316 ab
3080 4263 3411 4322 adversante
3455 4283 3690 4338 persona
3742 4271 3874 4325 idem

2287 4347 2401 4416 ipse
2444 4348 2755 4419 objecisset,
2789 4363 2848 4408 ut
2891 4369 2951 4409 se
3001 4357 3386 4426 respondendo
3440 4375 3719 4432 purgaret,
3750 4365 3874 4420 nihil

2283 4439 2426 4493 aliud
2473 4444 2777 4513 respondit,
2813 4446 2915 4502 nisi
2951 4459 3199 4506 naturam
3231 4450 3257 4488 ἀ
3285 4455 3454 4508 creati
3507 4455 3745 4512 hominis
3791 4474 3876 4514 re-

2285 4529 2426 4587 ferre
2463 4536 2694 4604 gratiam
2740 4541 3039 4604 creatoris;
3082 4552 3247 4613 atque
3299 4547 3369 4600 ita
3418 4562 3479 4603 se
3529 4548 3736 4615 dicere,
3765 4550 3877 4606 sine

2284 4638 2504 4694 peccato
2526 4629 2737 4700 impleri
2761 4648 2918 4702 posse
2935 4635 3199 4704 justitiam
3221 4654 3318 4709 per
3340 4641 3572 4697 liberum
3597 4644 3874 4700 arbitrium

1279 4692 1370 4760 (ιυί
1426 4692 1522 4803 del}
1569 4694 1971 4756 incrementum
2032 4705 2172 4763 Deus
2201 4704 2255 4764 D
2277 4692 2401 4773 cum
2423 4692 2695 4790 adjuto-rio
2723 4692 3156 4799 divinaagratiae,
3189 4692 3334 4803 quod
3367 4736 3509 4791 Deus
3539 4737 3646 4793 hoc
3665 4739 3876 4795 dederit

578 2156 696 2227 Dei,
726 2175 958 2229 quorum
990 2163 1156 2219 etiam
1208 2168 1429 2223 nomina
1459 2163 1564 2225 non
1610 2181 1852 2228 tacemus
1885 2192 1899 2240 ;
1932 2191 2055 2230 nam
2087 2176 2184 2231 Τί-

581 2253 787 2309 tuasius
818 2266 872 2310 et
909 2255 1147 2314 Iacobus
1175 2271 1460 2319 vocantur.
1493 2263 1628 2333 Qui,
1661 2267 1803 2323 sicut
1833 2269 2143 2327 audivimus
2170 2318 2183 2340 ,

582 2354 636 2398 et
667 2345 837 2401 etiam
871 2363 1035 2406 nosse
1065 2351 1329 2422 dignaris,
1363 2355 1532 2425 ipsius
1567 2357 1771 2430 Pelagii
1804 2360 2186 2420 exhortatione

583 2451 735 2508 Spem
761 2456 923 2511 quam
955 2442 1312 2502 habebantin
1343 2451 1544 2506 saeculo
1567 2452 1930 2524 reliquerunt,
1961 2467 2017 2511 et
2045 2474 2187 2514 nunc

585 2533 939 2591 continentes
983 2537 1094 2592 Deo
1142 2542 1407 2597 serviunt.
1462 2544 1566 2612 Qui
1611 2563 1732 2602 cutn
1773 2549 1966 2605 eodem
1999 2567 2188 2610 errore

581 2625 804 2680 tandem
845 2628 1136 2699 aliquando
1162 2649 1260 2702 per
1298 2638 1755 2712 qualemcumque
1786 2659 2008 2713 operam
2061 2662 2188 2702 nos-

580 2728 719 2774 tram
779 2721 1013 2778 Domino
1068 2725 1372 2796 inSpirante
1426 2731 1780 2802 caruissent,
1843 2739 2186 2806 protulerunt

585 2811 839 2868 eumdem
873 2814 1093 2884 librum,
1124 2819 1327 2890 Pelagii
1359 2838 1480 2879 esse
1521 2825 1786 2896 dicentes,
1819 2842 1876 2885 et
1921 2843 1978 2886 ut
2009 2835 2056 2888 ei
2105 2851 2186 2891 re-

586 2907 976 2978 SpOnderetur.
1007 2913 1282 2982 impendio
1313 2931 1663 2988 rogaverunt.
1700 2923 1925 2980 Factum
1957 2937 2042 2982 cst
2070 2946 2082 2981 :
2116 2928 2182 2983 ad

583 3001 808 3058 eosdem
832 3008 1096 3076 rescripta
1124 3019 1206 3062 est
1235 3010 1348 3078 ipsa
1383 3017 1671 3082 responsio
1711 3016 1889 3087 (Liber
1910 3019 2062 3094 Augu
2093 3023 2187 3075 ιὶιιὶ

579 3094 641 3147 de
683 3094 892 3152 Natura
919 3109 966 3153 et
997 3099 1201 3172 Gratia)
1230 3121 1243 3170 ;
1290 3115 1513 3175 agentes
1543 3110 1746 3177 gratias
1786 3115 2188 3184 rescripseruut

583 3183 781 3257 (Epist.
825 3191 971 3257 apud
1002 3195 1279 3265 Augustin.
1312 3213 1450 3251 nunc
1494 3200 1642 3270 168).
1687 3183 1988 3275 Utrumque
2034 3209 2187 3263 misi-

581 3296 727 3348 utne,
763 3292 818 3338 et
847 3285 931 3338 cui
965 3300 1288 3355 responsum
1327 3301 1434 3356 est,
1465 3304 1520 3349 et
1543 3294 1686 3364 quod
1720 3313 2039 3367 reSponsum
2079 3314 2183 3358 est.
2215 3303 2260 3367 C

584 3371 650 3428 Et
674 3389 743 3429 ne
767 3376 992 3430 nimium
1019 3393 1265 3436 essemus
1292 3385 1538 3453 onerosi,
1568 3388 1718 3459 signa
1743 3389 1967 3446 fecimus
1990 3393 2072 3448 his
2104 3397 2184 3451 lo-

578 3467 678 3533 cis,
716 3468 808 3523 ubi
839 3472 1075 3539 petimus
1103 3473 1370 3544 inspicere
1415 3497 1482 3534 ne
1511 3485 1758 3550 graveris
1783 3526 1797 3551 ,
1828 3489 2186 3556 quemadmo-

579 3557 732 3627 dum,
764 3560 864 3617 sibi
895 3563 1112 3633 objecta
1142 3569 1445 3637 quaastione
1474 3573 1618 3642 quod
1645 3579 1876 3645 gratiam
1904 3579 1995 3634 Dei
2023 3598 2187 3652 nega-

579 3660 685 3714 ret,
719 3652 791 3707 ita
820 3656 1123 3735 respondit,
1161 3671 1217 3713 ut
1241 3676 1361 3716 eam
1389 3678 1515 3720 esse
1546 3680 1654 3721 non
1687 3669 1920 3740 diceret,
1950 3674 2054 3729 nisi
2089 3692 2185 3730 na-

583 3754 761 3800 turam
790 3748 847 3802 in
875 3765 981 3820 qua
1006 3769 1106 3808 nos
1134 3758 1380 3813 condidit
1409 3761 1574 3816 Deus.

653 3841 706 3894 7.
741 3841 798 3897 Si
830 3855 1012 3899 autem
1054 3847 1197 3905 hunc
1244 3866 1366 3908 esse
1404 3871 1561 3912 suum
1611 3858 1811 3916 librum
1859 3874 2042 3935 negat,
2091 3879 2184 3923 aut

577 3930 768 3987 eadem
813 3933 865 3988 in
897 3935 1040 3993 libro
1069 3939 1210 4009 loca,
1247 3959 1353 3998 non
1399 3951 1823 4007 contendimus:
1861 3958 2184 4017 anathemet

575 4022 691 4091 illa,
721 4035 778 4080 et
819 4041 940 4082 eam
973 4034 1300 4089 confiteatur
1338 4041 1686 4107 apertissime
1729 4047 1985 4117 gratiam,
2017 4068 2180 4122 quam

573 4115 828 4174 doctrina
871 4119 1184 4180 Christiana
1233 4127 1599 4203 demonstrat,
1647 4146 1700 4192 et
1741 4115 2180 4209 prrcdicat-eese

574 4215 852 4282 propriam
889 4215 1328 4278 Christianorum
1357 4267 1372 4292 ,
1405 4245 1526 4298 qua:
1557 4246 1666 4287 non
1697 4244 1782 4290 est
1832 4249 2047 4304 natura.
2082 4245 2181 4298 sed

569 4319 672 4376 qua
714 4311 958 4364 salvatur
1011 4322 1245 4369 natura:
1298 4327 1470 4388 llquae
1518 4335 1764 4380 naturam
1817 4347 1922 4384 non
1955 4336 2180 4392 auribus

568 4411 800 4456 sonante
825 4402 1095 4473 doctrina,
1131 4408 1213 4463 vel
1242 4410 1429 4482 aliquo
1451 4415 1769 4486 adjumeuto
1801 4422 1998 4480 visibili
2026 4427 2179 4486 fovet

566 4493 705 4550 sicut
725 4496 1002 4564 plantator
1024 4503 1261 4571 quodam
1283 4508 1446 4562 modo
1463 4518 1518 4564 et
1538 4511 1793 4583 irrigatur
1806 4523 2174 4588 extrinsecus,

567 4586 664 4641 sed
694 4585 1201 4649 s'ubutinistratiouc
1238 4597 1478 4666 Spiritus
1509 4611 1564 4658 et
1606 4607 1820 4662 occulta
1869 4612 2176 4670 misericor-

566 4676 675 4740 dia,
737 4682 878 4736 sicut
935 4683 1061 4738 facit
1121 4687 1234 4754 ille,

565 4767 752 4839 (tCor.
786 4787 864 4840 ιιι,
899 4774 978 4844 7).
1025 4775 1147 4832 Etsi
1188 4781 1332 4835 enim
1374 4785 1606 4852 quadam
1656 4806 1762 4845 non
1811 4794 2166 4863 improbanda

565 4861 779 4919 ratione
831 4864 1032 4922 dicitur
1073 4871 1246 4940 gratia
1310 4874 1405 4930 Dei
1458 4893 1562 4948 qua
1617 4884 1788 4939 creati
1839 4861 2050 4958 sumus,
2109 4904 2168 4950 ut

639 5032 664 5059 α
699 5023 772 5107 [ιιι
804 5023 892 5107 hic
917 5025 1074 5081 locus
1103 5029 1158 5107 in
1192 5030 1492 5107 novissima
1523 5033 1814 5107 Augustini
1849 5044 2094 5104 editione
2133 5067 2164 5106 e

565 5105 670 5178 pls.
707 5095 986 5178 Vaticano,
1037 5101 1120 5153 cui
1149 5101 1340 5178 etduo
1375 5103 1531 5178 golh.
1565 5095 1782 5178 finirent,
1819 5095 2161 5176 inguini;qu

566 5164 684 5263 fluit:
706 5169 774 5263 lIn
815 5169 937 5221 aliis
965 5172 1348 5263 autem‘lihris,
1378 5174 1590 5263 Met'lini
1620 5164 2160 5263 Editit'iue‘echc‘pt‘a:

481 5285 490 5292 .
565 5237 910 5320 desideratur
937 5237 1382 5320 qutunaturum...
1427 5248 1580 5315 fovet.
1619 5251 1692 5305 Ex
1725 5237 2166 5320 ιτιιιῆςῖιίἷξῗόἶ

567 5309 720 5393 cibus
762 5309 954 5393 solum
989 5309 1477 5393 printant_Qu_csi_t,
1520 5309 2162 5393 fretinuithei-iidve'i’n

567 5381 759 5436 iisdem
794 5382 965 5480 Iibjis,
996 5381 1530 5480 negnou‘in'ltlerl‘ini
1557 5381 2168 5480 εάξιιυηρ,ἓῖεὶῑῖιῖιηῆζ

561 5462 701 5536 tatur
747 5454 1128 5544 quodammodo
1185 5465 1230 5510 et
1275 5459 1544 5541 irrigatur,
1595 5468 1701 5522 nisi

566 5527 884 5597 particulam
923 5527 1055 5580 sicut
1085 5534 1365 5597 expunxit.

586 5670 615 5684 __
635 5596 680 5680 δ’
703 5597 845 5653 Edit.
875 5597 1032 5652 Rom.
1077 5596 1228 5671 agere
1249 5602 1524 5659 debeamus
1553 5623 1572 5662 :
1605 5612 1904 5684 corrigitur
1945 5637 2012 5677 ex
2042 5625 2165 5681 aliis

560 5668 857 5827 Ilbglsépud
890 5741 1068 5826 Merl.,
1098 5741 1260 5827 σφι).
1289 5753 1343 5799 et
1376 5744 1429 5801 itt
1477 5755 1764 5823 Augustini
1801 5760 2045 5824 editione
2075 5769 2163 5827 hic

564 5812 815 5883 adjicitur
841 5830 944 5867 non
969 5815 1249 5871 immerito.

636 5881 660 5921 λλ
701 5881 863 5940 Solus
893 5887 1099 5953 Quo-su.
1151 5897 1389 5945 naturam
1436 5897 1592 5949 creati
1621 5903 1810 5968 referri
1839 5909 1907 5958 ad
1937 5913 2157 5977 gratiam

2281 4811 2490 4868 homini
2525 4817 2638 4885 ipsa
2670 4821 3033 4888 possibilitate
3061 4829 3317 4882 Ddllll'ilt?

2349 4904 2437 4958 10.
2489 4905 2587 4962 Cui
2635 4912 2830 4968 merito
2874 4916 3240 4986 respondetur
3273 4937 3288 4975 :
3325 4919 3465 4995 Ergo
3488 4933 3878 4981 evacuutttntest

2270 5064 2540 5118 creatoris.
2575 5065 2968 5146 lstud_re[ei:re,
3004 5074 3054 5130 id
3080 5085 3166 5132 est
3192 5079 3341 5146 quod
3373 5080 3424 5134 in
3448 5096 3508 5137 se
3536 5083 3798 5140 exhibere
3819 5101 3879 5142 ac

2272 5145 2692 5221 {ppu-mscntare.
2723 5141 2851 5221 Ipsa
2874 5141 3262 5221 Pelagiiverba
3299 5153 3637 5221 Augustinus
3679 5156 3771 5211 lib.
3815 5141 3879 5215 de

2271 5201 2391 5283 hiat.
2439 5220 2492 5283 et
2535 5222 2672 5278 grat.
2709 5201 2764 5267 οἶ
2793 5216 2882 5276 51.
2910 5201 3261 5275 exscrihitac
3294 5201 3464 5277 refgrt
3493 5227 3546 5279 in
3579 5226 3720 5283 hunc
3764 5247 3878 5282 lim-

2270 5274 2395 5357 dunt
2425 5295 2436 5330 :
2469 5274 2596 5348 Ipsa
2626 5300 2728 5338 non
2756 5274 3004 5357 peccandi
3037 5274 3484 5357 possibilitas—non
3517 5309 3623 5352 tam
3653 5302 3706 5353 in
3736 5303 3876 5354 arbi-

2270 5348 2356 5427 trii
2385 5361 2656 5438 potestate,
2695 5348 2850 5424 quam
2899 5361 2954 5438 in
3001 5348 3197 5438 natura:
3241 5348 3673 5425 necessitateest.
3707 5371 3873 5438 Quid-

2267 5421 2398 5501 quid
2429 5423 2484 5476 in
2517 5421 2720 5513 natura"
2747 5434 3049 5486 necessitate
3067 5436 3294 5513 positum
3319 5448 3426 5513 est,
3439 5443 3509 5492 ad
3539 5421 3874 5513 uaturtgpero

2267 5491 2426 5546 linere
2453 5512 2554 5580 non
2577 5497 2848 5580 dubitatur
2875 5491 3362 5580 auctorem,utique
3383 5491 3574 5566 Deum.
3607 5491 3873 5580 Quonioda

2267 5577 2390 5636 ergo
2420 5566 2612 5648 absque
2639 5569 2740 5650 pei
2760 5575 2929 5643 gratia
2955 5575 3061 5629 dici
3085 5566 3435 5650 existimatur,
3456 5584 3594 5650 quod
3610 5566 3681 5636 ’ἇά
3715 5585 3870 5639 Deum

2269 5637 2478 5720 prOprie
2515 5637 2780 5712 pertinere
2797 5656 3113 5701 monstratur
3135 5651 3159 5702 ?
3185 5647 3290 5714 lbi,
3329 5637 3504 5721 inquit
3548 5658 3733 5709 statim
3765 5637 3874 5711 Att-‘-

2265 5710 2819 5787 gustiuus',»c.rpressa
2845 5729 2917 5772 est
2945 5723 3192 5774 sententia
3218 5710 3342 5787 quae
3380 5710 3595 5780 latebat.
3623 5724 3753 5782 Ideo
3767 5710 3872 5783 Dei

2265 5781 2452 5847 gratiae
2497 5785 2676 5869 tribuit
2717 5803 2818 5841 non
2863 5792 3113 5869 peccandi
3142 5781 3564 5869 possibilitatem,
3601 5799 3724 5868 quia
3762 5781 3869 5869 ejus

2266 5859 2468 5940 natura;
2501 5853 2635 5908 Deus
2674 5853 2991 5940 auctor'est,
3028 5863 3112 5915 cui
3142 5853 3562 5940 possibilitatem
3607 5853 3708 5925 non
3755 5853 3868 5940 nec;

2266 5923 2421 5973 randi
2449 5923 2861 5994 inseparabiliter
2884 5933 3094 5986 insitam
3120 5923 3266 5988 dicit.
