4084 6342
188 279 291 334 577

1423 287 1781 350 EPISTULBE
1818 293 1909 353 ET
1951 295 2296 357 DECRETA.

3394 318 3501 379 578

186 397 493 453 scandalum
533 405 708 457 cruris
734 403 945 476 (Galat.
974 418 1026 474 ν,
1054 405 1169 478 11).
1198 405 1338 478 Ergo
1379 407 1614 467 Christus
1637 416 1798 485 gratis
1824 440 1877 498 Α
1905 427 2014 472 tum
2063 421 2185 488 ﬁdei
2233 423 2458 494 (utique
2483 425 2756 493 eumdem,
2789 441 2948 498 quem
2980 437 3038 487 et
3063 432 3141 488 illi
3175 433 3194 504 )
3220 439 3503 494 secundum

189 503 420 547 mortuus
445 506 520 550 est
561 495 760 569 (Rom.
791 516 860 563 tv,
886 498 956 554 25
974 503 1013 569 ).
1041 507 1068 536 τι
1091 499 1228 555 Num
1254 501 1399 557 enim
1417 543 1431 569 ,
1456 503 1502 558 si
1527 521 1634 560 non
1672 521 1797 561 mo-

187 594 401 642 reretur
427 598 662 660 prepter
693 592 893 649 delicta
928 603 1114 650 nostra
1151 605 1203 650 et
1229 608 1542 668 resurgeret
1577 611 1798 670 pr0pter

180 678 634 749 iustificationem
699 695 967 753 nostram,
1024 701 1124 741 nec
1180 688 1503 744 ascenderet
1541 689 1596 744 in
1628 690 1794 746 altum

183 780 234 826 et
261 774 556 842 captivans
579 778 957 846 captivitatem
989 778 1146 835 daret
1168 779 1309 835 dona
1330 779 1665 851 hominibus,
1691 783 1796 838 ista

184 875 390 922 natura:
433 870 806 939 possibilitas,
854 889 1015 944 quam
1071 875 1333 942 defendit,
1386 876 1437 931 in
1486 877 1796 935 hominibus

182 975 284 1016 non
328 971 484 1018 esset
535 963 713 1038 (Eph.
751 982 825 1032 tv,
857 967 918 1032 8;
966 967 1113 1023 Psal.
1149 986 1322 1036 uvu,
1349 970 1489 1042 -l9)?
1534 971 1616 1028 An
1659 976 1796 1031 forte

184 1053 272 1109 Dei
302 1056 630 1113 mandatum
663 1059 873 1126 deerat,
900 1070 954 1116 et
976 1061 1100 1117 ideo
1127 1061 1380 1119 Christus
1402 1073 1651 1121 mortuus
1673 1068 1796 1122 est?

181 1151 346 1208 Immo
370 1152 491 1222 jam
525 1163 585 1210 et
620 1155 725 1212 hoc
755 1166 874 1212 erat
901 1169 1151 1214 sanctum
1181 1169 1236 1214 et
1261 1159 1469 1228 justum
1500 1169 1554 1216 et
1592 1161 1792 1217 bonum

183 1245 366 1317 (Rom.
394 1263 496 1313 v11,
529 1248 656 1320 12).
683 1249 800 1306 Jam
844 1251 1050 1307 dictum
1081 1251 1278 1320 fuerat,
1315 1254 1436 1309 Non
1470 1255 1794 1330 concupisces

181 1337 389 1410 (Exod.
426 1357 525 1406 xx,
565 1341 704 1414 l7);
744 1343 856 1414 jam
896 1344 1101 1400 dictum
1149 1344 1361 1414 fuerat,
1389 1345 1587 1420 Diliges
1615 1351 1794 1416 promi-

177 1452 308 1488 nnnn.
333 1445 490 1490 tuum
514 1440 784 1502 tamquam
807 1448 854 1492 te
876 1441 1046 1510 ipsum
1075 1438 1277 1510 (Levit.
1303 1455 1418 1508 xtx,
1445 1440 1577 1511 18).
1609 1440 1663 1494 1η
1686 1456 1794 1512 quo

175 1542 432 1584 sermone
489 1530 794 1599 Apostolus
849 1547 1068 1587 omnem
1137 1532 1311 1602 legem
1376 1532 1511 1587 dicit
1578 1533 1791 1604 impleri

175 1619 363 1695 (Rom.
394 1638 520 1687 ιιιιι,
552 1623 587 1680 9
616 1624 658 1692 ).
686 1623 756 1678 Ει
775 1626 1037 1695 quoniam
1065 1625 1166 1680 nisi
1199 1626 1391 1698 diligat
1416 1627 1607 1692 Deum,
1634 1644 1794 1684 nemo

173 1714 347 1785 diligit
376 1731 442 1772 se
479 1717 669 1787 ipsum
695 1734 710 1784 ;
742 1717 864 1775 ideo
913 1718 1176 1773 Dominus
1205 1719 1257 1773 in
1300 1718 1382 1774 his
1410 1719 1624 1776 duobus
1651 1737 1792 1792 prae-

1901 513 2039 580 qttod
2088 513 2336 583 scriptum
2383 525 2458 571 est
2506 517 2586 587 (ll
2624 519 2746 574 Cor.
2786 538 2856 591 Iv,
2886 525 3013 594 l5),
3042 523 3251 582 Credidi
3293 541 3504 602 propter
3554 585 3571 590 ,_
3617 583 3639 594 ,

1899 602 2039 670 quod
2062 603 2266 659 locutus
2295 624 2431 674 sum,
2455 619 2503 662 et
2526 627 2619 666 nos
2643 614 2922 685 credimus,
2953 629 3162 689 prOpter
3188 624 3330 691 quod
3354 633 3404 678 et
3428 624 3505 678 lo-

1898 693 2106 762 quimur
2135 696 2153 767 (
2183 695 2332 751 Psol.
2363 715 2489 766 cxv,
2541 703 2566 757 1
2593 702 2635 774 ).
2679 703 2810 761 Inde
2832 715 2935 774 est,
2961 707 3104 779 quod
3143 711 3216 764 ait
3247 710 3362 782 ipse
3386 729 3504 770 me-

1901 783 2409 846 diator:Abraltam
2455 798 2746 866 concupivit
2790 799 2962 855 videre
3010 802 3148 857 diem
3195 820 3410 872 meum;
3453 817 3501 862 et

1899 878 2048 940 vidit,
2087 889 2134 934 et
2159 884 2365 952 gavisus
2409 888 2699 959 est(Joon.
2728 908 2850 959 vm,
2889 893 3006 966 56).
3041 894 3172 952 Inde
3212 897 3503 956 Melchisc~

1898 971 2062 1038 dech,
2096 977 2306 1044 prolato
2347 993 2690 1040 sacramento
2738 1002 2942 1044 mensa:
2988 989 3304 1061 Dominiczc,
3352 994 3502 1051 novit

1898 1075 2158 1124 aeternum
2203 1073 2322 1143 ejus
2363 1078 2726 1136 sacerdotium
2758 1081 2996 1154 figurare
3029 1085 3194 1160 (Gen.
3229 1105 3341 1154 xw,
3369 1089 3496 1163 18).

1895 1160 2014 1215 Jam
2041 1179 2169 1218 vero
2196 1165 2320 1221 data
2352 1169 2402 1224 in
2429 1170 2627 1228 litteris
2659 1173 2825 1246 Lege,
2852 1193 3015 1248 quam
3042 1180 3176 1237 dicit
3199 1160 3499 1252 Apostolus

1895 1254 2236 1314 Subintrasse
2273 1270 2335 1315 ut
2385 1262 2685 1321 abundaret
2733 1268 2990 1325 delictum
3029 1271 3222 1345 (Rom.
3268 1291 3322 1341 ν,
3364 1276 3494 1349 20),

1895 1358 1950 1404 et
1973 1349 2040 1404 de
2064 1368 2166 1421 qua
2192 1353 2361 1410 dicit:
2393 1355 2454 1412 Si
2469 1375 2590 1429 ergo
2606 1376 2670 1414 ex
2693 1359 2833 1434 Lege
2855 1366 3132 1433 hereditas,
3153 1371 3270 1439 jam
3301 1386 3402 1426 non
3433 1387 3496 1426 ex

1893 1446 2255 1514 promissione.
2289 1449 2509 1505 Abraha'
2533 1464 2702 1508 autem
2727 1473 2819 1526 per
2848 1461 3294 1531 repromissionem
3327 1466 3491 1520 dona-

1893 1538 1962 1592 vit
2015 1536 2172 1594 Deus.
2215 1542 2355 1606 Quid
2408 1545 2568 1616 igitur
2611 1547 2768 1604 Lex?
2824 1550 3274 1627 Transgressionis
3321 1549 3494 1631 gratia

1896 1641 1918 1669 ο
1938 1634 2106 1703 posita
2129 1645 2224 1702 est,
2245 1637 2408 1692 donec
2425 1643 2617 1696 veniret
2643 1660 2812 1699 semen
2839 1649 2923 1700 cui
2941 1651 3249 1717 promissum
3272 1663 3368 1720 est,
3386 1653 3495 1709 dis-

1891 1729 2118 1797 positum
2145 1747 2235 1801 per
2264 1731 2489 1806 Angelos
2516 1736 2570 1789 in
2591 1753 2748 1792 manu
2772 1740 3089 1797 mediatoris.
3111 1743 3372 1800 Mediator
3397 1763 3492 1802 att-

172 1810 342 1878 ceptis
391 1817 572 1864 totam
651 1810 827 1882 legem
902 1811 1310 1894 Prophetasque
1360 1812 1495 1868 dicit
1548 1816 1788 1885 pendere
1818 1834 1866 1893 Β
1893 1824 1994 1872 tem
2017 1821 2169 1875 unius
2203 1839 2306 1877 non
2331 1833 2427 1889 est,
2459 1824 2601 1880 Deus
2629 1839 2799 1884 autem
2827 1848 2958 1886 unus
2983 1844 3078 1888 est.
3109 1833 3220 1890 Lex
3245 1854 3365 1908 ergo
3393 1839 3492 1892 ad-

172 1903 395 1974 (Mottlt.
423 1921 568 1972 χχιι,
600 1905 729 1977 40).
763 1907 897 1974 Quae
919 1906 1030 1963 duo
1055 1915 1326 1978 praecepta
1361 1907 1472 1977 jam
1503 1917 1659 1962 erant
1687 1909 1786 1964 ho-

173 2000 412 2054 minibus
449 1999 726 2054 divinitus
755 2000 902 2055 data.
933 2000 1018 2056 An
1057 2011 1324 2056 internum
1363 2003 1644 2072 pnemium
1672 2003 1787 2072 jus-

172 2092 298 2149 litirc
331 2094 682 2161 promissum
732 2095 970 2149 nondum
1011 2094 1169 2150 erat?
1201 2094 1314 2151 Hoc
1344 2096 1464 2166 ipse
1499 2111 1604 2150 non
1631 2096 1780 2162 dicit,

172 2187 255 2257 qui
299 2186 353 2240 in
414 2185 536 2242 suis
585 2186 790 2241 litteris
822 2187 1030 2256 posuit,
1061 2187 1224 2242 etiam
1271 2188 1324 2242 in
1374 2188 1546 2244 veteri
1598 2187 1788 2244 Testa-

171 2290 350 2336 mento
383 2295 628 2350 regnum
657 2280 922 2337 ccelorum
949 2295 1069 2336 esse
1093 2280 1442 2351 promissum.
1474 2281 1529 2338 Si
1559 2297 1689 2353 ergo
1718 2283 1785 2338 ad

173 2373 479 2430 faciendam
514 2374 1024 2444 perﬁciendamque
1064 2375 1332 2444 justitiam
1374 2376 1484 2444 jam
1540 2385 1658 2430 erat
1691 2391 1787 2430 na-

176 2477 304 2524 tura:
363 2469 716 2539 possibilitas
772 2483 868 2539 per
910 2467 1140 2522 liberum
1187 2467 1492 2534 arbitrium,
1514 2468 1626 2538 jam
1669 2480 1785 2524 erat

172 2562 300 2633 legis
325 2563 421 2618 Dei
452 2574 712 2618 sanctum
754 2572 808 2617 et
847 2561 1054 2633 justum
1097 2561 1408 2633 bonumque
1449 2562 1782 2632 mandatum,

168 2653 271 2725 jam
315 2664 434 2710 erat
471 2655 812 2726 promissum
862 2655 1146 2725 praemium
1189 2655 1580 2724 sempiternum
1614 2674 1624 2709 :
1656 2672 1785 2728 ergo

172 2745 425 2804 Christus
455 2749 640 2820 gratis
676 2756 924 2804 mortuus
950 2757 1054 2804 est.

241 2842 324 2895 ll.
371 2843 525 2912 Ergo
552 2856 737 2911 neque
770 2855 865 2910 per
901 2840 1072 2912 legem
1096 2839 1331 2910 juSIitia,
1366 2856 1542 2912 neque
1568 2857 1667 2912 per
1691 2859 1786 2897 na-

173 2945 298 2992 turtn
324 2935 766 3006 possibilitatem
795 2949 809 2999 ;
836 2933 931 2989 sed
956 2951 1023 2990 ex
1057 2934 1162 2990 lide
1188 2950 1252 2989 ac
1274 2935 1422 2990 dono
1450 2935 1541 2990 Dei
1570 2951 1667 3005 per
1695 2935 1788 2992 Je-

171 3045 282 3085 sum
308 3029 603 3085 Christum
645 3028 936 3082 Dominum
970 3036 1217 3083 nostrum
1243 3043 1406 3081 unum
1430 3027 1781 3082 mediatorem

172 3124 261 3182 Dei
289 3137 342 3182 et
376 3125 706 3181 hominum.
751 3122 855 3190 Qui
899 3121 1003 3177 nisi
1051 3123 1103 3176 in
1153 3119 1490 3191 plenitudine
1528 3122 1784 3191 temporis

1890 1929 2063 1968 versus
2095 1919 2353 1987 promissa
2396 1918 2539 1974 Dei?
2564 1922 2731 1978 Absit.
2774 1924 2836 1981 Si
2878 1927 3016 1981 enim
3059 1929 3182 1983 data
3210 1940 3339 1985 esset
3378 1931 3490 1988 Leo:

1889 2022 2005 2076 quin
2047 2017 2215 2076 posset
2264 2012 2540 2082 vivi/icore,
2588 2017 2797 2070 omnino
2826 2035 2893 2072 ea:
2917 2018 3054 2093 Lege
3094 2032 3222 2076 esset
3254 2025 3489 2096 justitia.

1890 2096 1998 2152 Sed
2024 2100 2278 2155 conclusit
2303 2103 2581 2176 Scriptura
2609 2111 2784 2165 omnia
2815 2113 2908 2166 sub
2936 2123 3162 2185 peccato,
3189 2126 3247 2170 ut
3269 2120 3491 2188 promis-

1889 2191 1968 2245 sio
1999 2209 2061 2246 σεε
2090 2194 2193 2263 ﬁde
2231 2195 2362 2250 Iesu
2411 2196 2603 2254 Christi
2651 2201 2868 2258 daretur
2913 2208 3236 2264 credentibus
3276 2209 3490 2282 (Colat.

1890 2299 1968 2350 ιιι,
2011 2285 2099 2354 18,
2130 2304 2273 2359 seqq.
2300 2289 2344 2360 ).
2375 2289 2568 2348 Nonne
2613 2299 2748 2349 satis
2795 2298 3102 2354 ostenditur
3159 2301 3262 2359 hoc
3307 2315 3485 2362 actum

1889 2392 2014 2434 esse
2038 2395 2134 2448 per
2156 2380 2380 2454 Legem,
2407 2395 2463 2439 ιιι
2506 2399 2791 2456 peccatum
2829 2404 3240 2465 agnosceretur,
3272 2407 3330 2454 et
3350 2415 3490 2470 prae-

1891 2473 2222 2530 varicalione
2282 2482 2618 2547 augeretur?
2652 2482 2751 2538 Ubi
2798 2486 2933 2540 enim
2973 2489 3059 2543 lex
3108 2503 3337 2561 nonest,
3394 2511 3488 2550 nec

1890 2569 2245 2636 prtevaricatio
2273 2571 2292 2644 (
2306 2571 2459 2627 Rom.
2487 2589 2564 2642 tv,
2595 2574 2727 2647 15);
2750 2587 2806 2634 et
2827 2579 2905 2634 sic
2927 2580 3184 2638 adversus
3203 2585 3488 2644 victoriam

1891 2663 2100 2732 peccati
2128 2663 2193 2719 ad
2222 2665 2457 2722 divinam
2489 2671 2744 2740 gratiam,
2771 2689 2894 2743 quae
2934 2675 2991 2731 in
3030 2679 3486 2747 promissionibus

1889 2763 1996 2824 est,
2020 2757 2408 2830 confugeretur
2436 2781 2449 2816 :
2481 2774 2646 2835 atque
2671 2767 2742 2822 ita
2773 2767 2886 2825 Lex
2915 2785 3022 2826 non
3047 2783 3195 2830 esset
3223 2775 3488 2835 adversus

1890 2850 2160 2917 promissa
2185 2851 2300 2917 Dei,
2343 2854 2466 2923 quia
2501 2855 2623 2910 ideo
2670 2874 2767 2927 per
2806 2859 2955 2916 illam
2997 2862 3057 2918 lit
3085 2867 3327 2936 cognitio
3353 2884 3486 2940 pec-

1889 2942 2014 3007 cati,
2049 2953 2103 2999 et
2127 2959 2195 2999 cx
2215 2949 2666 3014 prtevaricatione
2695 2951 2852 3024 Legis
2878 2955 3207 3015 abundantia
3253 2964 3482 3034 peccati,

1889 3041 1948 3086 ttt
1993 3033 2060 3087 ad
2102 3035 2478 3094 liberationem
2545 3054 2858 3112 quaerantur
2919 3049 3314 3117 promissiones
3365 3033 3485 3125 Dei,

1889 3124 2030 3194 quod
2057 3134 2142 3181 est
2166 3129 2340 3196 gratia
2372 3131 2497 3197 Dei;
2523 3144 2577 3188 et
2605 3134 2828 3205 incipiat
2851 3153 2972 3195 esse
3000 3139 3054 3195 in
3081 3142 3303 3201 homine
3321 3124 3487 3216 justi?

171 3228 414 3275 mortuus
448 3227 609 3276 esset
639 3227 860 3287 propter
891 3215 1090 3270 delicta
1126 3224 1336 3283 nostra,
1363 3222 1416 3270 et
1454 3215 1786 3269 rcsurrexis-
1811 3234 1855 3296 (ς
1892 3218 1986 3283 tia,
2022 3233 2129 3274 non
2161 3235 2282 3287 sua,
2310 3223 2403 3278 sed
2433 3224 2548 3288 Dei,
2581 3226 2683 3283 hoc
2715 3239 2821 3295 est,
2855 3230 2978 3286 data
3008 3233 3153 3290 dono
3185 3236 3304 3293 Dei.

171 3323 250 3369 set
290 3324 520 3384 propter
561 3309 1016 3382 justilicationem
1055 3319 1298 3364 nostram
1330 3305 1518 3379 (Rom.
1544 3322 1618 3372 tv,
1642 3306 1782 3378 25);

173 3405 414 3476 profecto
439 3416 497 3462 et
529 3404 883 3474 antiquorum
917 3403 1052 3458 fides
1083 3409 1463 3463 evacuarelur,
1492 3407 1548 3455 et
1574 3408 1781 3456 nostra.

171 3500 296 3557 Fide
337 3514 474 3556 vero
513 3507 820 3564 evacuata,
853 3512 975 3568 quae
1019 3493 1225 3550 homini
1249 3493 1456 3564 justitia
1482 3501 1783 3560 remaneat,

170 3611 283 3649 cum
306 3594 495 3665 justus
523 3608 594 3648 ex
625 3591 732 3646 fide
755 3590 898 3645 vivat
952 3590 968 3662 (
998 3588 1126 3644 Heb.
1167 3605 1221 3656 ιι,
1253 3590 1352 3653 58;
1380 3587 1534 3642 Rom.
1573 3604 1608 3656 ι,
1642 3588 1785 3659 l7)?

169 3687 244 3744 Ex
270 3705 380 3761 quo
411 3688 568 3744 enim
606 3702 707 3756 per
746 3701 912 3740 unum
944 3683 1224 3740 hominem
1251 3692 1535 3753 peccatum
1567 3683 1787 3738 intravit

171 3781 219 3837 in
247 3783 540 3849 mundum,
576 3792 636 3836 et
664 3795 760 3849 per
783 3787 1069 3849 peceatum
1103 3792 1275 3842 mors,
1317 3786 1372 3832 et
1401 3777 1473 3832 ita
1508 3779 1562 3832 in
1596 3792 1787 3833 omnes

170 3875 419 3932 homines
479 3872 830 3946 pertransiit,
888 3872 943 3926 in
993 3887 1103 3944 quo
1166 3886 1361 3927 onmcs
1422 3881 1786 3942 peccaverunt

171 3968 352 4041 (Rom.
379 3986 444 4033 γ,
481 3967 589 4038 12)
620 3985 634 4021 :
660 3966 854 4036 procul
877 3965 1043 4021 dubio
1068 3981 1095 4019 a
1127 3980 1360 4035 corpore
1384 3966 1573 4020 mortis
1601 3965 1780 4036 hujus,

169 4062 250 4119 ubi
295 4063 382 4118 lex
414 4061 551 4132 {alia
588 4069 857 4129 repugnat
911 4058 1017 4129 legi
1065 4058 1265 4114 mentis
1321 4058 1516 4131 (Rom.
1569 4075 1661 4124 vn,
1712 4059 1780 4113 ‘21

166 4153 356 4226 ει24),
396 4153 688 4209 neminem
722 4150 973 4207 liberavit
994 4159 1086 4206 aut
1118 4152 1314 4206 liberat
1356 4149 1384 4188 ι)
1425 4165 1518 4205 sua
1551 4151 1786 4221 possibi-

167 4245 304 4316 litas,
338 4262 466 4320 qua:
515 4245 761 4316 perdita,
794 4245 1141 4316 redemptore
1173 4245 1414 4316 indiget;
1442 4246 1646 4312 saucia,
1679 4245 1784 4300 sal-

167 4354 347 4400 vatore
377 4364 392 4401 :
419 4344 520 4400 sed
548 4342 729 4415 gratia
759 4342 852 4397 Dei
902 4358 1001 4412 per
1051 4341 1210 4398 fidem
1255 4340 1416 4396 unius
1468 4340 1784 4397 mediatoris

168 4433 255 4492 Dei
277 4447 333 4493 et
363 4437 690 4502 hominum,
744 4433 984 4490 hominis
1030 4432 1241 4490 Christi
1300 4433 1430 4490 Jesu
1456 4433 1510 4504 (l
1550 4433 1682 4489 Tim.
1720 4451 1780 4501 ιι,

167 4527 271 4598 5);
300 4530 394 4601 qui
429 4539 487 4585 et
514 4527 662 4584 Deus
685 4542 806 4582 cum
853 4537 1022 4594 esset,
1072 4527 1351 4583 hominem
1401 4527 1548 4596 fecit,
1576 4535 1631 4584 et
1667 4544 1784 4584 nta-

167 4635 293 4678 nens
327 4623 500 4688 Deus,
530 4620 704 4675 homo
733 4618 904 4676 factus
929 4619 1123 4676 refecit
1148 4621 1263 4690 ipse
1293 4619 1435 4691 quod
1467 4619 1615 4676 fecit.

233 4715 320 4770 12.
364 4716 511 4772 Puto
560 4723 747 4769 autem
793 4714 938 4785 quod
968 4730 1091 4770 eum
1128 4715 1315 4781 lateat,
1349 4713 1508 4770 ﬁdem
1551 4712 1774 4784 Cltristi,

167 4823 280 4879 quae
321 4817 520 4880 postea
567 4807 624 4861 in
667 4806 1061 4862 revelationem
1088 4809 1257 4874 venit,
1293 4807 1346 4862 in
1373 4808 1590 4864 occulto
1616 4807 1781 4865 fuisse

168 4901 506 4972 temporibus
559 4908 776 4969 patrum
845 4907 1195 4967 nostrorum;
1245 4915 1342 4970 per
1385 4917 1546 4970 quant
1599 4910 1779 4960 tamen

165 4994 322 5050 etiam
355 4994 468 5066 ipsi
504 4992 608 5048 Dei
635 4992 809 5062 gratia
841 4991 1056 5049 liberati
1103 5001 1252 5061 sunt,
1295 4995 1619 5065 quicumque
1656 5012 1776 5052 om-

164 5088 320 5145 nibus
369 5087 606 5161 generis
656 5086 878 5142 humani
924 5088 1261 5158 temporibus
1314 5088 1529 5145 liberari
1581 5100 1774 5161 potue-

165 5192 304 5251 runt,
353 5181 587 5240 occulto
618 5180 826 5251 judicio
859 5181 978 5247 Dei,
1026 5198 1130 5237 non
1182 5192 1361 5239 tamen
1407 5183 1773 5255 vituperabili.

168 5272 314 5332 Unde
335 5277 480 5332 dicit
503 5275 841 5344 Apostolus:
863 5275 1129 5332 Habentes
1154 5285 1327 5332 autem
1356 5278 1592 5332 eumdem
1618 5277 1777 5348 spiri-

233 5399 260 5427 ε
301 5392 446 5447 Edit.
512 5389 682 5445 Rom.
745 5397 801 5443 et
847 5390 1072 5454 concil.,
1125 5389 1249 5444 Non
1313 5391 1476 5445 enim.
1532 5390 1781 5447 Subinde

164 5460 314 5518 Mer].
345 5475 402 5519 et
433 5461 638 5528 Crab.,
665 5476 756 5514 nec
777 5461 1087 5516 ascendisset
1114 5463 1168 5515 in
1196 5460 1361 5516 altum
1391 5471 1438 5516 et
1463 5463 1736 5528 captivons
1762 5479 1781 5527 ,'

164 5533 293 5588 edit.
321 5534 491 5590 Rom.
526 5541 591 5588 et
621 5531 783 5599 Lab.,
821 5549 910 5586 nec
964 5535 1246 5588 ascendens
1286 5535 1341 5588 in
1395 5535 1586 5602 altum,
1619 5537 1781 5606 capti-

164 5620 308 5659 rans.

237 5675 262 5713 δ
300 5677 356 5734 ln
388 5673 736 5750 quibusdam
788 5689 921 5732 mss.
975 5675 1258 5750 mendose,
1299 5692 1410 5750 sua:
1446 5676 1782 5750 possibilitas.

167 5745 304 5803 llinc
328 5745 658 5830 antiquario
705 5745 1074 5830 datanoccasio
1104 5748 1368 5830 secundis
1417 5747 1585 5830 curis
1607 5750 1659 5803 in
1685 5748 1787 5830 Na-

169 5831 354 5877 varreo
399 5817 481 5877 ac'
524 5820 675 5875 forte
711 5817 762 5871 in
795 5818 916 5874 aliis
947 5819 1180 5876 addendi
1209 5829 1435 5876 naturae.
1467 5818 1622 5876 Unde
1648 5830 1702 5875 et
1735 5821 1786 5876 in

1963 3309 2050 3364 15.
2093 3312 2264 3379 Quam
2296 3316 2458 3369 etiam
2491 3334 2634 3374 nunc
2650 3321 2890 3390 quidam,
2921 3325 3219 3396 ignorantes
3240 3328 3341 3386 Dei
3360 3335 3485 3405 jus-

1890 3401 2077 3468 titiam,
2105 3405 2246 3460 sicut
2294 3417 2348 3462 et
2399 3417 2524 3466 tunc
2553 3410 2620 3466 de
2649 3411 2852 3469 Judaris
2901 3416 3105 3474 dictum
3135 3431 3242 3489 est,
3267 3432 3314 3478 et
3339 3401 3487 3483 suam

1889 3494 2110 3551 volentes
2163 3501 2502 3569 constituere,
2541 3505 2766 3574 justiticc
2818 3505 2918 3564 Dei
2962 3527 3065 3566 non
3107 3524 3228 3569 sunt
3275 3517 3492 3590 subjecti

1892 3588 2082 3661 (Rom.
2110 3609 2164 3657 ιι,
2194 3593 2228 3648 5
2246 3594 2288 3665 ).
2328 3594 2432 3651 Per
2462 3596 2659 3670 Legem
2708 3601 2904 3672 quippe
2935 3614 2989 3660 et
3016 3605 3093 3662 illi
3120 3588 3408 3677 justificari
3431 3627 3492 3670 se

1889 3684 2246 3753 arbitrantur,
2272 3690 2575 3749 sufficiente
2612 3693 2714 3748 sibi
2740 3696 2804 3750 ad
2829 3713 2949 3754 eam
2988 3703 3399 3760 custodiendam
3429 3707 3494 3762 li-

1889 3778 2022 3835 bero
2049 3781 2296 3845 arbitrio.
2332 3783 2435 3840 hoc
2461 3795 2566 3851 est,
2594 3789 2810 3857 justitia
2849 3807 2945 3847 sua
2972 3795 3179 3864 prolata
3205 3813 3270 3853 ex
3298 3780 3496 3858 natura

1895 3875 2153 3938 humana,
2191 3895 2296 3933 non
2329 3880 2527 3937 donata
2558 3899 2622 3938 ex
2652 3886 2820 3954 gratia
2853 3887 3054 3956 divina,
3080 3902 3302 3964 propter
3343 3896 3490 3965 quod

1883 3967 2096 4037 jusutia
2147 3971 2240 4026 Dei
2284 3972 2505 4030 dicitur.
2538 3975 2696 4034 Unde
2746 3979 2874 4035 item
2927 3983 3190 4055 scriptum
3229 3996 3349 4044 est:
3386 3988 3492 4046 Per

1899 4060 2089 4136 Legem
2119 4067 2255 4120 enim
2284 4071 2508 4140 c0gnitio
2535 4075 2751 4143 peccati.
2805 4073 2963 4131 Nunc
2999 4089 3168 4133 autem
3219 4082 3328 4136 sine
3357 4082 3490 4157 Lege

1887 4156 2093 4224 iustitia
2121 4155 2224 4212 Dei
2251 4162 2583 4231 manifestata
2627 4174 2720 4230 est,
2757 4167 3030 4236 testiﬁcata
3073 4186 3164 4240 per
3216 4170 3402 4245 Legem
3432 4155 3491 4229 et

1890 4247 2185 4321 PrOpItetas
2211 4251 2388 4323 (Rom.
2425 4270 2502 4318 ιιι,
2533 4255 2648 4326 ⁸21).
2688 4255 2822 4312 Cum
2868 4259 3001 4315 dicit
3035 4265 3362 4333 manifestata
3391 4275 3486 4331 est,

1889 4341 2133 4398 ostendit
2160 4344 2283 4413 quia
2313 4353 2368 4400 et
2399 4353 2524 4401 tunc
2549 4357 2686 4414 erat,
2720 4348 2814 4403 scd
2859 4357 3130 4422 tamquam
3161 4353 3250 4408 illa
3281 4355 3488 4423 pluvia,

1888 4451 2051 4508 quam
2102 4437 2324 4495 Gedcon
2370 4440 2701 4510 impetravit,
2732 4450 2858 4497 tunc
2899 4443 3052 4498 velut
3080 4443 3134 4500 in
3161 4445 3370 4503 vellere
3398 4463 3493 4505 oc-

1886 4529 2054 4594 culta,
2091 4545 2236 4586 nunc
2271 4541 2453 4588 autem
2498 4533 2650 4590 velut
2691 4533 2744 4589 in
2791 4549 2918 4593 area
2966 4537 3250 4594 manifesta
3286 4540 3485 4610 (ludio.

1806 4637 1860 4697 ι)
1893 4638 1964 4689 vt,
1990 4623 2103 4695 57).
2131 4624 2265 4679 Cum
2290 4639 2420 4696 ergo
2445 4625 2556 4682 Lex
2579 4627 2697 4684 sine
2722 4628 2916 4700 gratia,
2949 4647 3057 4686 non
3090 4647 3236 4688 mors
3267 4637 3478 4704 peccati

1889 4718 2155 4785 potuisset
2181 4731 2325 4783 esse,
2353 4717 2450 4774 sed
2478 4718 2678 4788 virtus;
2704 4721 2784 4778 sic
2810 4723 2956 4778 enim
2979 4723 3184 4781 dictum
3216 4737 3322 4795 est,
3349 4727 3488 4784 Acu-

1886 4809 1997 4864 lcns
2040 4812 2219 4866 mortis
2271 4822 2556 4886 peccatum,
2617 4816 2780 4872 virtus
2835 4828 3004 4874 autem
3043 4821 3238 4891 peccati
3287 4819 3396 4878 Lex
3428 4825 3488 4897 (Ι

1885 4899 2005 4958 Cor.
2039 4921 2134 4967 xv,
2165 4903 2269 4978 56)
2299 4925 2310 4961 :
2339 4907 2481 4964 sicut
2501 4909 2825 4982 confugiunt
2846 4913 3003 4968 multi
3032 4928 3060 4968 a
3089 4913 3229 4971 facie
3255 4932 3488 4989 regnan-

1889 4994 1955 5050 tis
1988 4999 2197 5067 peccati
2226 4999 2295 5055 ad
2318 5002 2569 5070 gratiam,
2593 5003 2740 5058 velut
2759 5003 2815 5058 in
2838 5020 2966 5060 area
2992 5022 3137 5062 nunc
3165 5017 3442 5087 patentem
3466 5026 3481 5076 ;

1887 5089 1959 5144 ita
1999 5090 2156 5160 pauci
2198 5092 2266 5146 ad
2309 5106 2428 5147 eam
2458 5093 2842 5166 confugiebant
2868 5098 3017 5154 velut
3044 5099 3097 5153 in
3129 5099 3336 5159 vellere
3361 5113 3489 5160 tunc

1883 5181 2162 5238 latentem.
2192 5182 2320 5238 Haec
2338 5200 2470 5240 vero
2487 5194 2792 5256 temporum
2817 5187 3130 5246 distributio
3157 5192 3398 5249 refertur
3417 5194 3486 5249 ad

1883 5277 2226 5333 altitudinem
2251 5277 2564 5336 divitiarum
2589 5282 2877 5352 sapientia
2908 5293 2966 5341 et
2987 5285 3236 5342 scientiae
3270 5285 3390 5352 Dei,
3421 5286 3491 5342 de

1889 5393 2069 5459 editis,
2089 5405 2318 5474 διερριο
2351 5397 2486 5524 Aug.
2516 5398 2760 5456 obtinuit
2780 5418 2889 5458 sate
2910 5402 3234 5484 possibilitas
3257 5411 3479 5458 naturcc.

1891 5464 2031 5519 Infra
2057 5469 2110 5520 in
2131 5468 2360 5524 eDisIola
2389 5467 2425 5521 2
2471 5513 2482 5524 .
2505 5471 2831 5524 Innocentii.
2865 5491 2921 5524 ιι.
2953 5477 3006 5524 3.
3041 5475 3237 5524 lecturi
3264 5488 3479 5524 sumus.

1891 5464 2031 5519 Infra
2057 5469 2110 5520 in
2131 5464 2360 5536 epiSﬁtla
2389 5464 2482 5531 29.

1888 5539 2036 5628 quasi
2067 5554 2128 5592 ea:
2157 5546 2333 5592 nostra
2373 5541 2628 5628 innatum
2670 5539 2830 5628 simus
2851 5544 3356 5628 possibilitatejnon
3389 5539 3484 5628 ad}

1890 5609 2004 5735 dabo
2058 5619 2258 5734 natura:
2302 5611 2589 5684 vocabulo)
2649 5609 2882 5686 perfecti.
2937 5615 3071 5670 Vide
3124 5609 3264 5668 infra
3317 5615 3481 5684 epist.

1966 5722 1980 5735 .
2013 5695 2068 5734 ιι.
2144 5720 2158 5734 .

1966 5695 2158 5746 ,ιι.4.

1925 5761 1990 5874 ,τε
2031 5751 2188 5876 A‘Pud
2217 5751 2422 5821 Quesn.
2457 5765 2512 5812 et
2555 5755 2695 5827 Aug.
2738 5764 2798 5813 ut
2845 5756 2899 5812 in
2943 5769 3044 5810 ms.
3078 5751 3247 5820 Pith.,
3288 5769 3482 5826 ριόρο-

1925 5841 1933 5875 Γ
1958 5840 1989 5876 tt
2015 5840 2064 5876 εδ
2096 5866 2106 5876 .

1889 5840 1989 5878 sua
2015 5840 2106 5878 εει.

3430 6001 3466 6014 Α

2505 5471 2831 5540 Innocentii,
2865 5471 2921 5529 nl
2953 5477 3006 5534 5.
3041 5473 3237 5529 lecutri
3264 5488 3484 5540 sumus,
3561 5534 3576 5539 ,Α
