4084 6342
554 323 661 380 585

1806 318 1863 376 S.
1903 316 2300 377 INNOCENTII
2340 318 2360 376 1
2399 318 2605 377 ΡΑΡᾹΞ

3759 320 3859 377 584

547 446 740 508 stoque
766 443 821 492 et
846 432 1113 491 catholico
1142 435 1362 492 tractari
1393 435 1662 501 concilio,
1690 435 1928 505 antiquae
1973 436 2139 491 tradi-
2172 442 2223 499 Α
2252 438 2439 491 horum
2497 437 2726 508 argutiis
2755 476 2770 502 ,
2804 433 2905 491 sub
2933 434 3165 506 imagine
3194 434 3484 492 catholica:
3517 436 3647 493 ﬁdei
3678 436 3860 508 dispu-

551 531 715 586 tionis
757 530 1006 599 exempla
1031 541 1334 596 servantes,
1359 538 1415 585 et
1450 530 1833 585 ecclesiasticae
1881 546 2155 585 memores

549 623 875 693 disciplinae,
894 632 1088 676 vestrm
1113 622 1388 693 religionis
1408 622 1649 693 vigorem
1671 637 1778 677 non
1806 622 1985 677 minus
2012 637 2156 677 nunc

550 720 603 776 in
629 716 992 782 consulendo,
1016 732 1175 787 quam
1206 726 1362 771 antea
1390 731 1513 771 cum
1542 714 1996 786 pronuntiaretis,
2024 732 2153 770 vera

553 813 762 868 ratione
794 811 1072 875 ﬁrmastis,
1102 811 1193 882 ‹ιυί
1217 811 1281 865 ad
1311 820 1554 866 nostrum
1585 810 1931 867 referendum
1961 822 2157 879 appro-

550 907 721 963 bastis
753 922 873 961 esse
913 904 1202 974 judicium,
1236 906 1474 961 scientes
1505 905 1632 977 quid
1661 905 1981 975 apostolica:
2013 903 2150 967 sedi,

550 1016 673 1057 cum
706 1015 893 1056 omnes
917 998 1021 1054 hoc
1048 998 1169 1053 loco
1194 1000 1353 1069 positi
1388 1000 1560 1069 ipsum
1596 1001 1749 1070 sequi
1778 1000 2156 1056 desideremus

448 1088 455 1095 ’
551 1093 895 1163 Apostolum,
922 1090 1203 1156 debeatur,
1240 1109 1269 1147 a
1294 1109 1401 1164 quo
1433 1094 1550 1163 ipse
1578 1094 1928 1163 episcOpatus
1956 1104 2006 1147 et
2045 1102 2153 1145 tuta

550 1185 843 1242 auctoritas
876 1184 1108 1239 nominis
1140 1183 1301 1254 hujus
1345 1187 1589 1241 emersit.
1623 1186 1793 1253 Quem
1837 1194 2152 1255 sequentes,

556 1290 659 1334 tam
679 1278 820 1333 mala
844 1276 1103 1332 damnare
1128 1279 1399 1345 novimus,
1419 1293 1583 1346 quam
1608 1278 1839 1349 probare
1862 1276 2150 1332 laudanda.

549 1372 644 1428 Vel
673 1372 725 1427 id
750 1387 901 1437 vero,
935 1370 1079 1441 quod
1107 1382 1319 1442 patrum
1350 1372 1594 1427 instituta
1622 1373 1949 1427 sacerdotali
1974 1371 2154 1427 ofﬁcio

544 1466 917 1523 custodientes
940 1480 1046 1519 non
1068 1466 1303 1521 censetis
1320 1481 1443 1521 esse
1466 1465 1747 1531 calcanda,
1772 1466 1916 1536 quod
1946 1465 2019 1519 illi
2047 1479 2151 1519 non

546 1562 802 1628 lnunana,
835 1561 931 1617 sed
958 1560 1140 1617 divina
1173 1559 1466 1615 decrevere
1490 1560 1788 1621 sententia,
1811 1567 1868 1612 ut
1892 1556 2152 1627 quidquid

545 1657 796 1724 quamvis
813 1654 882 1710 de
900 1653 1186 1724 disjunctis
1210 1654 1543 1721 remotisque
1566 1652 1861 1721 provinciis
1876 1660 2149 1721 ageretur,

549 1764 654 1804 non
688 1749 839 1818 prius
870 1748 1132 1804 ducerent
1162 1746 1458 1801 ﬁniendum
1488 1788 1501 1810 ,
1546 1746 1646 1800 nisi
1697 1745 1761 1800 ad
1819 1745 1978 1814 hujus
2008 1746 2148 1798 sedis

2264 538 2437 584 tantes
2458 572 2473 597 ,
2507 529 2658 584 velut
2688 528 3005 600 pestiferum
3030 529 3353 583 exhalantes
3376 533 3528 585 virus
3556 570 3572 590 ,
3602 538 3663 583 ut
3686 528 3847 583 homi-

2261 639 2388 677 num
2419 632 2568 678 recte
2599 623 2956 677 sentientium
2996 622 3049 677 in
3082 622 3415 677 deteriorem
3448 631 3667 695 partem
3700 623 3859 677 corda

2260 728 2645 787 corrumpant,
2680 726 2846 772 totam
2878 719 2992 774 veri
3030 716 3302 787 dogmatis
3332 726 3590 788 quaerunt
3617 728 3862 774 evertere

2259 809 2632 880 disciplinam.
2678 810 2997 866 Sanandum
3049 826 3184 881 ergo
3238 810 3504 876 celerius,
3540 827 3611 866 ne
3654 811 3861 882 longius

2260 903 2284 941 ά
2314 904 2685 959 exsecrandus
2716 904 2913 958 animis
2957 903 3182 958 morbus
3216 904 3427 976 irrepat
3462 921 3477 959 :
3513 905 3658 959 sicut
3697 905 3863 960 medi-

2258 1012 2394 1065 cus,
2443 1013 2567 1052 cum
2616 996 2813 1052 viderit
2870 996 3029 1066 hujus
3090 997 3291 1051 terreni
3343 996 3597 1068 corporis
3628 997 3857 1066 aliquem

2258 1105 2382 1145 esse
2415 1091 2735 1162 languorem
2764 1135 2776 1155 ,
2813 1105 3067 1161 maguum
3116 1107 3231 1145 sua:
3262 1090 3397 1145 artis
3428 1093 3675 1146 :estimat
3702 1091 3862 1147 docu-

2258 1192 2550 1247 mentum,
2599 1183 2643 1235 si
2676 1183 2784 1236 cito
2831 1184 2955 1252 quis
3001 1182 3145 1236 illius
3194 1185 3501 1238 interventu
3541 1183 3860 1254 desperatus

2256 1272 2492 1337 evadat;
2543 1274 2627 1329 vel
2656 1289 2779 1329 cum
2832 1285 2989 1343 putre
3021 1275 3217 1329 vulnus
3266 1276 3596 1346 aspexerit,
3638 1276 3861 1333 adhibet

2259 1367 2495 1422 iumenta
2524 1409 2538 1432 ,
2570 1368 2656 1422 vel
2688 1375 2885 1423 cratera
2931 1369 3129 1437 quibus
3186 1369 3318 1424 illud
3372 1370 3549 1440 possit
3582 1371 3731 1442 quod
3766 1388 3858 1428 na—

2259 1468 2371 1513 ltttu
2423 1462 2596 1515 fuerat
2642 1462 2840 1515 vulnus
2870 1461 3096 1525 obduci;
3133 1478 3195 1517 ac
3241 1464 3286 1517 si
3317 1463 3369 1518 id
3405 1480 3641 1520 manens
3681 1468 3855 1521 sanati

2258 1567 2362 1606 nou
2396 1553 2630 1620 poterit,
2668 1568 2737 1607 ne
2759 1570 2957 1624 corpus
2990 1556 3263 1626 reliquum
3313 1572 3409 1611 sua
3441 1558 3570 1613 tabe
3613 1573 3857 1615 corrum-

2258 1658 2348 1718 pat
2375 1691 2387 1712 ,
2438 1648 2584 1704 ferro
2613 1659 2861 1721 amputat
2897 1650 3041 1719 quod
3119 1651 3387 1719 nocebat,
3438 1667 3549 1723 quo
3590 1653 3855 1727 reliquum

2258 1742 2532 1813 integrum
2558 1754 2744 1799 servet
2772 1753 2821 1798 ct
2860 1745 3147 1799 intactum.
3183 1744 3607 1801 l'rmcidendum
3650 1747 3703 1802 id
3731 1764 3859 1819 ergo

544 1844 792 1899 notitiam
822 1840 1141 1914 perveniret
1173 1859 1187 1896 :
1218 1851 1275 1896 ut
1306 1850 1414 1896 tota
1461 1840 1619 1911 hujus
1649 1840 1970 1895 auctoritate
2005 1841 2151 1907 justa
2182 1845 2230 1905 Β
2257 1844 2376 1903 est,
2405 1835 2549 1905 quod
2576 1836 2729 1891 velut
2778 1852 2916 1906 puro
2943 1851 3184 1906 sanoque
3236 1838 3467 1893 nimium
3506 1839 3724 1909 corpori
3752 1840 3858 1894 vul-

540 1953 662 2007 quae
695 1936 859 1992 fuerit
886 1934 1259 2007 pronuntiatio
1300 1935 1649 2000 ﬁrmaretur;
1705 1933 1938 2003 indeque
1971 1947 2153 1987 sumc-

550 2040 671 2087 rent
696 2043 909 2087 cteterre
938 2030 1183 2087 ecclesiae
1213 2028 1384 2101 (velut
1411 2028 1476 2083 de
1502 2028 1668 2083 natali
1693 2042 1792 2082 suo
1820 2028 1970 2083 fonte
1998 2042 2151 2097 aqute

546 2136 756 2181 cuncta:
787 2124 1187 2196 procederent,
1236 2133 1289 2178 et
1338 2138 1435 2193 per
1480 2122 1730 2178 diversas
1773 2124 1937 2177 tutius
1965 2121 2150 2177 mundi

549 2216 800 2286 regiones
832 2217 951 2287 pttri
983 2226 1007 2254 κ
1037 2216 1230 2272 latices
1259 2217 1453 2287 capitis
1491 2216 1787 2285 incorrupti
1821 2214 2150 2286 manarent)

548 2309 679 2382 quid
732 2307 1079 2380 praecipereb
1133 2307 1339 2380 [Forte
1404 2308 1503 2379 leg.
1559 2307 1961 2378 praeciperent]
2016 2323 2151 2379 quos

551 2403 794 2471 abluere,
822 2418 957 2474 quos
986 2401 1149 2457 veluti
1182 2416 1339 2457 coeno
1388 2401 1778 2457 inemendabili
1820 2401 2153 2467 sordidatos,

554 2493 777 2549 mundis
827 2493 988 2563 digna
1018 2492 1341 2561 corporibus
1376 2491 1520 2546 unda
1546 2492 1761 2547 vitaret.

615 2588 671 2640 2.
715 2586 974 2643 Gratulor
1018 2586 1206 2657 igitur,
1248 2584 1561 2640 charissimi
1604 2584 1839 2651 fratres,
1881 2587 2028 2657 quod
2060 2604 2155 2658 per

546 2680 770 2733 fratrem
803 2686 858 2733 et
886 2676 1274 2747 coepiscOpum
1310 2686 1556 2731 nostrum
1602 2675 1806 2731 .Iulium
1841 2678 2051 2733 litteras
2085 2680 2153 2734 ad

550 2786 649 2826 nos
672 2770 995 2826 destinastis
1046 2787 1060 2823 :
1092 2779 1145 2825 et
1191 2784 1312 2824 cum
1346 2768 1457 2823 illis
1500 2781 1684 2823 curam
1716 2769 1913 2839 geritis
1958 2771 2155 2840 quibus

548 2865 858 2938 praesidetis
927 2864 1228 2929 Ecclesiis,
1282 2862 1713 2919 sollicitudinem
1757 2874 1997 2919 vestram
2059 2880 2156 2934 pro

548 2960 797 3015 omnium
831 2958 1070 3014 utilitate
1104 2957 1425 3012 monstratis
1460 2973 1474 3011 :
1520 2966 1575 3012 et
1604 2972 1701 3027 per
1732 2966 1958 3013 cunctas
1988 2958 2155 3014 totius

543 3054 697 3110 orhis
746 3053 1009 3109 ecclesias
1056 3051 1312 3106 omnibus
1344 3065 1447 3105 una
1496 3050 1641 3121 quod
1691 3052 1905 3121 prosit,
1956 3050 2151 3107 decer-

543 3147 783 3203 nendum
814 3161 939 3203 esse
967 3143 1269 3216 deposcitis
1300 3160 1313 3197 :
1345 3152 1401 3198 ut
1424 3142 1537 3198 suis
1566 3142 1917 3198 constabilita
1948 3144 2152 3214 regulis

2258 1943 2362 1982 nus
2384 1927 2668 1999 obrepsit;
2702 1944 2770 1983 ne
2801 1944 2925 1982 cum
2956 1930 3158 1985 tardius
3207 1929 3546 2003 abstergitur
3570 1973 3584 1999 ,
3641 1932 3694 1987 in
3730 1932 3859 2003 ipsis

2258 2034 2400 2087 pene
2431 2020 2735 2075 visceribus
2781 2020 2943 2091 hujus
2984 2020 3109 2075 mali
3158 2037 3267 2077 non
3318 2023 3698 2079 exhaurienda
3738 2033 3859 2095 post

2257 2114 2465 2167 sentina
2521 2114 2800 2169 considat.

2327 2207 2381 2261 5.
2425 2205 2560 2260 Nam
2592 2206 2721 2277 quid
2757 2221 2856 2261 nos
2879 2206 2947 2260 de
2980 2206 3063 2261 his
3094 2207 3321 2276 posthac
3351 2218 3559 2263 rectum
3590 2210 3856 2266 mentibus

2256 2300 2621 2365 aestimemus,
2671 2299 2764 2370 qui
2794 2299 2895 2353 sibi
2948 2315 3007 2355 se
3050 2311 3241 2370 putant
3291 2301 3492 2357 debere
3536 2303 3685 2372 quod
3729 2304 3853 2357 boni

2254 2402 2414 2457 sunt,
2443 2408 2543 2447 nec
2576 2392 2725 2447 illum
2755 2392 3130 2455 considerant,
3160 2394 3316 2465 cujus
3349 2395 3596 2465 quotidie
3627 2398 3852 2467 gratiam

2255 2484 2708 2557 consequuntur?
2734 2486 2844 2542 Sed
2866 2486 2979 2556 jam
3010 2486 3133 2555 isti,
3170 2490 3263 2559 qui
3298 2489 3433 2544 tales
3463 2498 3620 2555 sunt,
3649 2491 3852 2546 nullam

2256 2581 2350 2637 Dei
2384 2582 2617 2651 gratiam
2664 2590 3118 2650 consequuntur;
3154 2591 3176 2618 ο
3223 2582 3312 2652 qui
3356 2583 3477 2637 sine
3506 2583 3604 2639 illo
3648 2592 3854 2639 tantum

2252 2676 2469 2748 assequi
2502 2691 2560 2731 sc
2589 2690 2755 2747 posse
2782 2676 3101 2742 conﬁdunt,
3127 2687 3389 2747 quantum
3412 2678 3503 2733 vix
3528 2679 3647 2743 illi,
3671 2681 3760 2751 qui
3783 2680 3855 2737 ab

2254 2770 2345 2823 illo
2397 2770 2702 2839 postulant,
2763 2768 2780 2806 ί
2828 2778 2882 2825 et
2932 2770 3185 2840 accipere
3248 2784 3659 2840 promerentur.
3709 2774 3848 2841 Quid

2253 2866 2394 2918 enim
2430 2874 2534 2918 tam
2562 2865 2805 2935 iniquum
2835 2875 3016 2935 potest
3047 2880 3172 2921 esse
3198 2908 3211 2929 .
3246 2875 3352 2921 tam
3379 2867 3674 2923 barbarum
3696 2911 3710 2936 ,
3740 2878 3848 2925 tam

2256 2957 2419 3013 totius
2451 2957 2731 3027 religionis
2763 2957 3010 3027 ignarum
3036 2999 3050 3022 ,
3082 2967 3190 3011 tam
3220 2955 3551 3015 Christianis
3582 2961 3856 3017 mentibus
3880 2976 3893 2983 ·

2254 3050 2530 3105 inimicum
2556 3091 2569 3114 ,
2596 3066 2754 3120 quam
2789 3051 2911 3104 huic
2957 3060 3006 3105 te
3036 3066 3236 3122 negare
3264 3051 3467 3107 debere
3504 3053 3763 3125 quidquid
3795 3054 3851 3110 in

2253 3143 2571 3212 quotidiana
2602 3142 2773 3213 gratia
2798 3143 3153 3213 consequeris
3176 3185 3189 3210 ,
3216 3145 3301 3198 cui
3338 3154 3389 3199 te
3431 3146 3549 3215 ipse
3576 3147 3855 3201 conﬁteris

544 3240 787 3296 Ecclesia
820 3281 834 3305 ,
888 3250 909 3277 ο
953 3248 1010 3293 et
1061 3238 1197 3301 hoc,
1229 3252 1337 3307 quo
1390 3235 1516 3291 illos
1565 3246 1791 3299 caveat,
1826 3237 2151 3306 pronuntia-
2176 3240 2223 3304 (ζ,
2254 3236 2455 3291 debere
2478 3235 2625 3307 quod
2659 3245 2819 3291 natus
2851 3236 2948 3292 es?
2978 3236 3122 3307 Ergo
3164 3235 3275 3292 eris
3309 3237 3404 3293 tibi
3435 3237 3488 3291 in
3518 3238 3853 3309 providendo

544 3332 900 3403 tionisjustze
952 3331 1165 3385 ﬁrmata
1215 3330 1483 3397 decreto,
1538 3329 1739 3386 talibus
1793 3340 1981 3399 patere
2039 3346 2144 3386 non

540 3424 751 3496 possit,
781 3424 872 3494 qui
896 3424 1173 3495 perversis
1203 3422 1487 3490 instructi,
1511 3422 1680 3477 immo
1700 3422 1963 3478 destructi
1986 3465 2000 3490 ,
2023 3439 2149 3479 ver-

614 3594 637 3621 ο
681 3583 826 3639 Edit.
870 3583 1030 3637 Rom.
1067 3591 1121 3637 et
1148 3580 1353 3640 concil.
1382 3597 1595 3637 necnon
1628 3581 1863 3649 Quesn.,
1900 3583 2017 3650 puri
2048 3600 2138 3636 ea-

543 3657 697 3725 pitis;
746 3655 941 3710 deinde
980 3654 1137 3708 Meri.
1160 3695 1175 3718 ,
1212 3654 1543 3726 incorrupti;
1591 3654 1780 3715 Crab.,
1812 3656 2141 3726 incorrupte;

540 3737 781 3788 caeteras,
804 3728 1122 3797 incorrupta:
1155 3740 1266 3779 :ex
1297 3725 1695 3797 edit._August.
1724 3736 1777 3797 et
1804 3741 1938 3779 mss.
1970 3725 2139 3781 Corb.

537 3809 699 3868 atque
729 3797 917 3853 Germ.
968 3795 1383 3868 iusta‘urautttra
1413 3795 1585 3865 llujus
1611 3796 1819 3851 exordii
1855 3797 2139 3853 materiam

537 3866 780 3925 maxime
820 3866 1052 3937 sumpsit
1104 3866 1457 3939 Innocentius
1502 3882 1570 3921 ex
1601 3883 1669 3921 eo
1719 3868 1862 3938 quod
1898 3870 2140 3939 episcopi

536 3940 870 4012 quinquead
904 3939 1115 4012 calcem
1141 3938 1399 4012 epistolae
1438 3940 1742 4012 superioris
1772 3941 1873 3994 sibi
1907 3943 2145 4010 scripse-

537 4009 661 4066 rant
690 4009 704 4065 ἰ
743 4009 865 4066 Non
890 4010 1027 4065 enim
1072 4010 1299 4063 rivulum
1325 4018 1561 4082 nostrum
1584 4020 1671 4063 tuo
1702 4010 1846 4082 largo
1878 4009 2030 4081 fonti
2058 4030 2137 4066 re-

537 4083 868 4155 fundimus...
898 4092 1071 4155 utrum
1100 4082 1253 4155 etiam
1276 4090 1450 4134 noster
1471 4080 1587 4134 licet
1612 4080 1828 4155 exiguus
1849 4080 1912 4136 ea:
1939 4086 2136 4153 eodem,

572 4172 636 4209 uo
662 4157 816 4208 etiam
846 4168 962 4208 tuus
989 4153 1262 4226 abundans
1288 4194 1301 4217 ,
1348 4162 1547 4206 emanet
1597 4153 1763 4226 capite
1804 4155 2137 4225 ﬂuentorum,

572 4174 636 4209 uo
662 4174 816 4208 etnon
846 4174 962 4208 mus
991 4174 1262 4207 ιιυιυιαιιηδ
1288 4195 1291 4217 ,

535 4174 632 4281 Ζοι-
660 4244 692 4299 tt
720 4236 767 4280 te
788 4225 996 4299 probari
1026 4226 1291 4299 volumus.

606 4298 631 4336 ιι
673 4297 749 4353 Ita
775 4294 907 4353 titss.
941 4296 1127 4351 Germ.
1154 4307 1209 4352 et
1238 4294 1407 4351 Corb.
1434 4296 1501 4349 At
1529 4297 1713 4366 plures
1734 4298 1823 4352 alii
1851 4314 1969 4353 cum
2002 4298 2136 4353 edit.

532 4369 693 4425 Rom.
727 4375 783 4426 et
826 4368 1054 4432 concil.,
1101 4369 1227 4438 quid
1255 4369 1551 4439 praecipere.
1602 4370 1812 4425 Deinde
1845 4371 1897 4424 itt
1947 4370 2141 4425 codice

534 4443 721 4497 Germ.
752 4458 883 4512 quos
906 4440 1169 4494 absolvere
1196 4438 1319 4512 ,ubi
1352 4438 1547 4492 in'aliis
1569 4457 1699 4510 quos
1728 4441 1955 4495 abluere.
1985 4442 2138 4511 Apud

530 4516 737 4581 Quesn.
765 4522 820 4568 et
848 4512 990 4581 Aug.
1025 4511 1327 4583 repositum
1363 4512 1600 4583 estquid
1624 4514 1982 4583 praeciperent,
2014 4530 2143 4583 quos

530 4584 821 4638 abluerent.
856 4584 1053 4637 Totum
1080 4590 1259 4636 autem
1296 4582 1436 4633 hunc
1467 4581 1643 4636 locum
1676 4581 1973 4639 Garnerius
2002 4581 2136 4647 ,iu-

532 4658 694 4723 genio
738 4669 839 4709 suo
891 4652 1013 4722 plus
1054 4667 1210 4715 aequo
1250 4650 1575 4721 indulgens,
1626 4656 1699 4707 ita
1738 4653 1911 4707 edidit
1955 4670 1969 4706 :
2004 4654 2141 4708 unde

530 4743 690 4797 aquas
713 4731 1181 4797 sumerentcwterw
1193 4723 1439 4786 ecclesiw,
1463 4723 1596 4797 velut
1618 4724 1681 4776 de
1702 4724 1866 4797 natali
1892 4740 1983 4777 suo
2002 4728 2142 4795 fonte

531 4792 694 4866 a'qno
723 4803 913 4866 cuncta
936 4792 1224 4866 procedunt
1247 4838 1259 4857 ,
1290 4803 1334 4845 et
1368 4809 1456 4861 per
1499 4794 1729 4847 diversas
1777 4796 1930 4849 totius
1959 4792 2140 4851 mundi

529 4863 760 4938 regiones
798 4865 918 4938 puri
946 4863 1132 4938 capitis
1158 4864 1473 4938 incorrupta:
1519 4876 1735 4938 manant
1763 4882 1781 4931 ;
1808 4868 1948 4921 unde
1969 4871 2137 4937 perci-

529 4933 666 5007 peret
696 4933 823 5006 quos
842 4935 1005 4989 veluti
1031 4949 1193 5008 como,
1222 4943 1331 4989 etc.
1362 4933 1557 5008 Nostra
1588 4935 1771 5008 lectio.
1799 4938 1850 4993 in
1875 4933 1980 5008 qua
2004 4940 2136 4995 nihil

529 5003 638 5081 non
658 5003 909 5081 veterum
943 5006 1192 5081 codicum
1234 5003 1563 5081 auctoritate
1609 5006 1869 5081 fulcitur,
1892 5003 2135 5081 'integra

530 5078 637 5133 erit
663 5120 677 5144 ,
709 5077 754 5132 si
789 5085 913 5146 post
952 5076 1115 5130 verba
1151 5093 1279 5147 quos
1309 5076 1518 5131 abluere
1542 5121 1556 5144 ,
1605 5079 1961 5135 subaudiatur
1989 5076 2137 5137 debe-

525 5158 659 5203 rent.
688 5149 1126 5220 Ncquentemere
1172 5150 1480 5220 sentiamus
1530 5149 1619 5204 hic
1648 5153 1918 5220 triplicem
1952 5154 2134 5209 homi-

527 5237 658 5276 num
713 5235 837 5274 sese
874 5218 1134 5271 Ecclesiae
1176 5218 1383 5286 judicio
1431 5218 1739 5275 sistenttutn
1776 5226 2004 5279 classem
2048 5226 2133 5281 di-

527 5292 768 5365 stingui,
802 5297 857 5343 et
902 5287 1143 5365 ejusdem
1183 5288 1630 5365 Ecclesiarcirca
1654 5294 1777 5348 illos
1805 5296 2131 5365 judiciorum

527 5358 803 5435 triplicem
832 5358 1099 5435 rationem
1123 5402 1138 5435 ,_
1171 5374 1239 5414 ex
1276 5362 1478 5435 triplici
1502 5377 1658 5432 aqua:
1689 5358 2017 5435 proprietate
2047 5383 2133 5423 re-

527 5430 794 5510 petitam,
825 5432 1048 5510 exponi.
1083 5430 1176 5483 [lla
1221 5434 1366 5486 enim
1398 5430 1709 5505 velut—aqua
1742 5430 1943 5510 munda
1971 5441 2129 5493 inno-

525 5506 646 5562 itios
672 5518 725 5561 et
750 5506 1216 5575 incontaminatos
1244 5512 1515 5573 tamquam
1550 5523 1714 5575 puros
1746 5509 1950 5562 rivulos
1986 5512 2130 5565 ultro

524 5580 577 5633 in
631 5594 694 5635 se
734 5574 973 5644 recipit;
1028 5572 1337 5648 sordidatos
1377 5572 1565 5641 vero;
1602 5578 1695 5631 sed
1754 5581 2125 5648 poenitentes,

521 5650 725 5715 abluit;
750 5657 806 5705 et
830 5649 1193 5711 incorrectos,
1213 5644 1307 5720 qui
1326 5660 1444 5700 eam
1461 5644 1866 5706 commaculare
1887 5644 2124 5720 valeant,

526 5721 765 5790 prudens
794 5720 930 5790 vitat
956 5725 1015 5772 et
1044 5716 1273 5787 respuit.

597 5804 619 5827 α
662 5792 849 5847 Editio
900 5789 1061 5844 Rom.
1106 5797 1163 5843 et
1205 5790 1543 5845 recentiores
1578 5792 1773 5848 concil.
1822 5810 1884 5847 ea:
1909 5793 2027 5859 hoc,
2074 5810 2135 5851 ac

524 5861 723 5919 deinde
750 5876 871 5918 cum
900 5860 1297 5917 vetustioribus
1324 5902 1338 5927 ,
1376 5862 1518 5931 quod
1552 5862 1673 5918 illo:
1702 5876 1875 5918 caveat
1903 5882 2134 5934 pronun-

2254 3328 2628 3399 prmstantior,
2683 3344 2841 3398 quam
2874 3338 2898 3374 8
2932 3338 3114 3398 potest
3160 3328 3214 3383 in
3264 3344 3332 3385 eo
3377 3345 3501 3387 esse
3527 3372 3543 3398 ,
3590 3331 3679 3403 qui
3710 3340 3763 3386 te
3791 3341 3855 3386 ut

2252 3438 2404 3479 esses
2452 3422 2668 3479 eﬁecit?
2717 3419 2744 3458 ιι
2794 3424 2861 3477 Ει
2907 3423 2996 3478 cui
3047 3434 3202 3494 putes
3254 3424 3457 3482 debere
3496 3426 3639 3498 quod
3671 3426 3849 3495 vivis,

2241 3586 2637 3659 tiationisjustaz
2652 3586 2857 3659 firmata
2876 3584 3215 3638 decretalibus
3231 3586 3407 3655 (Meri.
3420 3630 3432 3651 ,
3457 3599 3646 3659 petere;
3661 3589 3813 3643 Crali.
3827 3630 3845 3654 ,

2244 3671 2413 3731 patere
2438 3672 2455 3721 ;
2478 3656 2638 3711 edit.
2668 3657 2829 3731 Rom.
2856 3668 2911 3710 et
2942 3667 3256 3731 sequentes.
3291 3656 3502 3730 pavere)
3532 3677 3633 3713 non
3664 3662 3844 3731 possit.

2244 3729 2476 3785 Garuer.
2520 3743 2783 3783 resecans
2809 3728 2906 3781 ltoe
2947 3729 3085 3799 quod
3136 3728 3255 3783 illos
3282 3728 3491 3793 caveat,
3540 3728 3757 3786 retinuit
3798 3742 3851 3786 et

2246 3801 2697 3873 pronuntiationis
2717 3802 2878 3871 jusla’
2910 3802 3113 3868 ﬁrmata
3144 3801 3484 3855 decretalibus
3531 3819 3715 3873 pavere
3744 3821 3848 3857 non

2250 3874 2429 3939 possit.
2463 3872 2659 3926 Nostra
2690 3872 2853 3942 lectio
2896 3883 2979 3942 cst
3010 3874 3241 3939 Quesn.,
3282 3879 3418 3942 Aug.
3466 3872 3850 3930 et’mcliorutn

2250 3960 2406 4007 mss,
2453 3945 2555 3997 nisi
2586 3941 2730 4012 quod
2775 3941 2913 4010 apud
2948 3946 3152 4009 Quesu.
3179 3941 3513 4012 expunctum
3544 3958 3624 4000 est
3650 3946 3767 4011 hoc,
3792 3956 3852 4001 et

2250 4015 2389 4083 apud
2423 4013 2562 4083 Aug.
2610 4023 2669 4067 ut
2715 4014 2768 4067 in
2803 4028 2934 4068 mss.
2985 4015 3150 4068 Corb.
3186 4028 3237 4067 et
3269 4014 3453 4069 Germ.
3501 4032 3597 4085 pro
3636 4027 3803 4085 patere
3827 4058 3846 4082 ,

2250 4094 2428 4140 exstat
2456 4100 2676 4157 parere:
2707 4086 2798 4141 Sic
2820 4100 2982 4157 porro
3012 4096 3094 4139 est
3139 4086 3527 4153 intelligenda,
3571 4088 3716 4157 quasi
3756 4088 3846 4141 di-

2249 4167 2398 4212 ceret
2426 4156 2776 4229 Innocentius
2827 4174 2839 4209 :
2884 4156 2928 4211 A
2957 4173 3043 4212 me
3071 4157 3474 4229 decernendum
3505 4156 3628 4215 esse
3655 4160 3849 4229 depos-

2248 4229 2373 4282 citis
2406 4271 2420 4294 ,
2453 4238 2509 4281 ut
2541 4228 2779 4283 Ecclesia
2810 4231 3086 4283 veteribus
3111 4231 3223 4282 suis
3250 4228 3361 4297 jam
3384 4228 3727 4285 constabilita
3760 4245 3849 4286 re-

2248 4300 2386 4369 gulis
2404 4346 2416 4369 ,
2447 4300 2615 4354 etiam
2651 4315 2793 4354 nunc
2816 4298 3185 4369 ﬁrutatajustc
3210 4304 3557 4369 prnuuntiato
3582 4302 3683 4357 huc
3707 4317 3847 4355 novo

2244 4373 2501 4441 decreto,
2531 4386 2639 4440 quo
2667 4382 2996 4425 memoratos
3040 4373 3166 4425 illos
3210 4376 3497 4428 haereticos
3534 4388 3725 4430 cavere
3752 4374 3846 4439 ju-

2247 4445 2437 4498 lieatur
2462 4485 2478 4509 ,
2511 4444 2709 4497 talibus
2736 4442 2994 4513 deinceps
3037 4450 3224 4511 patere
3270 4458 3382 4499 non
3414 4446 3586 4515 possit
3614 4488 3626 4512 ,
3658 4446 3750 4499 sed
3778 4445 3842 4500 iis

2244 4520 2453 4569 seclusa
2479 4527 2744 4584 perpetuo
2768 4523 3012 4569 maneat.

2318 4584 2340 4622 ι¹
2369 4585 2520 4641 Unus
2539 4600 2571 4639 e
2596 4600 2727 4640 mss.
2743 4586 2925 4651 Colh.,
2954 4586 3282 4639 exsecrandis
3303 4587 3597 4641 animorum
3620 4588 3840 4640 moribus

2247 4660 2490 4729 inserput.
2522 4656 2680 4711 Alter
2707 4699 2721 4723 ,
2754 4657 3092 4729 exsecrandos
3139 4659 3326 4713 animis
3368 4658 3569 4713 morbos
3597 4660 3836 4729 inserpat.

2252 4728 2487 4782 Verbum
2516 4730 2763 4798 inser-put,
2788 4732 2919 4783 edit.
2964 4728 3120 4782 Rom.
3147 4740 3200 4782 et
3230 4730 3430 4784 Concil.
3466 4745 3588 4785 cmu
3632 4728 3839 4798 aliquot

2246 4800 2371 4853 aliis
2405 4813 2537 4853 mss.
2572 4807 2789 4855 retinet.
2831 4801 2960 4870 Ejus
2993 4802 3113 4854 loco
3144 4802 3337 4855 melius
3386 4816 3519 4858 mss.
3569 4802 3747 4855 Germ.
3787 4808 3842 4855 et

2244 4872 2407 4926 Corb.
2441 4871 2705 4926 exhibent
2753 4873 2977 4942 inrepat.

2274 5013 2285 5025 .
2318 4952 2339 4979 ε
2370 4942 2532 5068 Gltl'uh.
2582 4957 2645 4997 ac
2693 4942 2953 5013 deinceps
2997 4942 3131 5000 edit.
3164 4942 3363 4999 concil.
3414 4951 3471 5000 et
3494 4943 3677 5011 Rom.,
3717 4944 3837 5014 quia

2274 5030 2389 5067 ιηϐι
2439 5031 2490 5067 ο.

2242 5030 2352 5067 SINE
2376 5030 2490 5067 ιιιο.

2317 5084 2335 5122 ί
2384 5084 2529 5140 Edit.
2572 5085 2730 5141 Rom.
2780 5095 2835 5143 et
2873 5086 3067 5141 concil.
3105 5101 3227 5141 cum
3261 5101 3393 5141 mss.
3423 5086 3568 5142 Pith.
3599 5096 3653 5141 et
3684 5085 3831 5150 lsid.,

2239 5166 2283 5229 et
2313 5158 2590 5228 accipiunt.
2648 5157 2800 5214 Unus
2828 5159 2999 5214 codex
3042 5157 3223 5218 Colb.,
3258 5168 3313 5211 ut
3360 5160 3661 5229 accipiunt;
3695 5158 3831 5212 unde

2239 5227 2529 5302 Quesuello
2571 5239 2624 5283 ut
2666 5231 2922 5302 acripiant
2974 5231 3199 5302 placuit.
3235 5230 3388 5299 Apud
3424 5227 3649 5295 August.
3684 5239 3737 5282 ut
3774 5230 3828 5283 itt

2240 5315 2344 5352 ms.
2378 5297 2541 5371 (ξονι).
2567 5297 2822 5368 accipere,
2858 5297 3572 5371 nonpruunissaparticula
3595 5311 3670 5366 et,
3712 5315 3831 5369 qua:

2235 5384 2358 5424 cum
2381 5369 2567 5425 Germ.
2604 5381 2659 5426 et
2684 5374 2810 5429 aliis
2836 5369 3125 5428 retinetur.
3162 5369 3459 5441 Perspicua
3485 5372 3591 5427 erit
3614 5383 3831 5425 senten-

2236 5443 2304 5493 tia
2331 5444 2474 5495 ltuuc
2495 5442 2550 5514 i_n
2581 5444 2802 5500 modum
2832 5445 3092 5512 disposita
3117 5462 3128 5497 :
3159 5454 3413 5514 quantum
3443 5445 3525 5497 via:
3547 5442 3625 5497 illi
3653 5444 3825 5505 etiam,

2232 5514 2321 5581 qui
2354 5512 2641 5587 postulant,
2671 5532 2901 5587 acetpere
2929 5512 3308 5585 promerentur.

2240 5656 2249 5665 ο
2308 5593 2332 5630 8
2362 5584 2454 5639 Sic
2480 5600 2614 5640 mss.
2650 5592 2718 5642 At
2756 5584 2889 5643 edit.
2920 5584 3082 5643 Rom.
3130 5598 3185 5642 et
3223 5586 3449 5653 concil.,
3481 5602 3634 5657 quam
3663 5590 3823 5655 potest

2234 5672 2274 5707 l5
2292 5671 2417 5710 esse.

2318 5724 2345 5763 ¹ι
2370 5726 2629 5791 Garner.,
2664 5729 2727 5784 Si
2749 5730 2869 5784 huic
2900 5739 3044 5800 putes
3074 5731 3273 5786 debere.
3305 5730 3445 5786 Editi
3475 5728 3585 5792 alii,
3617 5725 3682 5780 Et
3706 5740 3827 5800 curn

2244 5808 2291 5851 te
2316 5811 2470 5874 putes
2489 5802 2535 5852 ei
2556 5800 2753 5874 debere.
2807 5798 3057 5874 Pelagius
3083 5805 3249 5859 tacito
3278 5803 3495 5874 nomine
3530 5801 3613 5853 hic
3648 5798 3830 5865 argui-

2244 5878 2358 5924 tur:
2384 5872 2472 5941 qtti
2502 5870 2719 5941 quidem
2742 5888 2911 5943 posse,
2940 5870 3069 5929 belle
3094 5885 3139 5929 et
3161 5891 3269 5931 esse
3284 5872 3616 5944 distinguens
3632 5909 3648 5937 ,
3673 5882 3825 5937 posse
