4084 6342
249 266 344 329 585

1465 261 1822 326 EPISTOLIF.
1863 263 1956 323 ET
1994 256 2346 322 DECRETA.

3432 271 3539 333 586

247 377 505 456 quomodo
551 392 669 435 non
704 387 862 450 putas
907 376 988 434 illi
1019 377 1226 436 debere
1269 377 1415 450 quod
1469 372 1842 451 quotidianam
1871 384 1920 444 Α
1950 377 2054 433 sibi
2095 377 2266 435 Deum
2307 378 2548 450 postulat
2593 379 2943 450 adiutorem;
2994 381 3140 453 quod
3189 385 3301 442 nati
3353 401 3543 446 sumus

245 478 353 549 ejus
378 475 783 547 consequendo
822 475 1052 546 gratiam
1077 475 1262 530 taliter
1301 475 1482 530 vivis?
1513 484 1569 531 et
1607 476 1698 546 qui
1738 490 1840 532 nos

243 570 505 641 adiutorio
559 585 736 642 negas
766 569 1012 641 indigere
1041 567 1230 625 divino
1253 611 1268 635 ,
1295 569 1452 640 quasi
1492 585 1559 624 cx
1590 578 1779 626 nostra
1813 577 1840 606 ι

244 667 404 722 simus
433 665 488 721 in
521 671 705 721 totum
732 662 1094 736 possibilitate
1123 662 1380 733 perfecti,
1422 662 1701 734 quomodo
1731 675 1839 717 non

243 758 564 829 adjutoriutn
592 757 624 797 ι’
660 757 781 830 ejus
825 758 878 812 in
929 771 1061 824 nos,
1091 770 1217 813 cum
1249 757 1388 812 tales
1421 773 1448 811 a
1479 757 1638 812 nobis
1676 757 1838 813 etiam

243 867 370 926 esse
395 866 727 924 possumus,
761 849 1161 921 provocamus?

307 945 360 1002 ι.
399 944 502 1015 Qui
536 945 690 1001 enim
716 945 1052 1016 adjutorium
1087 943 1184 1000 Dei
1213 951 1415 1014 negat,
1443 943 1642 1000 vellem
1675 943 1844 999 inter-

242 1052 424 1112 rogare
452 1037 588 1111 quid
622 1037 773 1094 dicat
823 1054 840 1092 :
884 1053 986 1094 nos
1027 1052 1134 1093 nou
1166 1037 1372 1094 mereri
1402 1077 1418 1103 ,
1451 1051 1519 1092 an
1553 1036 1708 1092 illum
1738 1035 1843 1092 hoc

242 1145 339 1188 non
386 1145 556 1203 posse
612 1139 1010 1201 praestare,an
1051 1128 1188 1184 nihil
1255 1143 1380 1184 esse
1417 1142 1643 1200 propter
1695 1128 1841 1200 quod

240 1223 617 1293 unusquisque
663 1222 770 1279 hoc
819 1223 1022 1278 debeat
1065 1232 1089 1261 ο
1145 1220 1468 1291 po:tulare?
1517 1221 1688 1278 Posse
1735 1219 1844 1278 hoc

239 1315 401 1373 Deum
421 1359 437 1384 ,
470 1331 650 1387 opera
682 1316 800 1387 ipsa
825 1323 1112 1372 testantur.
1139 1313 1206 1370 Et
1227 1314 1502 1385 adjutorio
1523 1314 1842 1387 quotidiana

239 1425 331 1466 nos
352 1425 521 1480 egere
537 1453 554 1478 ,
588 1423 795 1480 negare
817 1423 926 1465 non
954 1422 1263 1479 possumus.
1283 1408 1398 1464 Hoc
1414 1408 1559 1464 enim
1584 1423 1682 1464 seu
1706 1409 1844 1464 bene

238 1503 464 1560 vivimus
497 1499 527 1541 δ
556 1517 928 1575 provocamus
957 1544 970 1568 ,
1001 1508 1060 1556 ttt
1087 1500 1288 1558 melius
1315 1503 1667 1573 sanctiusque
1694 1502 1845 1556 viva-

238 1614 380 1667 mus;
416 1614 522 1656 seu
554 1615 723 1670 prave
751 1599 1058 1655 sentientes
1085 1614 1112 1653 a
1146 1597 1306 1655 bonis
1332 1597 1633 1652 avertimur
1655 1640 1670 1666 ,
1698 1606 1757 1652 ut
1778 1594 1844 1650 ad

237 1706 439 1753 reetam
485 1695 785 1752 redeamus
807 1694 949 1749 viam
985 1733 1001 1758 ,
1045 1691 1166 1764 ejus
1197 1691 1402 1747 auxilio
1439 1691 1563 1762 plus
1596 1705 1841 1762 egemus.

1946 485 2106 542 posse
2128 471 2384 529 sufﬁcere
2416 489 2514 530 nos
2545 473 2782 531 dicimus
2808 515 2824 544 ,
2857 474 2950 531 ille
3003 476 3170 532 Deum
3207 494 3277 534 ne
3302 479 3546 537 derelin-

1944 578 2146 640 quatur
2191 581 2400 626 exorat.
2437 569 2456 610 ί
2509 569 2624 626 Non
2651 615 2668 640 ,
2719 587 2884 644 rogo,
2929 572 3230 632 manifeste
3279 575 3545 634 discimus

1944 664 2070 736 quid
2112 680 2332 722 oremus
2358 708 2372 734 ,
2404 682 2527 722 cum
2573 667 2664 723 ille
2709 676 2995 739 tantopere
3024 669 3222 726 beatus
3249 713 3262 736 ,
3293 683 3352 727 ut
3375 688 3540 743 supra

1943 758 2213 830 diximus,
2250 759 2336 816 vir
2369 777 2438 817 ne
2481 761 2816 831 despiciantur
2840 765 3108 834 exoptat?
3139 765 3220 821 illi
3269 765 3414 822 enim
3444 783 3540 824 ne—

1944 867 2100 910 cesse
2145 863 2232 910 est
2279 855 2380 910 ista
2428 866 2695 926 arguant,
2729 857 2823 928 qui
2866 857 2958 913 illa
2989 859 3335 915 conﬁrmant.
3369 859 3542 916 David

1943 946 2088 1000 enim
2119 946 2385 1004 orationis
2411 947 2663 1018 ignarus,
2704 959 2760 1005 et
2790 965 2903 1005 suae
2947 960 3156 1006 naturae
3203 952 3424 1009 nescius
3454 968 3545 1009 ac-

1945 1049 2200 1106 cusetur,
2233 1039 2324 1110 qui
2353 1055 2474 1096 cum
2501 1041 2642 1097 sciat
2673 1051 2881 1099 tantum
2929 1044 2983 1100 itt
3013 1053 3039 1092 8
3092 1059 3188 1100 sua
3218 1045 3403 1102 inesse
3452 1063 3547 1102 na-

1947 1133 2438 1206 tura;adjutorem
2484 1135 2588 1190 sibi
2639 1136 2810 1193 Demn
2840 1180 2854 1205 ,
2901 1148 2953 1194 et
3003 1138 3284 1194 assiduum
3336 1139 3550 1209 adjuto-

1946 1244 2064 1284 rem
2087 1269 2104 1294 ,
2139 1244 2242 1285 nec
2273 1229 2348 1284 illi
2373 1229 2574 1284 sufficit
2601 1231 2879 1287 assiduum
2909 1273 2924 1296 ,
2978 1233 3072 1287 sed
3127 1248 3196 1288 ne
3249 1234 3549 1304 aliquando

1947 1322 2099 1377 illum
2126 1323 2426 1393 despiciat,
2449 1324 2794 1380 orationibus
2823 1339 3028 1396 pronus
3050 1334 3274 1396 ex0ptat
3299 1344 3314 1392 ;
3348 1337 3403 1382 et
3451 1344 3554 1400 per

1946 1430 2145 1485 corpus
2157 1431 2321 1473 omne
2338 1416 2580 1487 psalterii
2599 1417 2765 1473 hocet
2782 1418 3040 1487 praedicat
3055 1431 3106 1471 et
3123 1419 3402 1477 clatnat.Si
3421 1437 3553 1494 ergo

1949 1509 2053 1564 hoc
2070 1509 2166 1565 ille
2180 1510 2250 1564 ita
2265 1507 2293 1546 ιι
2309 1525 2537 1580 magnus
2553 1513 2652 1566 scit
2670 1521 2728 1567 ut
2746 1510 2962 1567 assidue
2980 1512 3185 1578 dicere,
3201 1513 3274 1568 ita
3295 1529 3552 1570 necessa-

1949 1605 2088 1660 rium
2141 1605 2427 1661 confessus
2473 1615 2594 1675 est,
2645 1614 2704 1660 ut
2761 1605 3031 1662 doceret:
3085 1607 3550 1678 quemadmodum

1950 1697 2202 1768 Pelagius
2251 1697 2652 1767 Ctelestiusque
2700 1699 2938 1769 seposita
2989 1700 3137 1754 omni
3184 1699 3554 1772 responsione

237 1786 364 1846 Nam
389 1787 529 1859 quid
559 1796 672 1844 tam
716 1785 1061 1844 mortiferum
1087 1828 1104 1854 ,
1153 1795 1262 1841 tam
1311 1799 1561 1857 praeceps
1592 1783 1844 1839 videatur
1874 1791 1923 1853 B
1953 1790 2285 1861 psalmorum
2311 1831 2328 1859 ,
2373 1790 2575 1860 talique
2598 1789 2851 1846 abdicata
2879 1792 3128 1847 doctrina
3149 1834 3165 1860 ,
3199 1808 3462 1848 suasuros
3491 1809 3552 1850 se

234 1882 298 1940 ad
321 1899 517 1940 casum
551 1925 568 1952 ,
599 1892 712 1939 tam
758 1881 1069 1953 expositum
1116 1881 1181 1936 ad
1229 1881 1416 1936 omnia
1467 1877 1744 1950 pericula,
1800 1876 1847 1931 si

235 1977 332 2035 hoc
358 1979 550 2036 solum
582 1977 742 2034 nobis
775 1986 1035 2048 putantes
1079 1990 1242 2047 posse
1273 1973 1532 2030 Sollicere
1561 2013 1576 2036 ,
1609 1969 1756 2042 quod
1781 1969 1848 2025 li-

235 2074 420 2133 berum
446 2073 744 2130 arbitrium
781 2088 904 2128 cum
937 2085 1292 2127 nasceremur
1321 2069 1672 2138 accepimus,
1701 2065 1848 2120 ultra

233 2166 338 2239 jam
383 2183 418 2224 a
475 2164 721 2223 Domino
763 2165 900 2222 nihil
931 2178 1282 2234 quaeramus,
1331 2160 1385 2217 id
1430 2171 1557 2228 est,
1607 2156 1850 2214 auctoris

234 2260 400 2316 nostri
427 2259 591 2318 obliti
611 2301 629 2325 ,
661 2257 785 2329 ejus
813 2255 1115 2329 potentiam
1138 2298 1153 2323 ,
1183 2263 1249 2311 ut
1269 2269 1371 2309 nos
1400 2252 1758 2309 ostendamus
1788 2251 1852 2307 li-

233 2349 430 2421 heros,
459 2351 786 2422 abjuremus
811 2365 828 2416 ;
856 2351 1018 2421 quasi
1063 2349 1173 2420 jam
1222 2347 1463 2417 amplius
1495 2345 1642 2416 quod
1676 2344 1855 2416 possit

235 2446 362 2506 dare
385 2463 502 2505 ηοη
531 2447 738 2504 habeat
760 2488 777 2513 ,
810 2446 901 2514 qui
957 2456 1008 2501 te
1037 2445 1091 2500 in
1125 2455 1216 2500 tuo
1244 2454 1370 2500 ortu
1399 2442 1638 2499 liberum
1675 2441 1807 2497 fecit
1835 2458 1850 2495 :

235 2543 584 2606 nescientes,
619 2539 769 2612 quod
803 2539 909 2595 nisi
939 2537 1156 2609 magnis
1191 2535 1447 2606 precibus
1471 2534 1644 2606 gratia
1673 2533 1730 2589 in
1755 2547 1856 2589 nos

235 2633 528 2708 intplorata
559 2631 898 2698 descendat,
933 2641 956 2669 θ
989 2644 1335 2702 nequaquam
1375 2637 1610 2685 terrenae
1635 2627 1779 2684 labis
1800 2636 1857 2684 et

237 2727 502 2785 mundani
549 2726 811 2796 corporis
839 2725 1064 2781 vincere
1110 2737 1378 2779 conemur
1406 2737 1626 2777 errores
1661 2762 1678 2788 ,
1731 2735 1854 2776 cum

238 2835 394 2892 pares
427 2837 532 2877 nos
555 2819 633 2876 ad
667 2817 1041 2875 resistendum
1087 2831 1195 2873 non
1235 2816 1472 2873 liberum
1513 2813 1813 2872 arbitrium
1839 2859 1854 2885 ,

237 2915 332 2972 sed
363 2915 462 2972 Dei
496 2913 688 2972 solum
717 2912 896 2968 facere
940 2910 1115 2982 possit
1141 2908 1460 2965 auxilium?

305 3011 360 3068 5.
399 3006 541 3065 Nam
575 3008 625 3064 si
660 3006 755 3062 ille
777 3005 983 3062 clamat
1009 3003 1288 3075 adjutouio
1309 3001 1414 3058 sibi
1444 3017 1586 3070 opus
1617 3016 1742 3058 esse
1759 3000 1861 3056 di-

239 3106 399 3175 vino,
426 3108 529 3178 qui
581 3104 754 3176 digne
797 3102 904 3159 hoc
933 3117 1042 3158 non
1071 3109 1344 3174 quaereret
1369 3140 1386 3168 ,
1415 3099 1464 3154 si
1493 3098 1580 3154 cui
1622 3098 1857 3154 liberum

1953 1885 2223 1956 aliquibus
2255 1898 2380 1941 esse
2420 1883 2742 1946 contiduut,
2784 1898 2884 1939 nos
2927 1883 3257 1954 adjutorium
3311 1886 3407 1942 Dei
3447 1899 3554 1942 nec

1952 1976 2159 2033 debere
2187 1992 2469 2047 quaerere,
2515 1992 2616 2032 nec
2645 1993 2843 2047 egere;
2873 1993 2998 2032 cum
3039 1993 3231 2034 omnes
3273 1978 3450 2035 sancti
3477 1979 3560 2035 ni-

1954 2068 2029 2124 hil
2058 2085 2118 2124 se
2145 2069 2264 2124 sine
2293 2069 2397 2125 hoc
2425 2085 2590 2138 agere
2621 2085 2784 2139 posse
2809 2070 3124 2125 testentur?

2025 2164 2080 2220 6.
2110 2163 2368 2220 Liberum
2403 2165 2420 2202 ί
2447 2164 2592 2220 enim
2626 2163 2912 2219 arbitrium
2946 2163 3075 2218 olim
3108 2165 3203 2220 ille
3234 2180 3551 2236 perpessus,

1953 2256 2081 2313 dum
2106 2257 2220 2314 suis
2249 2255 2611 2313 inconsultius
2632 2258 2804 2312 utitur
2827 2256 3003 2326 bonis,
3037 2257 3238 2313 Cadem
3255 2258 3310 2312 in
3338 2275 3558 2328 praeva-

1955 2351 2238 2407 ricationis
2270 2350 2543 2421 profunda
2572 2351 2860 2406 demersus
2887 2358 3004 2416 est,
3053 2361 3110 2404 et
3134 2351 3268 2405 nihil
3299 2352 3559 2422 quemad-

1957 2446 2176 2502 modum
2222 2445 2422 2502 exinde
2468 2460 2695 2516 surgere
2738 2454 2922 2514 posset
2967 2445 3220 2511 invenit;
3265 2461 3476 2515 suaque
3509 2448 3561 2501 itt

1955 2551 2222 2596 aeternum
2253 2539 2506 2595 libet-tate
2527 2538 2792 2609 deceptus
2815 2579 2829 2604 ,
2856 2536 3017 2607 ltujus
3045 2538 3216 2592 ruina:
3251 2537 3265 2588 i
3298 2537 3564 2608 jacuisset

1955 2647 2260 2703 Oppressu,
2314 2631 2420 2688 nisi
2468 2647 2592 2688 eum
2648 2642 2771 2701 post
2808 2629 3063 2687 Christik
3100 2646 3195 2702 pro
3248 2646 3345 2686 sua
3389 2633 3564 2701 gratia

1959 2729 2266 2785 relevasset
2307 2727 2578 2783 adventus
2612 2743 2624 2780 :
2659 2727 2751 2799 qui
2786 2742 2883 2796 per
2925 2741 3079 2782 nova:
3128 2727 3565 2797 regenerationis

1958 2821 2424 2894 puriﬁcationem,
2452 2835 2617 2876 omne
2649 2819 2986 2891 prwteritum
3014 2819 3208 2874 vitium
3238 2821 3322 2876 sui
3351 2821 3563 2892 baptis-

1959 2917 2124 2972 ntatis
2151 2915 2371 2971 lavacro
2401 2915 2684 2983 purgavit;
2712 2912 2904 2982 ctejus
2931 2912 3159 2967 ﬁrmans
3191 2921 3390 2968 Statum
3411 2956 3426 2980 ,
3456 2931 3566 2984 quo

1959 3008 2166 3064 rectius
2202 3005 2563 3073 stabiliuSque
2601 3004 2960 3075 procederet,
2996 3015 3174 3060 tamen
3233 3019 3387 3060 suam
3434 3023 3562 3077 gra-

1964 3105 2093 3158 tiam
2122 3103 2178 3158 in
2213 3109 2492 3171 posterum
2523 3115 2630 3154 non
2658 3097 2900 3168 negavit.
2947 3097 3083 3154 Nam
3121 3100 3370 3168 quamvis
3399 3100 3562 3157 reda-

238 3202 524 3259 arbitrium
563 3199 698 3270 plus
733 3197 1021 3269 νηιὰς-εδει
1052 3213 1069 3262 ;
1097 3194 1302 3267 quippe
1329 3209 1453 3249 cum
1475 3193 1558 3247 vir
1583 3192 1781 3248 beatus
1802 3199 1858 3246 et
1886 3198 1932 3262 C
1964 3197 2156 3252 misset
2201 3193 2476 3250 hominem
2509 3209 2537 3247 a
2569 3191 2867 3262 praeteritis
2920 3190 3015 3248 ille
3047 3193 3284 3260 peccatis
3309 3236 3324 3260 ,
3376 3201 3562 3249 tamen

239 3294 344 3367 jam
371 3296 593 3354 electus
622 3308 655 3348 a
682 3291 918 3346 Domino
943 3289 1076 3345 nihil
1110 3298 1335 3358 egeret,
1357 3297 1538 3343 tamen
1569 3287 1648 3343 ita
1681 3287 1851 3342 Deum

242 3389 596 3464 deprecatur,
636 3386 926 3456 postulans
960 3403 975 3441 :
1006 3383 1234 3460 Adjutor
1277 3400 1420 3439 meus
1447 3392 1576 3444 esto,
1611 3399 1675 3438 ne
1706 3383 1855 3437 dere-

244 3482 444 3557 linquas
475 3499 564 3538 me
583 3524 600 3547 ,
636 3497 802 3554 neque
831 3480 1088 3552 despicias
1119 3495 1215 3545 me,
1254 3476 1394 3533 Deus
1423 3475 1670 3533 salutaris
1711 3493 1856 3531 meus

242 3576 417 3652 (Psal.
443 3592 607 3647 xxvi,
636 3576 696 3649 9)
730 3591 746 3629 :
801 3561 902 3630 nos
933 3573 1094 3630 nobis
1123 3573 1357 3629 liberum
1387 3571 1676 3628 arbitrium
1704 3611 1721 3640 ,
1765 3570 1858 3628 ille

244 3761 298 3816 in
326 3769 516 3816 natura
533 3799 550 3823 ,
573 3757 718 3814 velle
744 3756 802 3811 in
818 3756 1037 3810 arbitrio
1061 3764 1108 3810 et
1139 3755 1323 3810 essein
1353 3753 1542 3822 aﬁ'ectu
1563 3755 1863 3811 constitue-

246 3832 360 3890 hat.
381 3831 526 3888 Tum
569 3843 738 3901 posse
765 3829 831 3884 ad
875 3827 1046 3883 Deum
1089 3839 1301 3901 natura:
1327 3841 1608 3884 auctorem
1641 3827 1862 3898 proprie

246 3905 526 3976 pertinere
555 3899 632 3957 ita
660 3901 991 3976 largiebatur
1011 3941 1025 3960 .
1063 3911 1120 3953 ut
1146 3899 1286 3954 velle
1307 3908 1366 3976 et
1389 3915 1514 3953 esse
1539 3915 1672 3976 ,_se_tt
1697 3914 1863 3976 agere

248 3970 316 4031 ad
347 3975 632 4031 homtnem
655 3971 942 4028 relereuda
976 3985 1100 4026 esse
1130 3970 1513 4026 contenderet.
1558 3970 1741 4027 Solius
1766 3971 1862 4026 Dei

249 4062 370 4104 esse
393 4046 666 4108 docebat,
713 4043 854 4107 quod
902 4052 1066 4116 potest
1113 4042 1267 4116 Itomo
1312 4041 1443 4116 uelle
1489 4042 1682 4097 bonum
1710 4051 1864 4116 atque

252 4120 494 4188 perﬁcere
526 4134 546 4176 .'
574 4116 674 4172 sed
703 4116 850 4186 quod
884 4114 1014 4168 illud
1045 4115 1178 4188 velit
1217 4115 1510 4184 perlicere,
1535 4128 1610 4188 ‘ac
1651 4129 1714 4168 re
1743 4115 1857 4188 ipsa

252 4184 533 4261 perﬁciat,
563 4184 819 4261 adeoque
858 4197 915 4261 et
953 4185 1095 4261 quod
1129 4187 1302 4261 bonus
1327 4199 1390 4239 ac
1427 4184 1702 4261 perit-ctus
1729 4184 1861 4261 velit

253 4257 376 4318 esse
396 4305 410 4324 .
432 4263 522 4318 vel
556 4260 726 4316 etiam
753 4261 855 4326 sit,
887 4258 1054 4329 ipsius
1079 4257 1317 4312 hominis
1349 4272 1473 4311 esse
1504 4257 1857 4329 praedicabat,

254 4333 370 4390 Non
418 4333 771 4389 inllciabator
821 4327 1096 4402 hominem
1126 4329 1329 4402 gratia:
1376 4344 1574 4402 semper
1618 4327 1862 4402 adjuvari

254 4405 498 4464 auxilio:
552 4403 650 4460 sed
692 4404 957 4456 auxilium
1001 4398 1240 4457 illudin
1285 4406 1386 4454 hoc
1415 4398 1694 4471 ponebat,
1715 4398 1861 4466 quod

1959 3291 2140 3348 sciens
2169 3289 2367 3345 iterum
2403 3301 2565 3358 posse
2593 3299 2821 3354 peccare
2847 3326 2862 3353 ,
2892 3283 2959 3339 ad
2993 3285 3405 3355 reparationem
3437 3287 3567 3353 sibi,

1961 3381 2417 3456 quemadmodum
2452 3388 2636 3452 posset
2672 3378 2824 3433 illum
2847 3389 2901 3433 et
2942 3387 3065 3448 post
3109 3378 3210 3433 ista
3251 3379 3560 3451 corrigere,

1964 3479 2135 3537 multa
2178 3477 2422 3534 servavit
2470 3473 2833 3544 :quotidiana
2876 3482 3105 3543 praestat
3145 3471 3238 3528 ille
3281 3475 3563 3546 remedia,

1965 3571 2162 3644 quibus
2191 3570 2294 3627 ttisi
2327 3567 2454 3626 freti
2480 3566 2784 3639 conﬁsique
2805 3565 3046 3622 nitatttur
3065 3607 3080 3634 ,
3107 3565 3420 3624 nullatenus
3440 3569 3569 3624 vino

1963 3771 2196 3833 uocare:_
2217 3755 2623 3833 refragantibus
2669 3754 2812 3833 aliis_
2834 3754 2989 3811 libris
3016 3797 3032 3823 ,
3066 3771 3134 3812 ex
3163 3757 3360 3833 quibus
3400 3760 3570 3833 liquet

1965 3828 2294 3902 vocabulum
2312 3829 2609 3902 adjutorem
2636 3827 2868 3902 agverbo
2893 3837 3104 3898 exoptat
3132 3827 3272 3900 regi.

2037 3897 2067 3937 ιι
2096 3900 2316 3969 Aliquot
2346 3897 2478 3955 mss.
2511 3915 2634 3954 cum
2665 3899 2898 3968 Quesn.,
2926 3897 3137 3955 necnon
3167 3897 3297 3956 edit.
3330 3902 3492 3960 Rom.
3519 3920 3573 3964 ιιι

1967 3971 2204 4045 C0ttcil.,
2230 3973 2303 4025 ita
2331 3988 2573 4045 magnum
2591 3973 2709 4038 scit,
2734 3979 2791 4045 ut
2815 3973 3024 4045 assidue
3049 3973 3257 4045 diceret.
3283 3978 3436 4045 Apud
3453 3980 3564 4032 Att-

1965 4053 2133 4113 gttst.,
2177 4044 2251 4096 ita
2280 4059 2500 4114 magnus
2525 4043 2656 4095 sicut
2683 4043 2889 4097 assidue
2931 4043 3117 4096 dicere.
3149 4043 3380 4100 Garner.
3409 4090 3425 4111 ,
3468 4049 3565 4105 hoc

1967 4116 2048 4169 illi
2077 4127 2182 4167 tam
2210 4131 2454 4184 magnum
2480 4114 2641 4168 visum
2663 4116 2751 4184 sit,
2775 4124 2829 4168 ut
2859 4114 3062 4167 assidue
3084 4114 3272 4169 diceret
3298 4158 3313 4182 ,
3346 4126 3452 4172 tam
3474 4139 3566 4176 ne-

1967 4187 2246 4240 cessarium
2266 4183 2532 4255 confessus
2559 4185 2646 4237 sit.
2678 4183 2733 4238 Id
2764 4185 2908 4252 quod
2940 4185 3123 4252 plures
3152 4202 3216 4240 ac
3237 4193 3566 4249 vetu5tiores

1969 4273 2101 4312 mss.
2132 4254 2394 4311 exhibent
2437 4254 2761 4310 retinemus.
2795 4255 3072 4311 Malletnus
3103 4268 3281 4313 tamen
3305 4301 3318 4325 ,
3349 4261 3422 4314 ita
3447 4279 3563 4317 ma-

1968 4346 2099 4401 gnus
2126 4329 2271 4401 scivit
2295 4327 2500 4382 assidue
2527 4327 2695 4401 dicere
2718 4369 2734 4393 ,
2765 4335 2811 4379 et
2841 4328 2935 4380 ita.

2049 4399 2063 4438 ί
2103 4399 2316 4455 Merlin.
2350 4407 2408 4453 et
2449 4413 2514 4454 ex
2562 4415 2628 4454 eo
2659 4399 2885 4466 Quesn.,
2944 4396 3128 4453 Libero
3173 4401 3309 4455 enim
3350 4405 3564 4461 arbitrio

253 4477 552 4532 voluntatis
577 4476 953 4545 atquegoperis
973 4474 1388 4545 possibilitatem
1408 4469 1548 4545 Deus
1565 4486 1856 4542 numquam
1884 4481 1939 4542 D
1963 4473 2085 4528 oliui
2115 4471 2205 4545 ille
2227 4487 2532 4545 perversae
2559 4487 2578 4535 ;
2606 4469 3023 4545 reluctantibus,
3052 4473 3306 4545 omnibus
3339 4493 3468 4530 nhs.
3512 4487 3568 4534 ει

260 4565 368 4605 non
387 4551 568 4604 daret.
603 4542 721 4618 Ipsa
753 4542 899 4618 illius
919 4542 1092 4618 verba
1106 4542 1310 4599 videsis
1339 4543 1479 4614 apud
1496 4542 1857 4613 Augustinum

258 4619 438 4678 lib.de
455 4616 642 4676 Gratia
661 4616 892 4680 Christi,
916 4632 1036 4686 cap.
1067 4617 1124 4674 4.

329 4699 357 4728 ⁸
395 4693 454 4749 lu
484 4692 619 4747 edit.
647 4693 810 4747 lium.
839 4700 895 4744 et
918 4688 1130 4744 Concil.
1161 4687 1512 4745 desideratur
1535 4687 1714 4742 situas.

329 4762 356 4801 ι’
379 4763 724 4836 Vocabulum
751 4766 864 4836 ejus
885 4778 952 4816 ex
974 4775 1078 4814 uts.
1108 4759 1294 4836 Germ.
1320 4770 1376 4836 et
1396 4761 1681 4836 edit.‘Attg.
1706 4775 1866 4836 revn-

263 4847 434 4891 catur.
466 4836 635 4893 Solus
684 4828 852 4891 Garn.
905 4836 1085 4888 locum
1137 4832 1284 4888 hunc
1334 4833 1408 4888 ita
1453 4828 1679 4887 exhibet
1719 4828 1865 4885 :Dic

300 4907 518 4983 uomado
547 4924 663 4962 vere
683 4907 1010 4983 adjutorium
1044 4906 1154 4976 ejus
1179 4904 1232 4958 in
1258 4921 1376 4983 nos,
1409 4920 1535 4983 eum
1553 4904 1684 4983 tales
1711 4920 1742 4956 a
1768 4919 1866 4983 _no-

263 4923 518 5033 z‘uomoao
547 4924 663 4962 vere
683 4923 1010 4983 aajtttortum
1044 4923 1154 4976 ejus
1179 4923 1232 4958 m
1258 4923 1376 4968 nas,
1409 4923 1529 4958 eum
1553 4923 1684 4957 tates
1711 4923 1742 4956 a
1772 4923 1866 4956 no-

281 4980 338 5052 _'s
354 4981 507 5035 etiam
526 4995 635 5034 esse
646 4984 1278 5052 possimus,provocemus.
1302 4975 1433 5030 Eum
1447 4975 1535 5047 qui
1547 4973 1867 5052 adjutorium

267 5047 362 5105 Dei
393 5061 570 5124 negat,
604 5045 785 5107 rursus
814 5045 997 5104 vellem
1038 5053 1356 5120 interrogare
1405 5045 1498 5101 cur
1526 5048 1663 5101 dicat
1696 5063 1788 5100 nos
1815 5045 1868 5100 id

267 5138 369 5176 non
415 5125 704 5196 promereri
726 5125 753 5179 .9

338 5205 361 5264 ξ
391 5189 600 5261 Quem.
634 5209 759 5250 cum
789 5209 900 5250 uno
931 5207 1037 5247 ms.
1061 5189 1244 5256 Colb.,
1269 5190 1584 5264 praestolari.

334 5261 362 5302 δ
389 5259 463 5322 lia
505 5281 638 5321 mss.
677 5281 890 5323 necnon
916 5276 1136 5321 veteres
1180 5259 1313 5318 edit.
1347 5262 1558 5319 Cencil.
1611 5262 1682 5316 At
1707 5259 1866 5314 Rom.

268 5336 397 5393 edit.
431 5349 488 5393 et
510 5339 854 5394 recentiores
881 5335 1094 5393 Concil.
1130 5349 1254 5390 cum
1285 5335 1480 5396 Garn.,
1512 5349 1800 5404 precamur.

341 5419 364 5446 ο
390 5408 572 5482 Gartt_._
585 5411 977 5482 nequidquam;
1004 5416 1062 5464 et
1087 5406 1246 5474 inira,
1273 5406 1440 5461 David
1453 5403 1720 5471 inclamat,
1750 5418 1872 5474 pro,

276 5479 414 5536 Nam
442 5483 489 5536 si
510 5479 604 5536 ille
625 5479 838 5537 clamat.

345 5552 364 5591 ί
407 5553 559 5609 Edit.
603 5555 788 5621 Rotn.,
818 5553 930 5608 Nos
974 5569 1096 5616 ergo
1135 5551 1354 5605 dicimus
1397 5549 1669 5619 manifeste
1697 5588 1728 5621 ,_
1764 5555 1871 5602 etc.

273 5624 436 5681 Garn.
460 5671 473 5695 ,
510 5624 627 5680 Nos
656 5615 878 5680 dicimus
899 5615 1195 5693 manifeste,
1227 5621 1444 5695 utquid
1462 5615 1664 5695 oramus
1685 5615 1874 5685 Deum,

271 5695 393 5754 ille:
426 5693 484 5753 ct
513 5696 684 5764 infra,
721 5696 889 5751 David
916 5712 1036 5768 ergo
1063 5738 1076 5756 .
1108 5712 1208 5768 pro
1227 5737 1241 5757 ,
1277 5693 1445 5748 David
1473 5693 1625 5745 enim.

343 5779 368 5818 8
402 5771 548 5826 Edit.
587 5761 746 5825 “om.
787 5780 838 5822 et
882 5761 1125 5827 Concilj
1155 5767 1210 5821 in
1235 5783 1330 5821 sua
1371 5771 1558 5818 natura
1598 5778 1723 5817 esse.
1756 5761 1880 5816 Mox

273 5838 465 5911 (ἔπει,
492 5839 794 5914 adjutorem
820 5841 1024 5894 invocat
1041 5881 1056 5905 ,
1082 5854 1173 5892 nec
1197 5837 1278 5892 illi
1303 5836 1486 5908 sufﬁcit
1506 5833 1774 5890 assiduum
1800 5833 1881 5887 in-

797 5936 1072 5998 PATROL.
1112 5934 1264 5997 XX.

1963 4545 2126 4620 editis
2149 4542 2292 4620 aliis,
2320 4543 2632 4620 n_on_soluttt
2663 4542 2776 4620 hic,
2803 4544 2898 4599 sed
2928 4556 2976 4620 et
3012 4543 3064 4620 _in
3099 4543 3234 4620 libro
3282 4563 3329 4620 tt
3349 4547 3562 4620 Angus.

1964 4617 2062 4672 tini
2107 4615 2175 4671 ad
2193 4614 2710 4692 _Bonilacium,cap.
2749 4616 2804 4680 4,
2837 4632 2907 4692 [ιε-
2923 4615 2978 4681 6,
3011 4617 3064 4692 in
3119 4616 3260 4692 libro
3307 4614 3562 4692 Ριιοῆῃτί

1964 4698 2160 4766 contra
2179 4689 2536 4766 _Collatorent,
2563 4702 2622 4766 _c.
2659 4687 2721 4757 5,
2752 4704 2807 4766 lt:
2841 4687 2927 4750 15,
2959 4694 3015 4742 et
3032 4689 3097 4766 _in
3129 4687 3409 4766 (Scelestini
3447 4687 3566 4766 'epi-

1966 4763 2104 4815 stola
2130 4761 2224 4825 ‘21,
2261 4778 2314 4815 n.
2341 4759 2397 4826 5,
2439 4759 2528 4816 ubi
2563 4759 2680 4816 hzcc
2708 4760 2901 4816 eadem
2930 4761 3095 4814 verba
3139 4763 3394 4819 citantur.
3422 4759 3565 4822 Sa'ne

1967 4833 2271 4958 Innocentii
2289 4832 2560 4889 sententia
2580 4834 2758 4902 potius
2773 4833 3072 4905 permissus,
3096 4848 3255 4903 quam
3279 4853 3564 4908 perversus,

1967 4915 2128 4958 nostu
2156 4914 2230 4958 at.

1967 4914 2230 4976 postulat.

2046 4975 2059 5026 i
2096 4976 2150 5030 In
2183 4991 2317 5032 mss.
2337 4983 2398 5031 ut
2426 4977 2478 5029 itt
2507 4973 2638 5030 edit.
2670 4974 2825 5030 Meri.
2852 4985 2910 5030 et
2930 4975 3115 5042 Rom,
3142 4979 3308 5034 ruina:
3331 4981 3569 5036 latuisset

1972 5065 2241 5119 oppressus
2293 5049 2378 5102 vel
2417 5061 2757 5119 oppressum,
2808 5047 2912 5101 nisi
2943 5049 3086 5116 qttod
3135 5051 3184 5103 itt
3216 5049 3359 5104 Pitb.
3387 5063 3568 5108 exstat

1973 5117 2245 5191 oppressu,
2270 5128 2326 5174 et
2357 5120 2410 5172 in
2457 5118 2626 5172 Corb.
2661 5117 2730 5173 ab
2779 5119 3000 5191 antiqua
3034 5135 3196 5175 manu
3247 5122 3560 5177 rteslilttlllttt

1973 5189 2363 5260 cStjacuisset:
2391 5205 2552 5252 quam
2611 5189 3048 5261 emendationem
3101 5205 3304 5248 rectam
3337 5194 3570 5261 probant

1974 5278 2097 5317 cum
2130 5263 2417 5332 Augustini
2449 5261 2594 5332 liber
2636 5275 2672 5314 ll
2701 5260 2766 5316 ad
2813 5261 2986 5316 Booil'.
3017 5273 3207 5318 contra
3236 5260 3371 5317 duas
3403 5267 3564 5332 epist.

1975 5332 2163 5404 Pelag.
2194 5331 2249 5387 tt.
2280 5331 2336 5392 6.
2362 5343 2475 5386 tum
2505 5331 2736 5401 epis-ala
2767 5332 2830 5388 21
2854 5335 3126 5390 C(BIrstini
3155 5350 3323 5403 papte.
3359 5331 3480 5402 cztp.
3510 5335 3570 5402 4,

1979 5408 2068 5460 ttbi
2098 5407 2215 5461 haec
2243 5404 2406 5459 verba
2435 5405 2696 5459 citantur.
2720 5405 3062 5472 Quamquam
3098 5421 3198 5461 nec
3225 5407 3276 5459 in
3307 5405 3410 5457 illis
3437 5405 3574 5461 duo-

1979 5477 2081 5533 bus
2104 5477 2238 5532 locis
2267 5477 2460 5531 desunt
2496 5491 2629 5532 mss.
2661 5478 2748 5532 qui
2781 5477 3077 5532 exhibeant
3104 5476 3335 5546 latuisset
3361 5492 3572 5546 oppres-

1979 5567 2060 5604 su.
2093 5548 2246 5619 Apud
2276 5547 2437 5602 Crab.
2465 5561 2520 5603 et
2548 5548 2749 5602 exinde
2800 5550 2853 5602 itt
2883 5549 3018 5603 edit.
3049 5547 3246 5601 conetl.
3285 5545 3376 5619 ltic_
3395 5548 3576 5616 legere

1980 5617 2227 5678 est.huic
2246 5620 2413 5692 ruina:
2439 5635 2547 5674 sua:
2575 5621 2812 5692 iacuisset
2837 5635 3137 5692 oppressus,
3170 5617 3309 5685 apud
3339 5617 3573 5675 Garner.

1981 5702 2036 5750 et
2056 5693 2288 5764 Questa,
2321 5690 2482 5764 hujus
2504 5693 2654 5745 ruina
2679 5690 3014 5763 subjacuisset
3043 5704 3336 5764 oppressus.

2057 5759 2100 5802 ἰ’
2130 5763 2204 5819 lta
2236 5778 2369 5819 mss.
2388 5759 2404 5764 ⁷
2427 5779 2624 5834 magno
2653 5759 2924 5818 consensu
2953 5776 3075 5816 cum
3108 5759 3242 5815 edit.
3268 5763 3404 5830 Aug.
3428 5761 3498 5815 At
3524 5761 3582 5829 in

1985 5836 2145 5904 edit.,
2167 5853 2257 5908 per
2283 5851 2429 5891 suam
2459 5839 2706 5908 gratiam.

2948 5927 3026 5991 10
