4084 6342
238 314 335 376 601

1415 318 1776 380 ΕΡΙΒΤΟΙΑΕ
1816 323 1907 381 ET
1944 323 2291 383 DECRETA.

3408 305 3538 412 toea

237 433 430 506 aliquid
455 433 574 502 fiat,
609 436 773 509 quale
805 434 1084 514 providere
1135 444 1190 492 et
1217 435 1546 509 propellere,
1581 454 1648 495 ne
1677 440 1823 496 acci-
1850 450 1905 512 Α
1928 441 2122 512 tiones,
2148 457 2271 500 eum
2312 444 2433 517 plus
2478 460 2538 503 se
2577 446 2757 503 adhuc
2813 456 3060 508 metuere
3111 451 3322 519 dicant.
3368 470 3531 528 quam

234 528 404 599 deret,
435 530 524 585 vel
555 547 627 588 ne
655 531 885 601 accidat,
917 530 1079 588 etiam
1109 530 1214 604 ipsi
1243 532 1316 588 sit
1340 541 1394 590 et
1421 543 1606 606 postea
1630 537 1834 592 moles-

235 622 530 680 tissimum.

241 783 246 786 .
697 722 1034 780 EPISTOLA
1075 731 1102 760 ε
1137 721 1358 779 XXXV.

232 814 494 869 Joannem
529 814 911 888 Hieronymum
953 815 1492 889 Hierosolymitanum
1535 819 1831 893 prospicere

301 905 584 975 debuisse,
628 924 693 963 ne
722 918 795 962 tot
843 925 905 962 ac
951 910 1109 965 tantis
1155 910 1330 978 malis,
1376 910 1582 981 quibus,
1615 913 1830 983 afﬂicta:

295 1009 413 1054 sunt
440 985 622 1056 Paula
643 1010 693 1056 et
725 1000 1090 1070 Eustochium,
1147 1004 1580 1076 opprimerentur,
1633 1021 1695 1059 ac
1727 1005 1846 1072 nisi,

296 1089 409 1145 haec
437 1089 688 1171 deinceps
717 1105 804 1148 aut
825 1094 1173 1167 corrigantur,
1203 1105 1295 1150 aut
1322 1096 1690 1167 retundantur,
1735 1114 1826 1152 ra-

296 1185 490 1240 tionem
514 1185 638 1240 inde
662 1186 1012 1242 redditurum.
1209 1242 1212 1246 ,
1541 1237 1548 1243 .
1655 1256 1658 1260 Ι

428 1279 803 1336 Dilectissimo
834 1282 983 1339 fratri
1022 1283 1213 1340 JOANNI
1239 1283 1616 1342 INNOCBNTIUS.

296 1375 673 1442 Direptiones,
699 1376 902 1442 credes,
938 1377 1210 1445 incendia,
1265 1394 1432 1436 omne
1467 1379 1700 1446 facinus,
1731 1397 1826 1438 ex-

227 1479 412 1525 trema:
439 1469 469 1508 δ
501 1471 815 1527 clementiae
863 1471 1306 1544 generosissimus
1348 1483 1554 1531 sanctae
1587 1476 1826 1548 virgines

225 1550 588 1637 Eustochium
638 1577 697 1623 et
724 1566 889 1622 Paula
919 1567 1344 1637 deploraverunt
1385 1571 1435 1626 iu
1469 1569 1605 1626 locis
1636 1571 1826 1628 Eccle-

224 1659 316 1717 site
337 1668 444 1717 tuae
470 1670 823 1731 perpetrasse
847 1661 1122 1718 diabolum
1157 1681 1168 1718 :
1201 1679 1401 1720 nomen
1422 1665 1568 1720 enim
1590 1664 1825 1722 hominis

224 1767 557 1828 causamque
606 1757 968 1812 reticuerunt.
1024 1758 1176 1826 Quod
1223 1760 1329 1816 etsi
1371 1759 1686 1830 ambiguum
1715 1776 1823 1816 non

1938 548 2343 606 conquerantur
2367 553 2488 595 esse
2539 542 2873 612 perpessas?
2920 544 3098 600 Altius
3147 560 3455 620 censerem,
3486 551 3534 608 si

1937 638 2124 685 essent
2157 633 2356 702 aliquid
2391 633 2462 690 de
2491 634 2590 690 hac
2620 650 2677 690 re
2708 651 2920 692 mecum
2952 639 3198 708 apertius
3225 641 3532 702 eollocutte.

1943 719 2094 788 Vide,
2144 722 2333 789 frater,
2366 727 2573 798 antiqui
2612 725 2786 783 hostis
2817 729 3066 799 insidias,
3094 744 3146 788 et
3180 734 3372 804 spiritu
3403 736 3534 794 boui

1937 815 2166 871 rectoris
2215 819 2494 890 pervigila,
2529 827 2588 875 ut
2641 823 2779 888 haec,
2829 838 2951 894 qua:
3004 825 3070 880 ad
3122 841 3222 882 nos
3269 828 3532 900 opinione

1938 908 2130 979 magis,
2155 924 2316 979 quam
2349 916 2697 971 accusatione
2726 902 3037 981 manifesta.
3065 918 3243 976 delata
3268 932 3414 991 sunt,
3445 925 3532 982 vel

1935 1003 2293 1072 corrigantur,
2324 1006 2408 1061 vel
2443 1009 2808 1065 retundantur
2836 1013 2953 1066 :ne
2977 1011 3070 1083 jus
3094 1015 3528 1073 ecclesiasticum

1933 1095 2001 1151 de
2043 1096 2646 1159 labefactatishcausas
2694 1121 2842 1173 eum,
2895 1106 2986 1178 qui
3020 1124 3127 1163 non
3181 1107 3529 1177 defenderit.

1934 1199 2193 1261 prtestare
2221 1195 2526 1266 compellat.

2397 1296 2732 1387 crtsrom
2769 1332 2783 1370 ί
2819 1333 3063 1392 xxxvr.

1932 1442 1994 1500 Si
2021 1445 2238 1500 maritus
2269 1449 2422 1520 cujus
2448 1464 2579 1503 uxor
2599 1449 2654 1504 in
2681 1453 3028 1523 captivitatem
3059 1458 3230 1524 fuerat
3269 1455 3524 1525 abducta,

2001 1537 2220 1594 alteram
2243 1545 2518 1614 acceperit,
2550 1556 2832 1602 reuertente
2862 1549 3054 1619 prima,
3086 1550 3312 1608 secunda
3344 1553 3529 1608 ntulier

2001 1636 2143 1691 debet
2171 1639 2400 1695 excludi.

2404 1768 2754 1812 tuuocuu'rms
2783 1756 2796 1809 i
2839 1772 3027 1815 paene.

223 1847 290 1932 βία
318 1860 340 1888 ⁸
370 1865 400 1904 ³
430 1866 547 1922 quo
593 1852 1000 1949 00mmi55|lm._
1036 1854 1280 1923 OPOI‘NIil
1315 1865 1496 1910 tamen
1545 1855 1825 1911 ουειοάἱΐϐ
1857 1867 1903 1928 Β
2001 1867 2361 1926 Conturbatio
2392 1873 2651 1940 procella:
2681 1873 2982 1931 barbaricte
3013 1875 3260 1934 facultati
3292 1875 3318 1915 ιε
3346 1878 3528 1949 legum

222 1945 642 2015 germanitatem
691 1955 860 2010 tuam,
891 1954 948 2003 et
975 1943 1003 1984 ἀ
1031 1949 1180 2020 gregi
1210 1947 1356 2004 illius
1377 1948 1679 2013 sollicitius.
1699 1965 1826 2020 pro-

221 2036 425 2101 videre.
458 2053 532 2094 ne
562 2038 694 2112 quid
729 2039 1037 2109 hujusmodi
1067 2043 1331 2109 oriretur,
1363 2043 1507 2115 quod
1537 2060 1659 2098 cum
1691 2044 1827 2101 alio-

223 2147 337 2186 rum
367 2132 628 2202 periculo
661 2141 752 2188 tua
784 2131 1006 2190 lacessit
1034 2135 1364 2206 negligentia
1401 2146 1424 2173 ε
1457 2136 1748 2194 admittere
1770 2139 1822 2194 in

221 2241 439 2297 gregem
470 2226 737 2292 Domini;
771 2239 825 2283 et
856 2228 996 2284 tales
1040 2244 1206 2299 agnas
1254 2230 1527 2297 incendio,
1577 2233 1745 2287 armis
1771 2241 1826 2287 et

223 2320 726 2393 persecutionibus,
753 2321 948 2388 nudas,
974 2321 1210 2391 debiles,
1240 2333 1363 2394 post
1389 2339 1615 2380 suorum
1647 2325 1828 2382 caedes

221 2423 270 2470 et
309 2425 549 2480 mortes,
581 2413 674 2470 vix
709 2415 890 2471 vivere
919 2416 1250 2472 audivimus.
1304 2417 1448 2473 Nihil
1485 2429 1668 2476 movet
1713 2421 1828 2491 pic-

223 2515 383 2566 latem
417 2506 436 2546 ῖ
468 2507 625 2564 illaut
650 2509 947 2565 sacerdotii
976 2511 1050 2565 tui
1083 2511 1149 2565 de
1174 2520 1319 2566 tanta
1352 2511 1554 2568 diaboli
1581 2513 1634 2568 in
1667 2522 1722 2569 te
1747 2525 1830 2570 at-

223 2615 322 2672 que
341 2601 395 2658 in
417 2611 543 2658 tuos
564 2613 840 2674 potestate
861 2602 1099 2660 admissa
1121 2605 1142 2660 τ
1162 2605 1214 2660 iu
1237 2615 1307 2672 te,
1331 2605 1585 2678 inquam;
1608 2624 1829 2679 prorsus

223 2679 404 2752 enims
419 2695 732 2752 sacerdotis
751 2698 1072 2768 gravitatem
1096 2698 1647 2757 condemnattantum
1675 2702 1829 2759 nefas

225 2773 283 2844 in.
303 2790 561 2847 Ecclesia
593 2790 767 2848 fuisse
806 2792 1157 2862 completum.
1184 2792 1285 2849 Ubi
1315 2795 1657 2863 provisiones
1681 2797 1827 2852 tuae?

225 2882 311 2939 ubi
336 2893 514 2951 certe,
550 2885 596 2940 si
635 2900 794 2941 casus
843 2897 1162 2956 evenerant,
1209 2889 1410 2944 auxilia
1460 2890 1544 2947 vel
1577 2892 1829 2947 consola-

1932 1961 2112 2016 intulit
2132 1977 2345 2019 casum.
2373 1965 2506 2020 Nam
2536 1966 2676 2022 bene
2698 1969 3002 2025 constituto
3017 1970 3368 2026 matrimOnio
3390 1971 3533 2028 inter

1931 2055 2252 2112 Fortunium
2297 2069 2354 2114 et
2400 2059 2592 2116 Ursam
2639 2063 2972 2130 captivitatis
3021 2063 3276 2120 incursus
3321 2063 3534 2122 fecerat

1932 2165 2166 2218 naevum,
2203 2152 2306 2208 nisi
2358 2165 2542 2208 sancta
2598 2155 2878 2225 religionis
2912 2166 3112 2213 statuta
3151 2158 3540 2228 providerent.

1931 2242 2063 2300 Cum
2094 2245 2238 2301 enim
2265 2245 2314 2301 in
2345 2247 2667 2317 captivitate
2690 2249 2954 2319 praediCIa
2980 2250 3117 2306 Ursa
3149 2251 3353 2323 mulier
3379 2262 3535 2308 tene-

1931 2346 2114 2404 retur;
2166 2338 2317 2395 aliud
2366 2341 2680 2413 coujugium
2730 2358 2853 2398 cum
2906 2329 3178 2401 Restituto
3230 2345 3532 2405 Fortunius

1932 2440 2269 2489 memoratus
2318 2435 2488 2492 inisse
2534 2437 2888 2507 cognoscitur
2917 2437 3034 2509 (⁸54,
3065 2456 3117 2510 q.
3154 2440 3179 2494 l
3211 2425 3259 2494 et
3292 2429 3431 2509 2ης.
3456 2438 3530 2510 ἐς

1933 2523 2025 2580 Ino
2054 2544 2106 2596 p.
2135 2526 2188 2594 8,
2225 2544 2272 2586 c.
2305 2527 2457 2601 245).
2499 2529 2606 2586 Sed
2642 2530 2827 2586 favore
2870 2530 3085 2586 Domini
3126 2547 3346 2588 reversa
3373 2521 3538 2590 'Ursa'

1931 2634 2031 2675 uos
2058 2619 2222 2688 adiit,
2256 2630 2311 2676 et
2356 2622 2508 2676 nullo
2548 2623 2848 2690 diffitente,
2893 2640 3118 2702 uxorem
3153 2641 3215 2680 se
3245 2626 3534 2682 memorati

1932 2711 2233 2783 perdocuit.
2256 2713 2435 2782 Quare
2455 2756 2469 2780 ,
2497 2715 2716 2770 domine
2739 2716 2812 2771 iiIi
2836 2717 3030 2772 merito
3059 2717 3308 2784 illustris,
3337 2718 3534 2773 statui-

1935 2818 2086 2870 mus,
2117 2803 2222 2858 fide
2271 2806 2538 2862 catholica
2594 2793 3128 2879 still‘ragante,‘il|ud
3183 2801 3540 2881 esse‘conju-

1931 2895 2103 2966 gium,
2137 2895 2282 2968 quod
2313 2909 2432 2954 erat
2463 2900 2718 2969 primitus
2747 2896 2764 2937 ι
2803 2900 2975 2970 gratia
3007 2901 3192 2956 divina
3224 2897 3538 2970 fundatum;

224 3014 417 3111 quippe
451 3021 703 3111 deg‘mata
755 3021 1066 3111 Itujn'sn'todi‘
1104 2998 1373 3111 hominum
1435 3042 1468 3111 ᾳ
1513 2995 1822 3111 quibuslibet
1851 3045 1898 3109 ρ
1932 3029 2020 3083 ubi
2055 3012 2258 3111 legitur
2297 3040 2351 3111 et.
2383 3031 2515 3111 tales
2556 3049 2740 3111 agnos,
2784 2995 2913 3102 quos
2963 3033 3297 3111 incendio....
3325 3037 3532 3111 undas,

225 3092 495 3168 catholicis
518 3096 678 3148 ctiant
710 3097 800 3168 qui
822 3096 897 3168 Aab
917 3092 1027 3149 illis
1047 3096 1199 3148 terris
1224 3095 1375 3168 longe
1402 3092 1612 3165 absunt,
1640 3099 1819 3152 redar-

224 3167 428 3238 guenda
459 3177 582 3220 sunt
610 3181 628 3220 :
655 3182 718 3238 ne
746 3165 1049 3237 ubicumque
1078 3183 1262 3220 nocere
1291 3165 1488 3234 possint
1507 3186 1609 3238 quo
1640 3185 1817 3238 perve-

226 3235 331 3292 nire
359 3238 652 3308 potuerint.
687 3235 861 3298 Impia
902 3235 1019 3291 vero
1051 3239 1212 3308 facta,
1243 3255 1465 3309 quorum
1493 3235 1730 3296 coercitio
1757 3241 1822 3295 atl

225 3309 572 3383 episcopalem
630 3311 848 3381 pertinet
892 3310 1244 3383 disciplinam,
1297 3311 1380 3364 ubi
1409 3317 1824 3375 committuntur,
1877 3314 1880 3318 ’

225 3381 290 3436 ibi
317 3381 657 3448 potissimum
677 3399 710 3436 a
728 3381 1065 3454 prazsenttbus
1087 3384 1165 3434 vel
1189 3383 1242 3436 in
1269 3385 1508 3454 prox-imo
1537 3385 1829 3439 constitutis

227 3455 499 3526 diligentia
545 3452 807 3526 pastorali
853 3463 901 3506 et
951 3453 1038 3520 pia
1065 3452 1355 3526 severitate
1381 3455 1654 3523 plectentia
1683 3467 1829 3512 sunt.

229 3523 339 3582 Νοὲ
368 3523 555 3598 itaque
581 3535 691 3580 tam
717 3523 868 3592 longe
897 3527 1071 3592 positi,
1101 3536 1279 3594 aptare
1323 3525 1562 3581 debemus
1591 3527 1674 3582 his
1704 3545 1827 3583 cau-

226 3601 290 3653 sis
312 3600 471 3653 talem
495 3598 612 3652 illic
639 3597 803 3668 ﬁnem
821 3597 957 3664 dari,
983 3606 1036 3650 ut
1061 3613 1164 3650 non
1191 3600 1255 3652 sit
1282 3615 1484 3654 necesse
1507 3598 1717 3654 ubilibet
1747 3599 1831 3653 ul-

227 3673 380 3725 terius
401 3671 667 3742 judicari.
704 3669 802 3724 Ubi
837 3673 880 3722 is
918 3671 1108 3742 doctor
1155 3670 1319 3742 impia
1352 3674 1600 3740 dogmata
1632 3674 1700 3726 ab
1731 3673 1831 3725 im-

229 3744 325 3814 piis
357 3741 516 3798 l‘at-tis
544 3743 911 3815 distinguens,
955 3741 1128 3815 impia
1149 3741 1399 3811 dogmata
1429 3761 1456 3797 a
1487 3759 1832 3815 quocumque

229 3813 500 3871 Catholica
536 3827 592 3871 et
617 3814 946 3882 ubicumque
982 3813 1160 3883 argui,
1194 3832 1299 3868 non
1336 3817 1464 3870 item
1499 3813 1662 3878 impia
1691 3813 1828 3871 iacta

228 3884 800 3957 a'quolibet‘coerceri
827 3901 986 3955 posse
1011 3889 1192 3940 docet.
1220 3886 1390 3941 Aliter
1412 3903 1541 3942 vero
1571 3888 1832 3942 Innocen-

231 3961 333 4013 tius
361 3961 430 4014 de
462 3959 618 4014 sedis
668 3975 782 4011 sum
815 3967 1082 4024 potestate
1113 3962 1375 4024 sentiens,
1413 3959 1576 4026 impia
1611 3959 1749 4013 facta
1779 3960 1832 4013 in

231 4033 510 4086 territorio
545 4045 654 4086 non
690 4029 866 4083 minus
895 4031 1084 4099 procul
1108 4045 1136 4080 a
1165 4045 1224 4084 se
1245 4046 1406 4100 quam
1436 4032 1504 4085 ab
1530 4031 1834 4095 Augustino

236 4103 451 4158 tiiSlaflli
478 4101 805 4166 commissa,
852 4101 935 4156 vel
960 4100 1236 4170 judicibus
1267 4102 1704 4171 competentibus
1733 4102 1832 4156 da-

233 4177 319 4235 tis.
348 4179 431 4231 vel
465 4176 575 4229 alia
599 4173 765 4227 etiam
789 4174 996 4226 ratione
1026 4173 1334 4227 vindicandi
1358 4176 1562 4241 sibijus
1585 4187 1833 4228 essenon

232 4245 518 4302 dubitavit.
543 4247 886 4312 Quamquam
918 4244 984 4298 ad
1013 4245 1300 4314 Augustini
1329 4245 1658 4299 sententiam
1690 4247 1740 4297 in
1771 4259 1836 4298 eo

232 4319 616 4389 accedit,qttod
634 4327 971 4389 competentes
981 4317 1188 4388 judices
1205 4332 1232 4389 a
1249 4332 1309 4389 se
1325 4316 1639 4371 tribuendos
1651 4315 1806 4389 docet
1819 4356 1834 4370 .

235 4389 343 4446 Hoc
368 4387 520 4446 enim
576 4388 797 4444 nomine
825 4387 1110 4458 episcopos
1149 4387 1231 4442 vel
1261 4387 1315 4442 iu
1339 4391 1526 4442 eadem
1555 4387 1835 4454 provincia

235 4465 315 4516 vel
347 4463 400 4517 in
427 4464 678 4532 proxima
711 4462 1044 4516 conStitutos
1072 4460 1376 4531 intelligere
1395 4459 1536 4514 haud
1564 4459 1838 4514 immerito

233 4534 448 4589 videatu
458 4553 505 4591 r.

245 4638 255 4643 <
303 4616 329 4644 ⁸
373 4608 431 4662 In
457 4607 593 4661 edit.
626 4605 839 4661 Coucil.
871 4605 962 4661 5‘2.

303 4677 330 4716 δ
371 4679 586 4734 Placuit
610 4679 901 4750 aliquando
926 4693 1049 4732 cum
1085 4677 1319 4750 Baronio
1356 4685 1422 4750 et
1452 4676 1588 4731 edit.
1623 4673 1838 4750 Concil.

237 4751 508 4806 dementit?
537 4767 557 4805 :
588 4751 684 4804 sed
712 4749 877 4804 nobis
923 4749 1269 4816 posunodnm
1316 4749 1490 4804 visnm
1533 4759 1618 4803 est
1661 4749 1841 4816 potius

237 4823 359 4878 hinc
389 4824 604 4879 liutlari
629 4832 848 4877 sanctas
890 4823 1125 4890 virgines
1174 4824 1320 4874 velut
1347 4833 1590 4875 extremae
1618 4822 1842 4874 clemen-

239 4894 340 4954 tite.
369 4896 512 4963 quod
540 4893 727 4948 infesti
748 4893 981 4966 hominis
1010 4909 1206 4948 nomen
1231 4892 1598 4966 odiorumque
1617 4908 1838 4946 cansam

240 4966 559 5022 reticuerint
596 4984 611 5022 :
643 4967 892 5036 adeoque
921 4964 1178 5020 Romana:
1205 4964 1458 5020 editionis
1483 4965 1698 5021 lectioni
1734 4969 1839 5019 luc-

241 5041 489 5094 tendunt.

309 5121 330 5148 ο
363 5112 537 5176 Hujus
571 5109 829 5166 facinoris
859 5108 1098 5178 suspicio
1129 5108 1179 5161 in
1213 5107 1489 5179 Pelagium
1517 5107 1767 5164 cadebat.

307 5179 334 5220 ἀ
366 5183 441 5238 lia
476 5184 678 5237 Bnron.
714 5185 783 5236 At
804 5182 935 5235 edit.
959 5183 1114 5236 Rom.
1138 5181 1330 5252 gregis.
1364 5182 1412 5234 ls
1434 5181 1638 5250 primus
1660 5192 1741 5232 cst
1768 5181 1845 5233 lo-

239 5269 354 5320 cus,
384 5272 452 5310 ex
482 5271 596 5322 quo
619 5253 906 5321 epistolam
933 5255 1073 5307 lianc
1100 5267 1131 5307 e
1160 5254 1350 5307 Grrcco
1372 5267 1692 5306 conversam
1713 5267 1844 5305 cou-

235 5325 595 5396 jec-invinius.
629 5325 762 5379 Nam
796 5325 940 5396 quod
983 5324 1170 5380 Graece
1193 5331 1268 5397 τῷ
1289 5326 1506 5398 ποιμνίῳ
1537 5325 1719 5380 ἑαυτοῦ
1747 5337 1841 5398 seu

237 5394 396 5454 ὰύτοῦ
415 5445 429 5464 ,
451 5400 496 5453 si
520 5399 715 5452 Latine
736 5394 926 5451 nonad
957 5398 1184 5451 verbum
1203 5394 1346 5467 gregi
1376 5394 1542 5463 illius,
1568 5399 1664 5450 sed
1687 5405 1743 5449 ut
1768 5394 1842 5449 lo-

235 5471 385 5524 cutio
405 5470 604 5525 Latina
636 5473 895 5537 postulat,
919 5469 1074 5541 gregi
1086 5484 1181 5522 suo
1205 5469 1481 5537 reddatur,
1510 5481 1632 5537 quae
1657 5481 1846 5541 manca

240 5543 476 5609 primum
509 5551 569 5597 et
599 5541 834 5612 obscura
857 5537 1159 5612 apparebat
1192 5542 1460 5594 orationis
1494 5543 1692 5606 series,
1726 5537 1843 5609 ple-

239 5627 305 5667 na
334 5625 390 5668 et
415 5622 614 5680 aperta
644 5611 758 5668 ﬁet.
897 5611 901 5612 ⁷
1737 5645 1740 5648 ί

248 5715 260 5722 ·
313 5694 338 5722 ο
374 5687 523 5740 Edit.
564 5685 724 5739 llotn.
759 5692 816 5738 et
848 5681 1082 5757 Concil.,
1114 5682 1352 5757 amittere
1379 5699 1606 5757 gregem,
1632 5697 1699 5736 ex
1723 5696 1846 5751 pra-

239 5771 320 5810 va.
347 5757 596 5812 lectione
640 5764 884 5810 veterum
923 5755 1226 5824 librorum,
1259 5755 1312 5810 iu
1343 5755 1540 5825 quibus
1565 5757 1850 5808 ammittcre

240 5843 341 5900 pro
367 5829 655 5897 admittere
675 5826 853 5900 scribi
885 5826 1026 5900 solet
1057 5844 1079 5900 :7
1101 5829 1460 5900 corriguntur
1485 5840 1549 5900 ex
1582 5825 1848 5890 Baronio,

243 5895 384 5972 ttpud
415 5913 583 5970 quem
611 5895 792 5954 tamen
824 5897 1023 5955 deinde
1051 5899 1158 5954 non
1187 5895 1357 5955 levius
1381 5895 1558 5955 exstat
1580 5905 1843 5954 erratum,

1866 4580 1922 4641 D

1928 3103 2082 3171 quasi
2116 3118 2214 3174 vox
2243 3101 2412 3156 nudas
2439 3105 2510 3156 sit
2533 3101 2769 3158 secunda
2799 3101 3032 3174 persona
3057 3104 3209 3159 verbi
3227 3107 3385 3160 nudo.
3416 3101 3536 3174 Quo

1933 3174 2110 3242 posito
2136 3173 2380 3228 Joannes
2417 3175 2610 3229 horum
2645 3175 2946 3230 facinorum
2981 3188 3170 3230 auctor
3193 3223 3207 3244 ,
3255 3173 3535 3234 renitente

1935 3247 2100 3298 totius
2129 3244 2375 3314 epistolae
2399 3248 2568 3312 serie,
2605 3245 2950 3313 lli‘il‘dlt'ailﬂ'.
2993 3260 2996 3266 '
3540 3276 3547 3282 -

2010 3316 2028 3353 τ
2065 3317 2293 3371 ltedolet
2327 3328 2381 3371 et
2412 3317 2550 3385 alter
2594 3319 2698 3373 iste
2745 3320 2896 3372 locus
2927 3317 3177 3374 Grzecum
3231 3319 3418 3375 Latine
3464 3336 3533 3377 ex

1931 3402 2084 3442 more
2116 3390 2311 3459 linguze
2343 3404 2454 3442 suae
2487 3389 2820 3457 loquente-nt,
2851 3397 2906 3443 et
2932 3392 3022 3455 qui
3056 3407 3178 3444 cunt
3209 3389 3405 3448 Cra-ce
3433 3399 3534 3457 rario

1932 3460 2198 3517 εὐσέϐειαν
2229 3460 2571 3529 praelcgissct
2591 3503 2605 3526 ,
2647 3463 2934 3515 articulum
2965 3468 3056 3522 τήν
3089 3465 3360 3517 vocabulo
3386 3465 3533 3517 illam

1935 3533 2124 3588 Latine
2175 3534 2592 3599 exprimendum
2651 3534 2998 3588 existimarit.
3055 3534 3260 3588 Deinde
3289 3535 3535 3590 Latinius

1933 3614 2148 3677 tanta...
2177 3613 2422 3677 potestas,
2453 3621 2610 3672 quam
2645 3603 2708 3657 de
2729 3616 2941 3660 tanta...
2972 3615 3248 3677 potestate,
3278 3607 3528 3663 dixisset.

2007 3686 2032 3724 ε
2067 3676 2220 3742 Apud
2256 3675 2478 3745 B:tr0tt.,
2515 3678 2817 3730 sacerdotii.
2973 3675 2982 3677 “
3016 3734 3019 3736 ,
3333 3733 3340 3743 ,

1967 3792 1969 3795 .
2007 3746 2034 3785 λι
2061 3747 2443 3815 Editi,‘causis,
2471 3764 2568 3815 pro
2597 3765 2705 3818 quo
2730 3749 2898 3803 verbo
2930 3766 3167 3813 causam,
3200 3750 3305 3804 hoc
3334 3757 3420 3804 est
3449 3765 3536 3803 ra—

1937 3821 2147 3882 tionem,
2177 3821 2574 3874 restituendum
2616 3836 2741 3876 esse
2782 3821 2892 3886 jam
2936 3820 3376 3892 conjecer'amus,
3409 3838 3535 3876 cum

1939 3893 1991 3946 iu
2029 3895 2328 3965 archetypo
2365 3908 2549 3965 causas
2595 3894 2696 3965 legi
2733 3892 3048 3947 didicimus.
3080 3895 3353 3965 Porrojus
3373 3895 3537 3958 eccle-

1935 3963 2201 4018 siasticum
2233 3973 2380 4017 recto
2409 3963 2461 4017 in
2492 3979 2621 4017 Casu
2657 3964 2742 4017 hic
2773 3967 3114 4020 enuntiatur.

2016 4034 2031 4071 ί
2065 4036 2120 4088 ln
2145 4035 2278 4088 edit.
2311 4035 2524 4089 Concil.
2557 4040 2608 4090 9.
2644 4035 2788 4090 Inter
2819 4037 3121 4090 Innocentii
3153 4036 3378 4092 decreta
3406 4036 3537 4091 Dio-

1939 4107 2127 4178 nysius
2157 4105 2406 4179 Exiguus
2428 4107 2674 4171 epistola:
2702 4106 2828 4160 huic
2852 4109 2916 4160 57
2943 4108 3122 4179 locum
3152 4109 3364 4163 tribuit.
3402 4109 3533 4162 Eam

1941 4176 2067 4231 inde
2085 4177 2321 4243 sumpsit
2343 4176 2592 4245 lliSpauu:
2616 4179 2957 4232 Colleclionis
2975 4176 3328 4246 c'ontpilator,
3350 4195 3414 4233 ex
3433 4195 3541 4243 quo

1940 4256 1996 4302 et
2024 4247 2283 4310 Isidorus,
2320 4257 2374 4300 ut
2397 4249 2562 4319 solet,
2593 4249 2840 4315 eamdem
2873 4251 3190 4319 exscripsit.
3223 4250 3268 4304 A
3305 4249 3540 4304 Cresco-

1944 4321 2033 4373 uio
2058 4337 2108 4373 c.
2137 4319 2243 4372 “2‘26
2286 4318 2558 4372 laudatur.
2608 4319 2822 4372 Nullam
2874 4318 3084 4388 prtese
3121 4323 3224 4376 fert
3254 4321 3553 4386 temporis,’

1943 4407 2052 4462 quo
2085 4391 2284 4458 scripta
2312 4390 2404 4454 sit,
2451 4401 2652 4443 notam.
2696 4393 3040 4460 Quapropter
3069 4407 3188 4446 eam
3223 4392 3274 4444 in
3304 4391 3539 4446 classem

1944 4461 2300 4532 epistularum
2328 4463 2517 4515 incerti
2548 4466 2813 4528 temporis
2843 4464 3137 4518 amandare
3168 4461 3465 4533 cogimur.
3546 4513 3550 4518 _

1967 4555 1974 4560 -
2022 4535 2035 4585 i
2067 4534 2161 4588 llic
2183 4533 2395 4587 Prolms
2416 4534 2858 4604 lilittSchtilisse
2879 4535 3092 4589 videtur
3117 4534 3276 4589 Probi
3298 4533 3542 4604 praefecti

1949 4605 2204 4676 przctorio
2235 4615 2288 4659 et
2314 4605 2501 4670 Proba:
2530 4603 2737 4659 Faltoni
2759 4624 2788 4656 υ
2815 4607 3047 4674 insignis
3075 4606 3224 4660 illius
3255 4603 3539 4671 matronae,

1943 4679 2012 4733 de
2035 4694 2136 4749 qua
2160 4687 2214 4732 et
2241 4678 2323 4749 de,
2341 4679 2526 4743 liberis
2552 4679 2671 4743 ejus
2703 4677 3065 4749 llicronymus
3083 4680 3251 4748 epist.
3272 4677 3330 4738 8,
3356 4677 3422 4732 ad
3447 4678 3548 4734 De-

1946 4747 2289 4816 metriadem,
2314 4748 2431 4803 hare
2463 4750 2626 4821 habet
2661 4769 2671 4803 :
2704 4747 2876 4803 Proba
2911 4747 3006 4821 illa
3044 4747 3274 4804 omnium
3309 4749 3546 4821 dignita-

1945 4833 2052 4877 tum
2075 4831 2120 4875 et
2152 4831 2353 4875 cuncta:
2384 4820 2670 4875 nobilitatis
2700 4823 2751 4874 in
2779 4822 2898 4876 orbe
2925 4820 3160 4876 Romano
3185 4820 3553 4877 nomen’illus-

1947 4897 2102 4955 trius,
2135 4895 2283 4964 cujus
2303 4898 2552 4948 sant'titas
2576 4904 2620 4948 et
2645 4896 2696 4947 in
2719 4895 2984 4947 universos
3007 4895 3210 4948 bonitas
3231 4896 3384 4948 etiam
3407 4895 3552 4966 apud

1946 4965 2187 5019 barbaras
2218 4967 2525 5037 tenrrabilis
2571 4968 2691 5037 fuit,
2733 4983 2886 5036 quam
2916 4967 3072 5020 trium
3101 4968 3375 5021 liberorum
3409 4964 3548 5020 Pro-
3617 4975 3626 4988 ‘

1948 5037 2075 5103 bini,
2109 5036 2311 5106 Olybrii
2343 5047 2388 5091 rt
2428 5035 2586 5090 Probi
2620 5054 2722 5090 non
2748 5035 3040 5106 '[atigarunt
3073 5039 3332 5092 ordinarii
3361 5053 3551 5091 consu-

1947 5109 2082 5161 latus
2117 5124 2132 5162 :
2169 5120 2211 5161 ct
2242 5124 2356 5161 cum
2399 5109 2622 5162 incensis
2667 5110 2989 5179 direptisque
3031 5109 3270 5163 domibus
3310 5110 3364 5164 in
3414 5107 3551 5162 Urbe

1947 5180 2218 5251 captivitas
2247 5183 2328 5240 sit,
2366 5196 2502 5232 nunc
2535 5179 2739 5233 habitas
2771 5179 2961 5233 dicitur
3005 5183 3317 5235 renumtlare
3350 5196 3554 5251 posscs-

1945 5248 2135 5305 siones.
2166 5252 2300 5305 Ursa
2330 5251 2549 5317 quidem
2581 5251 2898 5320 captivitate
2929 5252 3019 5305 illa
3044 5294 3059 5316 ,
3090 5269 3210 5321 qua:
3251 5267 3395 5305 anno
3421 5248 3550 5314 409,

1949 5337 2136 5376 mense
2159 5327 2423 5392 Augusto,
2457 5321 2601 5378 Urbe
2633 5327 2700 5375 ab
2733 5324 2950 5378 Alarico
2977 5333 3306 5393 expugnata,
3327 5324 3547 5386 accidit,

1947 5393 2179 5464 abducta
2203 5396 2359 5449 facile
2372 5395 2741 5462 creditur,sed
2763 5395 2981 5464 quando
3002 5396 3226 5449 redierit
3249 5397 3550 5458 ignoratur.

1970 5481 1973 5485 ·
2021 5463 2044 5503 ιι
2073 5465 2150 5520 lla
2170 5467 2304 5520 edit.
2341 5466 2498 5519 Itoni.
2529 5481 2650 5520 cum
2683 5463 2901 5522 sincero
2929 5469 3086 5521 ltiou.
3120 5465 3422 5533 exemplari
3448 5465 3555 5516 lte-

1949 5537 2060 5609 gio.
2089 5539 2193 5609 alii
2229 5551 2358 5592 vero
2386 5537 2530 5599 libti,
2557 5539 2707 5609 legis.

1977 5650 1980 5652 -
2028 5607 2041 5646 ¹
2081 5606 2429 5680 Coujugium,
2475 5606 2625 5678 quod
2666 5611 2934 5664 catholica
2989 5608 3122 5663 ﬁdes
3161 5606 3340 5659 divina
3389 5608 3559 5676 gratia

1952 5680 2233 5750 fundatum
2273 5691 2501 5745 censet,
2549 5681 2752 5735 merito
2793 5680 3072 5750 credimus
3129 5691 3556 5750 sacramentum.

1951 5747 2127 5809 Simili
2152 5755 2220 5806 de
2246 5768 2409 5804 causa
2432 5754 2612 5808 simile
2633 5752 2832 5808 Leonis
2849 5752 3012 5820 epist.
3047 5749 3173 5812 149,
3200 5766 3252 5820 n.
3281 5747 3562 5820 2Lp0stea

1953 5839 2281 5892 responsum
2314 5822 2434 5877 lttil.
2469 5826 2582 5878 Sub
2612 5841 2722 5876 uno
2755 5815 2918 5876 etiam
2952 5835 3164 5892 canone
3190 5819 3297 5892 2226
3328 5815 3562 5892 Cresco-

1955 5886 2078 5950 ﬁiu-s-
2104 5895 2392 5965 ωτίηηωρ
2412 5895 2684 5963 “amnicis
2702 5899 2962 5962 respousa
2989 5889 3214 5946 iudicat.
3235 5888 3410 5945 Attica
3430 5889 3566 5947 Ter;
