4084 6342
453 287 561 344 603
1697 287 1755 344 S.
1793 273 2198 342 iNNOGENTII
2233 279 2261 340 i
2300 277 2506 344 PAPA‘J
3655 286 3762 344 σοι

454 407 894 472 conventumque
918 399 1176 457 secunda
1204 401 1468 468 mulieris,
1497 401 1686 472 priore
1716 401 2050 472 superstite,
2083 416 2129 473 Α
2160 400 2212 457 id
2239 401 2420 459 facere
2447 401 2703 462 dubitare
2730 408 2840 462 non
2859 405 3030 476 possit
3056 423 3068 463 :
3103 405 3157 462 in
3184 396 3305 462 istis
3326 411 3462 463 vero
3492 410 3653 463 casus
3674 423 3765 464 ve-

458 511 558 552 nec
595 493 838 551 divertio
866 496 1042 567 ejecta
1067 535 1082 561 .
1118 498 1268 551 nullo
1315 506 1480 567 pacto
1519 509 1688 569 posse
1715 507 1844 551 esse
1859 497 2054 566 ἱρείη·
2155 497 2299 551 niam
2323 501 2546 554 meruit.

459 605 628 645 mum.
2224 590 2352 648 Car.
2388 593 2447 648 ΙΙ.
2479 625 2550 635 -
2572 595 2628 650 4.
2675 596 2748 650 De
2774 596 2793 635 ί
2828 596 3054 665 digamis
3078 607 3259 653 autem
3292 614 3395 655 nec
3421 597 3637 654 consuli
3666 587 3767 654 de-

2157 687 2291 752 buit,
2321 689 2466 758 quod
2492 691 2776 745 manifesta
2810 687 2879 745 sit
2904 689 3068 746 lectio
3093 691 3372 762 Ap'osloli,
3400 695 3561 746 unius
3590 693 3770 748 uxoris

2152 783 2320 837 virum
2341 784 2406 838 ad
2439 783 2805 840 sacerdotium
2837 787 2952 840 sive
2975 784 3041 840 ad
3063 785 3385 841 clericatuill
3423 785 3642 841 adiuitti
3677 785 3771 842 de-

2157 877 2324 941 bere,
2382 885 2438 932 et
2485 877 2626 933 hanc
2675 879 2844 946 ipsam
2897 888 3072 932 tamen
3121 879 3170 933 si
3223 880 3495 950 virginem
3556 881 3771 950 accepit

2157 969 2213 1043 (I
2255 967 2395 1023 Tim.
2435 974 2532 1031 iii,
2565 966 2646 1040 9.).
2680 967 2813 1024 Nam
2845 985 2930 1034 ea,
2961 977 3080 1040 quae
3107 967 3372 1027 Imituerit
3393 979 3524 1026 ante
3551 973 3729 1027 Virum
3751 1015 3770 1043 ,

2158 1062 2287 1116 licet
2315 1061 2604 1117 dei‘ttnrtus
2635 1064 2726 1130 sit,
2753 1075 2935 1117 tamen
2965 1065 3007 1117 si
3041 1061 3247 1119 clerico
3279 1073 3468 1134 po~tea
3499 1063 3663 1120 fuerit
3685 1081 3777 1122 co-

2159 1155 2361 1226 pulata,
2386 1158 2640 1225 clericus,
2675 1160 2766 1229 qui
2791 1174 2910 1214 eam
2941 1159 3226 1228 acciperil,
3258 1175 3512 1215 essenon
3545 1163 3778 1230 poterit,

2159 1249 2283 1320 quin
2311 1250 2366 1304 in
2394 1250 2513 1320 tege
2535 1253 2753 1306 cautum
2783 1259 2888 1319 est,
2923 1253 3034 1306 non
3057 1251 3275 1307 viduam
3296 1296 3309 1318 ,
3347 1269 3455 1306 non
3502 1251 3778 1323 abjeclam

911 681 1243 740 EPISTOLA
1279 692 1304 719 κ
1334 681 1602 738 XXXVII.

458 777 497 833 Ι.
540 778 604 834 Si
628 779 744 848 quis
770 778 942 833 uolens
971 789 1172 850 partem
1198 776 1295 830 sibi
1327 777 1560 847 corporis
1589 776 1912 848 amputavit,
1943 776 2053 832 cte-

528 873 670 927 ricus
685 889 794 927 esse
810 886 914 926 non
933 882 1122 938 potest;
1147 871 1327 925 notem
1345 879 1517 924 autem
1541 870 1870 939 potata—II.
1901 865 2056 938 Quod

528 967 727 1038 dignati
757 966 968 1020 admitti-
991 968 1063 1019 αα
1087 965 1286 1020 clerum
1312 979 1415 1020 nan
1461 966 1682 1035 possint.
1721 985 1793 1005 -ι-
1824 965 1912 1020 III.
1953 965 2056 1032 Qui

525 1063 765 1118 detnicic
823 1065 892 1116 ad
939 1061 1138 1117 clerum
1191 1078 1295 1116 non
1353 1062 1568 1116 debeant
1631 1063 1941 1133 promoveri.
1986 1083 2058 1103 -ιι

531 1157 619 1213 IV.
658 1157 759 1225 Qui
789 1157 852 1211 de
885 1157 1034 1210 laici:
1085 1158 1283 1226 possint
1329 1157 1504 1211 clerici
1547 1156 1684 1227 ﬁeri.
1736 1157 1840 1212 ilic
1884 1161 2060 1229 aperte

530 1252 756 1306 concuba
785 1250 1106 1324 prohibetur.
1139 1282 1209 1292 -
1236 1251 1301 1307 ν.
1338 1248 1416 1306 De
1464 1251 1779 1322 temporibus
1826 1252 1879 1305 in
1931 1251 2058 1305 cleri

531 1344 798 1398 ordinibus
831 1342 1196 1398 immorandis.

643 1439 995 1493 INNOCENTIUS
1031 1454 1206 1494 FELICI
1241 1435 1501 1508 episcopo
1528 1435 1558 1477 δ
1589 1431 1882 1493 Nncerino.

536 1531 561 1586 Ι
598 1531 779 1587 Mirari
820 1543 926 1587 non
973 1545 1296 1602 possumus,
1329 1527 1678 1586 dilectionem
1723 1535 1865 1585 lnam
1906 1530 2057 1600 sequi

463 1627 709 1682 instituta
725 1626 1016 1696 majorum,
1035 1627 1476 1696 omniaque,qnte
1497 1627 1721 1695 possunt
1735 1621 1967 1694 aliquam
1985 1639 2064 1679 re-

465 1721 651 1789 cipere
682 1720 1104 1786 dubitationem,
1128 1720 1194 1774 ad
1221 1730 1322 1774 nos
1344 1720 1495 1790 quasi
1520 1719 1584 1773 ad
1627 1728 1792 1788 caput
1815 1727 1976 1788 atque
1995 1717 2062 1772 ad

2165 1342 2367 1397 habere
2387 1355 2548 1413 posse
2569 1343 2856 1414 eonjugem
2891 1345 3233 1399 sacerdotem
3261 1339 3454 1417 (Lerit.
3495 1359 3619 1411 xxi,
3656 1345 3778 1419 I5).

2232 1434 2363 1490 CAP.
2397 1435 2484 1489 lll.
2508 1457 2580 1475 ——-
2600 1436 2653 1492 5.
2683 1436 2757 1491 De
2779 1435 2940 1492 Iaicis
2970 1453 3101 1491 vero
3122 1437 3319 1508 religio
3349 1447 3439 1492 tua
3469 1435 3780 1506 Consuluit,

2163 1541 2297 1597 quos
2325 1543 2565 1585 canones
2591 1529 2848 1584 ordinare
2875 1531 3203 1600 prohibeant
3236 1531 3400 1602 (Vide
3426 1533 3622 1587 concit.
3657 1533 3786 1587 Sar-

2163 1622 2267 1675 dic.
2299 1638 2346 1676 ε.
2375 1614 2486 1694 15).
2517 1623 2739 1678 Certum
2773 1633 2856 1678 est
2897 1625 3116 1694 quidem
3143 1666 3157 1691 ,
3205 1624 3309 1680 hoc
3339 1625 3568 1696 regulas
3608 1625 3786 1683 eccle—

2165 1715 2416 1770 siasticas
2439 1717 2726 1770 continere
2757 1734 2769 1769 :
2805 1716 2900 1771 sed
2932 1731 3039 1772 non
3065 1719 3134 1773 ita
3169 1718 3453 1773 deﬁnitum
3490 1731 3599 1781 est,
3626 1723 3686 1774 ut
3714 1712 3784 1776 de

468 1815 675 1880 apicem
705 1814 1057 1884 episcopatus
1087 1813 1320 1883 referre,
1345 1824 1405 1869 ut
1423 1813 1673 1868 consulta
1698 1813 2028 1868 videlicetse
2096 1817 2136 1877 Β
2167 1811 2419 1866 omnibus
2461 1813 2534 1866 sit
2569 1812 2721 1868 laicis
2755 1813 3135 1867 constitutum.
3178 1813 3364 1883 Neque
3413 1817 3563 1868 enini
3596 1807 3784 1870 clerici

471 1905 570 1962 des
607 1909 907 1978 apostolica
950 1925 1013 1964 ex
1051 1912 1188 1980 ipsis
1231 1909 1395 1964 rebus
1424 1909 1606 1964 dubiis
1629 1916 1837 1965 certum
1864 1907 2068 1978 aliquid

481 2013 499 2039 τ
520 2000 934 2074 faciendumque
964 2005 1300 2073 pronuntiet.
1323 2003 1474 2070 Quod
1492 2019 1591 2058 nos
1609 2015 1663 2058 et
1684 2004 1920 2060 libenter
1932 2003 2074 2058 accia

471 2096 681 2165 pimus,
733 2105 789 2151 et
834 2097 1190 2152 dilectionem
1249 2109 1392 2151 tuam
1446 2111 1744 2153 memorem
1803 2113 2070 2152 canonum

469 2185 913 2256 comprobemus.

541 2278 596 2334 2.
639 2278 923 2349 Scripsisti
945 2293 1110 2350 ergo,
1145 2280 1290 2352 quod
1317 2279 1536 2337 fervore
1565 2281 1712 2350 Iidei,
1742 2296 1850 2354 quo
1881 2281 2070 2352 polles,

471 2381 524 2428 et
549 2387 740 2428 amore
785 2382 990 2428 sancta:
1035 2375 1246 2444 plebis,
1295 2375 1381 2429 vel
1414 2379 1762 2446 reparaveris
1813 2377 2076 2433 ecclesias

474 2466 601 2539 Dei,
633 2469 716 2524 vel
743 2483 912 2524 novas
939 2484 1184 2540 quasque
1209 2473 1589 2526 consu'uxeris
1621 2488 1634 2526 :
1671 2471 1765 2527 sed
1794 2473 1846 2527 in
1872 2472 1956 2527 his
1977 2472 2080 2528 cle-

472 2563 647 2634 ricos,
697 2577 834 2632 quos
884 2565 1219 2632 constituas,
1263 2579 1372 2618 non
1416 2565 1643 2634 habere,
1689 2566 1900 2635 aliquos
1949 2581 2078 2623 vero

475 2655 719 2721 mutilos,
753 2655 965 2726 aliquos
995 2655 1246 2726 digamos
1288 2671 1434 2713 esse.
1463 2656 1543 2712 Ad
1578 2657 1720 2728 quod
1752 2657 2078 2729 stupuimus,

476 2748 797 2820 prudentem
817 2749 989 2804 virum
1021 2749 1092 2805 de
1119 2749 1203 2806 his
1225 2751 1466 2808 voluisse
1487 2752 1796 2820 consulere,
1822 2762 1942 2823 qua:
1965 2769 2082 2808 oni-

479 2841 638 2897 nibus
665 2854 792 2897 sunt
822 2853 975 2898 certa
1005 2843 1222 2898 ratione
1265 2857 1572 2917 comperte.
1607 2845 1751 2918 Ergo
1789 2863 1897 2901 non
1929 2846 2082 2918 quasi

478 2933 856 3003 ignorantibus
885 2934 1138 3001 dicimus;
1166 2935 1260 2991 sed
1289 2938 1338 2992 in
1366 2938 1490 2993 aliis
1517 2941 1743 2994 torsitan
1765 2949 2080 3013 occupatos,

480 3027 624 3084 istud
655 3030 857 3084 oblitos
886 3039 981 3084 Vos
1010 3046 1136 3088 68:8
1168 3031 1422 3088 dicimus.

549 3120 680 3178 Car.
709 3121 747 3178 Ι.
779 3155 850 3164 -
878 3126 930 3179 5.
975 3125 1074 3194 Qui
1129 3126 1293 3197 igitur
1345 3136 1553 3197 partem
1595 3127 1884 3197 cujuslibet
1932 3129 2084 3200 digiti

2174 1904 2346 1973 nasci,
2379 1913 2432 1958 et
2467 1917 2573 1958 non
2619 1905 2736 1960 ﬁeri
2772 1917 2998 1974 possunt
3036 1923 3050 1959 :
3089 1905 3185 1960 sed
3230 1903 3392 1976 (Dist
3460 1904 3524 1961 5i
3555 1949 3570 1968 ,
3617 1924 3664 1961 c.
3711 1901 3780 1973 ἒς

2175 1994 2288 2050 leo.
2323 2015 2376 2068 p.
2401 1996 2457 2061 ϐ,
2490 2013 2536 2050 c.
2572 1996 2666 2067 95)
2694 1998 2977 2069 designata
3003 2006 3126 2052 sunt
3150 2011 3372 2069 genera,
3401 1995 3470 2053 de
3493 2001 3692 2068 quibus
3713 1998 3782 2058 ad

2173 2094 2487 2148 clericatum
2517 2097 2805 2164 pervenire
2833 2107 2943 2149 non
2967 2104 3218 2165 possunt,
3253 2094 3304 2150 id
3340 2101 3447 2160 est,
3482 2097 3530 2150 si
3562 2098 3683 2166 quis
3725 2095 3789 2150 ii-

2174 2185 2313 2241 deiis
2349 2187 2695 2255 militaverit,
2739 2189 2784 2242 si
2833 2190 2957 2258 quis
2991 2188 3164 2244 ﬁdelis
3209 2201 3400 2244 causas
3434 2193 3632 2258 egerit,
3685 2189 3788 2245 hoc

2175 2288 2295 2341 est,
2329 2289 2354 2328 Β
2387 2281 2761 2351 postulaverit,
2813 2281 2857 2336 si
2903 2283 3024 2351 quis
3069 2281 3246 2337 ﬁdelis
3288 2281 3786 2338 administraverit.

2181 2375 2255 2430 De
2292 2373 2587 2430 curialibus
2629 2385 2806 2429 autem
2849 2374 3138 2429 manifesta
3177 2376 3315 2429 ratio
3353 2383 3476 2441 est;
3519 2377 3784 2446 quoniam

2177 2469 2282 2526 etsi
2317 2471 2664 2524 inveniantur
2689 2469 2996 2539 bujusmodi
3024 2470 3157 2535 viri,
3192 2473 3283 2541 qui
3323 2471 3571 2526 debeant
3602 2471 3791 2528 clerici

2182 2564 2322 2628 lteri,
2353 2571 2536 2618 tamen
2567 2565 2829 2632 quioniam
2861 2563 3064 2633 sacpius
3103 2562 3170 2617 ad
3203 2565 3408 2618 curiam
3443 2575 3794 2635 repetuntur,

2181 2658 2478 2729 cavendum
2525 2660 2592 2713 ab
2639 2661 2725 2714 bis
2763 2664 2848 2714 est
2879 2661 2895 2730 (
2927 2659 3052 2713 Vide
3076 2675 3238 2732 supra
3277 2661 3433 2732 epist.
3461 2661 3533 2727 2,
3585 2679 3641 2715 η.
3680 2661 3788 2732 ii)

2184 2760 2407 2822 preptcr
2453 2752 2878 2821 tribulationem,
2920 2765 3043 2823 quce
3085 2767 3233 2823 θωνα
3270 2753 3338 2809 de
3385 2753 3473 2809 bis
3525 2749 3789 2811 Ecclesiae

2185 2848 2452 2917 lii'OVl‘iliit

2258 2938 2389 2994 Car.
2416 2936 2806 2994 IV.—-6.Laici
2829 2955 2983 3006 vero,
3017 2938 3108 3009 qni
3141 2940 3407 2995 habentes
3440 2956 3640 2996 uxores
3667 2943 3796 3012 bap-

2188 3031 2332 3086 tizati
2363 3040 2508 3099 sunt,
2539 3048 2604 3088 ac
2633 3032 2710 3088 sic
2733 3047 2794 3088 se
2820 3033 3202 3097 instituerunt,
3227 3044 3284 3087 ut
3307 3033 3493 3102 opinio
3516 3049 3707 3089 eorum
3737 3038 3793 3090 In

2190 3127 2338 3180 nullo
2364 3125 2602 3193 vacillet,
2636 3134 2694 3179 ut
2723 3131 2815 3179 aut
2838 3125 3052 3179 clericis
3080 3125 3254 3194 juncti
3297 3126 3428 3189 sint,
3453 3137 3546 3180 aut
3579 3141 3791 3183 monas-

474 3213 579 3270 sibi
605 3216 720 3286 ipse
753 3217 944 3273 volens
991 3219 1257 3287 abscidit,
1307 3220 1450 3275 hunc
1482 3219 1546 3276 ad
1595 3221 1799 3277 clerum
1847 3229 2090 3278 canOnes
2119 3212 2164 3274 C
2200 3221 2354 3276 tcriis
2383 3264 2397 3289 ,
2424 3237 2489 3276 cx
2518 3235 2624 3291 quo
2656 3219 2910 3290 baptizati
2945 3232 3071 3274 sunt
3098 3261 3112 3286 ,
3157 3221 3457 3285 haeserint,
3494 3228 3552 3274 et
3592 3222 3636 3274 si
3686 3236 3791 3276 non

478 3323 585 3361 non
612 3308 908 3364 admittunt
940 3308 1109 3379 (υἱεῖ.
1143 3311 1231 3380 55,
1267 3329 1314 3366 c.
1343 3312 1404 3378 ti;
1434 3311 1636 3368 Concil.
1667 3309 1872 3369 Tribur.
1907 3333 1953 3367 ε.
1989 3317 2079 3384 '55,

482 3397 689 3457 Nicwn.
737 3421 782 3458 ε.
822 3401 897 3476 1).
938 3405 1034 3461 Cui
1058 3423 1188 3461 vero
1223 3405 1248 3443 ά
1279 3423 1406 3462 casn
1438 3407 1620 3478 aliquo
1665 3409 1918 3479 contigit,
1952 3408 2081 3464 dum

477 3506 571 3549 aut
599 3497 749 3565 operi
795 3498 1000 3553 ruetico
1043 3515 1230 3555 curam
1267 3501 1572 3570 impendit,
1623 3511 1715 3556 aut
1762 3501 1965 3572 aliquid
2006 3501 2086 3556 ta-

477 3593 630 3644 ciens
656 3636 668 3658 ,
705 3607 764 3646 se
798 3609 901 3646 non
935 3603 1129 3662 sponte
1156 3597 1451 3664 percussit,
1489 3596 1589 3651 hos
1617 3611 1856 3652 eanones
1887 3591 2084 3668 prteci-

482 3686 635 3754 piunt
656 3693 710 3740 et
730 3687 964 3743 clericos
996 3689 1111 3744 Iieri
1137 3730 1150 3754 ,
1179 3692 1299 3745 etsi
1342 3692 1394 3744 in
1429 3693 1580 3747 clero
1610 3693 1812 3748 fuerint
1837 3676 2075 3762 reperti:

483 3793 590 3833 non
621 3779 804 3849 abjici.
831 3779 890 3836 In
920 3781 1025 3836 illis
1053 3783 1199 3838 enim
1224 3783 1478 3842 voluntas
1511 3795 1534 3823 ο
1560 3785 1799 3855 judicata
1824 3797 1930 3853 est,
1959 3795 2080 3858 Quae

481 3871 584 3928 sibi
607 3888 735 3929 ausa
766 3875 929 3931 ﬁterit
963 3877 1162 3932 ferrum
1207 3877 1455 3950 injicere,
1488 3879 1630 3951 quod
1664 3880 1874 3936 scilicet
1909 3888 1963 3935 et
1987 3880 2078 3936 alii

483 4035 766 4112 tuilianus.
789 4039 886 4112 lib.
908 4058 944 4097 ιι
962 4040 1026 4096 ad
1043 4037 1304 4108 Uxorem,
1333 4062 1388 4100 tl.
1403 4046 1457 4112 8,
1474 4045 1541 4100 de
1555 4044 1874 4100 Christiano
1889 4045 2082 4099 matri-

486 4109 669 4188 monio
689 4111 1006 4180 pra-dicarat
1024 4134 1036 4171 :
1056 4112 1206 4170 Unde
1217 4109 1544 4187 sufﬁciamus
1558 4118 1626 4170 ad
1639 4117 1991 4173 enarrandam
2010 4120 2081 4188 [e-

486 4182 729 4260 licitatent
759 4189 870 4260 ejus
893 4189 1244 4258 matrimonii,
1277 4182 1414 4257 quod
1444 4188 1682 4244 Ecclesia
1723 4188 1971 4243 conciliat
1991 4182 2020 4257 ,⁷
2036 4197 2084 4242 et

485 4255 760 4334 con/irata!
779 4255 1004 4334 bbtutia,
1019 4271 1074 4334 et
1096 4255 1333 4334 obsignat
1352 4261 1660 4331 benedictio,
1687 4261 1871 4331 Angeli
1890 4255 2085 4316 renun-

483 4327 634 4391 tiant,
667 4326 825 4386 Pater
844 4341 956 4385 rato
982 4326 1180 4386 habet?

559 4407 584 4437 ⁸
614 4401 667 4454 in
697 4403 828 4457 edit.
856 4401 1066 4459 Concil.
1098 4406 1152 4460 4.
1186 4406 1240 4460 In
1275 4406 1510 4474 quinque
1541 4403 1725 4459 titulos
1766 4419 1860 4459 seu
1893 4405 2086 4474 decre-

489 4479 539 4525 ta
571 4487 758 4547 xx‘vtu,
788 4490 938 4537 xxix,
967 4493 1105 4547 axx,
1143 4473 1357 4547 ηκτοι
1392 4473 1570 4546 xiixii,
1606 4493 1634 4530 a
1663 4476 1925 4547 Dionysio
1959 4473 2084 4530 Exi-

2191 3313 2215 3352 ¹ι
2247 3317 2548 3371 concnbam
2570 3353 2586 3382 ,
2629 3332 2734 3369 non
2770 3315 3020 3383 pellicem
3061 3315 3312 3368 noverint
3335 3353 3350 3378 ,
3381 3315 3427 3368 si
3460 3316 3513 3368 in
3544 3316 3793 3368 omniblll

2193 3410 2209 3449 ί
2234 3411 2660 3480 bnnisnperibus
2689 3410 3050 3480 vigilaverint,
3079 3425 3188 3463 non
3215 3409 3583 3478 prohibentur
3604 3409 3792 3478 hujus-

2188 3506 2330 3562 modi
2355 3499 2420 3560 ad
2447 3503 2736 3560 clericatus
2769 3513 2973 3558 sortem
3010 3504 3242 3558 assumi.
3391 3502 3526 3559 CAP.
3555 3502 3793 3560 V.—Ita

2188 3616 2342 3665 sane,
2380 3609 2438 3653 ut
2473 3597 2525 3653 in
2553 3614 2650 3654 eos
2696 3610 2938 3668 tempora
2967 3613 2996 3650 a
3029 3597 3328 3665 majoribus
3355 3601 3649 3652 constituta
3681 3609 3795 3652 ser-

2186 3694 2423 3763 vetttur(
2464 3691 2527 3746 V.
2556 3691 2716 3747 Siric.
2747 3693 2898 3760 epist.
2938 3691 2987 3758 I,
3037 3707 3091 3744 η.
3127 3691 3210 3754 i3,
3239 3699 3286 3744 et
3323 3689 3524 3745 Zosim.
3559 3692 3710 3762 epist.
3737 3691 3792 3758 9,

2189 3797 2243 3843 n.
2277 3785 2309 3841 5
2333 3787 2371 3855 ).
2409 3783 2518 3840 Nec
2561 3783 2670 3838 cito
2709 3781 2932 3852 quilibet
2974 3781 3168 3847 lector,
3202 3782 3310 3836 cito
3347 3781 3660 3854 acolythus,
3692 3781 3798 3838 cito

2187 3877 2588 3946 diaconus,cito
2613 3874 2871 3930 sacerdos
2892 3875 2982 3929 ﬁat
3008 3891 3019 3927 :
3054 3873 3181 3945 quia
3211 3875 3263 3928 in
3297 3886 3308 3924 ι
3345 3875 3655 3930 minoribus
3684 3873 3797 3928 oiﬁ-

2267 4053 2291 4092 ε
2325 4043 2439 4096 line
2483 4040 2652 4096 verbo
2697 4035 3018 4108 designatur
3045 4036 3377 4100 advocatus,
3420 4033 3514 4103 qui
3536 4048 3736 4108 poenas
3761 4047 3793 4088 ι

2186 4115 2468 4186 jndicibus
2499 4113 2759 4166 adversus
2797 4107 2919 4186 reos
2947 4108 3179 4186 det-erui
3216 4107 3475 4186 postulat,
3501 4107 3644 4186 sicut
3671 4121 3792 4186 mox

2192 4178 2605 4241 administrantis
2636 4198 2772 4237 voce
2802 4179 3279 4248 indicaturjudcx,
3305 4178 3467 4246 cujus
3489 4188 3576 4232 est
3613 4179 3795 4248 hujus-

2193 4260 2335 4312 modi
2373 4274 2459 4323 ne
2483 4272 2559 4310 ms
2586 4270 2650 4309 ac
2683 4263 2950 4308 tormenta
2980 4253 3304 4316 decernere,
3336 4259 3431 4323 aut
3457 4254 3622 4304 etiam
3650 4250 3797 4323 capi-

2192 4333 2352 4386 talem
2377 4321 2710 4383 iscutentiam
2757 4325 2960 4380 dicere.
2998 4325 3070 4378 De
3105 4335 3334 4390 utroque
3365 4321 3669 4391 aliquando
3691 4322 3790 4375 du-

2193 4403 2382 4457 bitavit
2457 4397 2789 4470 Exsuperius
2859 4397 3162 4470 'I‘olosanns
3224 4393 3789 4470 episcnpnstntrutn

2192 4477 2351 4528 etiam
2387 4473 2452 4526 ad
2490 4465 2929 4525 communionem
2969 4467 3294 4521 admittvndi
3329 4477 3537 4521 essent.
3577 4467 3688 4533 Qua
3730 4465 3793 4518 do

487 4557 592 4613 guo
623 4537 794 4598 divisa
823 4557 925 4600 est.
955 4537 1166 4602 Citut'ur
1209 4568 1234 4599 ει
1282 4537 1576 4602 Cresconio
1614 4564 1718 4602 non
1749 4537 1939 4602 se'mel.
1978 4548 2083 4603 Et.
2115 4537 2168 4596 D
2194 4563 2252 4601 re
2283 4546 2564 4601 consultus
2587 4543 2932 4597 Innocentius
2962 4541 3124 4609 epist.
3158 4540 3213 4605 6,
3239 4555 3362 4608 cup.
3388 4538 3423 4593 5
3453 4545 3510 4592 et
3533 4537 3595 4601 5,
3631 4539 3678 4592 ei
3713 4553 3792 4592 re-

489 4619 599 4683 stat
619 4623 672 4669 et
703 4618 754 4670 in
785 4616 1039 4683 Hispana,
1064 4629 1121 4673 ut
1155 4625 1204 4673 in
1228 4618 1419 4673 i-idori
1450 4619 1800 4674 collectione.

561 4681 588 4722 ¹³
618 4685 703 4757 Ita
733 4681 904 4742 codex
934 4681 1157 4757 Regius,
1195 4690 1283 4744 ubi
1316 4689 1370 4744 in
1399 4690 1544 4757 aliis,
1581 4689 1906 4743 Nnceriano.

566 4765 586 4793 ε
616 4753 777 4824 Editi,
811 4753 1106 4829 faciendam
1146 4753 1468 4833 pronuntiet,
1511 4753 1713 4816 omissa
1745 4759 2089 4830 conjunctio-

494 4841 590 4900 ne,
608 4844 726 4900 qun.-
756 4841 1040 4886 revocatur
1067 4848 1132 4886 ex
1163 4848 1295 4887 mss.

567 4897 592 4936 ά
618 4897 758 4974 ileg.
791 4918 919 4974 ms.,
943 4904 1092 4957 labsu
1120 4904 1318 4974 aliqua.

570 4965 677 5048 “Ain
707 4965 896 5048 eodem
917 4974 1138 5048 codice,
1171 4965 1412 5031 uoluntas
1438 4986 1509 5031 est
1537 4992 1652 5048 qua:
1679 4975 1777 5031 sibi
1817 4992 1945 5030 ausa
1977 4979 2092 5048 fue-

498 5041 562 5095 rit
592 5041 788 5120 ferrum
826 5043 1072 5114 incidere,
1100 5041 1321 5120 emisso
1362 5041 1638 5120 judicata;
1668 5049 1810 5116 quod
1861 5041 2088 5103 vt-rlium

501 5116 725 5181 perinde
765 5128 847 5171 est
875 5128 1034 5186 atque
1077 5116 1377 5187 damnata,'
1405 5128 1587 5188 utpote
1624 5123 1709 5176 cui
1743 5137 1866 5176 mox
1893 5121 2092 5174 veniam

499 5188 683 5262 meruit
709 5189 1025 5262 Opponitnr.
1057 5189 1253 5245 .lndicii
1299 5206 1477 5247 antem
1508 5192 1666 5262 lmjus
1701 5209 1764 5248 ea
1798 5191 2092 5262 subjicitur

499 5260 662 5320 ratio,
697 5261 838 5328 quod
869 5261 912 5314 is
934 5260 1210 5329 jndicatnr
1234 5281 1337 5317 non
1371 5260 1714 5317 dubitaturus
1747 5264 1848 5317 hoc.
1875 5260 1926 5316 in
1951 5265 2091 5318 alios

498 5335 872 5404 committere,
905 5350 999 5386 seu
1033 5335 1179 5386 nullo
1209 5338 1470 5404 scrupulo
1492 5337 1914 5401 couunissurus,
1947 5337 2089 5404 quod

500 5402 550 5476 in
581 5418 638 5457 sc
667 5408 778 5473 ipse
807 5403 1192 5458 cotnmisi~set.
1219 5402 1353 5462 llinc
1372 5424 1478 5462 non
1501 5409 1839 5476 placetqnod
1858 5402 2090 5463 subinde

497 5471 551 5528 in
597 5471 849 5550 vulgatis,
897 5475 1144 5550 dubitari.
1189 5477 1324 5532 Tum
1375 5480 1426 5534 in
1475 5471 1576 5534 tus.
1629 5471 1788 5550 Reg”
1835 5480 2033 5548 possint
2074 5497 2088 5534 :

496 5549 640 5613 quod
689 5547 910 5603 verbum
960 5548 1024 5602 ad
1075 5564 1171 5602 eos
1225 5566 1453 5620 quorum
1514 5547 1764 5605 voluntas
1818 5547 2084 5619 arguitur,

496 5633 602 5672 n0n
635 5621 700 5679 ad
736 5621 905 5691 ipsam
939 5620 1272 5676 voluntatem
1303 5623 1556 5689 relatum,
1583 5620 1795 5677 admitti
1823 5623 1901 5676 nil
1929 5637 2091 5691 repu-

530 5702 644 5745 nul.

493 5707 753 5846 εἶιῗιίιξι).
775 5773 832 5820 ut
853 5765 906 5820 in
929 5781 1031 5822 ms.
1058 5763 1217 5836 Reg.,
1240 5766 1477 5838 bigamis.
1501 5767 1818 5836 Elegantius
1832 5766 1924 5822 alii
1940 5765 2086 5833 libri,

494 5833 763 5906 dignum.)

528 5850 734 5903 igamu.

2193 4619 2446 4672 Spondet.

2225 4635 2623 4746 pangiclbion.
2680 4685 2825 4754 quod
2877 4699 2976 4740 nec
3025 4685 3076 4737 in
3119 4681 3532 4748 exemplaribus
3577 4681 3646 4736 ab
3695 4681 3792 4754 lia-

2191 4761 2384 4816 driaun
2425 4759 2490 4815 ad
2547 4753 2799 4812 Caroium
2851 4758 3106 4825 Magnum
3163 4754 3345 4807 missis
3389 4763 3676 4825 mutatum.
3729 4753 3791 4806 At

2195 4850 2327 4887 mss.
2363 4834 2486 4888 coli.
2519 4832 2673 4901 Hisp.
2707 4840 2761 4885 et
2794 4824 3005 4901 lsid.rnt
3048 4825 3396 4901 invulgatis,
3431 4824 3787 4901 concubinam.

2191 4904 2497 4960 Notandum
2530 4897 2634 4956 est'
2661 4900 3042 4957 Innocentium
3091 4897 3174 4962 iis,
3221 4897 3312 4966 qui
3345 4913 3574 4952 uxorem
3623 4899 3788 4949 duxeo

2195 4978 2325 5038 rint,
2357 4978 2558 5030 aditum
2593 4973 2664 5048 ad,
2699 4973 2910 5048 clerum
2948 4978 3016 5024 ita
3052 4972 3401 5040 permittere,
3445 4980 3499 5022 ut
3527 4984 3624 5048 eos
3653 4971 3788 5048 vitm,

2193 5065 2254 5102 ex
2281 5066 2380 5116 quo
2423 5046 2664 5118 buptizati
2708 5053 2826 5098 sunt
2849 5089 2862 5111 ,
2900 5045 3222 5098 innocenter
3254 5052 3389 5094 actu:
3425 5042 3785 5096 testimonium

2195 5122 2398 5174 habere
2431 5121 2578 5174 velit.

2273 5191 2284 5229 ί
2325 5192 2432 5244 Vox
2467 5189 2701 5243 omnibus
2732 5205 2759 5241 a
2797 5186 3034 5241 Crabbio
3082 5187 3314 5256 primum
3351 5191 3650 5252 cxpnncta,
3699 5195 3793 5237 nec

2193 5264 2452 5332 deinceps
2483 5266 2754 5324 restituta,
2791 5268 3080 5313 revocatur
3112 5275 3176 5312 ex
3212 5258 3368 5332 M‘crl.
3398 5269 3614 5332 cttnss.

2268 5337 2280 5385 i
2322 5326 2613 5400 Exemplar
2637 5332 2794 5402 ch.,
2828 5335 2881 5384 in
2911 5332 3147 5385 omnibus
3176 5329 3388 5399 ofﬁciis.
3431 5329 3511 5402 Ex
3553 5326 3656 5380 hoc
3679 5326 3792 5379 loco

2195 5407 2522 5476 perspicitur
2552 5401 2735 5474 (piam
2772 5405 3024 5456 t'rivolum
3065 5403 3129 5456 sit
3170 5401 3310 5476 qtiod
3342 5401 3794 5476 scribitmtperus

2193 5472 2448 5547 scriptor,
2482 5472 3038 5551 quicnimliouumos
3075 5475 3363 5551 pontiﬁces
3393 5472 3792 5551 semeltautum

2198 5567 2292 5622 per
2307 5539 2514 5602 anunni
2533 5563 2717 5602 mense
2736 5547 3018 5623 Decembri
3044 5539 3304 5623 ordinare
3326 5539 3793 5623 CtttlSt‘lt!\'is§eSibi

2195 5615 2575 5693 persuasisset,
2605 5636 2702 5693 eos
2735 5620 2827 5683 qui
2858 5618 3097 5693 ordinati
3132 5618 3371 5683 fuerant,
3401 5615 3794 5693 nnl|a_u_isi_ne-

2191 5686 2466 5749 cessitatis
2497 5693 2614 5761 lege
2642 5692 2706 5745 ad
2733 5706 2933 5745 anmmt
2954 5686 3792 5761 alterumerepectaredebnisse

2195 5765 2460 5832 obtendit,
2495 5759 2640 5818 utad
2663 5763 2915 5818 altiorem
2945 5761 3177 5831 gradum
3207 5759 3670 5830 proveherentur.
