  <div class='ocr_page' id='page_1' title='image "/cluster/home/n/w/nwhite01/storage/ocr_20150623/20/hvd.32044015471352/308.png"; bbox 0 0 4084 6342; ppageno 0'>
   <div class='ocr_carea' id='block_1_1' title="bbox 232 332 2327 397">
    <p class='ocr_par' dir='ltr' id='par_1_1' title="bbox 232 332 2327 397">
     <span class='ocr_line' id='line_1_1' title="bbox 232 332 2327 397; baseline -0.002 -1"><span class='ocrx_word' id='word_1_1' title='bbox 232 338 335 397; x_wconf 72' lang='lat'><strong>805</strong></span> <span class='ocrx_word' id='word_1_2' title='bbox 1445 334 1808 393; x_wconf 66' lang='grc' dir='ltr'><strong>ΕΗΒΤΟῙηΕ</strong></span> <span class='ocrx_word' id='word_1_3' title='bbox 1847 332 1941 389; x_wconf 73' lang='lat' dir='ltr'><strong>ET</strong></span> <span class='ocrx_word' id='word_1_4' title='bbox 1981 332 2327 391; x_wconf 71' lang='lat' dir='ltr'><strong>DECRETA.</strong></span> 
     </span>
    </p>
   </div>
   <div class='ocr_carea' id='block_1_2' title="bbox 225 448 3072 525">
    <p class='ocr_par' dir='ltr' id='par_1_2' title="bbox 225 448 3072 525">
     <span class='ocr_line' id='line_1_2' title="bbox 225 448 3072 525; baseline -0.001 -13"><span class='ocrx_word' id='word_1_5' title='bbox 225 456 324 512; x_wconf 85' lang='lat' dir='ltr'><strong>ciis</strong></span> <span class='ocrx_word' id='word_1_6' title='bbox 351 455 399 511; x_wconf 86' lang='lat' dir='ltr'><strong>si</strong></span> <span class='ocrx_word' id='word_1_7' title='bbox 424 454 529 510; x_wconf 75' lang='lat' dir='ltr'><strong>diu</strong></span> <span class='ocrx_word' id='word_1_8' title='bbox 556 455 863 525; x_wconf 71' lang='lat' dir='ltr'><strong>perdurent</strong></span> <span class='ocrx_word' id='word_1_9' title='bbox 881 497 896 522; x_wconf 95' lang='lat'><strong>,</strong></span> <span class='ocrx_word' id='word_1_10' title='bbox 944 464 999 509; x_wconf 90' lang='lat' dir='ltr'><strong>ct</strong></span> <span class='ocrx_word' id='word_1_11' title='bbox 1026 452 1133 506; x_wconf 79' lang='lat' dir='ltr'><strong>vita</strong></span> <span class='ocrx_word' id='word_1_12' title='bbox 1164 465 1356 507; x_wconf 81' lang='lat' dir='ltr'><strong>eorum</strong></span> <span class='ocrx_word' id='word_1_13' title='bbox 1384 449 1592 519; x_wconf 82' lang='lat' dir='ltr'><strong>pariter</strong></span> <span class='ocrx_word' id='word_1_14' title='bbox 1614 448 1840 504; x_wconf 62' lang='lat' dir='ltr'><strong>etobseo</strong></span> <span class='ocrx_word' id='word_1_15' title='bbox 1864 451 1917 511; x_wconf 77' lang='grc' dir='ltr'><strong>Α</strong></span> <span class='ocrx_word' id='word_1_16' title='bbox 2405 451 2734 510; x_wconf 74' lang='lat' dir='ltr'><strong>EPISTOLA</strong></span> <span class='ocrx_word' id='word_1_17' title='bbox 2772 463 2795 491; x_wconf 77' lang='grc' dir='ltr'><strong><em>ο</em></strong></span> <span class='ocrx_word' id='word_1_18' title='bbox 2826 453 3072 509; x_wconf 69' lang='lat' dir='ltr'><strong>XXXIX.</strong></span> 
     </span>
    </p>
   </div>
   <div class='ocr_carea' id='block_1_3' title="bbox 224 543 3541 621">
    <p class='ocr_par' dir='ltr' id='par_1_3' title="bbox 224 543 3541 621">
     <span class='ocr_line' id='line_1_3' title="bbox 224 543 3541 621; baseline -0.001 -18"><span class='ocrx_word' id='word_1_19' title='bbox 224 552 346 621; x_wconf 81' lang='lat' dir='ltr'><strong>quis</strong></span> <span class='ocrx_word' id='word_1_20' title='bbox 399 549 859 619; x_wconf 62' lang='lat' dir='ltr'><strong>unupnobautur,</strong></span> <span class='ocrx_word' id='word_1_21' title='bbox 886 556 945 601; x_wconf 84' lang='lat' dir='ltr'><strong>ut</strong></span> <span class='ocrx_word' id='word_1_22' title='bbox 972 545 1037 601; x_wconf 79' lang='lat' dir='ltr'><strong>ad</strong></span> <span class='ocrx_word' id='word_1_23' title='bbox 1060 544 1426 600; x_wconf 74' lang='lat' dir='ltr'><strong>sacerdotium</strong></span> <span class='ocrx_word' id='word_1_24' title='bbox 1452 554 1641 613; x_wconf 83' lang='lat' dir='ltr'><strong>postea</strong></span> <span class='ocrx_word' id='word_1_25' title='bbox 1659 557 1842 597; x_wconf 84' lang='lat' dir='ltr'><strong>emen-</strong></span> <span class='ocrx_word' id='word_1_26' title='bbox 1944 543 2099 611; x_wconf 79' lang='lat' dir='ltr'><strong>Qtiod</strong></span> <span class='ocrx_word' id='word_1_27' title='bbox 2128 549 2245 615; x_wconf 74' lang='lat' dir='ltr'><strong>post</strong></span> <span class='ocrx_word' id='word_1_28' title='bbox 2275 546 2627 616; x_wconf 61' lang='lat' dir='ltr'><strong>pernimium</strong></span> <span class='ocrx_word' id='word_1_29' title='bbox 2670 546 2847 601; x_wconf 70' lang='lat' dir='ltr'><strong>natm</strong></span> <span class='ocrx_word' id='word_1_30' title='bbox 2890 548 2962 601; x_wconf 80' lang='lat' dir='ltr'><strong>od</strong></span> <span class='ocrx_word' id='word_1_31' title='bbox 3003 546 3199 602; x_wconf 67' lang='lat' dir='ltr'><strong>deruit</strong></span> <span class='ocrx_word' id='word_1_32' title='bbox 3245 546 3406 619; x_wconf 80' lang='lat' dir='ltr'><strong>possit</strong></span> <span class='ocrx_word' id='word_1_33' title='bbox 3443 546 3541 601; x_wconf 58' lang='grc' dir='ltr'><strong>αδ</strong></span> 
     </span>
    </p>
   </div>
   <div class='ocr_carea' id='block_1_4' title="bbox 3430 335 3537 396">
    <p class='ocr_par' dir='ltr' id='par_1_4' title="bbox 3430 335 3537 396">
     <span class='ocr_line' id='line_1_4' title="bbox 3430 335 3537 396; baseline 0 0"><span class='ocrx_word' id='word_1_34' title='bbox 3430 335 3537 396; x_wconf 65' lang='grc' dir='ltr'><strong>ιοθ</strong></span> 
     </span>
    </p>
   </div>
   <div class='ocr_carea' id='block_1_5' title="bbox 220 636 1842 714">
    <p class='ocr_par' dir='ltr' id='par_1_5' title="bbox 220 636 1842 714">
     <span class='ocr_line' id='line_1_5' title="bbox 220 636 1842 714; baseline -0.006 -15"><span class='ocrx_word' id='word_1_35' title='bbox 220 645 297 699; x_wconf 83' lang='lat' dir='ltr'><strong>sis</strong></span> <span class='ocrx_word' id='word_1_36' title='bbox 343 642 758 714; x_wconf 81' lang='lat' dir='ltr'><strong>stipendiorum</strong></span> <span class='ocrx_word' id='word_1_37' title='bbox 809 642 1023 698; x_wconf 75' lang='lat' dir='ltr'><strong>meritis</strong></span> <span class='ocrx_word' id='word_1_38' title='bbox 1074 641 1319 705; x_wconf 84' lang='lat' dir='ltr'><strong>veniant,</strong></span> <span class='ocrx_word' id='word_1_39' title='bbox 1377 653 1480 694; x_wconf 87' lang='lat' dir='ltr'><strong>nec</strong></span> <span class='ocrx_word' id='word_1_40' title='bbox 1528 636 1842 709; x_wconf 74' lang='lat' dir='ltr'><strong>prteripiant</strong></span> 
     </span>
    </p>
   </div>
   <div class='ocr_carea' id='block_1_6' title="bbox 222 736 1336 809">
    <p class='ocr_par' dir='ltr' id='par_1_6' title="bbox 222 736 1336 809">
     <span class='ocr_line' id='line_1_6' title="bbox 222 736 1336 809; baseline -0.005 -14"><span class='ocrx_word' id='word_1_41' title='bbox 222 739 365 808; x_wconf 69' lang='lat' dir='ltr'><strong>quod</strong></span> <span class='ocrx_word' id='word_1_42' title='bbox 397 740 512 795; x_wconf 74' lang='lat' dir='ltr'><strong>vita</strong></span> <span class='ocrx_word' id='word_1_43' title='bbox 541 739 774 809; x_wconf 80' lang='lat' dir='ltr'><strong>probata</strong></span> <span class='ocrx_word' id='word_1_44' title='bbox 800 744 1043 793; x_wconf 68' lang='lat' dir='ltr'><strong>meretur</strong></span> <span class='ocrx_word' id='word_1_45' title='bbox 1064 736 1336 804; x_wconf 81' lang='lat' dir='ltr'><strong>accipere.</strong></span> 
     </span>
    </p>
   </div>
   <div class='ocr_carea' id='block_1_7' title="bbox 293 830 1887 905">
    <p class='ocr_par' dir='ltr' id='par_1_7' title="bbox 293 830 1887 905">
     <span class='ocr_line' id='line_1_7' title="bbox 293 830 1887 905; baseline -0.003 -16"><span class='ocrx_word' id='word_1_46' title='bbox 293 837 347 889; x_wconf 84' lang='grc'><strong>’1.</strong></span> <span class='ocrx_word' id='word_1_47' title='bbox 388 835 672 903; x_wconf 79' lang='lat' dir='ltr'><strong>Quoniam</strong></span> <span class='ocrx_word' id='word_1_48' title='bbox 720 848 855 905; x_wconf 81' lang='lat' dir='ltr'><strong>ergo</strong></span> <span class='ocrx_word' id='word_1_49' title='bbox 895 843 1043 888; x_wconf 80' lang='lat' dir='ltr'><strong>certa</strong></span> <span class='ocrx_word' id='word_1_50' title='bbox 1098 830 1415 887; x_wconf 79' lang='lat' dir='ltr'><strong>deﬁnitione</strong></span> <span class='ocrx_word' id='word_1_51' title='bbox 1474 838 1839 884; x_wconf 85' lang='lat' dir='ltr'><strong>monstratum</strong></span> <span class='ocrx_word' id='word_1_52' title='bbox 1886 900 1887 903; x_wconf 17' lang='grc' dir='ltr'><strong>η</strong></span> 
     </span>
    </p>
   </div>
   <div class='ocr_carea' id='block_1_8' title="bbox 223 920 1841 999">
    <p class='ocr_par' dir='ltr' id='par_1_8' title="bbox 223 920 1841 999">
     <span class='ocr_line' id='line_1_8' title="bbox 223 920 1841 999; baseline -0.005 -15"><span class='ocrx_word' id='word_1_53' title='bbox 223 937 326 996; x_wconf 84' lang='lat' dir='ltr'><strong>est,</strong></span> <span class='ocrx_word' id='word_1_54' title='bbox 354 929 455 999; x_wconf 86' lang='lat' dir='ltr'><strong>qui</strong></span> <span class='ocrx_word' id='word_1_55' title='bbox 486 928 737 985; x_wconf 77' lang='lat' dir='ltr'><strong>debeant</strong></span> <span class='ocrx_word' id='word_1_56' title='bbox 777 926 1013 991; x_wconf 88' lang='lat' dir='ltr'><strong>admitti,</strong></span> <span class='ocrx_word' id='word_1_57' title='bbox 1048 926 1209 993; x_wconf 86' lang='lat' dir='ltr'><strong>quive</strong></span> <span class='ocrx_word' id='word_1_58' title='bbox 1248 921 1539 992; x_wconf 86' lang='lat' dir='ltr'><strong>reprobari</strong></span> <span class='ocrx_word' id='word_1_59' title='bbox 1578 940 1590 974; x_wconf 92' lang='lat'>:</span> <span class='ocrx_word' id='word_1_60' title='bbox 1641 936 1708 974; x_wconf 76' lang='lat' dir='ltr'><strong>ex</strong></span> <span class='ocrx_word' id='word_1_61' title='bbox 1757 920 1841 976; x_wconf 86' lang='lat' dir='ltr'><strong>his</strong></span> 
     </span>
    </p>
   </div>
   <div class='ocr_carea' id='block_1_9' title="bbox 224 1019 1839 1092">
    <p class='ocr_par' dir='ltr' id='par_1_9' title="bbox 224 1019 1839 1092">
     <span class='ocr_line' id='line_1_9' title="bbox 224 1019 1839 1092; baseline -0.004 -15"><span class='ocrx_word' id='word_1_62' title='bbox 224 1022 505 1087; x_wconf 89' lang='lat' dir='ltr'><strong>omnibus,</strong></span> <span class='ocrx_word' id='word_1_63' title='bbox 549 1035 695 1092; x_wconf 86' lang='lat' dir='ltr'><strong>quos</strong></span> <span class='ocrx_word' id='word_1_64' title='bbox 721 1020 869 1075; x_wconf 82' lang='lat' dir='ltr'><strong>videt</strong></span> <span class='ocrx_word' id='word_1_65' title='bbox 909 1019 1152 1090; x_wconf 82' lang='lat' dir='ltr'><strong>dignatio</strong></span> <span class='ocrx_word' id='word_1_66' title='bbox 1184 1028 1272 1072; x_wconf 86' lang='lat' dir='ltr'><strong>tua</strong></span> <span class='ocrx_word' id='word_1_67' title='bbox 1305 1030 1412 1070; x_wconf 90' lang='lat' dir='ltr'><strong>non</strong></span> <span class='ocrx_word' id='word_1_68' title='bbox 1455 1030 1613 1086; x_wconf 82' lang='lat' dir='ltr'><strong>posse</strong></span> <span class='ocrx_word' id='word_1_69' title='bbox 1646 1028 1839 1085; x_wconf 74' lang='lat' dir='ltr'><strong>repro-</strong></span> 
     </span>
    </p>
   </div>
   <div class='ocr_carea' id='block_1_10' title="bbox 225 1110 1842 1185">
    <p class='ocr_par' dir='ltr' id='par_1_10' title="bbox 225 1110 1842 1185">
     <span class='ocr_line' id='line_1_10' title="bbox 225 1110 1842 1185; baseline -0.004 -16"><span class='ocrx_word' id='word_1_70' title='bbox 225 1115 362 1182; x_wconf 88' lang='lat' dir='ltr'><strong>bari,</strong></span> <span class='ocrx_word' id='word_1_71' title='bbox 387 1116 604 1185; x_wconf 80' lang='lat' dir='ltr'><strong>eligere</strong></span> <span class='ocrx_word' id='word_1_72' title='bbox 634 1113 861 1169; x_wconf 85' lang='lat' dir='ltr'><strong>debebis</strong></span> <span class='ocrx_word' id='word_1_73' title='bbox 880 1127 1015 1183; x_wconf 88' lang='lat' dir='ltr'><strong>quos</strong></span> <span class='ocrx_word' id='word_1_74' title='bbox 1030 1112 1262 1167; x_wconf 82' lang='lat' dir='ltr'><strong>clericos</strong></span> <span class='ocrx_word' id='word_1_75' title='bbox 1284 1110 1471 1165; x_wconf 65' lang='lat' dir='ltr'><strong>facias.</strong></span> <span class='ocrx_word' id='word_1_76' title='bbox 1488 1110 1696 1163; x_wconf 79' lang='lat' dir='ltr'><strong>Sienim</strong></span> <span class='ocrx_word' id='word_1_77' title='bbox 1718 1125 1842 1163; x_wconf 70' lang='lat' dir='ltr'><strong>nm.-</strong></span> 
     </span>
    </p>
   </div>
   <div class='ocr_carea' id='block_1_11' title="bbox 223 1203 1845 1275">
    <p class='ocr_par' dir='ltr' id='par_1_11' title="bbox 223 1203 1845 1275">
     <span class='ocr_line' id='line_1_11' title="bbox 223 1203 1845 1275; baseline -0.006 -9"><span class='ocrx_word' id='word_1_78' title='bbox 223 1225 325 1266; x_wconf 75' lang='lat' dir='ltr'><strong>utt</strong></span> <span class='ocrx_word' id='word_1_79' title='bbox 352 1225 604 1266; x_wconf 65' lang='lat' dir='ltr'><strong>castius</strong></span> <span class='ocrx_word' id='word_1_80' title='bbox 636 1208 946 1263; x_wconf 85' lang='lat' dir='ltr'><strong>hominibus</strong></span> <span class='ocrx_word' id='word_1_81' title='bbox 973 1218 1065 1261; x_wconf 90' lang='lat' dir='ltr'><strong>aut</strong></span> <span class='ocrx_word' id='word_1_82' title='bbox 1087 1206 1409 1262; x_wconf 82' lang='lat' dir='ltr'><strong>beneﬁcium</strong></span> <span class='ocrx_word' id='word_1_83' title='bbox 1428 1215 1689 1275; x_wconf 70' lang='lat' dir='ltr'><strong>prtestare</strong></span> <span class='ocrx_word' id='word_1_84' title='bbox 1713 1203 1845 1257; x_wconf 88' lang='lat' dir='ltr'><strong>voli-</strong></span> 
     </span>
    </p>
   </div>
   <div class='ocr_carea' id='block_1_12' title="bbox 220 1298 1840 1369">
    <p class='ocr_par' dir='ltr' id='par_1_12' title="bbox 220 1298 1840 1369">
     <span class='ocr_line' id='line_1_12' title="bbox 220 1298 1840 1369; baseline -0.004 -12"><span class='ocrx_word' id='word_1_85' title='bbox 220 1317 359 1367; x_wconf 78' lang='lat' dir='ltr'><strong>mus.</strong></span> <span class='ocrx_word' id='word_1_86' title='bbox 379 1302 523 1357; x_wconf 75' lang='lat' dir='ltr'><strong>tales</strong></span> <span class='ocrx_word' id='word_1_87' title='bbox 538 1299 793 1356; x_wconf 76' lang='lat' dir='ltr'><strong>invenire</strong></span> <span class='ocrx_word' id='word_1_88' title='bbox 806 1314 1120 1369; x_wconf 88' lang='lat' dir='ltr'><strong>possumus,</strong></span> <span class='ocrx_word' id='word_1_89' title='bbox 1134 1298 1202 1353; x_wconf 92' lang='lat' dir='ltr'><strong>de</strong></span> <span class='ocrx_word' id='word_1_90' title='bbox 1216 1312 1442 1369; x_wconf 89' lang='lat' dir='ltr'><strong>quorum</strong></span> <span class='ocrx_word' id='word_1_91' title='bbox 1466 1309 1648 1350; x_wconf 85' lang='lat' dir='ltr'><strong>assum</strong></span> <span class='ocrx_word' id='word_1_92' title='bbox 1659 1301 1840 1364; x_wconf 78' lang='lat' dir='ltr'><strong>ptione</strong></span> 
     </span>
    </p>
   </div>
   <div class='ocr_carea' id='block_1_13' title="bbox 223 1388 1834 1459">
    <p class='ocr_par' dir='ltr' id='par_1_13' title="bbox 223 1388 1834 1459">
     <span class='ocr_line' id='line_1_13' title="bbox 223 1388 1834 1459; baseline -0.006 -7"><span class='ocrx_word' id='word_1_93' title='bbox 223 1412 320 1452; x_wconf 89' lang='lat' dir='ltr'><strong>nec</strong></span> <span class='ocrx_word' id='word_1_94' title='bbox 352 1398 650 1451; x_wconf 84' lang='lat' dir='ltr'><strong>incurrere</strong></span> <span class='ocrx_word' id='word_1_95' title='bbox 682 1393 1025 1459; x_wconf 82' lang='lat' dir='ltr'><strong>scandalum,</strong></span> <span class='ocrx_word' id='word_1_96' title='bbox 1060 1406 1160 1447; x_wconf 88' lang='lat' dir='ltr'><strong>nec</strong></span> <span class='ocrx_word' id='word_1_97' title='bbox 1184 1388 1513 1446; x_wconf 80' lang='lat' dir='ltr'><strong>erubescere</strong></span> <span class='ocrx_word' id='word_1_98' title='bbox 1537 1390 1834 1445; x_wconf 84' lang='lat' dir='ltr'><strong>valeamus.</strong></span> 
     </span>
    </p>
   </div>
   <div class='ocr_carea' id='block_1_14' title="bbox 662 1485 1388 1544">
    <p class='ocr_par' dir='ltr' id='par_1_14' title="bbox 662 1485 1388 1544">
     <span class='ocr_line' id='line_1_14' title="bbox 662 1485 1388 1544; baseline -0.007 0"><span class='ocrx_word' id='word_1_99' title='bbox 662 1486 1007 1544; x_wconf 78' lang='lat' dir='ltr'><strong>EPISTULA</strong></span> <span class='ocrx_word' id='word_1_100' title='bbox 1034 1495 1061 1525; x_wconf 74' lang='grc' dir='ltr'><strong>ι</strong></span> <span class='ocrx_word' id='word_1_101' title='bbox 1095 1485 1388 1542; x_wconf 77' lang='lat' dir='ltr'><strong>XXXVIII.</strong></span> 
     </span>
    </p>
   </div>
   <div class='ocr_carea' id='block_1_15' title="bbox 221 1578 1836 1655">
    <p class='ocr_par' dir='ltr' id='par_1_15' title="bbox 221 1578 1836 1655">
     <span class='ocr_line' id='line_1_15' title="bbox 221 1578 1836 1655; baseline -0.006 -14"><span class='ocrx_word' id='word_1_102' title='bbox 221 1583 291 1641; x_wconf 84' lang='lat' dir='ltr'><strong>Ut</strong></span> <span class='ocrx_word' id='word_1_103' title='bbox 314 1583 383 1651; x_wconf 86' lang='lat' dir='ltr'><strong>ii,</strong></span> <span class='ocrx_word' id='word_1_104' title='bbox 413 1582 508 1653; x_wconf 75' lang='lat' dir='ltr'><strong>qui</strong></span> <span class='ocrx_word' id='word_1_105' title='bbox 537 1583 595 1637; x_wconf 83' lang='lat' dir='ltr'><strong>in</strong></span> <span class='ocrx_word' id='word_1_106' title='bbox 618 1583 943 1655; x_wconf 73' lang='lat' dir='ltr'><strong>presbyterio</strong></span> <span class='ocrx_word' id='word_1_107' title='bbox 975 1582 1118 1651; x_wconf 78' lang='lat' dir='ltr'><strong>ﬁlios</strong></span> <span class='ocrx_word' id='word_1_108' title='bbox 1148 1590 1460 1654; x_wconf 71' lang='lat' dir='ltr'><strong>genuerunt,</strong></span> <span class='ocrx_word' id='word_1_109' title='bbox 1495 1578 1745 1634; x_wconf 76' lang='lat' dir='ltr'><strong>removeri</strong></span> <span class='ocrx_word' id='word_1_110' title='bbox 1773 1578 1836 1632; x_wconf 68' lang='lat' dir='ltr'><strong>at</strong></span> 
     </span>
    </p>
   </div>
   <div class='ocr_carea' id='block_1_16' title="bbox 815 1674 1259 1746">
    <p class='ocr_par' dir='ltr' id='par_1_16' title="bbox 815 1674 1259 1746">
     <span class='ocr_line' id='line_1_16' title="bbox 815 1674 1259 1746; baseline 0 -17"><span class='ocrx_word' id='word_1_111' title='bbox 815 1675 993 1746; x_wconf 76' lang='lat' dir='ltr'><strong>ofﬁcio</strong></span> <span class='ocrx_word' id='word_1_112' title='bbox 1022 1674 1259 1729; x_wconf 77' lang='lat' dir='ltr'><strong>debeant.</strong></span> 
     </span>
    </p>
   </div>
   <div class='ocr_carea' id='block_1_17' title="bbox 218 1767 1831 1839">
    <p class='ocr_par' dir='ltr' id='par_1_17' title="bbox 218 1767 1831 1839">
     <span class='ocr_line' id='line_1_17' title="bbox 218 1767 1831 1839; baseline -0.002 -12"><span class='ocrx_word' id='word_1_113' title='bbox 218 1771 581 1827; x_wconf 72' lang='lat' dir='ltr'><strong>Lvttocsttrtus</strong></span> <span class='ocrx_word' id='word_1_114' title='bbox 611 1770 832 1826; x_wconf 77' lang='lat' dir='ltr'><strong>Mutuo</strong></span> <span class='ocrx_word' id='word_1_115' title='bbox 846 1780 900 1823; x_wconf 76' lang='lat' dir='ltr'><strong>et</strong></span> <span class='ocrx_word' id='word_1_116' title='bbox 921 1769 1137 1825; x_wconf 72' lang='lat' dir='ltr'><strong>Ssvsao</strong></span> <span class='ocrx_word' id='word_1_117' title='bbox 1163 1768 1435 1839; x_wconf 77' lang='lat' dir='ltr'><strong>episcOpis</strong></span> <span class='ocrx_word' id='word_1_118' title='bbox 1461 1783 1559 1838; x_wconf 88' lang='lat' dir='ltr'><strong>per</strong></span> <span class='ocrx_word' id='word_1_119' title='bbox 1586 1767 1831 1824; x_wconf 74' lang='lat' dir='ltr'><strong>Brittios.</strong></span> 
     </span>
    </p>
   </div>
   <div class='ocr_carea' id='block_1_18' title="bbox 2667 621 2822 674">
    <p class='ocr_par' dir='ltr' id='par_1_18' title="bbox 2667 621 2822 674">
     <span class='ocr_line' id='line_1_18' title="bbox 2667 621 2822 674; baseline 0.006 -1"><span class='ocrx_word' id='word_1_120' title='bbox 2667 621 2822 674; x_wconf 87' lang='lat' dir='ltr'><strong>mitti.</strong></span> 
     </span>
    </p>
   </div>
   <div class='ocr_carea' id='block_1_19' title="bbox 2014 708 3468 795">
    <p class='ocr_par' dir='ltr' id='par_1_19' title="bbox 2014 708 3468 795">
     <span class='ocr_line' id='line_1_19' title="bbox 2014 708 3468 795; baseline 0.003 -31"><span class='ocrx_word' id='word_1_121' title='bbox 2014 708 2365 766; x_wconf 74' lang='lat' dir='ltr'><strong>INNOCENTIUI</strong></span> <span class='ocrx_word' id='word_1_122' title='bbox 2410 711 3032 795; x_wconf 44' lang='grc' dir='ltr'><strong>ΑαΑιιιτοηΜλοευριιιο</strong></span> <span class='ocrx_word' id='word_1_123' title='bbox 3069 722 3122 767; x_wconf 87' lang='lat' dir='ltr'><strong>et</strong></span> <span class='ocrx_word' id='word_1_124' title='bbox 3157 710 3179 750; x_wconf 70' lang='grc' dir='ltr'><strong>ί</strong></span> <span class='ocrx_word' id='word_1_125' title='bbox 3215 711 3468 769; x_wconf 69' lang='lat' dir='ltr'><strong>Murano</strong></span> 
     </span>
    </p>
   </div>
   <div class='ocr_carea' id='block_1_20' title="bbox 2494 787 2983 856">
    <p class='ocr_par' dir='ltr' id='par_1_20' title="bbox 2494 787 2983 856">
     <span class='ocr_line' id='line_1_20' title="bbox 2494 787 2983 856; baseline 0.004 -18"><span class='ocrx_word' id='word_1_126' title='bbox 2494 787 2740 856; x_wconf 86' lang='lat' dir='ltr'><strong>epicopis</strong></span> <span class='ocrx_word' id='word_1_127' title='bbox 2770 787 2983 855; x_wconf 81' lang='lat' dir='ltr'><strong>Apulis.</strong></span> 
     </span>
    </p>
   </div>
   <div class='ocr_carea' id='block_1_21' title="bbox 2018 870 3544 947">
    <p class='ocr_par' dir='ltr' id='par_1_21' title="bbox 2018 870 3544 947">
     <span class='ocr_line' id='line_1_21' title="bbox 2018 870 3544 947; baseline 0.002 -19"><span class='ocrx_word' id='word_1_128' title='bbox 2018 870 2183 929; x_wconf 79' lang='lat' dir='ltr'><strong>Multa</strong></span> <span class='ocrx_word' id='word_1_129' title='bbox 2212 874 2265 929; x_wconf 92' lang='lat' dir='ltr'><strong>in</strong></span> <span class='ocrx_word' id='word_1_130' title='bbox 2298 873 2583 947; x_wconf 76' lang='lat' dir='ltr'><strong>provincia</strong></span> <span class='ocrx_word' id='word_1_131' title='bbox 2626 885 2814 931; x_wconf 87' lang='lat' dir='ltr'><strong>contra</strong></span> <span class='ocrx_word' id='word_1_132' title='bbox 2856 893 3097 933; x_wconf 83' lang='lat' dir='ltr'><strong>canones</strong></span> <span class='ocrx_word' id='word_1_133' title='bbox 3135 874 3544 934; x_wconf 78' lang='lat' dir='ltr'><strong>ecclesiasticos</strong></span> 
     </span>
    </p>
   </div>
   <div class='ocr_carea' id='block_1_22' title="bbox 1944 964 3539 1041">
    <p class='ocr_par' dir='ltr' id='par_1_22' title="bbox 1944 964 3539 1041">
     <span class='ocr_line' id='line_1_22' title="bbox 1944 964 3539 1041; baseline 0.002 -20"><span class='ocrx_word' id='word_1_134' title='bbox 1944 964 2275 1039; x_wconf 75' lang='lat' dir='ltr'><strong>tit-cretaque</strong></span> <span class='ocrx_word' id='word_1_135' title='bbox 2322 967 2587 1040; x_wconf 82' lang='lat' dir='ltr'><strong>majorum</strong></span> <span class='ocrx_word' id='word_1_136' title='bbox 2646 972 2897 1041; x_wconf 88' lang='lat' dir='ltr'><strong>usurpari</strong></span> <span class='ocrx_word' id='word_1_137' title='bbox 2937 987 2967 1026; x_wconf 90' lang='lat' dir='ltr'><strong>a</strong></span> <span class='ocrx_word' id='word_1_138' title='bbox 2996 970 3267 1041; x_wconf 84' lang='lat' dir='ltr'><strong>plurimis,</strong></span> <span class='ocrx_word' id='word_1_139' title='bbox 3302 979 3355 1026; x_wconf 91' lang='lat' dir='ltr'><strong>et</strong></span> <span class='ocrx_word' id='word_1_140' title='bbox 3390 969 3539 1025; x_wconf 86' lang='lat' dir='ltr'><strong>rela-</strong></span> 
     </span>
    </p>
   </div>
   <div class='ocr_carea' id='block_1_23' title="bbox 1945 1058 3543 1134">
    <p class='ocr_par' dir='ltr' id='par_1_23' title="bbox 1945 1058 3543 1134">
     <span class='ocr_line' id='line_1_23' title="bbox 1945 1058 3543 1134; baseline 0.001 -18"><span class='ocrx_word' id='word_1_141' title='bbox 1945 1060 2119 1116; x_wconf 79' lang='lat' dir='ltr'><strong>tiones</strong></span> <span class='ocrx_word' id='word_1_142' title='bbox 2162 1058 2525 1128; x_wconf 82' lang='lat' dir='ltr'><strong>diversorum,</strong></span> <span class='ocrx_word' id='word_1_143' title='bbox 2554 1070 2609 1117; x_wconf 91' lang='lat' dir='ltr'><strong>et</strong></span> <span class='ocrx_word' id='word_1_144' title='bbox 2637 1066 3021 1134; x_wconf 85' lang='lat' dir='ltr'><strong>suggestiones</strong></span> <span class='ocrx_word' id='word_1_145' title='bbox 3065 1062 3345 1119; x_wconf 77' lang='lat' dir='ltr'><strong>ﬁdissima:</strong></span> <span class='ocrx_word' id='word_1_146' title='bbox 3393 1070 3543 1118; x_wconf 81' lang='lat' dir='ltr'><strong>retu-</strong></span> 
     </span>
    </p>
   </div>
   <div class='ocr_carea' id='block_1_24' title="bbox 1944 1148 3539 1226">
    <p class='ocr_par' dir='ltr' id='par_1_24' title="bbox 1944 1148 3539 1226">
     <span class='ocr_line' id='line_1_24' title="bbox 1944 1148 3539 1226; baseline -0.001 -17"><span class='ocrx_word' id='word_1_147' title='bbox 1944 1154 2125 1209; x_wconf 87' lang='lat' dir='ltr'><strong>lerunt</strong></span> <span class='ocrx_word' id='word_1_148' title='bbox 2151 1172 2162 1207; x_wconf 93' lang='lat'>:</span> <span class='ocrx_word' id='word_1_149' title='bbox 2197 1172 2316 1225; x_wconf 75' lang='lat' dir='ltr'><strong>qua:</strong></span> <span class='ocrx_word' id='word_1_150' title='bbox 2346 1152 2565 1226; x_wconf 85' lang='lat' dir='ltr'><strong>quidem</strong></span> <span class='ocrx_word' id='word_1_151' title='bbox 2600 1166 2824 1225; x_wconf 82' lang='lat' dir='ltr'><strong>possent</strong></span> <span class='ocrx_word' id='word_1_152' title='bbox 2853 1154 3012 1211; x_wconf 75' lang='lat' dir='ltr'><strong>facile</strong></span> <span class='ocrx_word' id='word_1_153' title='bbox 3043 1153 3314 1218; x_wconf 85' lang='lat' dir='ltr'><strong>resecari,</strong></span> <span class='ocrx_word' id='word_1_154' title='bbox 3344 1154 3390 1209; x_wconf 90' lang='lat' dir='ltr'><strong>si</strong></span> <span class='ocrx_word' id='word_1_155' title='bbox 3416 1148 3539 1223; x_wconf 86' lang='lat' dir='ltr'><strong>epi-</strong></span> 
     </span>
    </p>
   </div>
   <div class='ocr_carea' id='block_1_25' title="bbox 1942 1248 3543 1322">
    <p class='ocr_par' dir='ltr' id='par_1_25' title="bbox 1942 1248 3543 1322">
     <span class='ocr_line' id='line_1_25' title="bbox 1942 1248 3543 1322; baseline -0.001 -16"><span class='ocrx_word' id='word_1_156' title='bbox 1942 1251 2095 1321; x_wconf 76' lang='lat' dir='ltr'><strong>scopi</strong></span> <span class='ocrx_word' id='word_1_157' title='bbox 2119 1248 2169 1305; x_wconf 91' lang='lat' dir='ltr'><strong>in</strong></span> <span class='ocrx_word' id='word_1_158' title='bbox 2203 1253 2284 1307; x_wconf 92' lang='lat' dir='ltr'><strong>his</strong></span> <span class='ocrx_word' id='word_1_159' title='bbox 2313 1269 2418 1305; x_wconf 81' lang='lat' dir='ltr'><strong>non</strong></span> <span class='ocrx_word' id='word_1_160' title='bbox 2456 1252 2837 1307; x_wconf 83' lang='lat' dir='ltr'><strong>invenirentur</strong></span> <span class='ocrx_word' id='word_1_161' title='bbox 2862 1260 3147 1317; x_wconf 88' lang='lat' dir='ltr'><strong>auctores,</strong></span> <span class='ocrx_word' id='word_1_162' title='bbox 3175 1250 3267 1322; x_wconf 90' lang='lat' dir='ltr'><strong>qui</strong></span> <span class='ocrx_word' id='word_1_163' title='bbox 3290 1248 3418 1305; x_wconf 89' lang='lat' dir='ltr'><strong>dum</strong></span> <span class='ocrx_word' id='word_1_164' title='bbox 3446 1257 3543 1305; x_wconf 87' lang='lat' dir='ltr'><strong>aut</strong></span> 
     </span>
    </p>
   </div>
   <div class='ocr_carea' id='block_1_26' title="bbox 1942 1342 3541 1417">
    <p class='ocr_par' dir='ltr' id='par_1_26' title="bbox 1942 1342 3541 1417">
     <span class='ocr_line' id='line_1_26' title="bbox 1942 1342 3541 1417; baseline -0.002 -17"><span class='ocrx_word' id='word_1_165' title='bbox 1942 1342 2131 1401; x_wconf 80' lang='lat' dir='ltr'><strong>amicis</strong></span> <span class='ocrx_word' id='word_1_166' title='bbox 2152 1357 2244 1399; x_wconf 90' lang='lat' dir='ltr'><strong>aut</strong></span> <span class='ocrx_word' id='word_1_167' title='bbox 2268 1342 2697 1415; x_wconf 75' lang='lat' dir='ltr'><strong>ancqnentibus</strong></span> <span class='ocrx_word' id='word_1_168' title='bbox 2720 1346 2955 1417; x_wconf 79' lang='lat' dir='ltr'><strong>gratiam</strong></span> <span class='ocrx_word' id='word_1_169' title='bbox 2978 1354 3241 1415; x_wconf 83' lang='lat' dir='ltr'><strong>praestare</strong></span> <span class='ocrx_word' id='word_1_170' title='bbox 3266 1343 3541 1410; x_wconf 86' lang='lat' dir='ltr'><strong>nituntur,</strong></span> 
     </span>
    </p>
   </div>
   <div class='ocr_carea' id='block_1_27' title="bbox 1944 1430 3539 1511">
    <p class='ocr_par' dir='ltr' id='par_1_27' title="bbox 1944 1430 3539 1511">
     <span class='ocr_line' id='line_1_27' title="bbox 1944 1430 3539 1511; baseline -0.004 -16"><span class='ocrx_word' id='word_1_171' title='bbox 1944 1440 2269 1511; x_wconf 87' lang='lat' dir='ltr'><strong>religionem</strong></span> <span class='ocrx_word' id='word_1_172' title='bbox 2300 1436 2531 1506; x_wconf 87' lang='lat' dir='ltr'><strong>violant,</strong></span> <span class='ocrx_word' id='word_1_173' title='bbox 2562 1436 2893 1509; x_wconf 78' lang='lat' dir='ltr'><strong>ordinesque</strong></span> <span class='ocrx_word' id='word_1_174' title='bbox 2929 1447 3310 1508; x_wconf 80' lang='lat' dir='ltr'><strong>Corrumpunt.</strong></span> <span class='ocrx_word' id='word_1_175' title='bbox 3347 1432 3426 1490; x_wconf 82' lang='lat' dir='ltr'><strong>Ac</strong></span> <span class='ocrx_word' id='word_1_176' title='bbox 3458 1430 3539 1490; x_wconf 86' lang='lat' dir='ltr'><strong>sic</strong></span> 
     </span>
    </p>
   </div>
   <div class='ocr_carea' id='block_1_28' title="bbox 1942 1528 3535 1604">
    <p class='ocr_par' dir='ltr' id='par_1_28' title="bbox 1942 1528 3535 1604">
     <span class='ocr_line' id='line_1_28' title="bbox 1942 1528 3535 1604; baseline -0.003 -16"><span class='ocrx_word' id='word_1_177' title='bbox 1942 1537 2142 1599; x_wconf 70' lang='lat' dir='ltr'><strong>creuit,</strong></span> <span class='ocrx_word' id='word_1_178' title='bbox 2177 1544 2232 1588; x_wconf 91' lang='lat' dir='ltr'><strong>ut</strong></span> <span class='ocrx_word' id='word_1_179' title='bbox 2257 1534 2460 1603; x_wconf 87' lang='lat' dir='ltr'><strong>indigni</strong></span> <span class='ocrx_word' id='word_1_180' title='bbox 2495 1536 2696 1603; x_wconf 78' lang='lat' dir='ltr'><strong>quique</strong></span> <span class='ocrx_word' id='word_1_181' title='bbox 2727 1531 2967 1588; x_wconf 85' lang='lat' dir='ltr'><strong>honores</strong></span> <span class='ocrx_word' id='word_1_182' title='bbox 3008 1532 3318 1604; x_wconf 73' lang='lat' dir='ltr'><strong>suscipiant</strong></span> <span class='ocrx_word' id='word_1_183' title='bbox 3352 1528 3535 1586; x_wconf 84' lang='lat' dir='ltr'><strong>eccle-</strong></span> 
     </span>
    </p>
   </div>
   <div class='ocr_carea' id='block_1_29' title="bbox 1942 1616 3539 1696">
    <p class='ocr_par' dir='ltr' id='par_1_29' title="bbox 1942 1616 3539 1696">
     <span class='ocr_line' id='line_1_29' title="bbox 1942 1616 3539 1696; baseline 0.001 -18"><span class='ocrx_word' id='word_1_184' title='bbox 1942 1628 2212 1693; x_wconf 75' lang='lat' dir='ltr'><strong>siastiros,</strong></span> <span class='ocrx_word' id='word_1_185' title='bbox 2240 1634 2296 1682; x_wconf 88' lang='lat' dir='ltr'><strong>et</strong></span> <span class='ocrx_word' id='word_1_186' title='bbox 2323 1625 2685 1681; x_wconf 70' lang='lat' dir='ltr'><strong>admittuntur</strong></span> <span class='ocrx_word' id='word_1_187' title='bbox 2719 1616 2786 1680; x_wconf 89' lang='lat' dir='ltr'><strong>ad</strong></span> <span class='ocrx_word' id='word_1_188' title='bbox 2827 1624 3059 1692; x_wconf 83' lang='lat' dir='ltr'><strong>clerum,</strong></span> <span class='ocrx_word' id='word_1_189' title='bbox 3107 1626 3200 1696; x_wconf 86' lang='lat' dir='ltr'><strong>qui</strong></span> <span class='ocrx_word' id='word_1_190' title='bbox 3246 1638 3347 1679; x_wconf 90' lang='lat' dir='ltr'><strong>nec</strong></span> <span class='ocrx_word' id='word_1_191' title='bbox 3392 1625 3539 1679; x_wconf 80' lang='lat' dir='ltr'><strong>ittlet‘</strong></span> 
     </span>
    </p>
   </div>
   <div class='ocr_carea' id='block_1_30' title="bbox 1942 1716 3541 1791">
    <p class='ocr_par' dir='ltr' id='par_1_30' title="bbox 1942 1716 3541 1791">
     <span class='ocr_line' id='line_1_30' title="bbox 1942 1716 3541 1791; baseline -0.003 -16"><span class='ocrx_word' id='word_1_192' title='bbox 1942 1719 2110 1776; x_wconf 84' lang='lat' dir='ltr'><strong>laicos</strong></span> <span class='ocrx_word' id='word_1_193' title='bbox 2142 1719 2361 1791; x_wconf 90' lang='lat' dir='ltr'><strong>quidem</strong></span> <span class='ocrx_word' id='word_1_194' title='bbox 2405 1718 2627 1790; x_wconf 84' lang='lat' dir='ltr'><strong>dignum</strong></span> <span class='ocrx_word' id='word_1_195' title='bbox 2679 1716 2856 1774; x_wconf 86' lang='lat' dir='ltr'><strong>locum</strong></span> <span class='ocrx_word' id='word_1_196' title='bbox 2910 1716 3113 1774; x_wconf 87' lang='lat' dir='ltr'><strong>habere</strong></span> <span class='ocrx_word' id='word_1_197' title='bbox 3156 1727 3541 1774; x_wconf 87' lang='lat' dir='ltr'><strong>mererentur:</strong></span> 
     </span>
    </p>
   </div>
   <div class='ocr_carea' id='block_1_31' title="bbox 1939 1812 3541 1880">
    <p class='ocr_par' dir='ltr' id='par_1_31' title="bbox 1939 1812 3541 1880">
     <span class='ocr_line' id='line_1_31' title="bbox 1939 1812 3541 1880; baseline -0.004 -11"><span class='ocrx_word' id='word_1_198' title='bbox 1939 1815 2098 1869; x_wconf 89' lang='lat' dir='ltr'><strong>sicuti</strong></span> <span class='ocrx_word' id='word_1_199' title='bbox 2133 1814 2186 1868; x_wconf 89' lang='lat' dir='ltr'><strong>in</strong></span> <span class='ocrx_word' id='word_1_200' title='bbox 2218 1828 2362 1869; x_wconf 91' lang='lat' dir='ltr'><strong>nunc</strong></span> <span class='ocrx_word' id='word_1_201' title='bbox 2411 1813 2539 1868; x_wconf 86' lang='lat' dir='ltr'><strong>dato</strong></span> <span class='ocrx_word' id='word_1_202' title='bbox 2588 1814 2745 1868; x_wconf 91' lang='lat' dir='ltr'><strong>nobis</strong></span> <span class='ocrx_word' id='word_1_203' title='bbox 2793 1812 2982 1868; x_wconf 90' lang='lat' dir='ltr'><strong>libello</strong></span> <span class='ocrx_word' id='word_1_204' title='bbox 3025 1821 3387 1866; x_wconf 78' lang='lat' dir='ltr'><strong>monstratum</strong></span> <span class='ocrx_word' id='word_1_205' title='bbox 3424 1822 3541 1880; x_wconf 84' lang='lat' dir='ltr'><strong>est,</strong></span> 
     </span>
    </p>
   </div>
   <div class='ocr_carea' id='block_1_32' title="bbox 285 1858 3539 1977">
    <p class='ocr_par' dir='ltr' id='par_1_32' title="bbox 285 1858 3539 1977">
     <span class='ocr_line' id='line_1_32' title="bbox 285 1858 3539 1977; baseline -0.003 -10"><span class='ocrx_word' id='word_1_206' title='bbox 285 1882 819 1943; x_wconf 50' lang='grc' dir='ltr'><strong>Εεθίθδίθθίιθθτυηῖ</strong></span> <span class='ocrx_word' id='word_1_207' title='bbox 851 1892 1120 1939; x_wconf 59' lang='lat' dir='ltr'><strong>canonum</strong></span> <span class='ocrx_word' id='word_1_208' title='bbox 1148 1890 1339 1937; x_wconf 55' lang='lat' dir='ltr'><strong>“0mm</strong></span> <span class='ocrx_word' id='word_1_209' title='bbox 1369 1879 1502 1937; x_wconf 70' lang='lat' dir='ltr'><strong>&quot;um</strong></span> <span class='ocrx_word' id='word_1_210' title='bbox 1532 1896 1654 1937; x_wconf 66' lang='lat' dir='ltr'><strong>esse</strong></span> <span class='ocrx_word' id='word_1_211' title='bbox 1671 1879 1836 1937; x_wconf 55' lang='lat' dir='ltr'><strong>debat</strong></span> <span class='ocrx_word' id='word_1_212' title='bbox 1865 1858 1911 1919; x_wconf 76' lang='grc' dir='ltr'><strong>Β</strong></span> <span class='ocrx_word' id='word_1_213' title='bbox 1942 1907 2241 1962; x_wconf 85' lang='lat' dir='ltr'><strong>Modestum</strong></span> <span class='ocrx_word' id='word_1_214' title='bbox 2292 1906 2584 1977; x_wconf 89' lang='lat' dir='ltr'><strong>quemdam</strong></span> <span class='ocrx_word' id='word_1_215' title='bbox 2632 1906 2820 1961; x_wconf 89' lang='lat' dir='ltr'><strong>nmltis</strong></span> <span class='ocrx_word' id='word_1_216' title='bbox 2850 1904 3171 1961; x_wconf 83' lang='lat' dir='ltr'><strong>criminibus</strong></span> <span class='ocrx_word' id='word_1_217' title='bbox 3199 1858 3539 1972; x_wconf 69' lang='lat' dir='ltr'><strong>involutum:</strong></span> 
     </span>
    </p>
   </div>
   <div class='ocr_carea' id='block_1_33' title="bbox 218 1976 1835 2052">
    <p class='ocr_par' dir='ltr' id='par_1_33' title="bbox 218 1976 1835 2052">
     <span class='ocr_line' id='line_1_33' title="bbox 218 1976 1835 2052; baseline -0.002 -16"><span class='ocrx_word' id='word_1_218' title='bbox 218 1978 501 2052; x_wconf 85' lang='lat' dir='ltr'><strong>incognita</strong></span> <span class='ocrx_word' id='word_1_219' title='bbox 533 1978 887 2036; x_wconf 83' lang='lat' dir='ltr'><strong>sacerdotum</strong></span> <span class='ocrx_word' id='word_1_220' title='bbox 921 1990 935 2033; x_wconf 83' lang='lat'><strong>:</strong></span> <span class='ocrx_word' id='word_1_221' title='bbox 966 1978 1091 2048; x_wconf 87' lang='lat' dir='ltr'><strong>quia</strong></span> <span class='ocrx_word' id='word_1_222' title='bbox 1121 1979 1315 2034; x_wconf 87' lang='lat' dir='ltr'><strong>nesciri</strong></span> <span class='ocrx_word' id='word_1_223' title='bbox 1349 1977 1464 2032; x_wconf 70' lang='lat' dir='ltr'><strong>lucc</strong></span> <span class='ocrx_word' id='word_1_224' title='bbox 1507 1994 1535 2031; x_wconf 91' lang='lat' dir='ltr'><strong>a</strong></span> <span class='ocrx_word' id='word_1_225' title='bbox 1580 1976 1835 2048; x_wconf 87' lang='lat' dir='ltr'><strong>pontiﬁce</strong></span> 
     </span>
    </p>
   </div>
   <div class='ocr_carea' id='block_1_34' title="bbox 214 2068 1836 2144">
    <p class='ocr_par' dir='ltr' id='par_1_34' title="bbox 214 2068 1836 2144">
     <span class='ocr_line' id='line_1_34' title="bbox 214 2068 1836 2144; baseline -0.001 -13"><span class='ocrx_word' id='word_1_226' title='bbox 214 2075 346 2131; x_wconf 86' lang='lat' dir='ltr'><strong>satis</strong></span> <span class='ocrx_word' id='word_1_227' title='bbox 372 2082 470 2132; x_wconf 80' lang='lat' dir='ltr'><strong>est</strong></span> <span class='ocrx_word' id='word_1_228' title='bbox 496 2072 851 2140; x_wconf 81' lang='lat' dir='ltr'><strong>indecorum,</strong></span> <span class='ocrx_word' id='word_1_229' title='bbox 890 2074 1124 2129; x_wconf 82' lang='lat' dir='ltr'><strong>maxime</strong></span> <span class='ocrx_word' id='word_1_230' title='bbox 1160 2088 1283 2129; x_wconf 90' lang='lat' dir='ltr'><strong>cum</strong></span> <span class='ocrx_word' id='word_1_231' title='bbox 1317 2090 1345 2129; x_wconf 91' lang='lat' dir='ltr'><strong>a</strong></span> <span class='ocrx_word' id='word_1_232' title='bbox 1380 2073 1533 2129; x_wconf 81' lang='lat' dir='ltr'><strong>laicis</strong></span> <span class='ocrx_word' id='word_1_233' title='bbox 1562 2068 1836 2144; x_wconf 76' lang='lat' dir='ltr'><strong>religiosis</strong></span> 
     </span>
    </p>
   </div>
   <div class='ocr_carea' id='block_1_35' title="bbox 218 2163 1836 2237">
    <p class='ocr_par' dir='ltr' id='par_1_35' title="bbox 218 2163 1836 2237">
     <span class='ocr_line' id='line_1_35' title="bbox 218 2163 1836 2237; baseline -0.001 -14"><span class='ocrx_word' id='word_1_234' title='bbox 218 2170 345 2225; x_wconf 87' lang='lat' dir='ltr'><strong>viris</strong></span> <span class='ocrx_word' id='word_1_235' title='bbox 368 2181 428 2225; x_wconf 88' lang='lat' dir='ltr'><strong>ct</strong></span> <span class='ocrx_word' id='word_1_236' title='bbox 464 2170 707 2233; x_wconf 81' lang='lat' dir='ltr'><strong>sciatur,</strong></span> <span class='ocrx_word' id='word_1_237' title='bbox 740 2178 797 2223; x_wconf 89' lang='lat' dir='ltr'><strong>et</strong></span> <span class='ocrx_word' id='word_1_238' title='bbox 827 2163 1180 2223; x_wconf 83' lang='lat' dir='ltr'><strong>custodienda</strong></span> <span class='ocrx_word' id='word_1_239' title='bbox 1220 2180 1341 2221; x_wconf 89' lang='lat' dir='ltr'><strong>esse</strong></span> <span class='ocrx_word' id='word_1_240' title='bbox 1370 2164 1619 2223; x_wconf 85' lang='lat' dir='ltr'><strong>ducatur.</strong></span> <span class='ocrx_word' id='word_1_241' title='bbox 1653 2165 1836 2237; x_wconf 85' lang='lat' dir='ltr'><strong>Nuper</strong></span> 
     </span>
    </p>
   </div>
   <div class='ocr_carea' id='block_1_36' title="bbox 215 2256 1836 2333">
    <p class='ocr_par' dir='ltr' id='par_1_36' title="bbox 215 2256 1836 2333">
     <span class='ocr_line' id='line_1_36' title="bbox 215 2256 1836 2333; baseline 0 -18"><span class='ocrx_word' id='word_1_242' title='bbox 215 2262 441 2332; x_wconf 83' lang='lat' dir='ltr'><strong>quidem</strong></span> <span class='ocrx_word' id='word_1_243' title='bbox 479 2257 649 2333; x_wconf 83' lang='lat' dir='ltr'><strong>(Dist.</strong></span> <span class='ocrx_word' id='word_1_244' title='bbox 692 2259 754 2315; x_wconf 87' lang='lat' dir='ltr'><strong>8i</strong></span> <span class='ocrx_word' id='word_1_245' title='bbox 786 2302 803 2325; x_wconf 90' lang='lat'><strong>,</strong></span> <span class='ocrx_word' id='word_1_246' title='bbox 833 2270 879 2313; x_wconf 76' lang='grc' dir='ltr'><strong>ο.</strong></span> <span class='ocrx_word' id='word_1_247' title='bbox 918 2259 998 2331; x_wconf 88' lang='lat'><strong>6).</strong></span> <span class='ocrx_word' id='word_1_248' title='bbox 1033 2256 1428 2315; x_wconf 75' lang='lat' dir='ltr'><strong>Maximilianus</strong></span> <span class='ocrx_word' id='word_1_249' title='bbox 1461 2256 1603 2316; x_wconf 86' lang='lat' dir='ltr'><strong>ﬁlius</strong></span> <span class='ocrx_word' id='word_1_250' title='bbox 1649 2272 1836 2316; x_wconf 85' lang='lat' dir='ltr'><strong>ttOSlel&#39;</strong></span> 
     </span>
    </p>
   </div>
   <div class='ocr_carea' id='block_1_37' title="bbox 216 2350 1833 2426">
    <p class='ocr_par' dir='ltr' id='par_1_37' title="bbox 216 2350 1833 2426">
     <span class='ocr_line' id='line_1_37' title="bbox 216 2350 1833 2426; baseline 0 -16"><span class='ocrx_word' id='word_1_251' title='bbox 216 2364 382 2426; x_wconf 75' lang='lat' dir='ltr'><strong>agens</strong></span> <span class='ocrx_word' id='word_1_252' title='bbox 418 2354 478 2408; x_wconf 88' lang='lat' dir='ltr'><strong>in</strong></span> <span class='ocrx_word' id='word_1_253' title='bbox 511 2353 682 2409; x_wconf 82' lang='lat' dir='ltr'><strong>rebus</strong></span> <span class='ocrx_word' id='word_1_254' title='bbox 718 2351 745 2391; x_wconf 71' lang='grc' dir='ltr'><strong>ιι</strong></span> <span class='ocrx_word' id='word_1_255' title='bbox 789 2350 1097 2423; x_wconf 76' lang='lat' dir='ltr'><strong>cuiusmodi</strong></span> <span class='ocrx_word' id='word_1_256' title='bbox 1129 2352 1405 2423; x_wconf 90' lang='lat' dir='ltr'><strong>querelam</strong></span> <span class='ocrx_word' id='word_1_257' title='bbox 1437 2353 1728 2423; x_wconf 81' lang='lat' dir='ltr'><strong>detulerit,</strong></span> <span class='ocrx_word' id='word_1_258' title='bbox 1763 2352 1833 2410; x_wconf 82' lang='lat' dir='ltr'><strong>li-</strong></span> 
     </span>
    </p>
   </div>
   <div class='ocr_carea' id='block_1_38' title="bbox 218 2445 1835 2515">
    <p class='ocr_par' dir='ltr' id='par_1_38' title="bbox 218 2445 1835 2515">
     <span class='ocr_line' id='line_1_38' title="bbox 218 2445 1835 2515; baseline 0.003 -15"><span class='ocrx_word' id='word_1_259' title='bbox 218 2447 345 2502; x_wconf 84' lang='lat' dir='ltr'><strong>belli</strong></span> <span class='ocrx_word' id='word_1_260' title='bbox 375 2449 505 2514; x_wconf 70' lang='lat' dir='ltr'><strong>eius</strong></span> <span class='ocrx_word' id='word_1_261' title='bbox 545 2445 723 2501; x_wconf 84' lang='lat' dir='ltr'><strong>series</strong></span> <span class='ocrx_word' id='word_1_262' title='bbox 764 2454 975 2501; x_wconf 78' lang='lat' dir='ltr'><strong>annexa</strong></span> <span class='ocrx_word' id='word_1_263' title='bbox 1018 2445 1278 2502; x_wconf 75' lang='lat' dir='ltr'><strong>declarat.</strong></span> <span class='ocrx_word' id='word_1_264' title='bbox 1326 2446 1428 2515; x_wconf 87' lang='lat' dir='ltr'><strong>Qui</strong></span> <span class='ocrx_word' id='word_1_265' title='bbox 1458 2447 1576 2503; x_wconf 80' lang='lat' dir='ltr'><strong>Zelo</strong></span> <span class='ocrx_word' id='word_1_266' title='bbox 1609 2447 1729 2503; x_wconf 88' lang='lat' dir='ltr'><strong>lidel</strong></span> <span class='ocrx_word' id='word_1_267' title='bbox 1772 2458 1835 2505; x_wconf 85' lang='lat' dir='ltr'><strong>ac</strong></span> 
     </span>
    </p>
   </div>
   <div class='ocr_carea' id='block_1_39' title="bbox 218 2538 1834 2611">
    <p class='ocr_par' dir='ltr' id='par_1_39' title="bbox 218 2538 1834 2611">
     <span class='ocr_line' id='line_1_39' title="bbox 218 2538 1834 2611; baseline 0.002 -16"><span class='ocrx_word' id='word_1_268' title='bbox 218 2540 532 2611; x_wconf 66' lang='lat' dir='ltr'><strong>disciplinae</strong></span> <span class='ocrx_word' id='word_1_269' title='bbox 560 2540 761 2594; x_wconf 73' lang='lat' dir='ltr'><strong>ductus</strong></span> <span class='ocrx_word' id='word_1_270' title='bbox 784 2578 799 2605; x_wconf 94' lang='lat'><strong>,</strong></span> <span class='ocrx_word' id='word_1_271' title='bbox 842 2549 949 2594; x_wconf 88' lang='lat' dir='ltr'><strong>non</strong></span> <span class='ocrx_word' id='word_1_272' title='bbox 984 2540 1191 2609; x_wconf 86' lang='lat' dir='ltr'><strong>patitur</strong></span> <span class='ocrx_word' id='word_1_273' title='bbox 1222 2538 1522 2596; x_wconf 86' lang='lat' dir='ltr'><strong>Ecclesiam</strong></span> <span class='ocrx_word' id='word_1_274' title='bbox 1560 2540 1727 2611; x_wconf 76' lang='lat' dir='ltr'><strong>pollui</strong></span> <span class='ocrx_word' id='word_1_275' title='bbox 1767 2540 1834 2597; x_wconf 88' lang='lat' dir='ltr'><strong>ab</strong></span> 
     </span>
    </p>
   </div>
   <div class='ocr_carea' id='block_1_40' title="bbox 222 2632 1837 2706">
    <p class='ocr_par' dir='ltr' id='par_1_40' title="bbox 222 2632 1837 2706">
     <span class='ocr_line' id='line_1_40' title="bbox 222 2632 1837 2706; baseline 0.004 -19"><span class='ocrx_word' id='word_1_276' title='bbox 222 2632 462 2704; x_wconf 85' lang='lat' dir='ltr'><strong>indignis</strong></span> <span class='ocrx_word' id='word_1_277' title='bbox 488 2632 849 2704; x_wconf 77' lang='lat' dir='ltr'><strong>presbyteris,</strong></span> <span class='ocrx_word' id='word_1_278' title='bbox 884 2648 1021 2704; x_wconf 84' lang='lat' dir='ltr'><strong>quos</strong></span> <span class='ocrx_word' id='word_1_279' title='bbox 1054 2634 1105 2688; x_wconf 92' lang='lat' dir='ltr'><strong>in</strong></span> <span class='ocrx_word' id='word_1_280' title='bbox 1147 2634 1484 2706; x_wconf 75' lang='lat' dir='ltr'><strong>presbyterio</strong></span> <span class='ocrx_word' id='word_1_281' title='bbox 1521 2634 1659 2690; x_wconf 78' lang='lat' dir='ltr'><strong>ﬁlios</strong></span> <span class='ocrx_word' id='word_1_282' title='bbox 1689 2650 1837 2693; x_wconf 89' lang='lat' dir='ltr'><strong>asse-</strong></span> 
     </span>
    </p>
   </div>
   <div class='ocr_carea' id='block_1_41' title="bbox 220 2726 1834 2800">
    <p class='ocr_par' dir='ltr' id='par_1_41' title="bbox 220 2726 1834 2800">
     <span class='ocr_line' id='line_1_41' title="bbox 220 2726 1834 2800; baseline 0.002 -16"><span class='ocrx_word' id='word_1_283' title='bbox 220 2728 291 2784; x_wconf 88' lang='lat' dir='ltr'><strong>rit</strong></span> <span class='ocrx_word' id='word_1_284' title='bbox 342 2736 701 2800; x_wconf 82' lang='lat' dir='ltr'><strong>procreasse.</strong></span> <span class='ocrx_word' id='word_1_285' title='bbox 747 2726 901 2798; x_wconf 86' lang='lat' dir='ltr'><strong>Quod</strong></span> <span class='ocrx_word' id='word_1_286' title='bbox 952 2740 1057 2782; x_wconf 85' lang='lat' dir='ltr'><strong>non</strong></span> <span class='ocrx_word' id='word_1_287' title='bbox 1110 2727 1277 2785; x_wconf 90' lang='lat' dir='ltr'><strong>licere</strong></span> <span class='ocrx_word' id='word_1_288' title='bbox 1320 2745 1673 2799; x_wconf 81' lang='lat' dir='ltr'><strong>exponerem,</strong></span> <span class='ocrx_word' id='word_1_289' title='bbox 1732 2728 1834 2787; x_wconf 85' lang='lat' dir='ltr'><strong>nisi</strong></span> 
     </span>
    </p>
   </div>
   <div class='ocr_carea' id='block_1_42' title="bbox 225 2820 1838 2897">
    <p class='ocr_par' dir='ltr' id='par_1_42' title="bbox 225 2820 1838 2897">
     <span class='ocr_line' id='line_1_42' title="bbox 225 2820 1838 2897; baseline 0.004 -20"><span class='ocrx_word' id='word_1_290' title='bbox 225 2839 443 2881; x_wconf 84' lang='lat' dir='ltr'><strong>nossem</strong></span> <span class='ocrx_word' id='word_1_291' title='bbox 475 2835 721 2879; x_wconf 62' lang='lat' dir='ltr'><strong>Vestram</strong></span> <span class='ocrx_word' id='word_1_292' title='bbox 754 2820 1093 2894; x_wconf 84' lang='lat' dir='ltr'><strong>prudentiam</strong></span> <span class='ocrx_word' id='word_1_293' title='bbox 1117 2823 1251 2897; x_wconf 83' lang='lat' dir='ltr'><strong>legis</strong></span> <span class='ocrx_word' id='word_1_294' title='bbox 1280 2829 1445 2881; x_wconf 88' lang='lat' dir='ltr'><strong>totius</strong></span> <span class='ocrx_word' id='word_1_295' title='bbox 1470 2826 1669 2882; x_wconf 89' lang='lat' dir='ltr'><strong>habere</strong></span> <span class='ocrx_word' id='word_1_296' title='bbox 1697 2826 1838 2883; x_wconf 85' lang='lat' dir='ltr'><strong>noti-</strong></span> 
     </span>
    </p>
   </div>
   <div class='ocr_carea' id='block_1_43' title="bbox 225 2916 1837 2991">
    <p class='ocr_par' dir='ltr' id='par_1_43' title="bbox 225 2916 1837 2991">
     <span class='ocr_line' id='line_1_43' title="bbox 225 2916 1837 2991; baseline 0.004 -19"><span class='ocrx_word' id='word_1_297' title='bbox 225 2920 376 2973; x_wconf 83' lang='lat' dir='ltr'><strong>tiam.</strong></span> <span class='ocrx_word' id='word_1_298' title='bbox 404 2917 476 2973; x_wconf 79' lang='lat' dir='ltr'><strong>Et</strong></span> <span class='ocrx_word' id='word_1_299' title='bbox 508 2916 653 2986; x_wconf 87' lang='lat' dir='ltr'><strong>ideo,</strong></span> <span class='ocrx_word' id='word_1_300' title='bbox 692 2918 887 2973; x_wconf 77' lang='lat' dir='ltr'><strong>fratres</strong></span> <span class='ocrx_word' id='word_1_301' title='bbox 917 2917 1250 2983; x_wconf 81' lang='lat' dir='ltr'><strong>charissimi,</strong></span> <span class='ocrx_word' id='word_1_302' title='bbox 1283 2919 1481 2988; x_wconf 88' lang='lat' dir='ltr'><strong>libelli,</strong></span> <span class='ocrx_word' id='word_1_303' title='bbox 1508 2916 1595 2991; x_wconf 85' lang='lat' dir='ltr'><strong>qui</strong></span> <span class='ocrx_word' id='word_1_304' title='bbox 1623 2920 1837 2990; x_wconf 85' lang='lat' dir='ltr'><strong>subjec-</strong></span> 
     </span>
    </p>
   </div>
   <div class='ocr_carea' id='block_1_44' title="bbox 225 3015 1837 3087">
    <p class='ocr_par' dir='ltr' id='par_1_44' title="bbox 225 3015 1837 3087">
     <span class='ocr_line' id='line_1_44' title="bbox 225 3015 1837 3087; baseline 0.004 -20"><span class='ocrx_word' id='word_1_305' title='bbox 225 3020 433 3079; x_wconf 86' lang='lat' dir='ltr'><strong>tnscst,</strong></span> <span class='ocrx_word' id='word_1_306' title='bbox 481 3020 673 3069; x_wconf 80' lang='lat' dir='ltr'><strong>trnorc</strong></span> <span class='ocrx_word' id='word_1_307' title='bbox 718 3023 1023 3085; x_wconf 61' lang='lat' dir='ltr'><strong>pet~5pecto,</strong></span> <span class='ocrx_word' id='word_1_308' title='bbox 1069 3030 1163 3069; x_wconf 89' lang='lat' dir='ltr'><strong>eos</strong></span> <span class='ocrx_word' id='word_1_309' title='bbox 1196 3015 1285 3084; x_wconf 91' lang='lat' dir='ltr'><strong>qui</strong></span> <span class='ocrx_word' id='word_1_310' title='bbox 1323 3017 1449 3069; x_wconf 90' lang='lat' dir='ltr'><strong>talia</strong></span> <span class='ocrx_word' id='word_1_311' title='bbox 1490 3020 1837 3087; x_wconf 73' lang='lat' dir='ltr'><strong>perpetrasse</strong></span> 
     </span>
    </p>
   </div>
   <div class='ocr_carea' id='block_1_45' title="bbox 227 3102 1837 3179">
    <p class='ocr_par' dir='ltr' id='par_1_45' title="bbox 227 3102 1837 3179">
     <span class='ocr_line' id='line_1_45' title="bbox 227 3102 1837 3179; baseline 0.004 -19"><span class='ocrx_word' id='word_1_312' title='bbox 227 3105 487 3163; x_wconf 81' lang='lat' dir='ltr'><strong>dicuntur</strong></span> <span class='ocrx_word' id='word_1_313' title='bbox 516 3152 530 3175; x_wconf 95' lang='lat'><strong>,</strong></span> <span class='ocrx_word' id='word_1_314' title='bbox 557 3102 820 3177; x_wconf 80' lang='lat' dir='ltr'><strong>jubebitis</strong></span> <span class='ocrx_word' id='word_1_315' title='bbox 851 3106 901 3160; x_wconf 94' lang='lat' dir='ltr'><strong>in</strong></span> <span class='ocrx_word' id='word_1_316' title='bbox 937 3104 1119 3162; x_wconf 91' lang='lat' dir='ltr'><strong>medio</strong></span> <span class='ocrx_word' id='word_1_317' title='bbox 1149 3106 1439 3174; x_wconf 77' lang='lat' dir='ltr'><strong>colloCari;</strong></span> <span class='ocrx_word' id='word_1_318' title='bbox 1469 3108 1837 3179; x_wconf 60' lang='lat' dir='ltr'><strong>discussisque</strong></span> 
     </span>
    </p>
   </div>
   <div class='ocr_carea' id='block_1_46' title="bbox 228 3200 1835 3275">
    <p class='ocr_par' dir='ltr' id='par_1_46' title="bbox 228 3200 1835 3275">
     <span class='ocr_line' id='line_1_46' title="bbox 228 3200 1835 3275; baseline 0.002 -21"><span class='ocrx_word' id='word_1_319' title='bbox 228 3200 668 3271; x_wconf 82' lang='lat' dir='ltr'><strong>objectionihns,</strong></span> <span class='ocrx_word' id='word_1_320' title='bbox 722 3216 841 3266; x_wconf 69' lang='lat' dir='ltr'><strong>qua:</strong></span> <span class='ocrx_word' id='word_1_321' title='bbox 882 3201 1018 3271; x_wconf 86' lang='lat' dir='ltr'><strong>ipsis</strong></span> <span class='ocrx_word' id='word_1_322' title='bbox 1056 3203 1387 3274; x_wconf 85' lang='lat' dir='ltr'><strong>presbyteris</strong></span> <span class='ocrx_word' id='word_1_323' title='bbox 1437 3204 1835 3275; x_wconf 79' lang='lat' dir='ltr'><strong>impinguntnr,</strong></span> 
     </span>
    </p>
   </div>
   <div class='ocr_carea' id='block_1_47' title="bbox 1940 1998 3541 2072">
    <p class='ocr_par' dir='ltr' id='par_1_47' title="bbox 1940 1998 3541 2072">
     <span class='ocr_line' id='line_1_47' title="bbox 1940 1998 3541 2072; baseline -0.001 -17"><span class='ocrx_word' id='word_1_324' title='bbox 1940 2014 2162 2072; x_wconf 83' lang='lat' dir='ltr'><strong>propter</strong></span> <span class='ocrx_word' id='word_1_325' title='bbox 2191 2018 2313 2071; x_wconf 66' lang='lat' dir='ltr'><strong>(Illi!)</strong></span> <span class='ocrx_word' id='word_1_326' title='bbox 2345 2002 2509 2056; x_wconf 90' lang='lat' dir='ltr'><strong>etiam</strong></span> <span class='ocrx_word' id='word_1_327' title='bbox 2546 1998 2925 2070; x_wconf 57' lang='lat' dir='ltr'><strong>penitentiam</strong></span> <span class='ocrx_word' id='word_1_328' title='bbox 2957 1998 3137 2071; x_wconf 81' lang='lat' dir='ltr'><strong>egisse</strong></span> <span class='ocrx_word' id='word_1_329' title='bbox 3171 1998 3392 2068; x_wconf 89' lang='lat' dir='ltr'><strong>dicitur,</strong></span> <span class='ocrx_word' id='word_1_330' title='bbox 3430 2013 3541 2054; x_wconf 91' lang='lat' dir='ltr'><strong>non</strong></span> 
     </span>
    </p>
   </div>
   <div class='ocr_carea' id='block_1_48' title="bbox 1938 2092 3538 2165">
    <p class='ocr_par' dir='ltr' id='par_1_48' title="bbox 1938 2092 3538 2165">
     <span class='ocr_line' id='line_1_48' title="bbox 1938 2092 3538 2165; baseline -0.001 -14"><span class='ocrx_word' id='word_1_331' title='bbox 1938 2098 2112 2152; x_wconf 86' lang='lat' dir='ltr'><strong>solum</strong></span> <span class='ocrx_word' id='word_1_332' title='bbox 2157 2092 2417 2153; x_wconf 85' lang='lat' dir='ltr'><strong>clericum</strong></span> <span class='ocrx_word' id='word_1_333' title='bbox 2467 2094 2761 2163; x_wconf 83' lang='lat' dir='ltr'><strong>cli‘ectum,</strong></span> <span class='ocrx_word' id='word_1_334' title='bbox 2796 2095 2943 2165; x_wconf 91' lang='lat' dir='ltr'><strong>quod</strong></span> <span class='ocrx_word' id='word_1_335' title='bbox 2988 2110 3095 2150; x_wconf 91' lang='lat' dir='ltr'><strong>non</strong></span> <span class='ocrx_word' id='word_1_336' title='bbox 3151 2092 3297 2163; x_wconf 90' lang='lat' dir='ltr'><strong>licet,</strong></span> <span class='ocrx_word' id='word_1_337' title='bbox 3347 2110 3538 2150; x_wconf 87' lang='lat' dir='ltr'><strong>verum</strong></span> 
     </span>
    </p>
   </div>
   <div class='ocr_carea' id='block_1_49' title="bbox 1936 2187 3542 2263">
    <p class='ocr_par' dir='ltr' id='par_1_49' title="bbox 1936 2187 3542 2263">
     <span class='ocr_line' id='line_1_49' title="bbox 1936 2187 3542 2263; baseline -0.002 -16"><span class='ocrx_word' id='word_1_338' title='bbox 1936 2192 2100 2247; x_wconf 85' lang='lat' dir='ltr'><strong>etiam</strong></span> <span class='ocrx_word' id='word_1_339' title='bbox 2129 2188 2194 2246; x_wconf 85' lang='lat' dir='ltr'><strong>ad</strong></span> <span class='ocrx_word' id='word_1_340' title='bbox 2220 2192 2564 2263; x_wconf 83' lang='lat' dir='ltr'><strong>episcopatus</strong></span> <span class='ocrx_word' id='word_1_341' title='bbox 2597 2188 2805 2260; x_wconf 82' lang='lat' dir='ltr'><strong>apicem</strong></span> <span class='ocrx_word' id='word_1_342' title='bbox 2854 2206 2978 2245; x_wconf 87' lang='lat' dir='ltr'><strong>emn</strong></span> <span class='ocrx_word' id='word_1_343' title='bbox 3006 2187 3265 2256; x_wconf 89' lang='lat' dir='ltr'><strong>tendere;</strong></span> <span class='ocrx_word' id='word_1_344' title='bbox 3295 2204 3419 2245; x_wconf 88' lang='lat' dir='ltr'><strong>cum</strong></span> <span class='ocrx_word' id='word_1_345' title='bbox 3449 2204 3542 2245; x_wconf 87' lang='lat' dir='ltr'><strong>ca-</strong></span> 
     </span>
    </p>
   </div>
   <div class='ocr_carea' id='block_1_50' title="bbox 1940 2274 3543 2356">
    <p class='ocr_par' dir='ltr' id='par_1_50' title="bbox 1940 2274 3543 2356">
     <span class='ocr_line' id='line_1_50' title="bbox 1940 2274 3543 2356; baseline -0.002 -14"><span class='ocrx_word' id='word_1_346' title='bbox 1940 2302 2114 2344; x_wconf 89' lang='lat' dir='ltr'><strong>nones</strong></span> <span class='ocrx_word' id='word_1_347' title='bbox 2139 2285 2279 2356; x_wconf 87' lang='lat' dir='ltr'><strong>apud</strong></span> <span class='ocrx_word' id='word_1_348' title='bbox 2312 2282 2550 2341; x_wconf 62' lang='lat' dir='ltr'><strong>Nicwam</strong></span> <span class='ocrx_word' id='word_1_349' title='bbox 2577 2278 2887 2351; x_wconf 90' lang='lat' dir='ltr'><strong>constituti,</strong></span> <span class='ocrx_word' id='word_1_350' title='bbox 2918 2281 3245 2353; x_wconf 78' lang='lat' dir='ltr'><strong>ptenitentes</strong></span> <span class='ocrx_word' id='word_1_351' title='bbox 3273 2281 3441 2339; x_wconf 88' lang='lat' dir='ltr'><strong>etiam</strong></span> <span class='ocrx_word' id='word_1_352' title='bbox 3474 2274 3543 2339; x_wconf 84' lang='lat' dir='ltr'><strong>ab</strong></span> 
     </span>
    </p>
   </div>
   <div class='ocr_carea' id='block_1_51' title="bbox 1938 2372 3539 2445">
    <p class='ocr_par' dir='ltr' id='par_1_51' title="bbox 1938 2372 3539 2445">
     <span class='ocr_line' id='line_1_51' title="bbox 1938 2372 3539 2445; baseline -0.001 -11"><span class='ocrx_word' id='word_1_353' title='bbox 1938 2380 2140 2434; x_wconf 89' lang='lat' dir='ltr'><strong>inﬁmis</strong></span> <span class='ocrx_word' id='word_1_354' title='bbox 2185 2376 2378 2434; x_wconf 86' lang='lat' dir='ltr'><strong>ofﬁciis</strong></span> <span class='ocrx_word' id='word_1_355' title='bbox 2423 2374 2748 2433; x_wconf 76' lang='lat' dir='ltr'><strong>clericorum</strong></span> <span class='ocrx_word' id='word_1_356' title='bbox 2784 2387 2808 2425; x_wconf 79' lang='lat'><strong>8</strong></span> <span class='ocrx_word' id='word_1_357' title='bbox 2858 2377 3155 2431; x_wconf 77' lang='lat' dir='ltr'><strong>excludant</strong></span> <span class='ocrx_word' id='word_1_358' title='bbox 3209 2372 3386 2445; x_wconf 85' lang='lat' dir='ltr'><strong>(Dist.</strong></span> <span class='ocrx_word' id='word_1_359' title='bbox 3435 2373 3539 2445; x_wconf 80' lang='lat'><strong>50,</strong></span> 
     </span>
    </p>
   </div>
   <div class='ocr_carea' id='block_1_52' title="bbox 1938 2460 3536 2544">
    <p class='ocr_par' dir='ltr' id='par_1_52' title="bbox 1938 2460 3536 2544">
     <span class='ocr_line' id='line_1_52' title="bbox 1938 2460 3536 2544; baseline -0.006 -14"><span class='ocrx_word' id='word_1_360' title='bbox 1938 2494 1983 2531; x_wconf 81' lang='grc' dir='ltr'><strong>ο.</strong></span> <span class='ocrx_word' id='word_1_361' title='bbox 2020 2474 2119 2541; x_wconf 89' lang='grc'><strong>60;</strong></span> <span class='ocrx_word' id='word_1_362' title='bbox 2156 2470 2279 2528; x_wconf 89' lang='lat' dir='ltr'><strong>Nic.</strong></span> <span class='ocrx_word' id='word_1_363' title='bbox 2311 2490 2457 2527; x_wconf 78' lang='lat' dir='ltr'><strong>conc.</strong></span> <span class='ocrx_word' id='word_1_364' title='bbox 2492 2489 2539 2526; x_wconf 88' lang='lat' dir='ltr'><strong>c.</strong></span> <span class='ocrx_word' id='word_1_365' title='bbox 2573 2469 2682 2544; x_wconf 80' lang='grc'><strong>10).</strong></span> <span class='ocrx_word' id='word_1_366' title='bbox 2715 2466 2951 2537; x_wconf 83' lang='lat' dir='ltr'><strong>Etideo,</strong></span> <span class='ocrx_word' id='word_1_367' title='bbox 2980 2467 3177 2525; x_wconf 88' lang='lat' dir='ltr'><strong>fratres</strong></span> <span class='ocrx_word' id='word_1_368' title='bbox 3200 2460 3536 2534; x_wconf 80' lang='lat' dir='ltr'><strong>cbarissinii,</strong></span> 
     </span>
    </p>
   </div>
   <div class='ocr_carea' id='block_1_53' title="bbox 1941 2552 3536 2640">
    <p class='ocr_par' dir='ltr' id='par_1_53' title="bbox 1941 2552 3536 2640">
     <span class='ocr_line' id='line_1_53' title="bbox 1941 2552 3536 2640; baseline -0.003 -20"><span class='ocrx_word' id='word_1_369' title='bbox 1941 2576 2231 2640; x_wconf 83' lang='lat' dir='ltr'><strong>perspecto</strong></span> <span class='ocrx_word' id='word_1_370' title='bbox 2263 2574 2454 2621; x_wconf 83' lang='lat' dir='ltr'><strong>tenore</strong></span> <span class='ocrx_word' id='word_1_371' title='bbox 2484 2563 2691 2632; x_wconf 91' lang='lat' dir='ltr'><strong>libelli,</strong></span> <span class='ocrx_word' id='word_1_372' title='bbox 2723 2578 2846 2619; x_wconf 89' lang='lat' dir='ltr'><strong>eum</strong></span> <span class='ocrx_word' id='word_1_373' title='bbox 2878 2558 3148 2633; x_wconf 86' lang='lat' dir='ltr'><strong>jnbcbitis</strong></span> <span class='ocrx_word' id='word_1_374' title='bbox 3176 2552 3536 2631; x_wconf 66' lang='lat' dir='ltr'><strong>prwscntari:</strong></span> 
     </span>
    </p>
   </div>
   <div class='ocr_carea' id='block_1_54' title="bbox 1938 2656 3541 2730">
    <p class='ocr_par' dir='ltr' id='par_1_54' title="bbox 1938 2656 3541 2730">
     <span class='ocr_line' id='line_1_54' title="bbox 1938 2656 3541 2730; baseline -0.004 -13"><span class='ocrx_word' id='word_1_375' title='bbox 1938 2678 2001 2717; x_wconf 90' lang='lat' dir='ltr'><strong>ac</strong></span> <span class='ocrx_word' id='word_1_376' title='bbox 2030 2660 2075 2717; x_wconf 90' lang='lat' dir='ltr'><strong>si</strong></span> <span class='ocrx_word' id='word_1_377' title='bbox 2097 2677 2224 2717; x_wconf 83' lang='lat' dir='ltr'><strong>vere</strong></span> <span class='ocrx_word' id='word_1_378' title='bbox 2247 2658 2559 2716; x_wconf 88' lang='lat' dir='ltr'><strong>constiterit</strong></span> <span class='ocrx_word' id='word_1_379' title='bbox 2583 2660 2767 2724; x_wconf 84' lang='lat' dir='ltr'><strong>talem,</strong></span> <span class='ocrx_word' id='word_1_380' title='bbox 2786 2657 3006 2730; x_wconf 89' lang='lat' dir='ltr'><strong>qualent</strong></span> <span class='ocrx_word' id='word_1_381' title='bbox 3033 2656 3255 2713; x_wconf 90' lang='lat' dir='ltr'><strong>libellus</strong></span> <span class='ocrx_word' id='word_1_382' title='bbox 3274 2656 3541 2723; x_wconf 87' lang='lat' dir='ltr'><strong>afﬁrmat,</strong></span> 
     </span>
    </p>
   </div>
   <div class='ocr_carea' id='block_1_55' title="bbox 1941 2748 3543 2821">
    <p class='ocr_par' dir='ltr' id='par_1_55' title="bbox 1941 2748 3543 2821">
     <span class='ocr_line' id='line_1_55' title="bbox 1941 2748 3543 2821; baseline -0.004 -10"><span class='ocrx_word' id='word_1_383' title='bbox 1941 2773 2049 2811; x_wconf 82' lang='lat' dir='ltr'><strong>non</strong></span> <span class='ocrx_word' id='word_1_384' title='bbox 2079 2756 2255 2811; x_wconf 89' lang='lat' dir='ltr'><strong>solum</strong></span> <span class='ocrx_word' id='word_1_385' title='bbox 2290 2752 2313 2791; x_wconf 70' lang='grc' dir='ltr'><strong>ιι</strong></span> <span class='ocrx_word' id='word_1_386' title='bbox 2347 2754 2416 2810; x_wconf 89' lang='lat' dir='ltr'><strong>ab</strong></span> <span class='ocrx_word' id='word_1_387' title='bbox 2444 2754 2783 2821; x_wconf 85' lang='lat' dir='ltr'><strong>ambitione,</strong></span> <span class='ocrx_word' id='word_1_388' title='bbox 2839 2748 2936 2808; x_wconf 88' lang='lat' dir='ltr'><strong>sed</strong></span> <span class='ocrx_word' id='word_1_389' title='bbox 2977 2750 3142 2807; x_wconf 89' lang='lat' dir='ltr'><strong>etiam</strong></span> <span class='ocrx_word' id='word_1_390' title='bbox 3182 2766 3213 2806; x_wconf 91' lang='lat' dir='ltr'><strong>a</strong></span> <span class='ocrx_word' id='word_1_391' title='bbox 3250 2749 3543 2806; x_wconf 82' lang='lat' dir='ltr'><strong>clericatus</strong></span> 
     </span>
    </p>
   </div>
   <div class='ocr_carea' id='block_1_56' title="bbox 1942 2850 2531 2908">
    <p class='ocr_par' dir='ltr' id='par_1_56' title="bbox 1942 2850 2531 2908">
     <span class='ocr_line' id='line_1_56' title="bbox 1942 2850 2531 2908; baseline -0.007 0"><span class='ocrx_word' id='word_1_392' title='bbox 1942 2862 2295 2908; x_wconf 87' lang='lat' dir='ltr'><strong>removeatur</strong></span> <span class='ocrx_word' id='word_1_393' title='bbox 2323 2850 2531 2906; x_wconf 89' lang='lat' dir='ltr'><strong>ofﬁcio.</strong></span> 
     </span>
    </p>
   </div>
   <div class='ocr_carea' id='block_1_57' title="bbox 2474 2941 3010 3000">
    <p class='ocr_par' dir='ltr' id='par_1_57' title="bbox 2474 2941 3010 3000">
     <span class='ocr_line' id='line_1_57' title="bbox 2474 2941 3010 3000; baseline -0.006 -1"><span class='ocrx_word' id='word_1_394' title='bbox 2474 2942 2805 3000; x_wconf 80' lang='lat' dir='ltr'><strong>EPISTOLA</strong></span> <span class='ocrx_word' id='word_1_395' title='bbox 2847 2942 2861 2979; x_wconf 80' lang='grc' dir='ltr'><strong>ί</strong></span> <span class='ocrx_word' id='word_1_396' title='bbox 2897 2941 3010 2997; x_wconf 74' lang='lat' dir='ltr'><strong>XL.</strong></span> 
     </span>
    </p>
   </div>
   <div class='ocr_carea' id='block_1_58' title="bbox 2017 3030 3539 3110">
    <p class='ocr_par' dir='ltr' id='par_1_58' title="bbox 2017 3030 3539 3110">
     <span class='ocr_line' id='line_1_58' title="bbox 2017 3030 3539 3110; baseline -0.007 -16"><span class='ocrx_word' id='word_1_397' title='bbox 2017 3040 2081 3094; x_wconf 87' lang='lat' dir='ltr'><strong>In</strong></span> <span class='ocrx_word' id='word_1_398' title='bbox 2114 3040 2390 3110; x_wconf 77' lang='lat' dir='ltr'><strong>pat&#39;wcium</strong></span> <span class='ocrx_word' id='word_1_399' title='bbox 2416 3040 2639 3094; x_wconf 83' lang='lat' dir='ltr'><strong>alienam</strong></span> <span class='ocrx_word' id='word_1_400' title='bbox 2667 3037 2933 3100; x_wconf 80' lang='lat' dir='ltr'><strong>invadere,</strong></span> <span class='ocrx_word' id='word_1_401' title='bbox 2953 3044 3041 3089; x_wconf 85' lang='lat' dir='ltr'><strong>aut</strong></span> <span class='ocrx_word' id='word_1_402' title='bbox 3072 3034 3355 3110; x_wconf 79' lang='lat' dir='ltr'><strong>quidquam</strong></span> <span class='ocrx_word' id='word_1_403' title='bbox 3383 3030 3437 3086; x_wconf 85' lang='lat' dir='ltr'><strong>in</strong></span> <span class='ocrx_word' id='word_1_404' title='bbox 3457 3048 3539 3099; x_wconf 76' lang='lat' dir='ltr'><strong>ea,</strong></span> 
     </span>
    </p>
   </div>
   <div class='ocr_carea' id='block_1_59' title="bbox 2087 3102 3392 3184">
    <p class='ocr_par' dir='ltr' id='par_1_59' title="bbox 2087 3102 3392 3184">
     <span class='ocr_line' id='line_1_59' title="bbox 2087 3102 3392 3184; baseline -0.005 -19"><span class='ocrx_word' id='word_1_405' title='bbox 2087 3102 2381 3167; x_wconf 76' lang='lat' dir='ltr'><strong>inconsulto</strong></span> <span class='ocrx_word' id='word_1_406' title='bbox 2402 3112 2567 3184; x_wconf 83' lang='lat' dir='ltr'><strong>ipsius</strong></span> <span class='ocrx_word' id='word_1_407' title='bbox 2592 3111 2867 3181; x_wconf 87' lang='lat' dir='ltr'><strong>episcopo,</strong></span> <span class='ocrx_word' id='word_1_408' title='bbox 2909 3122 3059 3178; x_wconf 79' lang='lat' dir='ltr'><strong>agere</strong></span> <span class='ocrx_word' id='word_1_409' title='bbox 3085 3102 3189 3159; x_wconf 74' lang='lat' dir='ltr'><strong>non</strong></span> <span class='ocrx_word' id='word_1_410' title='bbox 3216 3102 3392 3159; x_wconf 82' lang='lat' dir='ltr'><strong>licere.</strong></span> 
     </span>
    </p>
   </div>
   <div class='ocr_carea' id='block_1_60' title="bbox 1983 3197 3504 3271">
    <p class='ocr_par' dir='ltr' id='par_1_60' title="bbox 1983 3197 3504 3271">
     <span class='ocr_line' id='line_1_60' title="bbox 1983 3197 3504 3271; baseline -0.007 -11"><span class='ocrx_word' id='word_1_411' title='bbox 1983 3206 2337 3262; x_wconf 67' lang='lat' dir='ltr'><strong>Iasocsnrms</strong></span> <span class='ocrx_word' id='word_1_412' title='bbox 2368 3203 2381 3255; x_wconf 83' lang='lat' dir='ltr'><strong>i</strong></span> <span class='ocrx_word' id='word_1_413' title='bbox 2426 3204 2775 3259; x_wconf 71' lang='lat' dir='ltr'><strong>FLOREN’I‘lNO</strong></span> <span class='ocrx_word' id='word_1_414' title='bbox 2804 3200 3070 3271; x_wconf 85' lang='lat' dir='ltr'><strong>episcopo</strong></span> <span class='ocrx_word' id='word_1_415' title='bbox 3101 3197 3504 3253; x_wconf 87' lang='lat' dir='ltr'><strong>Tiburtinensi.</strong></span> 
     </span>
    </p>
   </div>
   <div class='ocr_carea' id='block_1_61' title="bbox 232 3288 3543 3366">
    <p class='ocr_par' dir='ltr' id='par_1_61' title="bbox 232 3288 3543 3366">
     <span class='ocr_line' id='line_1_61' title="bbox 232 3288 3543 3366; baseline -0.002 -17"><span class='ocrx_word' id='word_1_416' title='bbox 232 3307 253 3334; x_wconf 72' lang='grc' dir='ltr'><strong>ε</strong></span> <span class='ocrx_word' id='word_1_417' title='bbox 277 3296 318 3349; x_wconf 77' lang='lat' dir='ltr'><strong>sl</strong></span> <span class='ocrx_word' id='word_1_418' title='bbox 337 3294 596 3352; x_wconf 79' lang='lat' dir='ltr'><strong>eonvinci</strong></span> <span class='ocrx_word' id='word_1_419' title='bbox 621 3296 923 3366; x_wconf 85' lang='lat' dir='ltr'><strong>potuerint,</strong></span> <span class='ocrx_word' id='word_1_420' title='bbox 954 3310 981 3350; x_wconf 88' lang='lat' dir='ltr'><strong>a</strong></span> <span class='ocrx_word' id='word_1_421' title='bbox 1014 3294 1337 3351; x_wconf 68' lang='lat' dir='ltr'><strong>sacerdotali</strong></span> <span class='ocrx_word' id='word_1_422' title='bbox 1359 3309 1744 3354; x_wconf 80' lang='lat' dir='ltr'><strong>removeantur</strong></span> <span class='ocrx_word' id='word_1_423' title='bbox 1760 3296 1837 3353; x_wconf 80' lang='grc'><strong>01⁵-</strong></span> <span class='ocrx_word' id='word_1_424' title='bbox 1865 3300 1907 3362; x_wconf 84' lang='lat' dir='ltr'><strong>C</strong></span> <span class='ocrx_word' id='word_1_425' title='bbox 2017 3296 2131 3354; x_wconf 78' lang='lat' dir='ltr'><strong>Non</strong></span> <span class='ocrx_word' id='word_1_426' title='bbox 2166 3297 2355 3364; x_wconf 86' lang='lat' dir='ltr'><strong>semel,</strong></span> <span class='ocrx_word' id='word_1_427' title='bbox 2383 3296 2477 3353; x_wconf 92' lang='lat' dir='ltr'><strong>sed</strong></span> <span class='ocrx_word' id='word_1_428' title='bbox 2506 3297 2798 3366; x_wconf 84' lang='lat' dir='ltr'><strong>aliquoties</strong></span> <span class='ocrx_word' id='word_1_429' title='bbox 2819 3288 3021 3348; x_wconf 87' lang='lat' dir='ltr'><strong>clamat</strong></span> <span class='ocrx_word' id='word_1_430' title='bbox 3044 3290 3329 3361; x_wconf 84' lang='lat' dir='ltr'><strong>Scriptura</strong></span> <span class='ocrx_word' id='word_1_431' title='bbox 3358 3288 3543 3344; x_wconf 86' lang='lat' dir='ltr'><strong>divina</strong></span> 
     </span>
    </p>
   </div>
   <div class='ocr_carea' id='block_1_62' title="bbox 230 3389 1836 3460">
    <p class='ocr_par' dir='ltr' id='par_1_62' title="bbox 230 3389 1836 3460">
     <span class='ocr_line' id='line_1_62' title="bbox 230 3389 1836 3460; baseline 0.003 -16"><span class='ocrx_word' id='word_1_432' title='bbox 230 3389 391 3446; x_wconf 88' lang='lat' dir='ltr'><strong>ﬁcio:</strong></span> <span class='ocrx_word' id='word_1_433' title='bbox 425 3391 548 3459; x_wconf 80' lang='lat' dir='ltr'><strong>quia</strong></span> <span class='ocrx_word' id='word_1_434' title='bbox 583 3390 676 3460; x_wconf 90' lang='lat' dir='ltr'><strong>qui</strong></span> <span class='ocrx_word' id='word_1_435' title='bbox 716 3392 886 3444; x_wconf 81' lang='lat' dir='ltr'><strong>sancti</strong></span> <span class='ocrx_word' id='word_1_436' title='bbox 926 3404 1032 3445; x_wconf 89' lang='lat' dir='ltr'><strong>non</strong></span> <span class='ocrx_word' id='word_1_437' title='bbox 1064 3399 1225 3455; x_wconf 88' lang='lat' dir='ltr'><strong>sunt,</strong></span> <span class='ocrx_word' id='word_1_438' title='bbox 1261 3402 1451 3446; x_wconf 87' lang='lat' dir='ltr'><strong>sancta</strong></span> <span class='ocrx_word' id='word_1_439' title='bbox 1486 3402 1693 3447; x_wconf 84' lang='lat' dir='ltr'><strong>tentare</strong></span> <span class='ocrx_word' id='word_1_440' title='bbox 1731 3410 1836 3449; x_wconf 89' lang='lat' dir='ltr'><strong>non</strong></span> 
     </span>
    </p>
   </div>
   <div class='ocr_carea' id='block_1_63' title="bbox 233 3483 1837 3556">
    <p class='ocr_par' dir='ltr' id='par_1_63' title="bbox 233 3483 1837 3556">
     <span class='ocr_line' id='line_1_63' title="bbox 233 3483 1837 3556; baseline 0 -15"><span class='ocrx_word' id='word_1_441' title='bbox 233 3494 495 3556; x_wconf 83' lang='lat' dir='ltr'><strong>possunt;</strong></span> <span class='ocrx_word' id='word_1_442' title='bbox 530 3494 694 3555; x_wconf 78' lang='lat' dir='ltr'><strong>atquo</strong></span> <span class='ocrx_word' id='word_1_443' title='bbox 731 3483 893 3539; x_wconf 81' lang='lat' dir='ltr'><strong>alieni</strong></span> <span class='ocrx_word' id='word_1_444' title='bbox 928 3484 1235 3539; x_wconf 77' lang='lat' dir='ltr'><strong>efﬁciantur</strong></span> <span class='ocrx_word' id='word_1_445' title='bbox 1271 3498 1298 3538; x_wconf 88' lang='lat' dir='ltr'><strong>a</strong></span> <span class='ocrx_word' id='word_1_446' title='bbox 1332 3486 1661 3551; x_wconf 75' lang='lat' dir='ltr'><strong>ministerio,</strong></span> <span class='ocrx_word' id='word_1_447' title='bbox 1694 3488 1837 3556; x_wconf 87' lang='lat' dir='ltr'><strong>quod</strong></span> 
     </span>
    </p>
   </div>
   <div class='ocr_carea' id='block_1_64' title="bbox 230 3574 1839 3649">
    <p class='ocr_par' dir='ltr' id='par_1_64' title="bbox 230 3574 1839 3649">
     <span class='ocr_line' id='line_1_64' title="bbox 230 3574 1839 3649; baseline 0.001 -18"><span class='ocrx_word' id='word_1_448' title='bbox 230 3575 462 3636; x_wconf 76' lang='lat' dir='ltr'><strong>vivendo</strong></span> <span class='ocrx_word' id='word_1_449' title='bbox 486 3574 728 3635; x_wconf 67' lang='lat' dir='ltr'><strong>illicitet1</strong></span> <span class='ocrx_word' id='word_1_450' title='bbox 761 3576 1092 3649; x_wconf 86' lang='lat' dir='ltr'><strong>polluerunt.</strong></span> <span class='ocrx_word' id='word_1_451' title='bbox 1116 3577 1572 3635; x_wconf 62' lang='lat' dir='ltr'><strong>Miramnrautt-m</strong></span> <span class='ocrx_word' id='word_1_452' title='bbox 1604 3580 1718 3635; x_wconf 75' lang='lat' dir='ltr'><strong>inec</strong></span> <span class='ocrx_word' id='word_1_453' title='bbox 1745 3598 1839 3637; x_wconf 84' lang='lat' dir='ltr'><strong>eo-</strong></span> 
     </span>
    </p>
   </div>
   <div class='ocr_carea' id='block_1_65' title="bbox 230 3672 1835 3743">
    <p class='ocr_par' dir='ltr' id='par_1_65' title="bbox 230 3672 1835 3743">
     <span class='ocr_line' id='line_1_65' title="bbox 230 3672 1835 3743; baseline -0.001 -12"><span class='ocrx_word' id='word_1_454' title='bbox 230 3692 348 3731; x_wconf 89' lang='lat' dir='ltr'><strong>rum</strong></span> <span class='ocrx_word' id='word_1_455' title='bbox 378 3672 728 3732; x_wconf 84' lang='lat' dir='ltr'><strong>dissitnulare</strong></span> <span class='ocrx_word' id='word_1_456' title='bbox 758 3674 1062 3743; x_wconf 81' lang='lat' dir='ltr'><strong>episcopos,</strong></span> <span class='ocrx_word' id='word_1_457' title='bbox 1092 3682 1150 3728; x_wconf 91' lang='lat' dir='ltr'><strong>ut</strong></span> <span class='ocrx_word' id='word_1_458' title='bbox 1169 3684 1263 3728; x_wconf 89' lang='lat' dir='ltr'><strong>aut</strong></span> <span class='ocrx_word' id='word_1_459' title='bbox 1279 3673 1593 3742; x_wconf 79' lang='lat' dir='ltr'><strong>cannivcrc,</strong></span> <span class='ocrx_word' id='word_1_460' title='bbox 1622 3686 1712 3729; x_wconf 88' lang='lat' dir='ltr'><strong>aut</strong></span> <span class='ocrx_word' id='word_1_461' title='bbox 1743 3690 1835 3730; x_wconf 77' lang='lat' dir='ltr'><strong>uo-</strong></span> 
     </span>
    </p>
   </div>
   <div class='ocr_carea' id='block_1_66' title="bbox 231 3765 1082 3833">
    <p class='ocr_par' dir='ltr' id='par_1_66' title="bbox 231 3765 1082 3833">
     <span class='ocr_line' id='line_1_66' title="bbox 231 3765 1082 3833; baseline -0.005 -12"><span class='ocrx_word' id='word_1_462' title='bbox 231 3769 369 3823; x_wconf 85' lang='lat' dir='ltr'><strong>scire</strong></span> <span class='ocrx_word' id='word_1_463' title='bbox 396 3782 523 3823; x_wconf 86' lang='lat' dir='ltr'><strong>esse</strong></span> <span class='ocrx_word' id='word_1_464' title='bbox 547 3766 737 3821; x_wconf 86' lang='lat' dir='ltr'><strong>illicita</strong></span> <span class='ocrx_word' id='word_1_465' title='bbox 756 3765 1082 3833; x_wconf 83' lang='lat' dir='ltr'><strong>iudicentur.</strong></span> 
     </span>
    </p>
   </div>
   <div class='ocr_carea' id='block_1_67' title="bbox 305 3902 1838 3977">
    <p class='ocr_par' dir='ltr' id='par_1_67' title="bbox 305 3902 1838 3977">
     <span class='ocr_line' id='line_1_67' title="bbox 305 3902 1838 3977; baseline 0.001 -18"><span class='ocrx_word' id='word_1_466' title='bbox 305 3915 330 3943; x_wconf 75' lang='grc' dir='ltr'><strong>ι</strong></span> <span class='ocrx_word' id='word_1_467' title='bbox 361 3905 420 3960; x_wconf 92' lang='lat' dir='ltr'><strong>ln</strong></span> <span class='ocrx_word' id='word_1_468' title='bbox 445 3905 581 3961; x_wconf 87' lang='lat' dir='ltr'><strong>edit.</strong></span> <span class='ocrx_word' id='word_1_469' title='bbox 629 3902 847 3977; x_wconf 61' lang='lat' dir='ltr'><strong>Concil.</strong></span> <span class='ocrx_word' id='word_1_470' title='bbox 874 3902 928 3957; x_wconf 83' lang='lat'><strong>5.</strong></span> <span class='ocrx_word' id='word_1_471' title='bbox 948 3902 1102 3977; x_wconf 64' lang='lat' dir='ltr'><strong>ﬁmo</strong></span> <span class='ocrx_word' id='word_1_472' title='bbox 1142 3903 1373 3977; x_wconf 79' lang='lat' dir='ltr'><strong>epistola</strong></span> <span class='ocrx_word' id='word_1_473' title='bbox 1422 3905 1473 3958; x_wconf 90' lang='lat' dir='ltr'><strong>in</strong></span> <span class='ocrx_word' id='word_1_474' title='bbox 1511 3904 1838 3977; x_wconf 86' lang='lat' dir='ltr'><strong>Dionysiaua</strong></span> 
     </span>
    </p>
   </div>
   <div class='ocr_carea' id='block_1_68' title="bbox 232 3974 1837 4046">
    <p class='ocr_par' dir='ltr' id='par_1_68' title="bbox 232 3974 1837 4046">
     <span class='ocr_line' id='line_1_68' title="bbox 232 3974 1837 4046; baseline -0.001 -12"><span class='ocrx_word' id='word_1_475' title='bbox 232 3978 608 4046; x_wconf 84' lang='lat' dir='ltr'><strong>collectione,</strong></span> <span class='ocrx_word' id='word_1_476' title='bbox 660 3976 804 4030; x_wconf 87' lang='lat' dir='ltr'><strong>unde</strong></span> <span class='ocrx_word' id='word_1_477' title='bbox 828 3975 891 4031; x_wconf 82' lang='lat' dir='ltr'><strong>in</strong></span> <span class='ocrx_word' id='word_1_478' title='bbox 947 3974 1182 4044; x_wconf 82' lang='lat' dir='ltr'><strong>Hispana</strong></span> <span class='ocrx_word' id='word_1_479' title='bbox 1236 3986 1290 4031; x_wconf 91' lang='lat' dir='ltr'><strong>et</strong></span> <span class='ocrx_word' id='word_1_480' title='bbox 1336 3974 1837 4033; x_wconf 60' lang='lat' dir='ltr'><strong>lsidoriana&#39;tran-</strong></span> 
     </span>
    </p>
   </div>
   <div class='ocr_carea' id='block_1_69' title="bbox 235 4048 1841 4120">
    <p class='ocr_par' dir='ltr' id='par_1_69' title="bbox 235 4048 1841 4120">
     <span class='ocr_line' id='line_1_69' title="bbox 235 4048 1841 4120; baseline 0.001 -16"><span class='ocrx_word' id='word_1_481' title='bbox 235 4054 456 4120; x_wconf 84' lang='lat' dir='ltr'><strong>scripta,</strong></span> <span class='ocrx_word' id='word_1_482' title='bbox 492 4050 676 4104; x_wconf 88' lang='lat' dir='ltr'><strong>locum</strong></span> <span class='ocrx_word' id='word_1_483' title='bbox 712 4049 947 4113; x_wconf 86' lang='lat' dir='ltr'><strong>obtinet,</strong></span> <span class='ocrx_word' id='word_1_484' title='bbox 983 4048 1410 4118; x_wconf 81' lang='lat' dir='ltr'><strong>inscribiturquc</strong></span> <span class='ocrx_word' id='word_1_485' title='bbox 1440 4048 1742 4104; x_wconf 89' lang='lat' dir='ltr'><strong>Innocentii</strong></span> <span class='ocrx_word' id='word_1_486' title='bbox 1777 4051 1841 4106; x_wconf 87' lang='lat' dir='ltr'><strong>li-</strong></span> 
     </span>
    </p>
   </div>
   <div class='ocr_carea' id='block_1_70' title="bbox 237 4123 1045 4179">
    <p class='ocr_par' dir='ltr' id='par_1_70' title="bbox 237 4123 1045 4179">
     <span class='ocr_line' id='line_1_70' title="bbox 237 4123 1045 4179; baseline -0.005 -2"><span class='ocrx_word' id='word_1_487' title='bbox 237 4123 379 4178; x_wconf 82' lang='lat' dir='ltr'><strong>tultts</strong></span> <span class='ocrx_word' id='word_1_488' title='bbox 408 4134 509 4179; x_wconf 83' lang='lat' dir='ltr'><strong>seu</strong></span> <span class='ocrx_word' id='word_1_489' title='bbox 540 4125 821 4176; x_wconf 87' lang='lat' dir='ltr'><strong>decretum</strong></span> <span class='ocrx_word' id='word_1_490' title='bbox 850 4135 1045 4174; x_wconf 79' lang='lat' dir='ltr'><strong>xxvm.</strong></span> 
     </span>
    </p>
   </div>
   <div class='ocr_carea' id='block_1_71' title="bbox 305 4189 1840 4265">
    <p class='ocr_par' dir='ltr' id='par_1_71' title="bbox 305 4189 1840 4265">
     <span class='ocr_line' id='line_1_71' title="bbox 305 4189 1840 4265; baseline -0.002 -14"><span class='ocrx_word' id='word_1_491' title='bbox 305 4194 333 4234; x_wconf 65' lang='grc' dir='ltr'>δ</span> <span class='ocrx_word' id='word_1_492' title='bbox 362 4194 653 4265; x_wconf 67' lang='grc' dir='ltr'>Ειιιιὶιοιιιιι</span> <span class='ocrx_word' id='word_1_493' title='bbox 679 4204 812 4246; x_wconf 85' lang='lat' dir='ltr'><strong>mss.</strong></span> <span class='ocrx_word' id='word_1_494' title='bbox 838 4192 967 4265; x_wconf 85' lang='lat' dir='ltr'><strong>coll.</strong></span> <span class='ocrx_word' id='word_1_495' title='bbox 997 4192 1146 4261; x_wconf 83' lang='lat' dir='ltr'><strong>Hisp.</strong></span> <span class='ocrx_word' id='word_1_496' title='bbox 1174 4200 1229 4244; x_wconf 85' lang='lat' dir='ltr'><strong>ct</strong></span> <span class='ocrx_word' id='word_1_497' title='bbox 1252 4189 1379 4245; x_wconf 88' lang='lat' dir='ltr'><strong>Isid.</strong></span> <span class='ocrx_word' id='word_1_498' title='bbox 1403 4193 1454 4246; x_wconf 87' lang='lat' dir='ltr'><strong>in</strong></span> <span class='ocrx_word' id='word_1_499' title='bbox 1482 4192 1633 4245; x_wconf 80' lang='lat' dir='ltr'><strong>rebus</strong></span> <span class='ocrx_word' id='word_1_500' title='bbox 1660 4194 1840 4265; x_wconf 79' lang='lat' dir='ltr'><strong>hujus-</strong></span> 
     </span>
    </p>
   </div>
   <div class='ocr_carea' id='block_1_72' title="bbox 238 4264 1845 4338">
    <p class='ocr_par' dir='ltr' id='par_1_72' title="bbox 238 4264 1845 4338">
     <span class='ocr_line' id='line_1_72' title="bbox 238 4264 1845 4338; baseline 0.002 -20"><span class='ocrx_word' id='word_1_501' title='bbox 238 4268 377 4322; x_wconf 84' lang='lat' dir='ltr'><strong>modi</strong></span> <span class='ocrx_word' id='word_1_502' title='bbox 422 4264 633 4338; x_wconf 77' lang='lat' dir='ltr'><strong>qualem</strong></span> <span class='ocrx_word' id='word_1_503' title='bbox 680 4264 987 4338; x_wconf 72' lang='lat' dir='ltr'><strong>querelam:</strong></span> <span class='ocrx_word' id='word_1_504' title='bbox 1023 4266 1357 4334; x_wconf 78' lang='lat' dir='ltr'><strong>castigantur</strong></span> <span class='ocrx_word' id='word_1_505' title='bbox 1409 4280 1475 4319; x_wconf 80' lang='lat' dir='ltr'><strong>ex</strong></span> <span class='ocrx_word' id='word_1_506' title='bbox 1530 4264 1755 4335; x_wconf 83' lang='lat' dir='ltr'><strong>Dionys.</strong></span> <span class='ocrx_word' id='word_1_507' title='bbox 1789 4276 1845 4321; x_wconf 88' lang='lat' dir='ltr'><strong>et</strong></span> 
     </span>
    </p>
   </div>
   <div class='ocr_carea' id='block_1_73' title="bbox 238 4336 964 4405">
    <p class='ocr_par' dir='ltr' id='par_1_73' title="bbox 238 4336 964 4405">
     <span class='ocr_line' id='line_1_73' title="bbox 238 4336 964 4405; baseline -0.007 -12"><span class='ocrx_word' id='word_1_508' title='bbox 238 4336 501 4394; x_wconf 70' lang='lat' dir='ltr'><strong>Hadrian.</strong></span> <span class='ocrx_word' id='word_1_509' title='bbox 535 4336 964 4405; x_wconf 76' lang='lat' dir='ltr'><strong>exemplaribus.</strong></span> 
     </span>
    </p>
   </div>
   <div class='ocr_carea' id='block_1_74' title="bbox 310 4407 1843 4467">
    <p class='ocr_par' dir='ltr' id='par_1_74' title="bbox 310 4407 1843 4467">
     <span class='ocr_line' id='line_1_74' title="bbox 310 4407 1843 4467; baseline -0.002 0"><span class='ocrx_word' id='word_1_510' title='bbox 310 4421 332 4451; x_wconf 71' lang='grc' dir='ltr'><strong><em>ο</em></strong></span> <span class='ocrx_word' id='word_1_511' title='bbox 359 4410 437 4467; x_wconf 87' lang='lat' dir='ltr'><strong>Ita</strong></span> <span class='ocrx_word' id='word_1_512' title='bbox 470 4427 609 4465; x_wconf 86' lang='lat' dir='ltr'><strong>mss.</strong></span> <span class='ocrx_word' id='word_1_513' title='bbox 638 4409 767 4464; x_wconf 78' lang='lat' dir='ltr'><strong>coll.</strong></span> <span class='ocrx_word' id='word_1_514' title='bbox 804 4407 963 4463; x_wconf 86' lang='lat' dir='ltr'><strong>Dion.</strong></span> <span class='ocrx_word' id='word_1_515' title='bbox 995 4416 1051 4463; x_wconf 87' lang='lat' dir='ltr'><strong>et</strong></span> <span class='ocrx_word' id='word_1_516' title='bbox 1080 4407 1249 4462; x_wconf 81' lang='lat' dir='ltr'><strong>Hadr.</strong></span> <span class='ocrx_word' id='word_1_517' title='bbox 1282 4407 1384 4462; x_wconf 81' lang='lat' dir='ltr'><strong>Alii</strong></span> <span class='ocrx_word' id='word_1_518' title='bbox 1414 4422 1547 4461; x_wconf 74' lang='lat' dir='ltr'><strong>vero</strong></span> <span class='ocrx_word' id='word_1_519' title='bbox 1569 4423 1692 4461; x_wconf 89' lang='lat' dir='ltr'><strong>cutn</strong></span> <span class='ocrx_word' id='word_1_520' title='bbox 1726 4410 1843 4464; x_wconf 68' lang='lat' dir='ltr'><strong>vnlo</strong></span> 
     </span>
    </p>
   </div>
   <div class='ocr_carea' id='block_1_75' title="bbox 238 4479 1839 4551">
    <p class='ocr_par' dir='ltr' id='par_1_75' title="bbox 238 4479 1839 4551">
     <span class='ocr_line' id='line_1_75' title="bbox 238 4479 1839 4551; baseline 0 -14"><span class='ocrx_word' id='word_1_521' title='bbox 238 4488 396 4551; x_wconf 75' lang='lat' dir='ltr'><strong>gatis,</strong></span> <span class='ocrx_word' id='word_1_522' title='bbox 431 4484 477 4537; x_wconf 83' lang='lat' dir='ltr'><strong>si</strong></span> <span class='ocrx_word' id='word_1_523' title='bbox 500 4482 721 4536; x_wconf 75' lang='lat' dir='ltr'><strong>convicti</strong></span> <span class='ocrx_word' id='word_1_524' title='bbox 751 4479 972 4550; x_wconf 75' lang='lat' dir='ltr'><strong>fuerint;</strong></span> <span class='ocrx_word' id='word_1_525' title='bbox 999 4488 1058 4551; x_wconf 81' lang='lat' dir='ltr'><strong>et</strong></span> <span class='ocrx_word' id='word_1_526' title='bbox 1087 4494 1212 4535; x_wconf 76' lang='lat' dir='ltr'><strong>mox</strong></span> <span class='ocrx_word' id='word_1_527' title='bbox 1237 4490 1482 4547; x_wconf 80' lang='lat' dir='ltr'><strong>tractare,</strong></span> <span class='ocrx_word' id='word_1_528' title='bbox 1504 4495 1602 4550; x_wconf 88' lang='lat' dir='ltr'><strong>pro</strong></span> <span class='ocrx_word' id='word_1_529' title='bbox 1625 4489 1839 4537; x_wconf 76' lang='lat' dir='ltr'><strong>tentare.</strong></span> 
     </span>
    </p>
   </div>
   <div class='ocr_carea' id='block_1_76' title="bbox 239 4550 1843 4624">
    <p class='ocr_par' dir='ltr' id='par_1_76' title="bbox 239 4550 1843 4624">
     <span class='ocr_line' id='line_1_76' title="bbox 239 4550 1843 4624; baseline -0.002 -13"><span class='ocrx_word' id='word_1_530' title='bbox 239 4550 350 4611; x_wconf 82' lang='lat' dir='ltr'><strong>Non</strong></span> <span class='ocrx_word' id='word_1_531' title='bbox 376 4570 463 4610; x_wconf 87' lang='lat' dir='ltr'><strong>me</strong></span> <span class='ocrx_word' id='word_1_532' title='bbox 496 4553 635 4624; x_wconf 85' lang='lat' dir='ltr'><strong>fugit</strong></span> <span class='ocrx_word' id='word_1_533' title='bbox 662 4552 806 4622; x_wconf 91' lang='lat' dir='ltr'><strong>quod</strong></span> <span class='ocrx_word' id='word_1_534' title='bbox 837 4552 951 4605; x_wconf 79' lang='lat' dir='ltr'><strong>Atri</strong></span> <span class='ocrx_word' id='word_1_535' title='bbox 982 4550 1118 4607; x_wconf 86' lang='lat' dir='ltr'><strong>Cod.</strong></span> <span class='ocrx_word' id='word_1_536' title='bbox 1170 4567 1292 4607; x_wconf 88' lang='lat' dir='ltr'><strong>can.</strong></span> <span class='ocrx_word' id='word_1_537' title='bbox 1337 4554 1490 4624; x_wconf 54' lang='lat' dir='ltr'><strong>eccl.</strong></span> <span class='ocrx_word' id='word_1_538' title='bbox 1530 4552 1642 4605; x_wconf 82' lang='lat' dir='ltr'><strong>Afr.</strong></span> <span class='ocrx_word' id='word_1_539' title='bbox 1690 4567 1739 4608; x_wconf 91' lang='lat' dir='ltr'><strong>c.</strong></span> <span class='ocrx_word' id='word_1_540' title='bbox 1784 4552 1843 4623; x_wconf 71' lang='grc'>4,</span> 
     </span>
    </p>
   </div>
   <div class='ocr_carea' id='block_1_77' title="bbox 240 4622 1845 4696">
    <p class='ocr_par' dir='ltr' id='par_1_77' title="bbox 240 4622 1845 4696">
     <span class='ocr_line' id='line_1_77' title="bbox 240 4622 1845 4696; baseline 0.001 -16"><span class='ocrx_word' id='word_1_541' title='bbox 240 4622 587 4690; x_wconf 62' lang='grc' dir='ltr'>βηιιιξὶειιιεδ,</span> <span class='ocrx_word' id='word_1_542' title='bbox 618 4635 674 4678; x_wconf 79' lang='grc' dir='ltr'><strong>ιιι</strong></span> <span class='ocrx_word' id='word_1_543' title='bbox 707 4625 997 4695; x_wconf 82' lang='lat' dir='ltr'><strong>episcopus,</strong></span> <span class='ocrx_word' id='word_1_544' title='bbox 1040 4624 1324 4696; x_wconf 75' lang='lat' dir='ltr'><strong>presbyter,</strong></span> <span class='ocrx_word' id='word_1_545' title='bbox 1369 4634 1417 4678; x_wconf 86' lang='lat' dir='ltr'><strong>et</strong></span> <span class='ocrx_word' id='word_1_546' title='bbox 1457 4622 1733 4692; x_wconf 78' lang='lat' dir='ltr'><strong>diaconus,</strong></span> <span class='ocrx_word' id='word_1_547' title='bbox 1768 4628 1845 4682; x_wconf 72' lang='lat' dir='ltr'><strong>vel</strong></span> 
     </span>
    </p>
   </div>
   <div class='ocr_carea' id='block_1_78' title="bbox 240 4696 1843 4767">
    <p class='ocr_par' dir='ltr' id='par_1_78' title="bbox 240 4696 1843 4767">
     <span class='ocr_line' id='line_1_78' title="bbox 240 4696 1843 4767; baseline 0.001 -15"><span class='ocrx_word' id='word_1_548' title='bbox 240 4702 321 4767; x_wconf 78' lang='lat' dir='ltr'><strong>qui</strong></span> <span class='ocrx_word' id='word_1_549' title='bbox 348 4705 683 4753; x_wconf 72' lang='lat' dir='ltr'><strong>sacrantenta</strong></span> <span class='ocrx_word' id='word_1_550' title='bbox 728 4709 1139 4760; x_wconf 59' lang='lat' dir='ltr'><strong>consecretur,</strong></span> <span class='ocrx_word' id='word_1_551' title='bbox 1193 4696 1459 4767; x_wconf 69' lang='lat' dir='ltr'><strong>pudicitia!</strong></span> <span class='ocrx_word' id='word_1_552' title='bbox 1503 4702 1737 4751; x_wconf 73' lang='lat' dir='ltr'><strong>custodes</strong></span> <span class='ocrx_word' id='word_1_553' title='bbox 1779 4698 1843 4753; x_wconf 79' lang='lat' dir='ltr'><strong>ab</strong></span> 
     </span>
    </p>
   </div>
   <div class='ocr_carea' id='block_1_79' title="bbox 240 4766 1846 4838">
    <p class='ocr_par' dir='ltr' id='par_1_79' title="bbox 240 4766 1846 4838">
     <span class='ocr_line' id='line_1_79' title="bbox 240 4766 1846 4838; baseline 0.001 -14"><span class='ocrx_word' id='word_1_554' title='bbox 240 4766 486 4825; x_wconf 70' lang='lat' dir='ltr'><strong>uxoribus</strong></span> <span class='ocrx_word' id='word_1_555' title='bbox 517 4786 575 4824; x_wconf 84' lang='lat' dir='ltr'><strong>se</strong></span> <span class='ocrx_word' id='word_1_556' title='bbox 610 4766 920 4833; x_wconf 75' lang='lat' dir='ltr'><strong>abstineant,</strong></span> <span class='ocrx_word' id='word_1_557' title='bbox 962 4780 1256 4838; x_wconf 80' lang='lat' dir='ltr'><strong>pnstrenne</strong></span> <span class='ocrx_word' id='word_1_558' title='bbox 1302 4768 1521 4822; x_wconf 87' lang='lat' dir='ltr'><strong>lectioni</strong></span> <span class='ocrx_word' id='word_1_559' title='bbox 1556 4769 1735 4824; x_wconf 87' lang='lat' dir='ltr'><strong>favere</strong></span> <span class='ocrx_word' id='word_1_560' title='bbox 1766 4772 1846 4825; x_wconf 82' lang='lat' dir='ltr'><strong>vl-</strong></span> 
     </span>
    </p>
   </div>
   <div class='ocr_carea' id='block_1_80' title="bbox 239 4840 1840 4908">
    <p class='ocr_par' dir='ltr' id='par_1_80' title="bbox 239 4840 1840 4908">
     <span class='ocr_line' id='line_1_80' title="bbox 239 4840 1840 4908; baseline 0 -11"><span class='ocrx_word' id='word_1_561' title='bbox 239 4843 485 4897; x_wconf 85' lang='lat' dir='ltr'><strong>dcantur.</strong></span> <span class='ocrx_word' id='word_1_562' title='bbox 515 4842 588 4897; x_wconf 83' lang='lat' dir='ltr'><strong>At</strong></span> <span class='ocrx_word' id='word_1_563' title='bbox 613 4854 956 4908; x_wconf 83' lang='lat' dir='ltr'><strong>nequaquam</strong></span> <span class='ocrx_word' id='word_1_564' title='bbox 980 4841 1350 4894; x_wconf 82' lang='lat' dir='ltr'><strong>recedendum</strong></span> <span class='ocrx_word' id='word_1_565' title='bbox 1375 4840 1629 4894; x_wconf 77' lang='lat' dir='ltr'><strong>duximus</strong></span> <span class='ocrx_word' id='word_1_566' title='bbox 1652 4858 1680 4895; x_wconf 90' lang='lat' dir='ltr'><strong>a</strong></span> <span class='ocrx_word' id='word_1_567' title='bbox 1708 4859 1840 4897; x_wconf 66' lang='lat' dir='ltr'><strong>mss.</strong></span> 
     </span>
    </p>
   </div>
   <div class='ocr_carea' id='block_1_81' title="bbox 275 4912 1844 4984">
    <p class='ocr_par' dir='ltr' id='par_1_81' title="bbox 275 4912 1844 4984">
     <span class='ocr_line' id='line_1_81' title="bbox 275 4912 1844 4984; baseline 0.001 -15"><span class='ocrx_word' id='word_1_568' title='bbox 275 4931 369 4969; x_wconf 86' lang='lat' dir='ltr'><strong>uos</strong></span> <span class='ocrx_word' id='word_1_569' title='bbox 398 4914 617 4984; x_wconf 77' lang='lat' dir='ltr'><strong>experti</strong></span> <span class='ocrx_word' id='word_1_570' title='bbox 650 4926 839 4984; x_wconf 89' lang='lat' dir='ltr'><strong>sumus</strong></span> <span class='ocrx_word' id='word_1_571' title='bbox 877 4912 1247 4968; x_wconf 86' lang='lat' dir='ltr'><strong>sinceriores:</strong></span> <span class='ocrx_word' id='word_1_572' title='bbox 1296 4915 1531 4968; x_wconf 70' lang='lat' dir='ltr'><strong>maxime</strong></span> <span class='ocrx_word' id='word_1_573' title='bbox 1582 4929 1703 4967; x_wconf 87' lang='lat' dir='ltr'><strong>cum</strong></span> <span class='ocrx_word' id='word_1_574' title='bbox 1756 4912 1844 4971; x_wconf 85' lang='lat' dir='ltr'><strong>hic</strong></span> 
     </span>
    </p>
   </div>
   <div class='ocr_carea' id='block_1_82' title="bbox 237 4929 1841 5056">
    <p class='ocr_par' dir='ltr' id='par_1_82' title="bbox 237 4929 1841 5056">
     <span class='ocr_line' id='line_1_82' title="bbox 237 4929 1841 5041; baseline 0.001 -72"><span class='ocrx_word' id='word_1_575' title='bbox 237 4929 369 5041; x_wconf 67' lang='lat' dir='ltr'><strong>quos</strong></span> <span class='ocrx_word' id='word_1_576' title='bbox 398 4929 617 4984; x_wconf 76' lang='lat' dir='ltr'><strong>experti</strong></span> <span class='ocrx_word' id='word_1_577' title='bbox 650 4929 839 4965; x_wconf 87' lang='lat' dir='ltr'><strong>sumus</strong></span> <span class='ocrx_word' id='word_1_578' title='bbox 877 4929 1247 4968; x_wconf 75' lang='lat' dir='ltr'><strong>sinceriores:</strong></span> <span class='ocrx_word' id='word_1_579' title='bbox 1296 4929 1531 4968; x_wconf 69' lang='lat' dir='ltr'><strong>maxime</strong></span> <span class='ocrx_word' id='word_1_580' title='bbox 1582 4929 1703 4967; x_wconf 87' lang='lat' dir='ltr'><strong>cmn</strong></span> <span class='ocrx_word' id='word_1_581' title='bbox 1758 4929 1841 4971; x_wconf 90' lang='lat' dir='ltr'><strong>mc</strong></span> 
     </span>
     <span class='ocr_line' id='line_1_83' title="bbox 275 4983 1841 5056; baseline -0.001 -15"><span class='ocrx_word' id='word_1_582' title='bbox 275 5006 303 5041; x_wconf 89' lang='lat' dir='ltr'><strong>e</strong></span> <span class='ocrx_word' id='word_1_583' title='bbox 330 4988 463 5041; x_wconf 77' lang='lat' dir='ltr'><strong>solis</strong></span> <span class='ocrx_word' id='word_1_584' title='bbox 493 4983 837 5056; x_wconf 73' lang='lat' dir='ltr'><strong>presbyteris</strong></span> <span class='ocrx_word' id='word_1_585' title='bbox 865 4985 935 5036; x_wconf 89' lang='lat' dir='ltr'><strong>sit</strong></span> <span class='ocrx_word' id='word_1_586' title='bbox 965 4999 1169 5051; x_wconf 81' lang='lat' dir='ltr'><strong>sermo,</strong></span> <span class='ocrx_word' id='word_1_587' title='bbox 1204 5000 1265 5037; x_wconf 90' lang='lat' dir='ltr'><strong>ac</strong></span> <span class='ocrx_word' id='word_1_588' title='bbox 1296 4986 1515 5040; x_wconf 87' lang='lat' dir='ltr'><strong>nomine</strong></span> <span class='ocrx_word' id='word_1_589' title='bbox 1546 4997 1841 5041; x_wconf 81' lang='lat' dir='ltr'><strong>sanctorum</strong></span> 
     </span>
    </p>
   </div>
   <div class='ocr_carea' id='block_1_83' title="bbox 239 5056 1838 5125">
    <p class='ocr_par' dir='ltr' id='par_1_83' title="bbox 239 5056 1838 5125">
     <span class='ocr_line' id='line_1_84' title="bbox 239 5056 1838 5125; baseline 0.001 -13"><span class='ocrx_word' id='word_1_590' title='bbox 239 5074 343 5113; x_wconf 90' lang='lat' dir='ltr'><strong>non</strong></span> <span class='ocrx_word' id='word_1_591' title='bbox 374 5074 483 5112; x_wconf 91' lang='lat' dir='ltr'><strong>una</strong></span> <span class='ocrx_word' id='word_1_592' title='bbox 513 5057 763 5125; x_wconf 88' lang='lat' dir='ltr'><strong>corporis</strong></span> <span class='ocrx_word' id='word_1_593' title='bbox 792 5066 845 5108; x_wconf 86' lang='lat' dir='ltr'><strong>et</strong></span> <span class='ocrx_word' id='word_1_594' title='bbox 887 5056 1168 5125; x_wconf 83' lang='lat' dir='ltr'><strong>sanguinis</strong></span> <span class='ocrx_word' id='word_1_595' title='bbox 1217 5056 1424 5112; x_wconf 88' lang='lat' dir='ltr'><strong>Christi</strong></span> <span class='ocrx_word' id='word_1_596' title='bbox 1473 5069 1838 5125; x_wconf 80' lang='lat' dir='ltr'><strong>sacramenta,</strong></span> 
     </span>
    </p>
   </div>
   <div class='ocr_carea' id='block_1_84' title="bbox 237 5125 1843 5201">
    <p class='ocr_par' dir='ltr' id='par_1_84' title="bbox 237 5125 1843 5201">
     <span class='ocr_line' id='line_1_85' title="bbox 237 5125 1843 5201; baseline -0.001 -16"><span class='ocrx_word' id='word_1_597' title='bbox 237 5132 328 5185; x_wconf 84' lang='lat' dir='ltr'><strong>sed</strong></span> <span class='ocrx_word' id='word_1_598' title='bbox 356 5142 722 5201; x_wconf 83' lang='lat' dir='ltr'><strong>qua-cumque</strong></span> <span class='ocrx_word' id='word_1_599' title='bbox 753 5125 817 5180; x_wconf 86' lang='lat' dir='ltr'><strong>ad</strong></span> <span class='ocrx_word' id='word_1_600' title='bbox 850 5128 1293 5201; x_wconf 74' lang='lat' dir='ltr'><strong>presbyterorum</strong></span> <span class='ocrx_word' id='word_1_601' title='bbox 1324 5129 1686 5184; x_wconf 80' lang='lat' dir='ltr'><strong>ministerium</strong></span> <span class='ocrx_word' id='word_1_602' title='bbox 1719 5147 1843 5201; x_wconf 81' lang='lat' dir='ltr'><strong>pcr—</strong></span> 
     </span>
    </p>
   </div>
   <div class='ocr_carea' id='block_1_85' title="bbox 238 5198 1843 5274">
    <p class='ocr_par' dir='ltr' id='par_1_85' title="bbox 238 5198 1843 5274">
     <span class='ocr_line' id='line_1_86' title="bbox 238 5198 1843 5274; baseline -0.001 -17"><span class='ocrx_word' id='word_1_603' title='bbox 238 5198 435 5271; x_wconf 82' lang='lat' dir='ltr'><strong>tinent,</strong></span> <span class='ocrx_word' id='word_1_604' title='bbox 471 5200 870 5269; x_wconf 84' lang='lat' dir='ltr'><strong>intelligantur.</strong></span> <span class='ocrx_word' id='word_1_605' title='bbox 901 5198 1166 5274; x_wconf 80' lang='lat' dir='ltr'><strong>Quocirca</strong></span> <span class='ocrx_word' id='word_1_606' title='bbox 1197 5201 1424 5274; x_wconf 78' lang='lat' dir='ltr'><strong>verbum</strong></span> <span class='ocrx_word' id='word_1_607' title='bbox 1456 5210 1685 5265; x_wconf 85' lang='lat' dir='ltr'><strong>tentare,</strong></span> <span class='ocrx_word' id='word_1_608' title='bbox 1719 5198 1843 5274; x_wconf 66' lang='lat' dir='ltr'><strong>uno</strong></span> 
     </span>
    </p>
   </div>
   <div class='ocr_carea' id='block_1_86' title="bbox 236 5271 1843 5344">
    <p class='ocr_par' dir='ltr' id='par_1_86' title="bbox 236 5271 1843 5344">
     <span class='ocr_line' id='line_1_87' title="bbox 236 5271 1843 5344; baseline 0.001 -16"><span class='ocrx_word' id='word_1_609' title='bbox 236 5276 549 5344; x_wconf 74' lang='lat' dir='ltr'><strong>gener-lius</strong></span> <span class='ocrx_word' id='word_1_610' title='bbox 599 5283 710 5337; x_wconf 89' lang='lat' dir='ltr'><strong>est,</strong></span> <span class='ocrx_word' id='word_1_611' title='bbox 760 5285 829 5325; x_wconf 88' lang='lat' dir='ltr'><strong>eo</strong></span> <span class='ocrx_word' id='word_1_612' title='bbox 883 5274 1047 5325; x_wconf 87' lang='lat' dir='ltr'><strong>etiam</strong></span> <span class='ocrx_word' id='word_1_613' title='bbox 1094 5271 1161 5327; x_wconf 85' lang='lat' dir='ltr'><strong>ad</strong></span> <span class='ocrx_word' id='word_1_614' title='bbox 1208 5272 1260 5327; x_wconf 87' lang='lat' dir='ltr'><strong>id</strong></span> <span class='ocrx_word' id='word_1_615' title='bbox 1312 5275 1707 5329; x_wconf 84' lang='lat' dir='ltr'><strong>emtntiandum</strong></span> <span class='ocrx_word' id='word_1_616' title='bbox 1753 5271 1843 5332; x_wconf 83' lang='lat' dir='ltr'><strong>est</strong></span> 
     </span>
    </p>
   </div>
   <div class='ocr_carea' id='block_1_87' title="bbox 242 5358 441 5401">
    <p class='ocr_par' dir='ltr' id='par_1_87' title="bbox 242 5358 441 5401">
     <span class='ocr_line' id='line_1_88' title="bbox 242 5358 441 5401; baseline 0.005 -3"><span class='ocrx_word' id='word_1_617' title='bbox 242 5358 441 5401; x_wconf 78' lang='lat' dir='ltr'><strong>ilDllllS.</strong></span> 
     </span>
    </p>
   </div>
   <div class='ocr_carea' id='block_1_88' title="bbox 276 5362 970 5487">
    <p class='ocr_par' dir='ltr' id='par_1_88' title="bbox 276 5362 970 5487">
     <span class='ocr_line' id='line_1_89' title="bbox 276 5362 441 5416; baseline 0.012 -19"><span class='ocrx_word' id='word_1_618' title='bbox 276 5362 441 5416; x_wconf 86' lang='lat' dir='ltr'><strong>ptttts.</strong></span> 
     </span>
     <span class='ocr_line' id='line_1_90' title="bbox 308 5415 970 5487; baseline -0.005 -15"><span class='ocrx_word' id='word_1_619' title='bbox 308 5416 334 5453; x_wconf 69' lang='grc' dir='ltr'><strong>ιι</strong></span> <span class='ocrx_word' id='word_1_620' title='bbox 370 5420 506 5487; x_wconf 71' lang='lat' dir='ltr'><strong>Reg.</strong></span> <span class='ocrx_word' id='word_1_621' title='bbox 536 5432 667 5474; x_wconf 80' lang='lat' dir='ltr'><strong>ms.,</strong></span> <span class='ocrx_word' id='word_1_622' title='bbox 704 5415 970 5486; x_wconf 75' lang='lat' dir='ltr'><strong>polluant.</strong></span> 
     </span>
    </p>
   </div>
   <div class='ocr_carea' id='block_1_89' title="bbox 313 5486 1842 5559">
    <p class='ocr_par' dir='ltr' id='par_1_89' title="bbox 313 5486 1842 5559">
     <span class='ocr_line' id='line_1_91' title="bbox 313 5486 1842 5559; baseline 0.002 -15"><span class='ocrx_word' id='word_1_623' title='bbox 313 5500 335 5525; x_wconf 73' lang='grc' dir='ltr'>ε</span> <span class='ocrx_word' id='word_1_624' title='bbox 368 5490 423 5543; x_wconf 88' lang='lat' dir='ltr'><strong>In</strong></span> <span class='ocrx_word' id='word_1_625' title='bbox 448 5486 588 5544; x_wconf 85' lang='lat' dir='ltr'><strong>edit.</strong></span> <span class='ocrx_word' id='word_1_626' title='bbox 614 5486 822 5542; x_wconf 83' lang='lat' dir='ltr'><strong>Concil.</strong></span> <span class='ocrx_word' id='word_1_627' title='bbox 851 5489 905 5543; x_wconf 86' lang='lat'><strong>6.</strong></span> <span class='ocrx_word' id='word_1_628' title='bbox 936 5486 1253 5543; x_wconf 70' lang='lat' dir='ltr'><strong>tiollectioni</strong></span> <span class='ocrx_word' id='word_1_629' title='bbox 1284 5490 1535 5559; x_wconf 73' lang='lat' dir='ltr'><strong>Hispanrc</strong></span> <span class='ocrx_word' id='word_1_630' title='bbox 1564 5498 1617 5544; x_wconf 90' lang='lat' dir='ltr'><strong>et</strong></span> <span class='ocrx_word' id='word_1_631' title='bbox 1649 5489 1842 5547; x_wconf 72' lang='lat' dir='ltr'><strong>Isitlori</strong></span> 
     </span>
    </p>
   </div>
   <div class='ocr_carea' id='block_1_90' title="bbox 240 5558 1839 5629">
    <p class='ocr_par' dir='ltr' id='par_1_90' title="bbox 240 5558 1839 5629">
     <span class='ocr_line' id='line_1_92' title="bbox 240 5558 1839 5629; baseline 0.002 -14"><span class='ocrx_word' id='word_1_632' title='bbox 240 5560 445 5616; x_wconf 87' lang='lat' dir='ltr'><strong>inserta</strong></span> <span class='ocrx_word' id='word_1_633' title='bbox 479 5572 567 5614; x_wconf 82' lang='lat' dir='ltr'><strong>est</strong></span> <span class='ocrx_word' id='word_1_634' title='bbox 594 5558 889 5613; x_wconf 72' lang='lat' dir='ltr'><strong>Secundum</strong></span> <span class='ocrx_word' id='word_1_635' title='bbox 924 5558 1240 5629; x_wconf 85' lang='lat' dir='ltr'><strong>Dionysium</strong></span> <span class='ocrx_word' id='word_1_636' title='bbox 1279 5558 1564 5629; x_wconf 67' lang='lat' dir='ltr'><strong>Exiguum,</strong></span> <span class='ocrx_word' id='word_1_637' title='bbox 1601 5563 1689 5629; x_wconf 89' lang='lat' dir='ltr'><strong>qui</strong></span> <span class='ocrx_word' id='word_1_638' title='bbox 1719 5577 1839 5618; x_wconf 84' lang='lat' dir='ltr'><strong>eam</strong></span> 
     </span>
    </p>
   </div>
   <div class='ocr_carea' id='block_1_91' title="bbox 243 5630 1731 5702">
    <p class='ocr_par' dir='ltr' id='par_1_91' title="bbox 243 5630 1731 5702">
     <span class='ocr_line' id='line_1_93' title="bbox 243 5630 1731 5702; baseline 0.001 -15"><span class='ocrx_word' id='word_1_639' title='bbox 243 5633 345 5687; x_wconf 76' lang='lat' dir='ltr'><strong>sub</strong></span> <span class='ocrx_word' id='word_1_640' title='bbox 378 5634 539 5686; x_wconf 87' lang='lat' dir='ltr'><strong>titulo</strong></span> <span class='ocrx_word' id='word_1_641' title='bbox 570 5646 732 5685; x_wconf 71' lang='lat' dir='ltr'><strong>sutv</strong></span> <span class='ocrx_word' id='word_1_642' title='bbox 764 5630 1106 5702; x_wconf 82' lang='lat' dir='ltr'><strong>decretorum</strong></span> <span class='ocrx_word' id='word_1_643' title='bbox 1140 5631 1441 5689; x_wconf 71' lang='lat' dir='ltr'><strong>Innocentii</strong></span> <span class='ocrx_word' id='word_1_644' title='bbox 1477 5634 1731 5702; x_wconf 83' lang='lat' dir='ltr'><strong>subjecit.</strong></span> 
     </span>
    </p>
   </div>
   <div class='ocr_carea' id='block_1_92' title="bbox 318 5701 1843 5776">
    <p class='ocr_par' dir='ltr' id='par_1_92' title="bbox 318 5701 1843 5776">
     <span class='ocr_line' id='line_1_94' title="bbox 318 5701 1843 5776; baseline 0.001 -17"><span class='ocrx_word' id='word_1_645' title='bbox 318 5702 335 5741; x_wconf 75' lang='grc' dir='ltr'><strong>ί</strong></span> <span class='ocrx_word' id='word_1_646' title='bbox 369 5703 714 5776; x_wconf 24' lang='grc' dir='ltr'>1ηᾼι·ιι1μιὶε,</span> <span class='ocrx_word' id='word_1_647' title='bbox 750 5701 1051 5773; x_wconf 77' lang='lat' dir='ltr'><strong>Mauriano,</strong></span> <span class='ocrx_word' id='word_1_648' title='bbox 1083 5702 1217 5776; x_wconf 74' lang='lat' dir='ltr'><strong>Reg.</strong></span> <span class='ocrx_word' id='word_1_649' title='bbox 1249 5722 1379 5770; x_wconf 83' lang='lat' dir='ltr'><strong>ms.,</strong></span> <span class='ocrx_word' id='word_1_650' title='bbox 1430 5704 1681 5759; x_wconf 83' lang='lat' dir='ltr'><strong>Marttuo.</strong></span> <span class='ocrx_word' id='word_1_651' title='bbox 1724 5705 1843 5761; x_wconf 66' lang='lat' dir='ltr'><strong>Cte-</strong></span> 
     </span>
    </p>
   </div>
   <div class='ocr_carea' id='block_1_93' title="bbox 243 5774 665 5844">
    <p class='ocr_par' dir='ltr' id='par_1_93' title="bbox 243 5774 665 5844">
     <span class='ocr_line' id='line_1_95' title="bbox 243 5774 665 5844; baseline -0.014 -14"><span class='ocrx_word' id='word_1_652' title='bbox 243 5778 367 5844; x_wconf 85' lang='lat' dir='ltr'><strong>teri,</strong></span> <span class='ocrx_word' id='word_1_653' title='bbox 395 5774 665 5829; x_wconf 73' lang='lat' dir='ltr'><strong>Mariano.</strong></span> 
     </span>
    </p>
   </div>
   <div class='ocr_carea' id='block_1_94' title="bbox 314 5846 1842 5917">
    <p class='ocr_par' dir='ltr' id='par_1_94' title="bbox 314 5846 1842 5917">
     <span class='ocr_line' id='line_1_96' title="bbox 314 5846 1842 5917; baseline 0.006 -22"><span class='ocrx_word' id='word_1_654' title='bbox 314 5857 339 5895; x_wconf 90' lang='lat' dir='ltr'><strong>s</strong></span> <span class='ocrx_word' id='word_1_655' title='bbox 369 5848 486 5902; x_wconf 82' lang='lat' dir='ltr'><strong>Non</strong></span> <span class='ocrx_word' id='word_1_656' title='bbox 541 5846 828 5916; x_wconf 85' lang='lat' dir='ltr'><strong>conceptis</strong></span> <span class='ocrx_word' id='word_1_657' title='bbox 876 5847 1094 5916; x_wconf 90' lang='lat' dir='ltr'><strong>quidem</strong></span> <span class='ocrx_word' id='word_1_658' title='bbox 1132 5848 1333 5912; x_wconf 84' lang='lat' dir='ltr'><strong>verbis,</strong></span> <span class='ocrx_word' id='word_1_659' title='bbox 1385 5848 1479 5902; x_wconf 85' lang='lat' dir='ltr'><strong>sed</strong></span> <span class='ocrx_word' id='word_1_660' title='bbox 1530 5849 1656 5917; x_wconf 86' lang='lat' dir='ltr'><strong>quia</strong></span> <span class='ocrx_word' id='word_1_661' title='bbox 1710 5849 1842 5904; x_wconf 90' lang='lat' dir='ltr'><strong>illud</strong></span> 
     </span>
    </p>
   </div>
   <div class='ocr_carea' id='block_1_95' title="bbox 243 5918 1845 5988">
    <p class='ocr_par' dir='ltr' id='par_1_95' title="bbox 243 5918 1845 5988">
     <span class='ocr_line' id='line_1_97' title="bbox 243 5918 1845 5988; baseline 0.004 -17"><span class='ocrx_word' id='word_1_662' title='bbox 243 5922 493 5974; x_wconf 87' lang='lat' dir='ltr'><strong>sanciunt</strong></span> <span class='ocrx_word' id='word_1_663' title='bbox 550 5918 711 5987; x_wconf 82' lang='lat' dir='ltr'><strong>hujus</strong></span> <span class='ocrx_word' id='word_1_664' title='bbox 757 5919 973 5974; x_wconf 89' lang='lat' dir='ltr'><strong>concilii</strong></span> <span class='ocrx_word' id='word_1_665' title='bbox 1019 5931 1221 5988; x_wconf 84' lang='lat' dir='ltr'><strong>patres,</strong></span> <span class='ocrx_word' id='word_1_666' title='bbox 1278 5920 1419 5976; x_wconf 88' lang='lat' dir='ltr'><strong>unde</strong></span> <span class='ocrx_word' id='word_1_667' title='bbox 1462 5920 1603 5976; x_wconf 80' lang='lat' dir='ltr'><strong>istud</strong></span> <span class='ocrx_word' id='word_1_668' title='bbox 1650 5934 1845 5977; x_wconf 80' lang='lat' dir='ltr'><strong>conse-</strong></span> 
     </span>
    </p>
   </div>
   <div class='ocr_carea' id='block_1_96' title="bbox 1872 4589 1924 4650">
    <p class='ocr_par' dir='ltr' id='par_1_96' title="bbox 1872 4589 1924 4650">
     <span class='ocr_line' id='line_1_98' title="bbox 1872 4589 1924 4650; baseline 0 0"><span class='ocrx_word' id='word_1_669' title='bbox 1872 4589 1924 4650; x_wconf 93' lang='lat' dir='ltr'><strong>D</strong></span> 
     </span>
    </p>
   </div>
   <div class='ocr_carea' id='block_1_97' title="bbox 1942 3387 3543 3461">
    <p class='ocr_par' dir='ltr' id='par_1_97' title="bbox 1942 3387 3543 3461">
     <span class='ocr_line' id='line_1_99' title="bbox 1942 3387 3543 3461; baseline -0.009 -10"><span class='ocrx_word' id='word_1_670' title='bbox 1942 3395 2225 3451; x_wconf 82' lang='lat' dir='ltr'><strong>transferri</strong></span> <span class='ocrx_word' id='word_1_671' title='bbox 2279 3410 2386 3448; x_wconf 86' lang='lat' dir='ltr'><strong>non</strong></span> <span class='ocrx_word' id='word_1_672' title='bbox 2427 3400 2685 3461; x_wconf 82' lang='lat' dir='ltr'><strong>oportere</strong></span> <span class='ocrx_word' id='word_1_673' title='bbox 2730 3388 2997 3444; x_wconf 90' lang='lat' dir='ltr'><strong>terminos</strong></span> <span class='ocrx_word' id='word_1_674' title='bbox 3027 3403 3055 3441; x_wconf 85' lang='grc' dir='ltr'><strong>ιι</strong></span> <span class='ocrx_word' id='word_1_675' title='bbox 3109 3387 3357 3455; x_wconf 85' lang='lat' dir='ltr'><strong>patribus</strong></span> <span class='ocrx_word' id='word_1_676' title='bbox 3406 3399 3543 3439; x_wconf 84' lang='lat' dir='ltr'><strong>cou-</strong></span> 
     </span>
    </p>
   </div>
   <div class='ocr_carea' id='block_1_98' title="bbox 1941 3480 3540 3558">
    <p class='ocr_par' dir='ltr' id='par_1_98' title="bbox 1941 3480 3540 3558">
     <span class='ocr_line' id='line_1_100' title="bbox 1941 3480 3540 3558; baseline -0.008 -13"><span class='ocrx_word' id='word_1_677' title='bbox 1941 3492 2162 3545; x_wconf 79' lang='lat' dir='ltr'><strong>stitutus</strong></span> <span class='ocrx_word' id='word_1_678' title='bbox 2191 3507 2203 3542; x_wconf 87' lang='lat'><strong>:</strong></span> <span class='ocrx_word' id='word_1_679' title='bbox 2231 3487 2356 3558; x_wconf 84' lang='lat' dir='ltr'><strong>quia</strong></span> <span class='ocrx_word' id='word_1_680' title='bbox 2387 3487 2545 3542; x_wconf 77' lang='lat' dir='ltr'><strong>nefas</strong></span> <span class='ocrx_word' id='word_1_681' title='bbox 2574 3494 2692 3551; x_wconf 88' lang='lat' dir='ltr'><strong>est,</strong></span> <span class='ocrx_word' id='word_1_682' title='bbox 2726 3484 2770 3538; x_wconf 88' lang='lat' dir='ltr'><strong>si</strong></span> <span class='ocrx_word' id='word_1_683' title='bbox 2803 3480 2946 3553; x_wconf 82' lang='lat' dir='ltr'><strong>quod</strong></span> <span class='ocrx_word' id='word_1_684' title='bbox 2981 3481 3121 3536; x_wconf 82' lang='lat' dir='ltr'><strong>alter</strong></span> <span class='ocrx_word' id='word_1_685' title='bbox 3148 3492 3370 3549; x_wconf 78' lang='lat' dir='ltr'><strong>semper</strong></span> <span class='ocrx_word' id='word_1_686' title='bbox 3412 3492 3540 3548; x_wconf 89' lang='lat' dir='ltr'><strong>pos-</strong></span> 
     </span>
    </p>
   </div>
   <div class='ocr_carea' id='block_1_99' title="bbox 1942 3568 3547 3648">
    <p class='ocr_par' dir='ltr' id='par_1_99' title="bbox 1942 3568 3547 3648">
     <span class='ocr_line' id='line_1_101' title="bbox 1942 3568 3547 3648; baseline -0.009 -7"><span class='ocrx_word' id='word_1_687' title='bbox 1942 3580 2171 3648; x_wconf 86' lang='lat' dir='ltr'><strong>sederit,</strong></span> <span class='ocrx_word' id='word_1_688' title='bbox 2202 3582 2340 3637; x_wconf 89' lang='lat' dir='ltr'><strong>alter</strong></span> <span class='ocrx_word' id='word_1_689' title='bbox 2375 3578 2628 3647; x_wconf 78' lang='lat' dir='ltr'><strong>int&#39;adat,</strong></span> <span class='ocrx_word' id='word_1_690' title='bbox 2673 3577 2818 3647; x_wconf 70' lang='lat' dir='ltr'><strong>Quod</strong></span> <span class='ocrx_word' id='word_1_691' title='bbox 2864 3585 3010 3631; x_wconf 87' lang='lat' dir='ltr'><strong>tuam</strong></span> <span class='ocrx_word' id='word_1_692' title='bbox 3045 3568 3344 3630; x_wconf 84' lang='lat' dir='ltr'><strong>bonitatem</strong></span> <span class='ocrx_word' id='word_1_693' title='bbox 3379 3572 3547 3626; x_wconf 81' lang='lat' dir='ltr'><strong>l&#39;tatcr</strong></span> 
     </span>
    </p>
   </div>
   <div class='ocr_carea' id='block_1_100' title="bbox 1944 3670 3545 3750">
    <p class='ocr_par' dir='ltr' id='par_1_100' title="bbox 1944 3670 3545 3750">
     <span class='ocr_line' id='line_1_102' title="bbox 1944 3670 3545 3750; baseline -0.006 -15"><span class='ocrx_word' id='word_1_694' title='bbox 1944 3691 1998 3735; x_wconf 83' lang='lat' dir='ltr'><strong>et</strong></span> <span class='ocrx_word' id='word_1_695' title='bbox 2022 3680 2379 3750; x_wconf 64' lang='lat' dir='ltr'><strong>coepiu‘opus</strong></span> <span class='ocrx_word' id='word_1_696' title='bbox 2399 3687 2585 3734; x_wconf 84' lang='lat' dir='ltr'><strong>noster</strong></span> <span class='ocrx_word' id='word_1_697' title='bbox 2604 3677 2780 3734; x_wconf 83' lang='lat' dir='ltr'><strong>Ursus</strong></span> <span class='ocrx_word' id='word_1_698' title='bbox 2803 3677 2999 3731; x_wconf 85' lang='lat' dir='ltr'><strong>asserit</strong></span> <span class='ocrx_word' id='word_1_699' title='bbox 3018 3683 3389 3747; x_wconf 83' lang='lat' dir='ltr'><strong>perpetrasse.</strong></span> <span class='ocrx_word' id='word_1_700' title='bbox 3409 3670 3545 3726; x_wconf 82' lang='lat' dir='ltr'><strong>Nam</strong></span> 
     </span>
    </p>
   </div>
   <div class='ocr_carea' id='block_1_101' title="bbox 1945 3766 3544 3840">
    <p class='ocr_par' dir='ltr' id='par_1_101' title="bbox 1945 3766 3544 3840">
     <span class='ocr_line' id='line_1_103' title="bbox 1945 3766 3544 3840; baseline -0.005 -12"><span class='ocrx_word' id='word_1_701' title='bbox 1945 3772 2346 3828; x_wconf 78' lang='lat' dir='ltr'><strong>Nomentanam</strong></span> <span class='ocrx_word' id='word_1_702' title='bbox 2370 3774 2485 3827; x_wconf 72' lang='lat' dir='ltr'><strong>sive</strong></span> <span class='ocrx_word' id='word_1_703' title='bbox 2509 3769 2534 3809; x_wconf 77' lang='grc' dir='ltr'><strong>ιι</strong></span> <span class='ocrx_word' id='word_1_704' title='bbox 2558 3770 2919 3826; x_wconf 75' lang='lat' dir='ltr'><strong>FeliClensem</strong></span> <span class='ocrx_word' id='word_1_705' title='bbox 2946 3768 3266 3840; x_wconf 82' lang='lat' dir='ltr'><strong>parmciam,</strong></span> <span class='ocrx_word' id='word_1_706' title='bbox 3300 3766 3365 3820; x_wconf 85' lang='lat' dir='ltr'><strong>ad</strong></span> <span class='ocrx_word' id='word_1_707' title='bbox 3390 3774 3544 3821; x_wconf 84' lang='lat' dir='ltr'><strong>suam</strong></span> 
     </span>
    </p>
   </div>
   <div class='ocr_carea' id='block_1_102' title="bbox 1942 3903 3547 3980">
    <p class='ocr_par' dir='ltr' id='par_1_102' title="bbox 1942 3903 3547 3980">
     <span class='ocr_line' id='line_1_104' title="bbox 1942 3903 3547 3980; baseline -0.004 -15"><span class='ocrx_word' id='word_1_708' title='bbox 1942 3925 2116 3979; x_wconf 82' lang='lat' dir='ltr'><strong>quens</strong></span> <span class='ocrx_word' id='word_1_709' title='bbox 2146 3924 2269 3965; x_wconf 85' lang='lat' dir='ltr'><strong>esse</strong></span> <span class='ocrx_word' id='word_1_710' title='bbox 2296 3910 2644 3980; x_wconf 86' lang='lat' dir='ltr'><strong>intelligitur.</strong></span> <span class='ocrx_word' id='word_1_711' title='bbox 2681 3910 2850 3964; x_wconf 90' lang='lat' dir='ltr'><strong>Immo</strong></span> <span class='ocrx_word' id='word_1_712' title='bbox 2890 3921 3012 3962; x_wconf 82' lang='lat' dir='ltr'><strong>eum</strong></span> <span class='ocrx_word' id='word_1_713' title='bbox 3050 3920 3169 3962; x_wconf 74' lang='lat' dir='ltr'><strong>can.</strong></span> <span class='ocrx_word' id='word_1_714' title='bbox 3209 3905 3274 3980; x_wconf 78' lang='lat' dir='ltr'><strong>I0</strong></span> <span class='ocrx_word' id='word_1_715' title='bbox 3305 3903 3457 3980; x_wconf 82' lang='lat' dir='ltr'><strong>sequi</strong></span> <span class='ocrx_word' id='word_1_716' title='bbox 3484 3911 3547 3959; x_wconf 80' lang='lat' dir='ltr'><strong>se</strong></span> 
     </span>
    </p>
   </div>
   <div class='ocr_carea' id='block_1_103' title="bbox 1941 3975 3547 4050">
    <p class='ocr_par' dir='ltr' id='par_1_103' title="bbox 1941 3975 3547 4050">
     <span class='ocr_line' id='line_1_105' title="bbox 1941 3975 3547 4050; baseline -0.004 -15"><span class='ocrx_word' id='word_1_717' title='bbox 1941 3975 2272 4050; x_wconf 78' lang='lat' dir='ltr'><strong>proﬁtentur</strong></span> <span class='ocrx_word' id='word_1_718' title='bbox 2310 3975 2743 4037; x_wconf 70' lang='lat' dir='ltr'><strong>ecclesiasticam</strong></span> <span class='ocrx_word' id='word_1_719' title='bbox 2774 3994 2834 4035; x_wconf 89' lang='lat' dir='ltr'><strong>ea</strong></span> <span class='ocrx_word' id='word_1_720' title='bbox 2866 3980 2934 4034; x_wconf 90' lang='lat' dir='ltr'><strong>de</strong></span> <span class='ocrx_word' id='word_1_721' title='bbox 2975 3993 3035 4033; x_wconf 84' lang='lat' dir='ltr'><strong>re</strong></span> <span class='ocrx_word' id='word_1_722' title='bbox 3073 3977 3317 4050; x_wconf 88' lang='lat' dir='ltr'><strong>regulam</strong></span> <span class='ocrx_word' id='word_1_723' title='bbox 3340 4019 3354 4043; x_wconf 91' lang='lat'><strong>,</strong></span> <span class='ocrx_word' id='word_1_724' title='bbox 3409 3975 3547 4043; x_wconf 79' lang='lat' dir='ltr'><strong>hanc</strong></span> 
     </span>
    </p>
   </div>
   <div class='ocr_carea' id='block_1_104' title="bbox 1936 4049 3542 4122">
    <p class='ocr_par' dir='ltr' id='par_1_104' title="bbox 1936 4049 3542 4122">
     <span class='ocr_line' id='line_1_106' title="bbox 1936 4049 3542 4122; baseline -0.002 -17"><span class='ocrx_word' id='word_1_725' title='bbox 1936 4049 2047 4121; x_wconf 84' lang='lat' dir='ltr'><strong>jam</strong></span> <span class='ocrx_word' id='word_1_726' title='bbox 2079 4063 2205 4108; x_wconf 86' lang='lat' dir='ltr'><strong>ante</strong></span> <span class='ocrx_word' id='word_1_727' title='bbox 2228 4056 2579 4107; x_wconf 72' lang='lat' dir='ltr'><strong>constitutam</strong></span> <span class='ocrx_word' id='word_1_728' title='bbox 2612 4060 2843 4122; x_wconf 89' lang='lat' dir='ltr'><strong>ponunt.</strong></span> <span class='ocrx_word' id='word_1_729' title='bbox 2879 4052 2937 4105; x_wconf 86' lang='lat' dir='ltr'><strong>Et</strong></span> <span class='ocrx_word' id='word_1_730' title='bbox 2965 4064 3098 4105; x_wconf 86' lang='lat' dir='ltr'><strong>vero</strong></span> <span class='ocrx_word' id='word_1_731' title='bbox 3121 4049 3185 4103; x_wconf 83' lang='lat' dir='ltr'><strong>ad</strong></span> <span class='ocrx_word' id='word_1_732' title='bbox 3212 4064 3306 4122; x_wconf 75' lang='lat' dir='ltr'><strong>eos</strong></span> <span class='ocrx_word' id='word_1_733' title='bbox 3330 4060 3542 4122; x_wconf 80' lang='lat' dir='ltr'><strong>omnes,</strong></span> 
     </span>
    </p>
   </div>
   <div class='ocr_carea' id='block_1_105' title="bbox 1945 4119 3511 4193">
    <p class='ocr_par' dir='ltr' id='par_1_105' title="bbox 1945 4119 3511 4193">
     <span class='ocr_line' id='line_1_107' title="bbox 1945 4119 3511 4193; baseline -0.003 -18"><span class='ocrx_word' id='word_1_734' title='bbox 1945 4124 2035 4191; x_wconf 88' lang='lat' dir='ltr'><strong>qui</strong></span> <span class='ocrx_word' id='word_1_735' title='bbox 2062 4126 2247 4193; x_wconf 82' lang='lat' dir='ltr'><strong>aliqua</strong></span> <span class='ocrx_word' id='word_1_736' title='bbox 2278 4128 2460 4193; x_wconf 82' lang='lat' dir='ltr'><strong>gravis</strong></span> <span class='ocrx_word' id='word_1_737' title='bbox 2505 4119 2717 4193; x_wconf 80' lang='lat' dir='ltr'><strong>peccati</strong></span> <span class='ocrx_word' id='word_1_738' title='bbox 2760 4124 2968 4176; x_wconf 87' lang='lat' dir='ltr'><strong>macula</strong></span> <span class='ocrx_word' id='word_1_739' title='bbox 3005 4119 3356 4193; x_wconf 72' lang='lat' dir='ltr'><strong>contaminati</strong></span> <span class='ocrx_word' id='word_1_740' title='bbox 3388 4128 3511 4172; x_wconf 89' lang='lat' dir='ltr'><strong>sunt</strong></span> 
     </span>
    </p>
   </div>
   <div class='ocr_carea' id='block_1_106' title="bbox 1948 4155 3548 4266">
    <p class='ocr_par' dir='ltr' id='par_1_106' title="bbox 1948 4155 3548 4266">
     <span class='ocr_line' id='line_1_108' title="bbox 1948 4155 3511 4193; baseline -0.004 -13"><span class='ocrx_word' id='word_1_741' title='bbox 1948 4155 2035 4191; x_wconf 78' lang='grc' dir='ltr'>ιμιι</span> <span class='ocrx_word' id='word_1_742' title='bbox 2062 4155 2247 4193; x_wconf 62' lang='lat' dir='ltr'><strong>&quot;lngua</strong></span> <span class='ocrx_word' id='word_1_743' title='bbox 2278 4155 2460 4193; x_wconf 68' lang='grc' dir='ltr'>διιιιθ</span> <span class='ocrx_word' id='word_1_744' title='bbox 2508 4155 2717 4193; x_wconf 63' lang='grc' dir='ltr'>ιιπιυιιιι</span> <span class='ocrx_word' id='word_1_745' title='bbox 2761 4155 2968 4176; x_wconf 66' lang='grc' dir='ltr'>Ιιιαιυιιι</span> <span class='ocrx_word' id='word_1_746' title='bbox 3005 4155 3356 4176; x_wconf 71' lang='lat' dir='ltr'><strong>unumunum--</strong></span> <span class='ocrx_word' id='word_1_747' title='bbox 3388 4155 3511 4172; x_wconf 64' lang='lat' dir='ltr'><strong>vuu-</strong></span> 
     </span>
     <span class='ocr_line' id='line_1_109' title="bbox 1948 4155 3548 4266; baseline -0.004 -17"><span class='ocrx_word' id='word_1_748' title='bbox 1948 4197 2139 4250; x_wconf 86' lang='lat' dir='ltr'><strong>attinet</strong></span> <span class='ocrx_word' id='word_1_749' title='bbox 2172 4210 2233 4249; x_wconf 80' lang='lat' dir='ltr'><strong>ea</strong></span> <span class='ocrx_word' id='word_1_750' title='bbox 2262 4198 2422 4261; x_wconf 86' lang='lat' dir='ltr'><strong>ratio,</strong></span> <span class='ocrx_word' id='word_1_751' title='bbox 2458 4208 2559 4266; x_wconf 83' lang='lat' dir='ltr'><strong>qua</strong></span> <span class='ocrx_word' id='word_1_752' title='bbox 2585 4197 2914 4266; x_wconf 66' lang='lat' dir='ltr'><strong>Cyprianus,</strong></span> <span class='ocrx_word' id='word_1_753' title='bbox 2944 4191 3302 4266; x_wconf 62' lang='lat' dir='ltr'><strong>opistolaji,</strong></span> <span class='ocrx_word' id='word_1_754' title='bbox 3327 4205 3425 4242; x_wconf 87' lang='lat' dir='ltr'><strong>eos</strong></span> <span class='ocrx_word' id='word_1_755' title='bbox 3454 4155 3548 4255; x_wconf 77' lang='lat' dir='ltr'><strong>qui</strong></span> 
     </span>
    </p>
   </div>
   <div class='ocr_carea' id='block_1_107' title="bbox 1948 4262 3548 4325">
    <p class='ocr_par' dir='ltr' id='par_1_107' title="bbox 1948 4262 3548 4325">
     <span class='ocr_line' id='line_1_110' title="bbox 1948 4262 3548 4325; baseline -0.004 -6"><span class='ocrx_word' id='word_1_756' title='bbox 1948 4272 2016 4320; x_wconf 86' lang='lat' dir='ltr'><strong>ab</strong></span> <span class='ocrx_word' id='word_1_757' title='bbox 2043 4268 2241 4321; x_wconf 81' lang='lat' dir='ltr'><strong>ha~resi</strong></span> <span class='ocrx_word' id='word_1_758' title='bbox 2269 4268 2353 4321; x_wconf 90' lang='lat' dir='ltr'><strong>vel</strong></span> <span class='ocrx_word' id='word_1_759' title='bbox 2375 4262 2757 4321; x_wconf 74' lang='lat' dir='ltr'><strong>schismatead</strong></span> <span class='ocrx_word' id='word_1_760' title='bbox 2788 4262 3087 4319; x_wconf 80' lang='lat' dir='ltr'><strong>Ecclesiam</strong></span> <span class='ocrx_word' id='word_1_761' title='bbox 3109 4262 3374 4325; x_wconf 80' lang='lat' dir='ltr'><strong>redirent,</strong></span> <span class='ocrx_word' id='word_1_762' title='bbox 3400 4270 3548 4313; x_wconf 84' lang='lat' dir='ltr'><strong>rotu-</strong></span> 
     </span>
    </p>
   </div>
   <div class='ocr_carea' id='block_1_108' title="bbox 1951 4337 3544 4393">
    <p class='ocr_par' dir='ltr' id='par_1_108' title="bbox 1951 4337 3544 4393">
     <span class='ocr_line' id='line_1_111' title="bbox 1951 4337 3544 4393; baseline -0.005 -1"><span class='ocrx_word' id='word_1_763' title='bbox 1951 4340 2097 4392; x_wconf 90' lang='lat' dir='ltr'><strong>muni</strong></span> <span class='ocrx_word' id='word_1_764' title='bbox 2146 4337 2374 4392; x_wconf 86' lang='lat' dir='ltr'><strong>fratrum</strong></span> <span class='ocrx_word' id='word_1_765' title='bbox 2411 4350 2684 4393; x_wconf 74' lang='lat' dir='ltr'><strong>Cttnaensu</strong></span> <span class='ocrx_word' id='word_1_766' title='bbox 2715 4348 2744 4390; x_wconf 87' lang='lat' dir='ltr'><strong>a</strong></span> <span class='ocrx_word' id='word_1_767' title='bbox 2775 4338 2930 4391; x_wconf 81' lang='lat' dir='ltr'><strong>clero</strong></span> <span class='ocrx_word' id='word_1_768' title='bbox 2964 4343 3113 4390; x_wconf 85' lang='lat' dir='ltr'><strong>arcet</strong></span> <span class='ocrx_word' id='word_1_769' title='bbox 3160 4346 3225 4386; x_wconf 88' lang='lat' dir='ltr'><strong>ac</strong></span> <span class='ocrx_word' id='word_1_770' title='bbox 3269 4340 3544 4385; x_wconf 86' lang='lat' dir='ltr'><strong>removet:</strong></span> 
     </span>
    </p>
   </div>
   <div class='ocr_carea' id='block_1_109' title="bbox 1953 4404 3547 4483">
    <p class='ocr_par' dir='ltr' id='par_1_109' title="bbox 1953 4404 3547 4483">
     <span class='ocr_line' id='line_1_112' title="bbox 1953 4404 3547 4483; baseline -0.005 -20"><span class='ocrx_word' id='word_1_771' title='bbox 1953 4410 2167 4483; x_wconf 82' lang='lat' dir='ltr'><strong>Oportet</strong></span> <span class='ocrx_word' id='word_1_772' title='bbox 2198 4410 2333 4465; x_wconf 87' lang='lat' dir='ltr'><strong>enim</strong></span> <span class='ocrx_word' id='word_1_773' title='bbox 2354 4409 2644 4483; x_wconf 78' lang='lat' dir='ltr'><strong>sacerdotes</strong></span> <span class='ocrx_word' id='word_1_774' title='bbox 2672 4422 2733 4462; x_wconf 83' lang='lat' dir='ltr'><strong>ac</strong></span> <span class='ocrx_word' id='word_1_775' title='bbox 2763 4408 3049 4483; x_wconf 69' lang='lat' dir='ltr'><strong>ministros,</strong></span> <span class='ocrx_word' id='word_1_776' title='bbox 3076 4404 3163 4475; x_wconf 80' lang='lat' dir='ltr'><strong>qui</strong></span> <span class='ocrx_word' id='word_1_777' title='bbox 3188 4404 3344 4483; x_wconf 78' lang='lat' dir='ltr'><strong>altari</strong></span> <span class='ocrx_word' id='word_1_778' title='bbox 3373 4411 3421 4456; x_wconf 84' lang='lat' dir='ltr'><strong>et</strong></span> <span class='ocrx_word' id='word_1_779' title='bbox 3457 4412 3547 4456; x_wconf 66' lang='grc' dir='ltr'>σαι</span> 
     </span>
    </p>
   </div>
   <div class='ocr_carea' id='block_1_110' title="bbox 1950 4476 3545 4552">
    <p class='ocr_par' dir='ltr' id='par_1_110' title="bbox 1950 4476 3545 4552">
     <span class='ocr_line' id='line_1_113' title="bbox 1950 4476 3545 4552; baseline -0.006 -15"><span class='ocrx_word' id='word_1_780' title='bbox 1950 4476 2163 4552; x_wconf 65' lang='lat' dir='ltr'><strong>eri/ictis</strong></span> <span class='ocrx_word' id='word_1_781' title='bbox 2208 4484 2514 4547; x_wconf 68' lang='lat' dir='ltr'><strong>detendunt,</strong></span> <span class='ocrx_word' id='word_1_782' title='bbox 2564 4482 2795 4551; x_wconf 85' lang='lat' dir='ltr'><strong>integros</strong></span> <span class='ocrx_word' id='word_1_783' title='bbox 2837 4488 2989 4552; x_wconf 82' lang='lat' dir='ltr'><strong>atque</strong></span> <span class='ocrx_word' id='word_1_784' title='bbox 3034 4476 3545 4552; x_wconf 66' lang='lat' dir='ltr'><strong>immaculatosesse.</strong></span> 
     </span>
    </p>
   </div>
   <div class='ocr_carea' id='block_1_111' title="bbox 1956 4545 3547 4625">
    <p class='ocr_par' dir='ltr' id='par_1_111' title="bbox 1956 4545 3547 4625">
     <span class='ocr_line' id='line_1_114' title="bbox 1956 4545 3547 4625; baseline -0.004 -19"><span class='ocrx_word' id='word_1_785' title='bbox 1956 4545 2039 4607; x_wconf 53' lang='lat' dir='ltr'><strong>lio&quot;</strong></span> <span class='ocrx_word' id='word_1_786' title='bbox 2070 4569 2203 4609; x_wconf 83' lang='lat' dir='ltr'><strong>sane</strong></span> <span class='ocrx_word' id='word_1_787' title='bbox 2250 4545 2568 4624; x_wconf 82' lang='lat' dir='ltr'><strong>conspirant</strong></span> <span class='ocrx_word' id='word_1_788' title='bbox 2612 4545 2747 4625; x_wconf 70' lang='lat' dir='ltr'><strong>quas</strong></span> <span class='ocrx_word' id='word_1_789' title='bbox 2795 4545 3049 4625; x_wconf 82' lang='lat' dir='ltr'><strong>Ecclesia</strong></span> <span class='ocrx_word' id='word_1_790' title='bbox 3088 4546 3265 4602; x_wconf 62' lang='lat' dir='ltr'><strong>sanxit</strong></span> <span class='ocrx_word' id='word_1_791' title='bbox 3297 4546 3364 4625; x_wconf 78' lang='lat' dir='ltr'><strong>ab</strong></span> <span class='ocrx_word' id='word_1_792' title='bbox 3392 4545 3547 4625; x_wconf 79' lang='lat' dir='ltr'><strong>initio</strong></span> 
     </span>
    </p>
   </div>
   <div class='ocr_carea' id='block_1_112' title="bbox 1952 4619 3545 4698">
    <p class='ocr_par' dir='ltr' id='par_1_112' title="bbox 1952 4619 3545 4698">
     <span class='ocr_line' id='line_1_115' title="bbox 1952 4619 3545 4698; baseline -0.005 -17"><span class='ocrx_word' id='word_1_793' title='bbox 1952 4627 2120 4698; x_wconf 81' lang='lat' dir='ltr'><strong>leges,</strong></span> <span class='ocrx_word' id='word_1_794' title='bbox 2174 4638 2231 4680; x_wconf 89' lang='lat' dir='ltr'><strong>ut</strong></span> <span class='ocrx_word' id='word_1_795' title='bbox 2281 4619 2417 4682; x_wconf 79' lang='lat' dir='ltr'><strong>nulli</strong></span> <span class='ocrx_word' id='word_1_796' title='bbox 2449 4619 2877 4697; x_wconf 67' lang='lat' dir='ltr'><strong>promoveantur</strong></span> <span class='ocrx_word' id='word_1_797' title='bbox 2905 4623 2971 4698; x_wconf 83' lang='lat' dir='ltr'><strong>ad</strong></span> <span class='ocrx_word' id='word_1_798' title='bbox 3004 4622 3232 4698; x_wconf 74' lang='lat' dir='ltr'><strong>clerum,</strong></span> <span class='ocrx_word' id='word_1_799' title='bbox 3261 4619 3481 4698; x_wconf 71' lang='lat' dir='ltr'><strong>nisiqni</strong></span> <span class='ocrx_word' id='word_1_800' title='bbox 3503 4631 3545 4698; x_wconf 81' lang='lat' dir='ltr'><strong>_a</strong></span> 
     </span>
    </p>
   </div>
   <div class='ocr_carea' id='block_1_113' title="bbox 1947 4690 3549 4769">
    <p class='ocr_par' dir='ltr' id='par_1_113' title="bbox 1947 4690 3549 4769">
     <span class='ocr_line' id='line_1_116' title="bbox 1947 4690 3549 4769; baseline -0.006 -14"><span class='ocrx_word' id='word_1_801' title='bbox 1947 4690 2215 4769; x_wconf 45' lang='lat' dir='ltr'><strong>bavptistuo</strong></span> <span class='ocrx_word' id='word_1_802' title='bbox 2243 4690 2519 4755; x_wconf 72' lang='lat' dir='ltr'><strong>innoxiam</strong></span> <span class='ocrx_word' id='word_1_803' title='bbox 2545 4709 2707 4769; x_wconf 85' lang='lat' dir='ltr'><strong>atque</strong></span> <span class='ocrx_word' id='word_1_804' title='bbox 2731 4699 2799 4751; x_wconf 86' lang='lat' dir='ltr'><strong>ab</strong></span> <span class='ocrx_word' id='word_1_805' title='bbox 2817 4695 2967 4769; x_wconf 87' lang='lat' dir='ltr'><strong>omni</strong></span> <span class='ocrx_word' id='word_1_806' title='bbox 2988 4692 3283 4769; x_wconf 80' lang='lat' dir='ltr'><strong>cujuslibet</strong></span> <span class='ocrx_word' id='word_1_807' title='bbox 3303 4690 3549 4769; x_wconf 80' lang='lat' dir='ltr'><strong>criminis</strong></span> 
     </span>
    </p>
   </div>
   <div class='ocr_carea' id='block_1_114' title="bbox 1945 4763 3549 4842">
    <p class='ocr_par' dir='ltr' id='par_1_114' title="bbox 1945 4763 3549 4842">
     <span class='ocr_line' id='line_1_117' title="bbox 1945 4763 3549 4842; baseline -0.005 -16"><span class='ocrx_word' id='word_1_808' title='bbox 1945 4763 2067 4826; x_wconf 80' lang='lat' dir='ltr'><strong>labe</strong></span> <span class='ocrx_word' id='word_1_809' title='bbox 2097 4785 2281 4842; x_wconf 87' lang='lat' dir='ltr'><strong>pnrant</strong></span> <span class='ocrx_word' id='word_1_810' title='bbox 2330 4772 2492 4826; x_wconf 86' lang='lat' dir='ltr'><strong>vitam</strong></span> <span class='ocrx_word' id='word_1_811' title='bbox 2538 4763 2843 4825; x_wconf 64' lang='lat' dir='ltr'><strong>duiissent.</strong></span> <span class='ocrx_word' id='word_1_812' title='bbox 2897 4768 2952 4823; x_wconf 85' lang='lat' dir='ltr'><strong>Si</strong></span> <span class='ocrx_word' id='word_1_813' title='bbox 3001 4763 3156 4837; x_wconf 72' lang='lat' dir='ltr'><strong>cuius</strong></span> <span class='ocrx_word' id='word_1_814' title='bbox 3196 4778 3328 4842; x_wconf 76' lang='lat' dir='ltr'><strong>vero</strong></span> <span class='ocrx_word' id='word_1_815' title='bbox 3374 4763 3549 4842; x_wconf 86' lang='lat' dir='ltr'><strong>latens</strong></span> 
     </span>
    </p>
   </div>
   <div class='ocr_carea' id='block_1_115' title="bbox 1947 4835 3548 4913">
    <p class='ocr_par' dir='ltr' id='par_1_115' title="bbox 1947 4835 3548 4913">
     <span class='ocr_line' id='line_1_118' title="bbox 1947 4835 3548 4913; baseline -0.006 -15"><span class='ocrx_word' id='word_1_816' title='bbox 1947 4835 2181 4913; x_wconf 78' lang='lat' dir='ltr'><strong>primum</strong></span> <span class='ocrx_word' id='word_1_817' title='bbox 2228 4844 2416 4913; x_wconf 85' lang='lat' dir='ltr'><strong>culpa,</strong></span> <span class='ocrx_word' id='word_1_818' title='bbox 2454 4843 2803 4913; x_wconf 85' lang='lat' dir='ltr'><strong>postmodum</strong></span> <span class='ocrx_word' id='word_1_819' title='bbox 2836 4835 3211 4913; x_wconf 57' lang='lat' dir='ltr'><strong>detegeretur,</strong></span> <span class='ocrx_word' id='word_1_820' title='bbox 3253 4835 3407 4913; x_wconf 64' lang='lat' dir='ltr'><strong>hunc</strong></span> <span class='ocrx_word' id='word_1_821' title='bbox 3427 4841 3548 4889; x_wconf 88' lang='lat' dir='ltr'><strong>tan-</strong></span> 
     </span>
    </p>
   </div>
   <div class='ocr_carea' id='block_1_116' title="bbox 1948 4908 3547 4986">
    <p class='ocr_par' dir='ltr' id='par_1_116' title="bbox 1948 4908 3547 4986">
     <span class='ocr_line' id='line_1_119' title="bbox 1948 4908 3547 4986; baseline -0.006 -16"><span class='ocrx_word' id='word_1_822' title='bbox 1948 4908 2071 4971; x_wconf 78' lang='lat' dir='ltr'><strong>dem</strong></span> <span class='ocrx_word' id='word_1_823' title='bbox 2102 4908 2410 4971; x_wconf 81' lang='lat' dir='ltr'><strong>convictum</strong></span> <span class='ocrx_word' id='word_1_824' title='bbox 2441 4908 2642 4986; x_wconf 81' lang='lat' dir='ltr'><strong>deponi</strong></span> <span class='ocrx_word' id='word_1_825' title='bbox 2675 4913 2882 4969; x_wconf 65' lang='lat' dir='ltr'><strong>Nicaeni</strong></span> <span class='ocrx_word' id='word_1_826' title='bbox 2914 4908 3154 4967; x_wconf 67' lang='lat' dir='ltr'><strong>ratione!</strong></span> <span class='ocrx_word' id='word_1_827' title='bbox 3183 4910 3219 4963; x_wconf 74' lang='grc'><strong>2</strong></span> <span class='ocrx_word' id='word_1_828' title='bbox 3247 4916 3305 4965; x_wconf 83' lang='lat' dir='ltr'><strong>et</strong></span> <span class='ocrx_word' id='word_1_829' title='bbox 3346 4908 3413 4964; x_wconf 68' lang='lat'><strong>10</strong></span> <span class='ocrx_word' id='word_1_830' title='bbox 3452 4920 3547 4961; x_wconf 85' lang='lat' dir='ltr'><strong>vo-</strong></span> 
     </span>
    </p>
   </div>
   <div class='ocr_carea' id='block_1_117' title="bbox 1948 4986 2964 5057">
    <p class='ocr_par' dir='ltr' id='par_1_117' title="bbox 1948 4986 2964 5057">
     <span class='ocr_line' id='line_1_120' title="bbox 1948 4986 2964 5057; baseline -0.004 -15"><span class='ocrx_word' id='word_1_831' title='bbox 1948 4988 2085 5042; x_wconf 90' lang='lat' dir='ltr'><strong>lunt.</strong></span> <span class='ocrx_word' id='word_1_832' title='bbox 2117 4987 2255 5043; x_wconf 78' lang='lat' dir='ltr'><strong>Vide</strong></span> <span class='ocrx_word' id='word_1_833' title='bbox 2280 5001 2442 5057; x_wconf 85' lang='lat' dir='ltr'><strong>supra</strong></span> <span class='ocrx_word' id='word_1_834' title='bbox 2472 4990 2631 5056; x_wconf 88' lang='lat' dir='ltr'><strong>epist.</strong></span> <span class='ocrx_word' id='word_1_835' title='bbox 2662 4986 2752 5052; x_wconf 84' lang='lat' dir='ltr'><strong>I6,</strong></span> <span class='ocrx_word' id='word_1_836' title='bbox 2783 5003 2836 5039; x_wconf 87' lang='lat' dir='ltr'><strong>n.</strong></span> <span class='ocrx_word' id='word_1_837' title='bbox 2878 4986 2964 5057; x_wconf 75' lang='lat' dir='ltr'><strong>Il.</strong></span> 
     </span>
    </p>
   </div>
   <div class='ocr_carea' id='block_1_118' title="bbox 2018 5052 3549 5128">
    <p class='ocr_par' dir='ltr' id='par_1_118' title="bbox 2018 5052 3549 5128">
     <span class='ocr_line' id='line_1_121' title="bbox 2018 5052 3549 5128; baseline -0.006 -15"><span class='ocrx_word' id='word_1_838' title='bbox 2018 5057 2047 5096; x_wconf 69' lang='grc' dir='ltr'><strong>ιι</strong></span> <span class='ocrx_word' id='word_1_839' title='bbox 2075 5058 2238 5113; x_wconf 88' lang='lat' dir='ltr'><strong>Crab.</strong></span> <span class='ocrx_word' id='word_1_840' title='bbox 2270 5052 2431 5128; x_wconf 68' lang='lat' dir='ltr'><strong>atque</strong></span> <span class='ocrx_word' id='word_1_841' title='bbox 2469 5052 2559 5113; x_wconf 77' lang='lat' dir='ltr'><strong>alii</strong></span> <span class='ocrx_word' id='word_1_842' title='bbox 2604 5059 2863 5124; x_wconf 88' lang='lat' dir='ltr'><strong>deinceps</strong></span> <span class='ocrx_word' id='word_1_843' title='bbox 2891 5054 3055 5119; x_wconf 88' lang='lat' dir='ltr'><strong>editi,</strong></span> <span class='ocrx_word' id='word_1_844' title='bbox 3104 5052 3549 5128; x_wconf 31' lang='lat' dir='ltr'><strong>abAepiscopatus</strong></span> 
     </span>
    </p>
   </div>
   <div class='ocr_carea' id='block_1_119' title="bbox 1946 5123 3543 5201">
    <p class='ocr_par' dir='ltr' id='par_1_119' title="bbox 1946 5123 3543 5201">
     <span class='ocr_line' id='line_1_122' title="bbox 1946 5123 3543 5201; baseline -0.006 -16"><span class='ocrx_word' id='word_1_845' title='bbox 1946 5132 2256 5195; x_wconf 77' lang='lat' dir='ltr'><strong>ambitione;</strong></span> <span class='ocrx_word' id='word_1_846' title='bbox 2286 5123 2433 5185; x_wconf 78' lang='lat' dir='ltr'><strong>Meri.</strong></span> <span class='ocrx_word' id='word_1_847' title='bbox 2458 5139 2624 5201; x_wconf 88' lang='lat' dir='ltr'><strong>atque</strong></span> <span class='ocrx_word' id='word_1_848' title='bbox 2652 5123 2907 5184; x_wconf 83' lang='lat' dir='ltr'><strong>omnibus</strong></span> <span class='ocrx_word' id='word_1_849' title='bbox 2941 5142 3072 5181; x_wconf 85' lang='lat' dir='ltr'><strong>mss.</strong></span> <span class='ocrx_word' id='word_1_850' title='bbox 3117 5123 3543 5201; x_wconf 79' lang='lat' dir='ltr'><strong>refragantibus.</strong></span> 
     </span>
    </p>
   </div>
   <div class='ocr_carea' id='block_1_120' title="bbox 1946 5197 3547 5272">
    <p class='ocr_par' dir='ltr' id='par_1_120' title="bbox 1946 5197 3547 5272">
     <span class='ocr_line' id='line_1_123' title="bbox 1946 5197 3547 5272; baseline -0.006 -15"><span class='ocrx_word' id='word_1_851' title='bbox 1946 5204 2134 5272; x_wconf 72' lang='lat' dir='ltr'><strong>Neque</strong></span> <span class='ocrx_word' id='word_1_852' title='bbox 2167 5220 2297 5256; x_wconf 78' lang='lat' dir='ltr'><strong>vero</strong></span> <span class='ocrx_word' id='word_1_853' title='bbox 2326 5197 2546 5256; x_wconf 37' lang='lat' dir='ltr'><strong>tantum’</strong></span> <span class='ocrx_word' id='word_1_854' title='bbox 2566 5203 2633 5255; x_wconf 88' lang='lat' dir='ltr'><strong>ab</strong></span> <span class='ocrx_word' id='word_1_855' title='bbox 2654 5203 2971 5271; x_wconf 81' lang='lat' dir='ltr'><strong>episcopatu</strong></span> <span class='ocrx_word' id='word_1_856' title='bbox 2999 5207 3218 5252; x_wconf 89' lang='lat' dir='ltr'><strong>arcetur</strong></span> <span class='ocrx_word' id='word_1_857' title='bbox 3245 5197 3547 5272; x_wconf 69' lang='lat' dir='ltr'><strong>Modestus,</strong></span> 
     </span>
    </p>
   </div>
   <div class='ocr_carea' id='block_1_121' title="bbox 1946 5267 3552 5345">
    <p class='ocr_par' dir='ltr' id='par_1_121' title="bbox 1946 5267 3552 5345">
     <span class='ocr_line' id='line_1_124' title="bbox 1946 5267 3552 5345; baseline -0.006 -16"><span class='ocrx_word' id='word_1_858' title='bbox 1946 5267 2056 5329; x_wconf 53' lang='lat' dir='ltr'><strong>scd&#39;</strong></span> <span class='ocrx_word' id='word_1_859' title='bbox 2094 5292 2123 5329; x_wconf 88' lang='lat' dir='ltr'><strong>a</strong></span> <span class='ocrx_word' id='word_1_860' title='bbox 2174 5273 2420 5345; x_wconf 89' lang='lat' dir='ltr'><strong>quolibet</strong></span> <span class='ocrx_word' id='word_1_861' title='bbox 2472 5276 2634 5329; x_wconf 88' lang='lat' dir='ltr'><strong>etiam</strong></span> <span class='ocrx_word' id='word_1_862' title='bbox 2682 5267 2889 5342; x_wconf 80' lang='lat' dir='ltr'><strong>gradu,</strong></span> <span class='ocrx_word' id='word_1_863' title='bbox 2938 5285 3109 5345; x_wconf 75' lang='lat' dir='ltr'><strong>quem</strong></span> <span class='ocrx_word' id='word_1_864' title='bbox 3146 5267 3390 5345; x_wconf 77' lang='lat' dir='ltr'><strong>nondum</strong></span> <span class='ocrx_word' id='word_1_865' title='bbox 3431 5272 3552 5345; x_wconf 76' lang='lat' dir='ltr'><strong>erat</strong></span> 
     </span>
    </p>
   </div>
   <div class='ocr_carea' id='block_1_122' title="bbox 1946 5335 3545 5415">
    <p class='ocr_par' dir='ltr' id='par_1_122' title="bbox 1946 5335 3545 5415">
     <span class='ocr_line' id='line_1_125' title="bbox 1946 5335 3545 5415; baseline -0.008 -15"><span class='ocrx_word' id='word_1_866' title='bbox 1946 5335 2205 5415; x_wconf 63' lang='lat' dir='ltr'><strong>adeptus,</strong></span> <span class='ocrx_word' id='word_1_867' title='bbox 2233 5357 2285 5400; x_wconf 83' lang='lat' dir='ltr'><strong>et</strong></span> <span class='ocrx_word' id='word_1_868' title='bbox 2317 5362 2379 5401; x_wconf 77' lang='lat' dir='ltr'><strong>ex</strong></span> <span class='ocrx_word' id='word_1_869' title='bbox 2414 5363 2520 5415; x_wconf 87' lang='lat' dir='ltr'><strong>quo</strong></span> <span class='ocrx_word' id='word_1_870' title='bbox 2548 5346 2612 5397; x_wconf 84' lang='lat' dir='ltr'><strong>ad</strong></span> <span class='ocrx_word' id='word_1_871' title='bbox 2646 5335 2994 5415; x_wconf 63' lang='lat' dir='ltr'><strong>cpiscoitatus</strong></span> <span class='ocrx_word' id='word_1_872' title='bbox 3025 5340 3237 5415; x_wconf 77' lang='lat' dir='ltr'><strong>apicem</strong></span> <span class='ocrx_word' id='word_1_873' title='bbox 3265 5335 3545 5415; x_wconf 65' lang='lat' dir='ltr'><strong>tendebat.</strong></span> 
     </span>
    </p>
   </div>
   <div class='ocr_carea' id='block_1_123' title="bbox 2026 5406 3549 5473">
    <p class='ocr_par' dir='ltr' id='par_1_123' title="bbox 2026 5406 3549 5473">
     <span class='ocr_line' id='line_1_126' title="bbox 2026 5406 3549 5473; baseline -0.011 1"><span class='ocrx_word' id='word_1_874' title='bbox 2026 5406 2134 5473; x_wconf 51' lang='lat' dir='ltr'><strong>i&#39;Iu</strong></span> <span class='ocrx_word' id='word_1_875' title='bbox 2188 5406 2325 5473; x_wconf 80' lang='lat' dir='ltr'><strong>edit.</strong></span> <span class='ocrx_word' id='word_1_876' title='bbox 2376 5406 2588 5472; x_wconf 77' lang='lat' dir='ltr'><strong>concil.</strong></span> <span class='ocrx_word' id='word_1_877' title='bbox 2640 5406 2696 5472; x_wconf 58' lang='lat'><strong>8:</strong></span> <span class='ocrx_word' id='word_1_878' title='bbox 2742 5414 2800 5470; x_wconf 92' lang='lat' dir='ltr'><strong>lu</strong></span> <span class='ocrx_word' id='word_1_879' title='bbox 2842 5406 3273 5470; x_wconf 65' lang='lat' dir='ltr'><strong>collectionibus</strong></span> <span class='ocrx_word' id='word_1_880' title='bbox 3320 5406 3549 5472; x_wconf 90' lang='lat' dir='ltr'><strong>lsidori,</strong></span> 
     </span>
    </p>
   </div>
   <div class='ocr_carea' id='block_1_124' title="bbox 1946 5477 3547 5561">
    <p class='ocr_par' dir='ltr' id='par_1_124' title="bbox 1946 5477 3547 5561">
     <span class='ocr_line' id='line_1_127' title="bbox 1946 5477 3547 5561; baseline -0.008 -16"><span class='ocrx_word' id='word_1_881' title='bbox 1946 5491 2182 5559; x_wconf 72' lang='lat' dir='ltr'><strong>Hispana</strong></span> <span class='ocrx_word' id='word_1_882' title='bbox 2216 5502 2270 5544; x_wconf 91' lang='lat' dir='ltr'><strong>et</strong></span> <span class='ocrx_word' id='word_1_883' title='bbox 2303 5490 2547 5561; x_wconf 84' lang='lat' dir='ltr'><strong>Dionysii</strong></span> <span class='ocrx_word' id='word_1_884' title='bbox 2571 5488 2878 5543; x_wconf 78' lang='lat' dir='ltr'><strong>exhibetur.</strong></span> <span class='ocrx_word' id='word_1_885' title='bbox 2904 5483 3061 5556; x_wconf 89' lang='lat' dir='ltr'><strong>Apud</strong></span> <span class='ocrx_word' id='word_1_886' title='bbox 3090 5483 3232 5536; x_wconf 88' lang='lat' dir='ltr'><strong>hunc</strong></span> <span class='ocrx_word' id='word_1_887' title='bbox 3263 5477 3547 5532; x_wconf 85' lang='lat' dir='ltr'><strong>decretum</strong></span> 
     </span>
    </p>
   </div>
   <div class='ocr_carea' id='block_1_125' title="bbox 1945 5561 3551 5632">
    <p class='ocr_par' dir='ltr' id='par_1_125' title="bbox 1945 5561 3551 5632">
     <span class='ocr_line' id='line_1_128' title="bbox 1945 5561 3551 5632; baseline -0.004 -15"><span class='ocrx_word' id='word_1_888' title='bbox 1945 5579 2106 5617; x_wconf 74' lang='lat' dir='ltr'><strong>xxxv:</strong></span> <span class='ocrx_word' id='word_1_889' title='bbox 2140 5561 2440 5617; x_wconf 87' lang='lat' dir='ltr'><strong>Innocentii</strong></span> <span class='ocrx_word' id='word_1_890' title='bbox 2472 5562 2801 5629; x_wconf 88' lang='lat' dir='ltr'><strong>appellatur.</strong></span> <span class='ocrx_word' id='word_1_891' title='bbox 2948 5626 2982 5632; x_wconf 89' lang='lat'><strong>__</strong></span> <span class='ocrx_word' id='word_1_892' title='bbox 3046 5627 3057 5632; x_wconf 91' lang='lat'><em>_</em></span> <span class='ocrx_word' id='word_1_893' title='bbox 3249 5619 3284 5632; x_wconf 57' lang='grc' dir='ltr'>η</span> <span class='ocrx_word' id='word_1_894' title='bbox 3459 5618 3473 5632; x_wconf 42' lang='grc' dir='ltr'>ι</span> 
     </span>
    </p>
   </div>
   <div class='ocr_carea' id='block_1_126' title="bbox 2022 5618 3553 5690">
    <p class='ocr_par' dir='ltr' id='par_1_126' title="bbox 2022 5618 3553 5690">
     <span class='ocr_line' id='line_1_129' title="bbox 2022 5618 3553 5690; baseline -0.006 -6"><span class='ocrx_word' id='word_1_895' title='bbox 2022 5634 2035 5684; x_wconf 89' lang='lat' dir='ltr'><strong>i</strong></span> <span class='ocrx_word' id='word_1_896' title='bbox 2078 5635 2153 5689; x_wconf 89' lang='lat' dir='ltr'><strong>Ita</strong></span> <span class='ocrx_word' id='word_1_897' title='bbox 2186 5644 2404 5689; x_wconf 84' lang='lat' dir='ltr'><strong>veteres</strong></span> <span class='ocrx_word' id='word_1_898' title='bbox 2447 5618 2576 5690; x_wconf 51' lang='lat' dir='ltr'><strong>co&#39;ll&#39;.</strong></span> <span class='ocrx_word' id='word_1_899' title='bbox 2636 5632 2797 5687; x_wconf 81' lang='lat' dir='ltr'><strong>DIOII.</strong></span> <span class='ocrx_word' id='word_1_900' title='bbox 2849 5637 2905 5685; x_wconf 88' lang='lat' dir='ltr'><strong>et</strong></span> <span class='ocrx_word' id='word_1_901' title='bbox 2946 5626 3113 5683; x_wconf 85' lang='lat' dir='ltr'><strong>Iladr.</strong></span> <span class='ocrx_word' id='word_1_902' title='bbox 3162 5619 3410 5677; x_wconf 66' lang='lat' dir='ltr'><strong>codices.</strong></span> <span class='ocrx_word' id='word_1_903' title='bbox 3447 5618 3553 5675; x_wconf 87' lang='lat' dir='ltr'><strong>Alii</strong></span> 
     </span>
    </p>
   </div>
   <div class='ocr_carea' id='block_1_127' title="bbox 1945 5703 3318 5775">
    <p class='ocr_par' dir='ltr' id='par_1_127' title="bbox 1945 5703 3318 5775">
     <span class='ocr_line' id='line_1_130' title="bbox 1945 5703 3318 5775; baseline 0.006 -17"><span class='ocrx_word' id='word_1_904' title='bbox 1945 5716 2150 5774; x_wconf 86' lang='lat' dir='ltr'><strong>autem,</strong></span> <span class='ocrx_word' id='word_1_905' title='bbox 2182 5703 2478 5759; x_wconf 81' lang='lat' dir='ltr'><strong>Florentio.</strong></span> <span class='ocrx_word' id='word_1_906' title='bbox 2644 5774 2647 5775; x_wconf 16' lang='grc' dir='ltr'><em>ν</em></span> <span class='ocrx_word' id='word_1_907' title='bbox 2894 5772 2920 5775; x_wconf 82' lang='lat'><strong><em>_</em></strong></span> <span class='ocrx_word' id='word_1_908' title='bbox 2974 5770 2984 5775; x_wconf 93' lang='lat'><strong>_</strong></span> <span class='ocrx_word' id='word_1_909' title='bbox 3048 5768 3061 5775; x_wconf 90' lang='lat'>_</span> 
     </span>
    </p>
   </div>
   <div class='ocr_carea' id='block_1_128' title="bbox 2020 5768 3554 5847">
    <p class='ocr_par' dir='ltr' id='par_1_128' title="bbox 2020 5768 3554 5847">
     <span class='ocr_line' id='line_1_131' title="bbox 2020 5768 3554 5847; baseline -0.01 -15"><span class='ocrx_word' id='word_1_910' title='bbox 2020 5777 2044 5816; x_wconf 73' lang='grc' dir='ltr'><strong>ι</strong></span> <span class='ocrx_word' id='word_1_911' title='bbox 2078 5768 2337 5847; x_wconf 63' lang='grc' dir='ltr'><strong>Ιιίκιιςὶο</strong></span> <span class='ocrx_word' id='word_1_912' title='bbox 2369 5791 2473 5831; x_wconf 86' lang='lat' dir='ltr'><strong>ms.</strong></span> <span class='ocrx_word' id='word_1_913' title='bbox 2500 5768 3110 5847; x_wconf 51' lang='lat' dir='ltr'><strong>Facitiensemmeinde</strong></span> <span class='ocrx_word' id='word_1_914' title='bbox 3130 5768 3366 5847; x_wconf 72' lang='lat' dir='ltr'><strong>paraectw</strong></span> <span class='ocrx_word' id='word_1_915' title='bbox 3391 5772 3554 5847; x_wconf 66' lang='lat' dir='ltr'><strong>voca-</strong></span> 
     </span>
    </p>
   </div>
   <div class='ocr_carea' id='block_1_129' title="bbox 1951 5834 3559 5920">
    <p class='ocr_par' dir='ltr' id='par_1_129' title="bbox 1951 5834 3559 5920">
     <span class='ocr_line' id='line_1_132' title="bbox 1951 5834 3559 5920; baseline -0.01 -16"><span class='ocrx_word' id='word_1_916' title='bbox 1951 5850 2177 5920; x_wconf 91' lang='lat' dir='ltr'><strong>bulum,</strong></span> <span class='ocrx_word' id='word_1_917' title='bbox 2206 5834 2313 5905; x_wconf 67' lang='lat' dir='ltr'><strong>non</strong></span> <span class='ocrx_word' id='word_1_918' title='bbox 2346 5849 2703 5905; x_wconf 82' lang='lat' dir='ltr'><strong>ecclesiarum</strong></span> <span class='ocrx_word' id='word_1_919' title='bbox 2742 5844 2973 5920; x_wconf 78' lang='lat' dir='ltr'><strong>plurium</strong></span> <span class='ocrx_word' id='word_1_920' title='bbox 3008 5834 3385 5920; x_wconf 62' lang='lat' dir='ltr'><strong>collectionem</strong></span> <span class='ocrx_word' id='word_1_921' title='bbox 3437 5834 3559 5920; x_wconf 81' lang='lat' dir='ltr'><strong>epi-</strong></span> 
     </span>
    </p>
   </div>
   <div class='ocr_carea' id='block_1_130' title="bbox 1950 5906 3561 5993">
    <p class='ocr_par' dir='ltr' id='par_1_130' title="bbox 1950 5906 3561 5993">
     <span class='ocr_line' id='line_1_133' title="bbox 1950 5906 3561 5993; baseline -0.01 -16"><span class='ocrx_word' id='word_1_922' title='bbox 1950 5937 2122 5993; x_wconf 82' lang='lat' dir='ltr'><strong>scopo</strong></span> <span class='ocrx_word' id='word_1_923' title='bbox 2147 5906 2474 5993; x_wconf 71' lang='lat' dir='ltr'><strong>subiectam,</strong></span> <span class='ocrx_word' id='word_1_924' title='bbox 2498 5934 2607 5989; x_wconf 93' lang='lat' dir='ltr'><strong>quo</strong></span> <span class='ocrx_word' id='word_1_925' title='bbox 2628 5906 2793 5974; x_wconf 77' lang='lat' dir='ltr'><strong>sensu</strong></span> <span class='ocrx_word' id='word_1_926' title='bbox 2816 5915 3008 5985; x_wconf 89' lang='lat' dir='ltr'><strong>priscis</strong></span> <span class='ocrx_word' id='word_1_927' title='bbox 3035 5906 3376 5978; x_wconf 86' lang='lat' dir='ltr'><strong>temporibus</strong></span> <span class='ocrx_word' id='word_1_928' title='bbox 3398 5906 3561 5977; x_wconf 73' lang='lat' dir='ltr'><strong>vulgo</strong></span> 
     </span>
    </p>
   </div>
  </div>
