4122 6346
580 312 690 374 607

1855 316 1917 374 S.
1961 313 2358 374 INNUCENTII
2398 316 2417 372 I
2456 316 2664 373 PAPA!
3747 325 3833 392 σοι

579 439 606 469 ⁸
637 433 917 493 dioecesim
943 451 972 492 a
1005 437 1304 509 majoribus
1326 434 1726 504 pertinentem,
1781 431 2055 488 invasisse
2088 441 2180 500 te,
2211 432 2262 495 Α
2289 442 2348 488 ιιι
2395 432 2485 503 qui
2529 432 2808 488 Christum
2859 431 3030 489 Deum
3079 448 3146 490 ex
3199 435 3378 491 Patris
3417 435 3706 497 substantia
3732 451 3841 502 ante

577 535 746 598 atque
799 529 912 586 illic
960 531 1144 586 divina
1187 529 1503 586 celebrasse
1544 525 1825 600 mysteria.
1874 525 2188 581 inconsulto

579 623 774 678 eodem
797 638 860 680 ac
889 626 1194 693 nesciente,
1222 639 1330 680 non
1352 624 1474 678 sine
1495 621 1693 677 dolore
1715 629 2052 691 conquestus
2078 629 2183 677 est.
2235 620 2247 631 '

581 715 740 786 Quod
769 719 812 774 si
845 735 1038 775 verum
1072 730 1178 787 est,
1233 735 1339 775 non
1374 717 1578 774 leviter
1606 726 1662 773 te
1689 716 1717 755 δ
1748 717 2046 772 incurrisse
2089 733 2186 773 co-

581 825 838 882 gnoscas.
890 813 1044 869 Unde
1069 814 1112 868 si
1138 813 1414 870 declinare
1435 812 1594 882 cupis
1624 819 1788 866 tanta:
1815 811 2187 881 usurpationis

587 903 890 973 invidiam,
939 907 1143 962 nostris
1188 907 1386 961 litteris
1439 905 1778 960 admonitum
1830 914 1881 960 te
1932 905 2189 961 convenit

583 996 886 1053 abSIinere.
929 998 1091 1054 Certe
1117 1000 1162 1054 si
1187 998 1394 1070 aliquid
1427 998 1522 1053 tibi
1555 999 1735 1054 credis
1753 997 1982 1068 justitiie
1997 998 2190 1054 suifra-

583 1091 722 1160 gari,
758 1091 983 1162 integris
1011 1092 1290 1159 omnibus,
1317 1101 1373 1146 et
1402 1093 1456 1147 in
1486 1092 1722 1162 pristino
1749 1100 1892 1146 statu
1917 1092 2188 1146 manenti-

582 1185 706 1254 bus,
737 1196 858 1256 post
886 1185 1005 1242 dies
1036 1187 1386 1243 venerabiles
1419 1187 1646 1242 Pascha:
1689 1187 1892 1242 adesse
1918 1185 2147 1241 debebis
2169 1230 2183 1254 ,

579 1286 638 1330 ut
663 1289 684 1315 ε
720 1279 1005 1334 memorati
1028 1281 1206 1350 possis
1233 1278 1636 1335 intentionibus
1665 1277 2036 1349 respondere:
2062 1292 2187 1348 par-

578 1371 830 1441 tibusque
889 1374 941 1427 iii
998 1371 1184 1428 medio
1232 1373 1556 1442 collocatis,
1595 1372 1726 1445 quid
1771 1371 2068 1442 antiquitas
2095 1380 2188 1426 ant

580 1463 786 1520 veritas
822 1464 1042 1535 habeat,
1069 1467 1452 1546 requiramus.
1564 1543 1565 1546 η

585 1631 588 1634 ἠ
1105 1543 1452 1618 Ειηδτοιλ
1477 1558 1504 1598 d
1534 1543 1670 1617 xu.

585 1651 654 1709 Ut
680 1652 991 1710 Laurentius
1016 1655 1288 1711 haereticos
1317 1655 1533 1711 Photini
1557 1673 1752 1712 venena
1774 1665 2026 1712 sectantes
2043 1666 2187 1710 curet

585 1750 588 1752 ·
1274 1729 1490 1801 expelli.

713 1845 1067 1902 INNOCENTIUS
1091 1845 1406 1902 LAUREN‘I‘IO
1434 1847 1694 1917 episcopo
1727 1856 1750 1883 ε
1781 1845 2062 1902 Seniensi.
2145 1895 2148 1898 .

590 1939 594 1942 ’
660 1937 759 1991 Diti
794 1939 973 1994 mirati
1001 1955 1192 1994 sumus
1213 1982 1227 2005 ,
1257 1940 1574 1996 dilectionis
1617 1950 1722 1995 tua:
1773 1940 1977 1996 litteris
2008 1938 2193 2005 lectis,

586 2016 892 2086 haereticos.
927 2031 1146 2087 Photini
1208 2049 1416 2088 venena
1470 2043 1748 2088 sectantes
1813 2033 1867 2088 in
1915 2033 2197 2088 territorio

587 2121 900 2178 dilectionis
933 2135 1036 2180 tua:
1065 2141 1174 2181 non
1223 2127 1399 2181 solum
1441 2141 1565 2182 esse
1587 2171 1600 2193 ,
1634 2125 1728 2181 sed
1759 2134 1815 2181 et
1841 2125 2062 2196 publice
2090 2124 2195 2180 sibi

588 2207 970 2272 conventicula
995 2218 1047 2273 in
1070 2218 1377 2290 aliquorum
1401 2219 1846 2290 possessionibus
1861 2235 2191 2289 praeparare;

587 2293 714 2384 cum
761 2303 980 2384 de'toto
1021 2326 1161 2381 pene
1187 2312 1321 2368 orbe
1356 2328 1623 2383 nusquam
1656 2323 1765 2368 tam
1798 2312 1982 2378 multi,
2032 2328 2193 2381 quam

590 2402 738 2470 'apnd
785 2418 919 2468 vos,
963 2404 1273 2475 delegerint
1319 2405 1884 2483 habitare..Qnornm
1932 2406 2199 2462 doctrinae

587 2494 818 2573 nefaria:
865 2508 1058 2553 auctor
1100 2499 1348 2568 Marcus,
1410 2499 1617 2556 dudum
1665 2501 1734 2556 de
1788 2501 1934 2557 Urbe
1982 2485 2196 2571 pulsus,

591 2589 917 2643 temeritatis
956 2598 1121 2645 tantm
1164 2591 1360 2646 ductus
1409 2602 1494 2647 est
1539 2591 1798 2660 audacia,
1853 2602 1911 2646 ut
1962 2594 2199 2663 primunt

593 2679 698 2755 sibi
742 2680 883 2748 inter
925 2697 1023 2737 eos
1072 2682 1313 2738 vindicet
1342 2684 1546 2740 locum.
1577 2685 1683 2740 Sed
1717 2701 1784 2740 ne
1824 2676 2199 2742 ulterius-Vde-

586 2771 890 2828 bacchandi
916 2773 1149 2830 habeant
1167 2775 1507 2842 facultatem,
1540 2786 1598 2832 et
1621 2779 1834 2834 animas
1858 2779 2194 2849 simplicium

589 2881 655 2920 ac
688 2867 707 2905 ί
743 2869 1143 2924 rusticanorum
1175 2885 1357 2925 secum
1381 2870 1436 2924 in
1465 2871 1802 2942 gehennam,
1833 2872 1919 2926 cui
1945 2873 2197 2927 tlestinati

591 2972 738 3030 sunt,
775 2963 1015 3030 trahant,
1050 2976 1228 3020 actum
1278 2975 1363 3021 est
1402 2967 1667 3023 adversus
1697 2984 1795 3024 eos
1827 2985 1854 3021 a
1886 2978 1910 3015 ε
1937 2967 2193 3024 defenso-

590 3055 740 3111 ribus
772 3055 1031 3114 Ecclesiae
1063 3071 1296 3126 nostrae,
1326 3074 1434 3131 quo
1477 3075 1574 3117 eos
1618 3063 1831 3131 possint
1863 3057 2151 3133 expellere
2180 3081 2190 3114 :

2289 526 2491 581 smeiila
2523 536 2720 596 negant
2751 526 3030 597 genitum,
3083 527 3137 582 hi
3185 543 3308 584 cum
3351 531 3576 598 Judmis,
3619 535 3702 605 qui
3744 539 3845 604 ejus

2288 617 2549 674 deitatem
2579 633 2939 689 negaverunt,
2969 630 3024 676 et
3053 637 3198 678 nunc
3223 638 3392 693 usque
3416 634 3630 696 negant.
3655 629 3848 696 partici-

2290 709 2438 779 pium
2466 711 2706 766 habeant
2735 712 3126 768 damnationis.
3157 715 3330 770 Tuum
3362 730 3468 781 est,
3494 720 3654 773 frater
3670 719 3850 778 charis-

2290 801 2446 868 sime,
2482 813 2916 875 quaeipriecepta
2967 815 3144 874 sunt,
3174 824 3281 863 non
3334 811 3553 881 segnius
3582 827 3766 881 agere:
3793 831 3851 873 ne

2292 895 2502 964 plebem
2553 898 2644 951 tibi
2694 898 2958 954 creditam
3008 901 3445 960 dissimulatione
3485 904 3758 976 deperdas,
3804 919 3852 966 et

2292 988 2518 1059 incipias
2554 992 2661 1047 Deo
2691 993 2760 1048 de
2781 995 3014 1064 perditis
3045 996 3279 1054 reddere
3311 999 3601 1055 rationem.

2829 1109 3166 1168 EPISTOLA
3198 1111 3360 1168 XLII.

2278 1211 2392 1253 seu
2447 1214 2792 1257 LITTERABUII
2859 1218 3073 1260 PELAGII
3126 1221 3193 1260 AD
3262 1222 3437 1261 rarus
3501 1207 3857 1279 INNOCBNTIUI,

2287 1301 2291 1306 ·
2364 1285 2494 1325 Ροςτ
2526 1287 2743 1327 IIOII'I'EM
2772 1290 2925 1340 ειυς,
2960 1292 3057 1330 εει)
3087 1292 3195 1332 CUI!
3227 1293 3334 1333 EUII
3365 1295 3675 1336 DEFUNCTUII
3701 1297 3859 1338 κεδαι-

2292 1411 2296 1414 .
2365 1358 2487 1409 κετ,
2503 1358 2853 1417 νεεῐιιΡτΑκυι
2885 1363 3228 1405 FRAGIIBNTA.

2366 1457 2417 1512 ‘I.
2450 1455 2518 1510 In
2546 1458 2648 1525 his,
2685 1469 2808 1514 teste
2835 1460 3130 1534 Anguslino
3154 1463 3172 1532 (
3194 1462 3404 1519 Lib.'de
3433 1463 3618 1520 Gratia
3659 1463 3872 1536 Christi,_

2290 1565 2338 1604 c.
2385 1550 2502 1624 50),
2550 1551 2799 1626 Pelagius
2823 1553 2986 1621 dicit,
3019 1571 3142 1612 esse
3170 1556 3239 1613 de
3269 1558 3465 1628 quibus
3493 1577 3611 1616 eum
3641 1559 3862 1619 homines

2293 1644 2560 1702 infamare
2613 1660 2939 1704 conantur:
2989 1667 3196 1721 unum,
3245 1653 3390 1724 quod
3444 1663 3604 1725 neget
3653 1655 3863 1725 parvulis

2292 1739 2545 1810 baptismi
2602 1753 3040 1808 sacramentum,
3121 1756 3177 1801 et
3246 1749 3478 1818 absque
3523 1746 3866 1818 redemptione

2226 1838 2270 1898 Β
2296 1833 2503 1889 Christi
2548 1835 2821 1902 aliquibus
2864 1839 3129 1893 etelorum
3161 1855 3323 1911 regna
3368 1841 3684 1912 promittat:
3715 1842 3865 1910 aliud,

2300 1926 2444 1996 quod
2490 1929 2562 1983 ita
2609 1929 2754 1984 dicat
2802 1945 2964 2000 posse
2994 1931 3274 2006 hominem
3305 1932 3480 1988 vitare
3506 1941 3787 2004 peccatum,
3813 1943 3900 1990 utr

2301 2020 2396 2078 Dei
2449 2023 3009 2090 excludatauxiliiun,
3045 2036 3103 2082 et
3132 2027 3184 2083 in
3220 2035 3428 2082 tantum
3460 2027 3634 2084 libero
3657 2027 3872 2084 confidat

2299 2114 2549 2184 arbitrio,
2587 2125 2644 2170 ut
2674 2118 2864 2187 gratias
2897 2119 3144 2188 repudiet
3174 2118 3532 2190 adjutorium.
3643 2171 3650 2176 .

2292 2265 2298 2269 _
2370 2207 2426 2262 2.
2465 2206 2804 2280 Prosequitur
2842 2211 3165 2284 Augustinus
3189 2211 3388 2285 (lbid.,
3429 2229 3477 2268 c.
3505 2213 3748 2283 3i):His
3765 2232 3873 2270 cum

2303 2303 2583 2357 invidiosus
2611 2305 2674 2358 de
2708 2305 2936 2358 inimicis
2983 2307 3090 2360 suis
3133 2308 3492 2363 admisi-uisset
3532 2310 3774 2375 querelas,
3809 2309 3874 2364 ad

2301 2413 2410 2452 rent
2443 2399 2513 2451 ita
2539 2399 2706 2477 venit:
2732 2398 2873 2453 Ecce
2902 2399 3043 2469 apud
3067 2399 3459 2456 beatitudinem
3494 2412 3638 2457 tuam
3667 2402 3876 2474 epistola

2297 2492 2405 2568 ista
2455 2508 2542 2548 me
2592 2503 2818 2562 purget,
2854 2493 2905 2547 in
2938 2509 3041 2565 qua
3075 2510 3211 2564 pure
3257 2505 3422 2567 atque
3465 2496 3772 2566 simpliciter
3809 2494 3876 2551 ad

2307 2585 2636 2655 peccandum
2669 2595 2723 2640 et
2753 2585 2819 2640 ad
2854 2601 2962 2641 non
2996 2588 3330 2656 peccandum
3364 2590 3637 2660 integrum
3665 2589 3873 2645 liberum

2305 2683 2588 2736 arbitrium
2644 2682 2844 2737 habere
2895 2697 2994 2736 nos
3042 2683 3311 2751 dicimus,
3345 2684 3502 2754 quod
3553 2687 3603 2740 in
3648 2685 3879 2740 omnibus

2305 2776 2463 2832 bonis
2494 2776 2752 2847 operibus
2784 2775 2967 2831 divino
2994 2776 3286 2846 adjuvatur
3308 2794 3530 2849 semper
3557 2780 3774 2835 auxilio.

2373 2871 2427 2925 5.
2466 2869 2686 2934 Deinde,
2712 2870 2879 2940 inquit
2909 2870 3232 2944 Augustinus
3264 2869 3478 2944 (Ibid.),
3505 2889 3619 2926 cum
3643 2873 3704 2927 de
3724 2871 3875 2926 homi-

2302 2966 2381 3018 nis
2409 2965 2723 3025 conditione,
2759 2972 2804 3017 et
2833 2962 2902 3015 ad
2927 2965 3241 3032 peccandum
3271 2976 3426 3035 atque
3451 2981 3556 3018 non
3583 2963 3882 3034 peccandum

2303 3055 2532 3112 naturali
2554 3059 2666 3130 ejus
2694 3053 3039 3128 possibilitate
3067 3056 3308 3127 quwdant
3341 3057 3757 3130 interposuisset,
3791 3057 3879 3108 ad-

588 3228 887 3314 aee‘ipitur,
921 3239 1015 3295 sed
1045 3241 1334 3314 ecclesiam
1367 3243 1700 3309 singularem
1734 3242 1824 3297 ιιιιί
1861 3241 2186 3314 presbytero
2217 3239 2261 3302 C
2293 3237 2524 3314 scripta,
2557 3252 2680 3314 cum
2719 3237 2773 3290 in
2806 3236 3062 3314 omnibus
3091 3252 3221 3314 ms_s.
3262 3248 3373 3293 tum
3419 3239 3479 3314 in
3523 3241 3714 3308 priscis
3757 3240 3878 3298 edit.

590 3309 1066 3386 addictanrsoiiat.
1095 3313 1297 3368 Eodem
1334 3315 1619 3370 intellectu
1648 3325 1702 3370 et
1723 3309 1885 3386 supra
1908 3309 2072 3385 episi.
2093 3314 2184 3378 “23',

593 3397 646 3434 ii.
681 3381 743 3456 8ἓ
769 3385 839 3436 ali
869 3383 1184 3439 Innocentio
1215 3387 1334 3454 ipso
1363 3398 1682 3456 usurpatur.

660 3463 686 3489 τι
720 3454 912 3510 Pasch.
944 3456 1269 3523 Quesnellus
1297 3460 1348 3512 in
1374 3474 1388 3512 ι
1411 3454 1611 3514 Leonis
1633 3459 1946 3526 epistolam,
1979 3465 2094 3512 not.
2130 3455 2186 3522 4,

595 3540 694 3596 pro
725 3538 874 3582 certo
899 3542 1103 3596 ponens
1127 3545 1313 3584 vocem
1342 3546 1601 3586 utmcesis
1625 3533 1709 3585 vix
1739 3532 1844 3585 illis
1871 3531 2191 3595 temporibus

591 3595 842 3667 (Leonis)
876 3595 980 3652 esse
1033 3599 1290 3665 prolatam
1336 3619 1367 3654 (ι
1414 3601 1664 3656 Romanis
1713 3601 1789 3656 vel
1836 3601 2189 3656 Orientalium

591 3669 819 3738 partium
849 3669 1104 3744 episcopis
1145 3689 1237 3742 pro
1275 3673 1522 3740 parochia
1555 3673 1862 3739 provinciali
1893 3675 2051 3728 alicui
2079 3677 2189 3744 cpi-

593 3755 746 3814 scupo
775 3743 1005 3812 subjecta
1027 3784 1042 3805 ,
1077 3742 1222 3797 hunc
1253 3746 1359 3798 sibi
1392 3745 1582 3810 objicit
1627 3745 1928 3800 [Innocentii
1975 3742 2150 3800 loouin
2173 3791 2186 3814 ,

595 3812 854 3888 ilicoque
885 3815 987 3888 sibi
1040 3814 1209 3888 videri
1257 3819 1364 3888 ait,
1409 3831 1581 3869 vorem
1623 3818 1857 3871 diircesis
1908 3819 2048 3870 sumi
2096 3812 2191 3888 pro

592 3880 1058 3947 administratione,
1106 3886 1232 3958 licet
1275 3887 1416 3941 hanc
1461 3903 1550 3951 eo,
1599 3905 1705 3958 quo
1750 3905 1892 3944 nunc
1935 3880 2193 3955 frequens

592 3962 834 4030 est,__tisu
863 3967 917 4008 et
951 3970 1077 4030 I_nnc
1105 3957 1270 4021 Afris,
1298 3968 1352 4014 et
1381 3970 1502 4030 post
1522 3957 1721 4014 Leonis
1752 3973 1998 4030 tempora
2023 3961 2193 4015 Gallis

595 4023 920 4102 familiarem
954 4027 1120 4102 fuisse
1155 4023 1410 4086 fateatur.
1447 4039 1515 4087 At.
1547 4048 1668 4086 cum
1697 4023 1997 4102 dimeeses,
2034 4044 2193 4100 prout

591 4093 714 4172 {lucc
757 4113 857 4152 vos
905 4099 1434 4159 administrationem
1489 4116 1668 4172 sonat,
1718 4107 1838 4159 dua:
1885 4093 2091 4158 taninin
2140 4107 2191 4158 in

596 4165 744 4220 Italia
777 4179 904 4224 tunc
933 4181 1152 4239 ιξεηριιι,
1199 4175 1439 4229 ltomana
1489 4165 1731 4236 scilicet.
1779 4179 1864 4232 cui
1911 4177 2195 4230 Romanus

603 4253 834 4308 praeerat
865 4245 1114 4306 antistes,
1145 4253 1201 4299 et
1221 4245 1404 4301 Italica
1425 4289 1439 4310 ,
1472 4264 1594 4313 qua:
1638 4247 2033 4303 Mediolanensi
2080 4250 2196 4314 epi-

591 4327 756 4386 §_cnno
779 4317 1032 4383 suberat,
1066 4334 1131 4370 eo
1166 4319 1448 4373 intellectu
1480 4318 1818 4373 Nomentana
1855 4319 2092 4386 pariecia
2126 4319 2192 4372 ad

595 4379 824 4439 Romani
871 4379 1157 4450 antistitis.
1206 4406 1313 4444 non
1341 4391 1408 4444 ad
1442 4390 1562 4446 Ursi
1595 4401 1690 4444 aut
1717 4379 2018 4445 Florennni
2052 4390 2193 4443 dioe-

594 4458 762 4509 cesim
818 4458 1146 4531 pertinebat.
1196 4463 1300 4516 Sed
1351 4473 1401 4514 et
1452 4463 1708 4518 dimcesis
1738 4464 2061 4516 vocabulum
2099 4478 2196 4531 pro

597 4530 876 4582 territorio
907 4532 1204 4597 episcopali
1245 4534 1312 4586 ab
1359 4533 1544 4588 llilaro
1590 4534 1809 4589 Leonis.
1838 4530 2191 4596 successore,

599 4609 649 4670 ill
676 4609 725 4652 et
759 4616 786 4650 ξι
809 4600 1050 4664 Gelasio,
1069 4601 1294 4670 Vigilio,
1312 4615 1782 4670 etc.,u.~'itt'patnm
1800 4605 1968 4658 visuri
1986 4619 2194 4658 sumtis.

598 4667 744 4745 Ideni
776 4673 894 4736 ejus
925 4689 1054 4745 usus
1093 4667 1179 4727 est
1227 4667 1339 4727 tum
1390 4674 1443 4727 in
1495 4667 1778 4745 Augustini
1810 4676 2045 4742 epistola
2070 4675 2194 4740 20:9,

600 4756 654 4793 ιι.
691 4740 743 4798 8.
782 4753 892 4794 tum
924 4745 976 4797 in
1007 4743 1089 4797 his
1112 4746 1330 4800 concilii
1361 4740 1606 4799 Toletani
1641 4762 1680 4801 ι.
1712 4740 1958 4800 οειιιζῖοε
1990 4745 2198 4800 Placuit

599 4810 787 4890 ali/1‘06
826 4813 908 4865 die
940 4815 1142 4868 nullum
1190 4816 1389 4880 alium,
1431 4818 1542 4890 nisi
1587 4819 1918 4890 episcopum,
1974 4819 2199 4873 chrisma

601 4883 885 4957 conﬁgere,
910 4896 956 4939 et
984 4903 1073 4957 per
1102 4902 1371 4943 DKECESIM
1405 4883 1686 4943 destinare.

676 4952 701 4990 δ
729 4952 996 5010 Crabbins
1037 4959 1105 5011 de
1153 4975 1252 5013 suo
1293 4959 1380 5014 hic
1409 4959 1621 5014 addidit
1663 4961 1904 5028 culpant:
1929 4974 2050 5028 qua:
2098 4977 2200 5016 vox

607 5038 947 5101 nequaquam
978 5045 1078 5082 non
1111 5029 1314 5097 leriter,
1360 5033 1454 5086 sed
1505 5049 1608 5085 non
1657 5034 1815 5087 levem
1866 5034 2198 5101 postulabat.

608 5095 790 5173 Neque
821 5109 1011 5173 tamen~
1032 5111 1217 5168 postea
1242 5095 1539 5173 castigatus
1567 5104 1686 5159 fuit.
1731 5095 1903 5160 Porro
1935 5106 2199 5159 incurrere

607 5178 656 5220 et
690 5166 951 5246 o/[endere
973 5166 1154 5226 'I‘t'illio
1183 5166 1482 5246 syiitiiiyiiia
1512 5189 1658 5231 sunt.

683 5250 703 5277 ε
742 5241 910 5306 Editi,
947 5255 1067 5310 post
1097 5241 1285 5313 (3min,
1319 5241 1636 5302 niemoratis.
1668 5247 2004 5303 Concinnins
2043 5247 2198 5302 Merl.

606 5321 662 5365 οἰ
691 5328 821 5368 mss.
856 5317 1159 5380 memorati,
1215 5318 1336 5371 scil.
1385 5319 1525 5374 Ursi.
1583 5320 1790 5375 Deinde
1834 5319 2201 5374 intentionibus

607 5383 657 5438 id
687 5393 771 5439 est
801 5388 944 5456 quod
971 5390 1424 5456 expostulationi.
1473 5392 1683 5461 Quippe
1714 5393 1954 5459 antiquis
1989 5393 2203 5446 intentio

605 5471 705 5530 pro
733 5461 1109 5530 controversia
1140 5468 1196 5514 et
1221 5463 1664 5530 expostulatione
1713 5479 1811 5518 seu
1861 5463 1956 5518 lite
1999 5465 2203 5518 intenta

607 5527 890 5585 familiaris
915 5540 1020 5585 est.

595 5646 597 5648 .
630 5671 640 5676 _
677 5599 704 5636 ά
735 5602 791 5656 in
821 5602 954 5658 edit.
987 5604 1199 5659 Concil.
1228 5603 1317 5660 ΞΟ.
1363 5604 1547 5659 Trium
1581 5620 1676 5660 seu
1719 5617 1955 5676 quatuor
1999 5607 2203 5661 collec-

607 5671 815 5746 tiontim
847 5676 1045 5746 sa~pius
1089 5679 1492 5730 notninatarum
1537 5693 1642 5742 ope
1687 5671 1752 5732 ad
1796 5695 1895 5736 nos
1929 5681 2200 5746 pervenit.

607 5744 762 5809 Apud
823 5744 1134 5818 Dionysium
1197 5756 1533 5818 prienotatnr
1571 5748 1870 5805 Innocentii
1911 5744 2198 5805 decretum

607 5828 726 5890 ηις
757 5819 819 5870 de
835 5815 1160 5885 Bonosiaris,
1181 5815 1320 5890 quod
1337 5817 1540 5881 Jitdwis
1561 5821 1664 5874 sint
1687 5823 2042 5883 comparandi.
2067 5822 2200 5887 Qua:

600 5889 812 5944 summa
841 5892 1040 5947 estinde
1063 5893 1132 5945 ab
1158 5889 1279 5947 aliis
1311 5902 1581 5948 canonum
1615 5895 2062 5962 compilatoribns
2099 5909 2194 5945 οι(-

2226 4640 2280 4700 D

2293 3309 2509 3367 Concil.
2541 3323 2605 3362 ac
2646 3309 2804 3362 Rom.
2852 3309 3109 3363 obtinuit.
3156 3309 3326 3366 Immo
3367 3327 3434 3366 ex
3468 3311 3568 3367 hac
3594 3329 3794 3368 sinnma
3836 3320 3884 3367 et

2293 3383 2467 3436 altera
2491 3381 2796 3444 superioris
2825 3381 3072 3447 epistolae
3098 3381 3163 3436 16
3189 3383 3350 3436 simul
3377 3385 3652 3452 copulatis
3678 3388 3885 3439 Cresco-

2295 3455 2419 3510 nius
2462 3452 2717 3507 bresiarii
2765 3453 2848 3506 sui
2881 3452 3180 3518 capitulum
3231 3455 3300 3509 58
3351 3455 3610 3510 c0nﬂavit
3661 3458 3713 3512 in
3760 3457 3885 3510 hunc

2295 3525 2516 3582 modum
2543 3542 2555 3577 :
2590 3525 2663 3576 l)e
2691 3521 2997 3595 B_onosiaris
3043 3523 3336 3591 lia'reticis,
3388 3530 3529 3595 quod
3557 3526 3758 3583 Juda'is
3795 3529 3884 3582 sint

2295 3596 2654 3670 comparandi.
2705 3593 2775 3648 Et
2828 3594 2898 3670 de
2937 3596 3282 3667 suscipiendis
3326 3593 3556 3662 clericis,
3599 3617 3724 3666 quos
3766 3601 3885 3653 idem

2297 3669 2532 3723 Bonosus
2560 3676 2838 3737 antequam
2867 3669 3204 3720 damnaretur
3234 3672 3514 3724 ordinarii.
3565 3670 3646 3726 Ex
3687 3671 3886 3725 decretis

2296 3757 2448 3812 papa!
2483 3739 2879 3812 Innocentiitit.
2911 3755 3037 3792 xuii
3069 3751 3122 3792 et
3151 3757 3201 3794 ι..
3248 3739 3384 3796 Hinc
3415 3744 3638 3805 factum,
3680 3756 3738 3798 ut
3767 3743 3886 3798 Mer-

2296 3809 2439 3867 linus
2469 3815 2744 3879 geminum
2786 3809 2937 3863 illum
2972 3812 3188 3864 tiinlnin
3223 3815 3468 3879 epi~tol.ts
3503 3817 3627 3868 hnit:
3659 3817 3886 3882 prierint-

2299 3895 2441 3958 tens,
2475 3885 2815 3958 superiorem
2846 3883 3128 3958 epislolam
3157 3883 3246 3949 16,
3272 3893 3554 3958 tamquam
3583 3887 3742 3956 hujus
3763 3886 3890 3958 rapi-

2299 3951 2793 4026 tulum'seeundum
2820 3955 2874 4026 ei
2915 3955 3233 4020 subiecerit.
3271 3951 3470 4010 Bnnosi
3500 3951 3722 4026 quidem
3758 3951 3886 4012 Plio—

2299 4030 2522 4097 tinique.
2552 4035 2610 4078 ut
2633 4024 2834 4094 praevio
2863 4024 2913 4078 in
2939 4026 3223 4094 epistolam
3251 4027 3284 4081 9
3306 4027 3485 4082 Siricii
3520 4024 3724 4084 Monito
3748 4047 3797 4082 ιι.
3839 4029 3886 4093 7,

2299 4099 2726 4158 obs-ervavimns,
2764 4097 2959 4150 affines
3008 4110 3164 4151 erant
3217 4099 3494 4164 hmreses;
3543 4102 3679 4156 nihil
3723 4113 3886 4156 tamen

2298 4184 2380 4226 est
2409 4186 2505 4222 cur
2531 4185 2560 4222 a
2589 4169 2763 4222 littera
2796 4169 3145 4222 discedamus
3172 4173 3420 4239 epistola:
3449 4183 3674 4238 nostra',
3714 4174 3764 4227 in
3796 4185 3887 4240 qua

2298 4253 2633 4296 sectatorum
2667 4240 2905 4302 I'hotini,
2944 4258 3048 4292 non
3103 4241 3341 4308 Bonosi,
3393 4246 3603 4300 mentio
3642 4245 3889 4298 occurrit.

2299 4315 2470 4369 Immo
2497 4316 2540 4365 si
2573 4311 2640 4363 ad
2675 4312 2997 4367 Seniensem
3029 4313 3082 4365 in
3114 4314 3356 4380 Croaiia,
3387 4330 3485 4370 seu
3511 4358 3526 4381 ,
3561 4329 3618 4370 ut
3648 4318 3778 4371 olim
3810 4331 3892 4367 vo.

2299 4387 2517 4450 cabant,
2552 4385 2602 4439 in
2628 4383 2911 4445 Liburnia,
2946 4399 3050 4437 non
3092 4384 3156 4437 ad
3195 4385 3495 4441 Senenseui
3551 4389 3602 4441 in
3653 4387 3890 4443 lletrnria

2301 4459 2616 4525 episcopum
2651 4454 2767 4508 lizrc
2815 4456 3046 4524 epistola
3098 4459 3303 4523 scripta
3341 4469 3444 4516 est.
3501 4459 3748 4521 Photini,
3798 4472 3892 4512 non

2303 4527 2757 4583 Bonosiasset-las
2785 4527 2834 4580 in
2861 4544 2922 4580 ea
2950 4529 3124 4580 notari
3147 4538 3298 4582 extra
3319 4530 3755 4586 controversiam
3778 4531 3891 4584 erit.

2304 4601 2579 4654 Przeterea
2626 4597 2918 4652 Photinnm
2943 4639 2958 4664 ,
3011 4615 3132 4653 cum
3179 4599 3362 4655 Sirtnii
3397 4603 3448 4655 in
3483 4603 3787 4662 Pannonia.
3818 4599 3894 4654 cui

2305 4671 2561 4744 Liburnia
2590 4671 2766 4724 vicina
2801 4681 2904 4737 est,
2937 4671 3228 4744 episcopus
3257 4683 3426 4737 esset,
3451 4677 3763 4744 provincias
3785 4673 3892 4727 illas

2307 4743 2533 4797 hieresis
2561 4757 2914 4812 sinevenenn
2943 4742 3199 4796 iniecisse
3224 4760 3387 4798 nemo
3417 4742 3656 4812 ignorat.
3677 4746 3894 4800 Dcmnin

2305 4815 2625 4890 Innocentio
2667 4811 2735 4890 de
2771 4815 2960 4890 lia-resi
3011 4829 3192 4890 sermo
3233 4829 3348 4890 est.
3403 4835 3568 4884 quam
3624 4829 3740 4890 toto,
3782 4831 3895 4890 pene

2307 4889 2426 4940 orbe
2453 4886 2863 4940 disseminatum
2889 4887 3083 4950 innuit,
3111 4889 3256 4955 quod
3290 4903 3424 4942 sane
3453 4891 3504 4942 in
3529 4886 3894 4944 Photinianam

2306 4959 2500 5028 magis,
2530 4975 2690 5026 quatit
2727 4958 2778 5010 in
2815 4958 3170 5012 Bonosiacain
3196 4974 3388 5014 recens
3425 4961 3675 5016 obortam
3708 4976 3895 5017 conve-

2307 5034 2406 5084 nit.
2457 5031 2801 5104 Ejtts‘atlletn
2837 5030 3081 5095 haeresis,
3114 5046 3274 5104 quam
3296 5030 3660 5104 Innocentius
3691 5032 3893 5104 arguit,

2303 5111 2484 5156 auctor
2506 5101 2705 5156 dicitur
2730 5100 2966 5164 Marciis,
2993 5118 3098 5154 non
3123 5103 3245 5170 quia
3274 5103 3426 5156 illam
3448 5100 3788 5174 exeogitarii,
3811 5103 3896 5158 sed

2303 5175 2768 5246 quiaseduliorem
2784 5175 2834 5226 in
2849 5189 2910 5228 ea
2931 5175 3270 5246 propaganda
3282 5186 3507 5240 Operam
3523 5193 3636 5246 prae
3651 5194 3707 5229 se.
3723 5175 3893 5230 ferret.

2380 5256 2402 5320 (ξ
2435 5245 2728 5320 l_n_aliq_uot
2755 5261 2914 5310 inss.,
2943 5245 3390 5320 SiniensiLApud
3413 5245 3570 5320 Meri.
3595 5291 3608 5307 .
3645 5247 3894 5320 ngensi.

2385 5315 2402 5354 ί
2439 5316 2587 5372 Etlit.
2614 5317 2797 5378 Rom,
2823 5318 3156 5371 rusticomm.
3195 5318 3417 5372 Rectius
3449 5319 3541 5373 alii
3575 5315 3722 5383 libri.
3753 5317 3896 5372 rusti-

2309 5404 2604 5444 canorum:
2649 5405 2755 5457 qua
2783 5405 2914 5443 voce
2958 5405 3063 5443 non
3107 5392 3248 5443 ruris
3282 5390 3497 5459 incolae,
3531 5392 3626 5447 sed
3661 5392 3895 5446 homines

2309 5462 2576 5517 doctrina:
2606 5471 2860 5528 expertes
2887 5461 3264 5528 designantur.

2385 5543 2409 5578 ε
2447 5534 2804 5587 Defensorutn
2831 5532 3079 5587 ecclesia:
3109 5537 3264 5588 lloni.
3302 5549 3499 5588 nomen
3533 5550 3596 5589 ac
3636 5548 3834 5587 munus
3860 5530 3898 5586 si

2311 5607 2450 5660 bene
2473 5605 2721 5668 memini,
2751 5620 2896 5658 nunc
2925 5609 3157 5674 primum
3199 5607 3250 5658 in
3294 5608 3540 5674 epistolis
3569 5619 3898 5660 summorum

2308 5678 2626 5748 pontificum
2663 5677 3302 5748 memoratumlegimus.
3336 5678 3442 5732 Sed
3478 5695 3583 5732 non
3609 5679 3674 5730 d.~
3698 5693 3763 5730 eo
3787 5692 3898 5728 ntu-

2308 5747 2438 5803 nere
2466 5759 2523 5801 tit
2546 5762 2736 5802 recens
2758 5748 3005 5802 instituto
3024 5747 3376 5803 Innocentius
3401 5751 3662 5819 loquitur.
3681 5751 3901 5804 Eorum-

2305 5820 2432 5874 dem
2467 5821 2674 5873 mentio
2706 5821 2773 5872 ad
2803 5819 3009 5876 calcem
3042 5822 3290 5884 epistolae
3314 5819 3369 5888 9,
3407 5820 3610 5876 Zosimi
3635 5822 3699 5876 ad
3731 5819 3897 5887 Hesy-

2305 5892 2489 5946 cliittin
2523 5904 2789 5947 recitrreti
3115 5961 3118 5965 Ι
3883 5914 3887 5919 .
