4122 6346
230 306 332 365 609

1444 291 1744 355 EPISTOL.
1758 298 1799 352 Ε
1841 297 1927 354 ET
1969 294 2309 355 DECRETA.

3414 308 3520 367 610

221 418 428 495 junxit:
458 416 635 485 Quam
686 414 840 471 liberi
886 413 1098 470 arbitrii
1141 421 1471 486 potestatem
1504 416 1732 471 dicimus
1764 416 1819 471 in
1848 418 1900 478 Α
1999 416 2055 472 5.
2087 415 2196 473 Sed
2220 426 2274 471 et
2303 415 2373 472 ab
2396 414 2692 472 hislitteris
2720 415 2787 471 ad
2816 415 2942 472 ﬁdei
2975 432 3086 473 suae
3111 417 3334 489 librum,
3359 438 3521 493 quem

230 511 474 569 Omnibus
506 524 631 565 esse
656 508 1007 579 generaliter,
1037 510 1088 562 in
1113 508 1465 575 Christianis,
1511 511 1562 564 in
1612 509 1820 565 Judazis

230 611 381 673 atque
420 600 752 657 Gentilibus.
785 599 841 654 Io
874 600 1126 656 omnibus
1148 609 1233 657 est
1261 601 1488 657 liberum
1531 602 1819 658 arbitrium

227 693 501 767 aequaliter
542 711 645 765 per
686 704 969 749 naturam:
1004 694 1098 751 sed
1128 696 1182 751 it.
1213 697 1345 752 solis
1374 695 1703 752 Christianis
1734 696 1824 765 ju-

224 801 375 846 vatur
402 806 431 845 a
460 790 661 861 gratia.
708 788 765 844 In
801 789 911 845 illis
936 791 1138 845 nudum
1172 799 1229 846 et
1260 791 1469 847 inerme
1513 800 1601 847 est
1628 790 1823 846 condi-

226 884 380 941 tionis
409 884 652 939 honum:
687 884 738 938 in
776 882 858 940 his
898 899 1031 939 vero
1078 885 1167 954 qui
1208 884 1275 940 ad
1300 880 1600 940 ,Christ’um
1656 884 1826 956 perti-

218 987 381 1044 nent,
434 977 642 1031 Christi
688 978 934 1032 munitur
979 977 1204 1032 auxilio.
1256 977 1337 1032 Illi
1382 978 1505 1033 ideo
1543 976 1824 1049 judicandi

227 1080 378 1140 atque
410 1068 711 1124 damnandi
763 1078 917 1135 sunt,
970 1070 1093 1140 quia
1137 1086 1259 1123 cum
1306 1070 1542 1126 habeant
1589 1070 1823 1124 liberum

226 1164 530 1223 arbitrium,
561 1178 663 1234 per
684 1162 825 1233 quod
857 1164 924 1217 ad
950 1163 1110 1218 [idem
1138 1165 1328 1219 venire
1359 1171 1604 1233 possent,
1646 1171 1702 1219 et
1730 1163 1824 1219 Dei

225 1260 444 1329 gratiam
464 1266 490 1295 ει
508 1256 835 1329 promereri,
856 1256 999 1312 male
1022 1267 1244 1311 utuntur
1267 1257 1519 1312 libertate
1539 1271 1825 1314 concessa.

226 1352 287 1409 Hi
311 1369 444 1409 vero
472 1351 867 1409 remunerandi
900 1360 1050 1419 sunt,
1087 1352 1177 1421 qui
1230 1352 1367 1407 bene
1406 1351 1580 1406 libero
1612 1360 1825 1408 utentes

225 1448 462 1512 arbitrio,
498 1457 784 1504 merentur
816 1446 1033 1501 Domini
1065 1446 1320 1517 gratiam,
1358 1455 1413 1502 et
1433 1446 1551 1517 ejus
1572 1445 1826 1501 mandata

225 1540 555 1597 custodiunt.

291 1634 344 1688 4.
398 1632 536 1688 Item
591 1631 940 1686 adversarios
967 1646 1100 1686 suos
1130 1630 1195 1686 ad
1218 1631 1508 1697 librorum,
1542 1644 1679 1701 quos
1712 1627 1827 1697 pri-

227 1728 338 1785 dem
365 1728 802 1797 conscripserat,
831 1726 1125 1781 lectionem
1162 1725 1499 1795 provocabat
1530 1724 1617 1778 his
1648 1723 1828 1779 verbis

1926 506 1992 561 iis
2012 497 2398 577 subuexuerat,
2421 509 2538 565 vult
2569 510 2804 566 transire
2829 511 3092 566 lectorem
3122 510 3313 581 (1ὸῐά.,
3333 532 3379 568 c.
3401 515 3519 589 52).

1925 598 1975 655 Is
2008 615 2169 668 porro
2198 600 2322 657 ﬁdei
2353 601 2496 657 liber
2525 612 2672 658 totus
2702 603 2942 659 insertus
2967 604 3223 660 Sermoni
3251 606 3386 662 alias
3413 612 3523 665 Au-

1924 680 2124 761 gustini
2154 694 2225 750 de
2248 695 2518 767 Tempore
2552 696 2676 763 191,
2706 712 2851 752 nunc
2887 697 3125 769 appeud.
3156 698 3283 763 256,
3324 717 3379 755 n.
3407 700 3444 755 2
3469 708 3526 758 et

1925 800 2079 857 seqq.
2114 802 2177 842 ac
2202 797 2473 858 prmterca
2520 790 2751 845 seorsim
2801 790 2983 846 editus
3021 801 3103 847 est
3144 792 3196 847 iu
3228 795 3531 864 appendicc

1925 888 2003 936 to.
2029 896 2063 934 Χ
2091 896 2246 935 novae
2295 882 2553 937 editionis
2594 882 2844 953 ejusdem
2880 884 3072 949 sancti,
3108 901 3233 957 pag.
3267 886 3360 955 96,
3387 886 3531 946 sicut

1926 972 2145 1042 etapud
2177 974 2590 1047 Hieronymum,
2623 976 2709 1031 cui
2738 976 2867 1032 olim
2911 978 3183 1047 ascriptus
3210 979 3409 1036 fuerat.

1996 1065 2051 1121 6.
2086 1067 2356 1123 Praeterea
2386 1069 2441 1124 in
2476 1069 2677 1124 litteris
2703 1068 2839 1135 illis,
2864 1088 2882 1121 ι
2908 1086 3068 1141 quas,
3095 1092 3113 1123 ι
3143 1071 3317 1142 inquit
3349 1075 3531 1145 Augu.

1926 1159 2102 1215 stinus
2157 1161 2271 1233 (lib.
2304 1164 2366 1215 de
2422 1160 2644 1216 Peccato
2700 1164 2916 1233 orig/im,
2951 1181 3004 1217 it.
3042 1163 3141 1232 19,
3190 1166 3262 1222 20
3304 1178 3351 1221 et
3401 1168 3531 1240 21),

1934 1270 1952 1304 ι
2002 1252 2232 1309 Romam
2258 1255 2407 1309 misit
2435 1255 2504 1309 ad
2532 1255 2704 1310 beata:
2731 1257 3012 1311 memoria:
3037 1273 3232 1329 papam
3268 1258 3532 1317 innocen-

1934 1363 1954 1396 ‹
1991 1345 2144 1413 ιῖυηι,
2179 1355 2233 1402 et
2256 1349 2514 1417 quoniam
2542 1348 2593 1402 in
2619 1363 2855 1417 corpore
2883 1366 3007 1405 eum
3035 1366 3144 1407 non
3176 1353 3529 1421 invenerunt,

1934 1455 1954 1489 ι
1992 1448 2183 1494 sancto
2214 1454 2369 1510 papa:
2404 1439 2621 1495 Zosimo
2653 1440 2797 1496 data:
2824 1449 2973 1507 sunt,
2999 1454 3055 1499 et
3078 1444 3143 1499 ad
3169 1462 3256 1500 me
3279 1445 3529 1513 directze,

1935 1549 1955 1583 ε
1991 1530 2093 1586 hoc
2146 1542 2230 1587 est
2277 1533 2332 1587 in
2383 1533 2573 1589 eadem
2621 1534 2856 1604 cpistola
2883 1577 2897 1601 ,
2951 1539 3285 1607 querebatur
3323 1559 3342 1593 ι
3376 1556 3435 1597 se
3463 1541 3532 1597 ab

1930 1623 2288 1681 bomiuibus‘
2324 1625 2597 1692 infamari,
2631 1628 2773 1696 quod
2805 1640 2963 1698 neget
3003 1633 3245 1701 parvulis
3270 1632 3535 1707 baptismi

1930 1730 2357 1786 sacramentum,
2391 1722 2671 1791 ctabsque
2696 1722 3306 1797 redemptioneChristi
3339 1730 3535 1800 aliqui-

228 1820 408 1896 “bid”
439 1836 491 1877 θ’
525 1820 626 1889 35)
656 1838 669 1874 ε
700 1838 719 1871 ί
754 1819 963 1889 Legam
992 1820 1138 1873 illam
1170 1818 1461 1889 epistolam
1488 1816 1539 1881 ι),
1567 1832 1728 1887 quam
1760 1814 1828 1869 ad
1936 1811 2038 1867 bus
2074 1813 2343 1869 ccelorum
2389 1829 2553 1885 regna
2589 1816 2888 1885 promittat.
2928 1836 2947 1870 ι
2993 1817 3065 1872 Ει
3109 1835 3233 1874 cum
3281 1821 3533 1893 dixisset,

226 1927 466 1973 sanctum
494 1915 683 1970 virum
717 1914 1001 1969 Paulinum
1032 1915 1347 1985 episcomim
1381 1921 1508 1966 ante
1536 1910 1827 1966 duodecim

228 2008 332 2066 fere
361 2025 543 2064 annos
586 2008 933 2077 scripsimus,
966 2023 1086 2076 quae
1120 2006 1381 2061 trecentis
1412 2005 1552 2059 forte
1579 2002 1828 2059 versibus

226 2101 351 2158 nihil
372 2101 525 2157 aliud
552 2116 715 2168 quam
745 2099 840 2154 Dei
864 2097 1094 2168 gratiam
1128 2110 1183 2154 et
1209 2098 1478 2153 auxilium
1506 2098 1826 2162 conﬁtetur,

225 2210 428 2267 nosque
463 2193 603 2249 nihil
627 2194 853 2247 omuino
874 2192 1001 2247 boni
1034 2191 1214 2246 facere
1246 2206 1407 2261 posse
1435 2193 1553 2245 sine
1575 2189 1709 2244 Deo.
1729 2189 1831 2243 Le-

224 2303 342 2363 gaut
390 2289 567 2347 etiam
616 2288 909 2356 epistolam
954 2298 975 2325 ο
1031 2286 1099 2340 ad
1157 2295 1406 2341 sanctum
1448 2284 1826 2341 Constantiqu

224 2387 543 2457 episcopum
581 2382 776 2445 (lbid.,
807 2396 858 2436 c.
892 2380 1010 2452 56),
1059 2379 1146 2434 ubi
1180 2378 1429 2434 breviter
1458 2378 1699 2449 quidem,
1734 2376 1829 2431 sed

227 2481 377 2550 plane
408 2480 592 2534 libero
624 2475 861 2531 hominis
886 2474 1118 2529 arbitrio
1152 2474 1244 2528 Dei
1275 2474 1507 2541 gratiam
1536 2472 1829 2526 auxilium-

225 2590 326 2647 que
348 2573 637 2642 conjunxi.
660 2571 871 2643 Legant
890 2571 1050 2624 etiam
1068 2585 1227 2641 quam
1252 2568 1276 2606 α
1303 2569 1370 2624 ad
1395 2584 1609 2624 sacram
1626 2567 1830 2623 Christi

228 2669 491 2740 virginem
546 2664 954 2722 Demetriadem
1015 2665 1068 2718 in
1120 2663 1346 2719 Oriente
1403 2662 1832 2731 conscripsimus

230 2762 417 2833 (lbid.,
451 2776 502 2817 c.
534 2759 629 2831 57)
664 2768 755 2815 :et
788 2757 1072 2814 invenient
1100 2772 1199 2811 nos
1230 2758 1302 2811 ita
1327 2756 1569 2811 hominis
1610 2756 1833 2813 laudare

230 2867 508 2919 naturam,
561 2861 619 2907 ut
662 2852 754 2905 Dei
780 2865 996 2919 semper
1022 2849 1212 2917 gratia:
1240 2848 1507 2904 addamus
1535 2847 1830 2903 auxilium.

229 2947 437 3018 Legam
485 2946 654 3002 etiam
710 2959 907 2999 recens
957 2958 1136 2997 meum
1189 2952 1212 2980 °
1265 2941 1587 3010 Opusculum
1640 2928 1833 3013 (lbid.,

230 3055 278 3096 c.
319 3040 444 3111 41),
495 3037 644 3109 quod
679 3051 781 3107 pro
831 3035 1003 3089 libero
1037 3050 1210 3103 nuper
1236 3034 1468 3089 arbitrio
1500 3033 1666 3089 edere
1683 3048 1833 3088 com-

232 3133 370 3203 pulsi
406 3146 601 3185 sumus
644 3146 660 3182 :
693 3138 749 3184 et
801 3135 1109 3199 agnoscent
1132 3143 1293 3198 quam
1321 3126 1503 3195 inique
1534 3142 1637 3180 nos
1667 3141 1834 3197 nega-

1939 1924 1957 1957 ‹
1998 1922 2291 1978 numquam
2337 1922 2397 1962 se
2426 1908 2510 1961 vel
2542 1909 2766 1977 impium
2796 1910 3034 1979 aliquem
3077 1913 3394 1969 hmrctieum
3436 1933 3534 1971 au-

1933 2002 2101 2065 disse,
2154 2002 2245 2070 qui
2293 2000 2398 2056 hoc
2424 2002 2493 2057 de
2524 2004 2773 2072 parvulis
2819 2003 3053 2071 diceret,
3105 2026 3124 2059 ›
3160 2007 3532 2077 subjiciebat:

1941 2114 1958 2147 ι
1995 2093 2129 2162 Quis
2174 2094 2320 2150 enim
2370 2095 2443 2148 ita
2478 2086 2813 2166 evangelicae
2839 2096 3100 2153 lectionis
3156 2102 3377 2171 ignarus
3428 2112 3533 2170 est,

1934 2189 2028 2260 qui
2056 2189 2158 2243 hoc
2181 2205 2288 2243 non
2317 2187 2483 2243 modo
2510 2188 2787 2245 afﬁrmare
2813 2201 3063 2257 conetur,
3099 2192 3195 2247 sed
3224 2193 3315 2262 qui
3341 2194 3422 2249 vel
3455 2194 3538 2250 le-

1934 2282 2072 2338 viter
2109 2283 2296 2339 dicere
2341 2283 2625 2338 autetiam
2668 2283 2878 2338 sentire
2907 2285 3117 2355 possit?
3157 2286 3365 2343 Deinde
3408 2290 3535 2359 quis

1937 2384 2044 2431 tam
2092 2370 2446 2447 impius,th
2481 2375 2735 2446 parvulos
2780 2387 3026 2434 exsortes
3073 2378 3221 2449 regni
3265 2381 3531 2438 cmlorum

1936 2486 2059 2528 esse
2089 2471 2243 2539 velit,
2274 2471 2402 2525 dum
2445 2484 2541 2525 eos
2590 2471 2857 2542 baptizari
2903 2472 3031 2527 etin
3064 2472 3284 2528 Christo
3315 2476 3532 2531 reuasci

1939 2574 1963 2610 ες
1996 2573 2183 2631 vetat,
2217 2573 2269 2619 et
2301 2563 2354 2618 in
2408 2574 2726 2633 perpetuam
2760 2576 3078 2637 certamque
3110 2568 3279 2623 vitam
3322 2570 3536 2627 renasci

1938 2657 1966 2733 i1
1992 2668 2144 2715 vetet
2173 2676 2324 2724 cum,
2353 2658 2447 2729 qui
2472 2670 2629 2714 natus
2665 2658 2735 2714 sit
2766 2660 2833 2715 ad
2868 2660 3155 2733 incertam.
3194 2683 3212 2717 ι

2011 2757 2064 2809 7.
2107 2755 2278 2812 Simul
2308 2770 2431 2811 cum
2469 2754 2670 2825 Pelagii
2704 2755 2983 2827 praedicus
3020 2758 3213 2815 litteris
3255 2774 3318 2816 ac
3350 2760 3538 2818 libello

1940 2849 2063 2904 ﬁdei
2095 2849 2162 2904 ad
2192 2848 2572 2905 Innocentium
2600 2850 2763 2904 missa
2797 2862 2904 2918 est,
2939 2851 3209 2923 simulque
3237 2854 3538 2915 Innocentii

1939 2943 2243 2996 successori
2264 2940 2481 2995 Zosimo
2504 2940 2720 2996 reddita
2744 2944 2974 3013 epistola
3004 2944 3205 3018 Praylii
3228 2948 3540 3024 Hierosoly-

1940 3034 2125 3089 mitani
2171 3033 2435 3104 episc0pi,
2480 3034 2549 3091 de
2595 3051 2702 3105 qua
2734 3035 2840 3091 hoc
2873 3053 3038 3092 unum
3068 3054 3097 3092 a
3131 3038 3348 3097 Zosimo
3370 3042 3540 3099 disci-

1944 3142 2083 3193 mus,
2114 3128 2263 3198 quod
2297 3129 2346 3181 iu
2391 3142 2451 3182 ea
2482 3127 2737 3200 Praylios
2773 3128 3004 3185 Joannis
3048 3146 3336 3188 successor
3363 3150 3543 3194 causa:

234 3225 376 3280 tione
401 3222 597 3294 gratize
628 3221 896 3275 infamare
924 3219 1233 3288 gestieriot,
1264 3219 1355 3289 qui
1382 3236 1477 3289 per
1507 3229 1677 3272 totum
1706 3232 1843 3288 pene
1869 3220 1913 3283 C
1947 3220 2150 3292 Pelagii
2192 3219 2405 3276 enixius
2462 3219 2826 3291 adstipulator
2874 3222 3175 3280 intervenit
3208 3224 3413 3299 (Epist.
3462 3230 3497 3287 5
3521 3271 3538 3299 ,

233 3316 406 3387 ipsius
431 3324 640 3371 textum
663 3312 848 3383 Operis
864 3311 1285 3384 perfecteatque
1303 3313 1513 3383 integre
1525 3325 1581 3368 et
1604 3311 1835 3367 liberum

235 3412 521 3467 arbitrium
544 3408 875 3466 conﬁtemur
900 3417 954 3463 et
975 3409 1227 3479 gratiam.
1268 3427 1287 3461 ι

309 3588 342 3617 ⁸·
368 3580 424 3635 1η
457 3579 581 3635 btec
606 3577 775 3633 verba
808 3570 1182 3646 Augustinus”:
1210 3591 1228 3623 ‹
1258 3571 1484 3640 Nempe,
1503 3571 1703 3646 inquit,
1728 3586 1843 3646 ma-

242 3650 498 3706 nifestum
531 3660 638 3711 est,
672 3665 796 3703 eum
837 3644 1021 3702 dicere
1051 3646 1284 3716 gratiam
1308 3644 1610 3700 secundum
1647 3645 1840 3699 merita

243 3723 383 3788 dari,
404 3723 708 3791 quamlibet
732 3737 851 3776 eam
876 3720 959 3775 vel
986 3717 1340 3791 qualemltbet
1364 3716 1629 3787 signiﬁcet
1650 3732 1663 3781 ;
1681 3733 1841 3786 quam

245 3790 647 3865 tamenapcrtc
678 3808 784 3848 tuon
810 3790 1087 3865 exiiritnit.
1130 3807 1149 3840 ι

312 3865 345 3906 δ
376 3858 736 3923 llis-rursum
788 3863 973 3918 subdit
1030 3859 1369 3930 Augustinus
1423 3877 1437 3913 :
1492 3878 1511 3911 ‹
1548 3858 1697 3914 Hanc
1739 3874 1842 3930 ego

245 3937 391 4007 legi;
440 3949 496 3993 et
548 3937 732 3992 inveni
771 3952 895 3992 eum
926 3949 1065 4007 pene
1097 3949 1191 3998 per
1221 3940 1389 3986 totam
1421 3947 1529 3985 non
1563 3933 1843 4007 immorari

248 4004 353 4066 nisti
378 4004 452 4066 Vin
486 4011 749 4065 facultate
780 4020 831 4061 et
862 4005 1221 4073 possibilitate
1254 4013 1483 4064 uatum,
1526 4012 1585 4069 et
1608 4017 1742 4069 pene
1771 4004 1842 4058 ibi

251 4091 459 4138 tantum
518 4082 611 4135 Dei
663 4081 892 4149 gratiam
926 4078 1282 4149 constituere.
1324 4074 1688 4149 Chri~tizinam
1716 4090 1846 4149 vero

250 4162 479 4224 gratiam
514 4145 961 4207 tanta‘brevitate
988 4148 1326 4224 perstringit,
1357 4156 1411 4199 ut
1437 4146 1572 4200 nihil
1602 4145 1745 4200 aliud
1768 4147 1847 4201 vi-

252 4218 465 4290 deatur,
493 4241 656 4297 quam
687 4240 807 4277 eam
842 4233 1021 4276 tacere
1052 4218 1372 4297 timuisse.)

326 4308 349 4338 ο
374 4289 526 4354 Hauc
558 4297 805 4364 reperire
828 4310 887 4347 se
909 4309 1017 4347 non
1044 4291 1292 4364 pontisse
1313 4289 1647 4364 Augustinus
1676 4297 1848 4344 testa-
1884 4303 1887 4306 ‘

255 4380 363 4425 tur.
394 4388 413 4421 ι
453 4368 559 4423 Sed
586 4362 657 4431 si,
694 4367 893 4434 inquit,
928 4370 1137 4420 noni-st
1159 4362 1442 4416 diSsituilis
1467 4362 1704 4425 caeteris,
1740 4376 1847 4416 non

256 4440 417 4497 habet
446 4442 608 4493 etiam
635 4439 753 4509 ipsa
783 4437 921 4505 quod
951 4436 1330 4509 quierimus.)

258 4584 382 4655 legi,
419 4584 663 4653 mihique
698 4598 834 4651 pene
857 4589 1231 4655 persuaserat,
1252 4576 1401 4655 itane
1424 4576 1572 4655 illum
1594 4576 1850 4646 gratiam,

261 4648 334 4713 de?
372 4648 479 4727 qua
524 4648 763 4726 quaestio
789 4648 892 4719 esi,
922 4650 1193 4707 conﬁteri.
1249 4648 1354 4705 Sed
1389 4662 1514 4727 cum
1561 4649 1613 4727 η,
1663 4663 1856 4727 manus

264 4720 409 4785 meas
456 4739 513 4782 et
544 4720 665 4782 "alia
711 4727 1025 4786 venissent,
1083 4736 1207 4791 quae
1261 4722 1530 4789 posterius
1586 4720 1855 4784 latiusque

265 4799 614 4872 conscrip~it,
649 4798 757 4851 vitli
792 4794 1256 4872 quetttadtnodum
1285 4792 1715 4872 pottterit_etiatti
1749 4793 1857 4872 illic

264 4863 501 4943 gratiattf
528 4863 836 4943 nominare,
885 4869 986 4923 sub
1027 4865 1276 4943 ambigua
1324 4864 1682 4943 generalitate
1716 4863 1857 4943 Aquid
1918 4870 1924 4877 '

265 4934 493 5001 sentiret
544 4940 911 5005 aiIrCOltdEIIS,
962 4939 1153 5009 gratia:
1185 4934 1370 5009 tamen
1411 4935 1680 5009 vocabulo
1712 4934 1861 5009 fran-

265 5032 389 5086 geu~
434 5015 696 5071 invidiam
744 5006 1217 5086 oﬁ‘eosio'nemque
1254 5008 1560 5086 declinans.
1598 5027 1615 5059 ι
1654 5006 1710 5061 lu
1737 5008 1861 5086 ‘hoc

267 5079 442 5143 autem
458 5086 668 5157 Pelagii
702 5100 870 5151 opere
898 5086 1049 5157 viros
1078 5079 1485 5157 laietis_retegit'
1518 5079 1860 5157 Augustinus

266 5161 421 5225 Epist.
450 5150 751 5220 olitn'l45,
768 5171 912 5212 nunc
943 5155 1063 5216 188,
1083 5152 1147 5206 ad
1168 5151 1458 5225 Julianam,
1475 5151 1543 5225 ad
1568 5150 1723 5225 cujus
1748 5151 1861 5216 epi-

267 5223 418 5287 stola:
465 5232 679 5287 calcem
728 5231 867 5284 hanc
910 5225 1110 5295 Pelagii
1157 5224 1223 5277 ad
1258 5223 1661 5284 Innocentium,
1694 5224 1862 5277 immo

269 5316 318 5359 et
346 5302 711 5367 httoCipStitti
746 5301 922 5357 locum
969 5313 1075 5352 noo
1125 5297 1359 5350 obscure
1400 5305 1549 5367 notat
1600 5295 1689 5350 ubi
1743 5296 1862 5367 ait;

275 5395 293 5429 ι
324 5376 377 5431 lu
427 5365 666 5448 quadam
700 5388 830 5426 vero
861 5371 1091 5448 epiSIola
1112 5383 1215 5433 sua
1246 5368 1389 5448 idem
1434 5366 1685 5437 Pelagius
1712 5409 1727 5430 ,
1772 5365 1866 5421 ubi

268 5457 322 5504 et
349 5441 548 5503 nomen
579 5461 740 5501 suum
768 5441 1113 5509 apertissime
1139 5441 1310 5508 ponit,
1344 5454 1443 5494 nec
1466 5454 1660 5492 nomen
1691 5453 1866 5494 sacrae

268 5522 493 5592 virginis
518 5528 703 5583 tacet,
722 5516 856 5592 dicit
880 5516 945 5592 ad
978 5527 1181 5592 cumse
1209 5512 1518 5592 scripsisse,
1544 5519 1601 5564 et
1621 5511 1864 5591 ejusdem

268 5581 578 5662 suivoperis
629 5581 947 5662 testimonio
993 5584 1225 5662 probare
1282 5581 1494 5662 nititur,
1526 5598 1584 5636 se
1635 5583 1865 5662 gratiam

271 5663 386 5729 Dei,
428 5652 599 5733 quam
627 5660 715 5713 vel
765 5671 946 5714 tacere
974 5652 1058 5712 vel
1091 5670 1291 5726 negare
1322 5655 1609 5719 asseritur,
1631 5652 1868 5723 apertis-

271 5737 405 5791 sime
434 5733 716 5789 cmiﬁteri.
752 5750 771 5785 ι

346 5818 369 5846 ε
384 5808 461 5863 De
484 5804 758 5877 opusculo
782 5802 883 5856 hoc
899 5816 960 5877 ea
981 5810 1072 5877 est
1092 5798 1377 5877 Augustini
1401 5810 1701 5877 censoret}
1727 5793 1872 5877 Qua-

273 5889 396 5945 tuor
424 5867 559 5938 sunt
593 5878 720 5932 libri
767 5875 948 5947 operis
980 5867 1252 5943 hujus,'et
1306 5872 1405 5926 hos
1434 5870 1610 5942 legi...
1647 5867 1757 5925 Sed
1814 5868 1868 5922 in

1945 3331 2001 3369 η.
2036 3314 2119 3369 2i.

1946 3331 2001 3369 η.
2036 3314 2071 3369 2
2106 3356 2119 3368 .

1946 3468 1954 3479 ,
2015 3313 2194 3477 8.)ρυὶ
2230 3417 2411 3464 autem
2452 3408 2718 3480 praedicta
2749 3410 2959 3483 legerit
2998 3411 3303 3469 litterarum
3341 3415 3548 3491 Pelagii

1947 3570 2033 3647 his
2079 3571 2244 3647 etiam
2286 3570 2706 3647 quatuoriibris
2739 3588 3102 3647 qua‘cumque
3133 3591 3233 3646 pro
3263 3581 3435 3647 gratia
3462 3581 3543 3638 νίς

1946 3643 2104 3698 detttr
2129 3642 2335 3705 dicere,
2376 3658 2482 3713 qua
2527 3643 2786 3711 juvamur
2824 3653 2884 3698 ut
2940 3642 3291 3705 declinemus"
3326 3668 3355 3704 a
3405 3655 3549 3711 iii:th

1948 3715 2266 3785 bonumque
2298 3714 2581 3777 faciamus,
2616 3714 2686 3769 ita
2722 3714 2876 3781 dicit,
2905 3727 2959 3770 ut
2994 3722 3144 3772 nullo
3168 3723 3333 3779 modo
3361 3741 3388 3779 a
3419 3741 3547 3783 ver.

1952 3787 2146 3863 borum
2203 3787 2558 3856 atttbigttitate
2609 3786 2854 3863 disi-edat
2898 3805 3061 3863 quam
3116 3792 3400 3863 di~eipulis
3466 3799 3546 3857 sic

1950 3861 2127 3927 possit
2147 3874 2446 3926 exponere,
2466 3859 3060 3941 oilnttlluniauxilium
3077 3859 3270 3941 gratia;
3293 3869 3543 3941 credant,

1949 3947 2051 4011 qua
2090 3942 2296 4011 natura:
2316 3929 2666 4011 possibilitas
2694 3931 3004 4011 adjuvetur,
3039 3929 3220 4011 nisiin
3245 3938 3362 4011 lege
3385 3929 3549 4011 atque

1951 4001 2219 4082 doctrina.
2263 4019 2281 4082 ξ
2316 4000 2384 4055 Ει
2412 4001 2595 4082 paucis
2638 4000 2964 4082 intermissis
2999 4023 3011 4058 :
3049 4024 3067 4057 ‹
3092 4007 3222 4082 48βά
3259 4000 3361 4065 hoc
3388 4000 3547 4082 adju-

1916 4109 1925 4116 .
1952 4073 2153 4126 torium
2176 4073 2308 4147 legis
2330 4082 2493 4147 atque
2522 4073 2788 4147 dQCII‘iIIiB
2817 4075 2984 4128 etiam
3014 4073 3348 4147 prdpheticis
3380 4073 3548 4142 luisse

1960 4143 2316 4224 temporibus,
2350 4142 2895 4224 adjutoriumautem
2926 4142 3148 4224 gratia},
3174 4166 3296 4217 qua:
3335 4159 3552 4224 proprie

1954 4221 2126 4285 gratia
2159 4225 2526 4285 nuncupatur,
2560 4214 2612 4266 in
2639 4215 2841 4268 Christi
2874 4214 2999 4271 esse
3036 4214 3343 4276 arbitratur
3362 4214 3550 4281 exent-

1954 4284 2045 4366 plo
2066 4302 2087 4366 ;.
2108 4285 2250 4366 quod
2282 4284 2647 4366 nihilominus
2674 4285 2739 4339 ad
2782 4286 3089 4366 doctrinam
3127 4295 3398 4357 pertinere
3430 4313 3552 4366 per-

1954 4359 2187 4428 spicitis,
2222 4370 2342 4427 qua:
2375 4357 2533 4410 nobis
2568 4358 2879 4425 evangeliea
2912 4360 3256 4426 prartlicatur.
3300 4384 3319 4417 ι

1882 4443 1887 4448 ’
1950 4446 1951 4449 η
2033 4428 2166 4483 ίἈό
2202 4429 2319 4482 hsce
2352 4428 2693 4498 Augustinus
2718 4429 2843 4482 loco
2878 4431 3044 4487 citato
3078 4449 3093 4487 :
3134 4451 3153 4485 ι
3191 4434 3308 4490 Non
3338 4438 3415 4493 sic
3445 4439 3550 4498 illis

328 4511 355 4596 (ξ
388 4516 588 4596 Deliae
632 4504 704 4566 ita
746 4504 886 4564 idem
925 4504 1123 4563 [loetor
1154 4505 1391 4596 liiittiitttr
1422 4521 1489 4596 int
1526 4504 1850 4596 Istam-sane
1880 4536 1934 4596 Ι)

1960 4502 2075 4556 haec
2108 4500 2466 4577 objiciuntur,
2491 4508 2550 4554 ut
2590 4501 2790 4569 posuit.
2814 4500 2948 4556 Nam
2979 4520 3152 4577 neque
3192 4510 3430 4577 parvulis
3458 4530 3554 4570 ne-

1959 4583 2089 4651 gani
2121 4570 2379 4651 baptismi
2399 4584 2829 4651 sacramentum,
2847 4590 2949 4629 nec
2963 4570 3165 4651 absque
3181 4570 3555 4651 redemptione

1959 4644 2162 4727 Chrisu
2187 4643 2465 4727 aliquibus
2489 4644 2753 4727 caelorum
2782 4660 2948 4727 regna
2974 4643 3383 4727 promittunt...-
3406 4658 3562 4727 Ubji-

1960 4716 2484 4792 citurautemillis,
2511 4717 2664 4792 quod
2692 4734 2796 4771 non
2836 4718 3142 4789 baptizatos
3179 4726 3434 4792 parvulos
3458 4716 3557 4785 tio-

1963 4791 2080 4845 lunt
2104 4789 2439 4861 damnationi
2469 4789 2629 4861 primi
2652 4788 2892 4846 hominis
2916 4788 3192 4852 obnoxios
3223 4799 3497 4859 conﬁteri,
3532 4824 3552 4858 ι

2040 4872 2063 4909 e
2090 4864 2197 4936 ista
2243 4860 2450 4936 Pelagii
2502 4862 2669 4936 verba
2695 4861 3041 4936 inmedium
3086 4868 3402 4936 prolaturus
3446 4876 3558 4931 Att-

1963 4935 2235 5012 gtisiinus,
2256 4932 2549 5000 ‘priemittit
2576 4950 2587 4985 :
2628 4951 2675 5012 t_
2695 4932 2889 5012 Videte
2914 4932 3160 5012 Ettehr'as
3180 4942 3558 5012 ambiguitatis

1965 5006 2186 5085 falsitati
2236 5018 2549 5085 praeparare
2591 5005 2818 5073 refugia.
2871 5006 3206 5085 oﬂ‘ondendo
3268 5005 3556 5085 Cttiigitiem

1964 5076 2183 5131 veritati
2210 5091 2230 5158 ;_
2257 5076 2331 5147 ita
2353 5082 2411 5128 ut
2442 5074 2603 5158 etiam
2637 5091 2759 5141 nos,
2790 5093 2914 5158 cum
2946 5080 3179 5158 primum
3210 5100 3273 5139 ea
3306 5074 3559 5158 legionis,

1968 5157 2111 5223 recta
2151 5148 2232 5201 vel
2262 5154 2545 5223 _corr_ecta_
2573 5148 2970 5223 propemodum
3017 5148 3410 5223 gauderemus.
3452 5148 3561 5217 Sed

1967 5216 2459 5293 latioresLinquit,
2493 5217 2893 5293 disputationes
2922 5216 3043 5291 ejus
3078 5227 3127 5277 iu
3164 5227 3340 5293 libris,
3386 5232 3473 5285 ubi
3501 5216 3562 5290 se

1968 5288 2376 5369 quatiiuntlibet
2414 5288 3005 5369 operiat,_pleruuique
3032 5299 3247 5366 aperire
3283 5288 3566 5369 compelli-

1972 5373 2080 5430 tur,
2113 5361 2362 5436 fecerunt
2384 5361 2547 5436 nobis
2581 5371 2635 5416 et
2665 5362 2770 5436 ista
2795 5361 3081 5436 suspecta,
3104 5378 3163 5423 ut
3190 5361 3455 5427 attentius
3482 5377 3566 5430 in-

1972 5444 2185 5505 tuentes
2215 5430 2587 5505 inveniremus
2614 5430 2909 5505 ambiguaf
2932 5456 2952 5490 ο

2043 5503 2071 5543 ιι
2096 5505 2251 5582 Ciroa
2284 5504 2498 5582 Aliorum.
2522 5503 2814 5582 verborum
2844 5507 3262 5582 intelligentiam
3302 5526 3568 5582 quantum

1974 5575 2609 5649 laboraritAugustinus
2633 5577 2724 5631 ubi
2771 5575 3065 5646 exiilicuit'.
3115 5575 3347 5649 adjicit}
3386 5604 3404 5637 t
3434 5586 3569 5646 Tam

1973 5657 2101 5724 sunt
2129 5648 2400 5724 ambigUa,
2432 5656 2494 5701 ut
2520 5650 2748 5724 possint
2791 5666 2979 5724 eorum
3029 5648 3270 5719 dogmati
3320 5658 3572 5724 pra-bac

1975 5721 2196 5776 latibula
2224 5760 2240 5783 ,
2295 5719 2438 5773 unde
2467 5719 2536 5775 ad
2582 5720 2947 5776 insidiandum
2995 5725 3241 5791 prosnliat
3278 5719 3576 5795 ὺάπθιὶϋυε

1976 5807 2191 5849 SCIISUS.
2234 5810 2253 5844 ι
