4122 6346
544 318 547 319 ν
587 320 693 380 615

1353 316 1711 380 APPENDIX
1749 318 1843 379 AD
1882 318 2262 382 EPISTULAS
2302 322 2357 378 S.
2402 317 2798 381 INNOCENTII
2832 319 2855 378 Ι
2892 312 3122 381 ΡΔΡΑΞ.

3734 328 3823 390 616

587 442 711 506 HI,
754 440 1058 498 Innocentii
1107 455 1375 510 reSponso
1419 442 1614 515 dignus
1655 442 1872 498 habitus
1922 457 2030 499 non
2064 442 2181 497 fuit.
2212 447 2267 507 Α
2294 442 2625 513 repellendis
2660 462 2679 496 ι
2709 442 2865 516 (Cod.
2900 439 3001 496 Th.
3035 442 3127 496 lib.
3156 455 3276 507 xvi,
3320 439 3404 495 tit.
3455 439 3506 507 4,
3537 441 3627 516 leg.
3664 444 3826 514 6),vel

584 535 754 605 Quam
785 537 1024 607 perversi
1054 536 1252 592 fuerint
1291 536 1435 593 illius
1462 554 1663 603 mores,
1698 539 1814 593 fuse
1842 538 1983 594 idem
2008 538 2184 593 Palla-

584 627 730 697 dius,
767 644 886 700 pag.
920 630 1026 685 M2
1066 640 1119 686 et
1163 646 1280 700 seq.
1330 632 1571 696 exponit.
1620 630 1701 686 Ex
1740 631 1956 687 Arcadii
2006 641 2185 686 autem

583 723 999 793 constitutione,
1031 741 1152 796 ane
1175 724 1362 781 Codici
1385 725 1594 783 Theod.
1617 727 1713 783 lib.
1733 743 1854 793 xvi,
1880 727 1964 781 tit.
1992 732 2045 791 4,
2076 727 2182 796 lcg.

586 818 641 883 6,
671 818 872 873 inserta
902 829 1008 885 est,
1039 819 1403 890 Porphyrium
1431 834 1576 874 anno
1608 818 1748 885 404,
1777 829 1903 874 ante
1937 819 2002 874 I8
2035 834 2188 874 men-

582 911 658 970 sis
683 912 1013 983 Novembris
1036 913 1181 969 diem
1213 914 1526 969 ordinatum
1556 912 1727 969 fuisse
1750 922 1984 968 constat.

660 1008 749 1064 10.
790 1007 939 1064 Anno
962 1009 1091 1075 405,
1122 1007 1459 1063 Innocentius
1485 1009 1555 1063 ad
1575 1009 1733 1081 Afros
1757 1009 2023 1072 rescribit,
2050 1008 2185 1077 ejus-

585 1120 684 1175 que
708 1103 895 1158 littera:
919 1104 973 1158 in
999 1103 1220 1158 concilio
1258 1104 1565 1160 recitantur.
1596 1133 1667 1146 —-
1696 1104 1751 1158 In
1780 1102 2013 1158 concilio
2056 1100 2189 1156 Car-

587 1196 916 1268 thaginensi,
957 1196 1102 1267 quod
1132 1194 1440 1263 anno'405,
1473 1214 1499 1251 x
1529 1195 1787 1252 kalendas
1822 1194 2184 1266 Septembris,

584 1293 915 1349 celebratum
945 1301 1051 1358 est,
1076 1294 1322 1349 recitatae
1341 1302 1467 1346 sunt
1489 1290 1793 1347 Innocentii
1822 1290 2042 1353 litterae,
2070 1290 2189 1358 qui-

585 1386 691 1442 bus
713 1385 1014 1442 cavebatur
1042 1401 1111 1442 ne
1132 1385 1198 1440 ad
1226 1385 1588 1441 transmarina
1606 1384 1848 1454 episcopi
1879 1382 2036 1437 facile
2063 1395 2189 1451 per-

583 1490 778 1550 gerent
804 1478 961 1552 (Cod.
992 1496 1112 1534 can.
1150 1478 1276 1534 εει-ι.
1336 1479 1482 1548 Afr.,
1530 1495 1577 1533 c.
1629 1476 1743 1549 94).
1794 1476 1889 1533 Ha:
1927 1476 2096 1531 Roma
2131 1474 2185 1528 in

586 1572 824 1631 Africam
856 1575 1038 1630 relata:
1067 1572 1368 1628 creduntur
1400 1588 1498 1643 per
1523 1562 2008 1639 Theasinm'atque
2050 1567 2189 1623 Evo-

584 1666 760 1733 dium,
792 1666 886 1737 qui
930 1682 1122 1723 mense
1150 1665 1312 1722 Junio
1360 1665 1485 1720 anni
1532 1662 1639 1721 404
1680 1662 1748 1718 ad
1800 1663 2185 1733 imperatorem

586 1774 709 1815 cum
736 1758 934 1815 litteris
973 1758 1042 1814 ad
1074 1757 1451 1813 Innocentium
1478 1757 1638 1827 legati
1668 1755 1903 1811 fuerant.
1934 1753 2031 1811 Ubi
2056 1768 2187 1809 vero

2288 538 2508 609 aliquod
2540 540 2833 608 posterius,
2866 538 2919 593 in
2964 554 3073 609 quo
3120 536 3286 607 priori
3331 551 3503 609 paenae
3549 537 3728 607 adjecta
3766 542 3829 597 sit

2290 634 2486 689 tuulcta
2513 634 2778 703 pecunia}.
2794 632 2958 703 Atqui
2984 630 3197 688 Arcadii
3219 631 3530 687 constitutio
3553 630 3610 684 ad
3628 645 3830 690 rectores

2292 726 2698 795 provinciarum
2730 725 2854 780 data
2892 725 3089 795 legitur
3138 740 3225 779 xlv
3274 722 3530 778 kalendas
3564 722 3831 782 Decembris

2288 818 2393 873 GP.
2427 818 2668 873 IIonorio
2698 828 2752 873 et
2780 818 3108 873 Aristenmto
3135 832 3281 873 coss.
3303 858 3317 883 ,
3342 815 3447 871 hoc
3471 825 3552 870 est
3573 831 3697 870 anno
3721 815 3830 887 404,

2291 915 2494 971 mensis
2524 912 2851 969 Novembris
2888 912 3083 982 l8‘die.
3110 912 3187 966 Ex
3217 928 3324 983 quo
3354 909 3625 981 praedictas
3642 912 3834 981 quinde-

2288 1009 2393 1063 cim
2423 1008 2803 1079 episcoporum
2837 1007 3049 1062 litteras
3074 1005 3386 1061 Innocentio
3407 1012 3531 1060 ante
3556 1004 3737 1060 initium
3755 1020 3835 1061 an-

2290 1101 2342 1155 ni
2370 1101 2474 1157 405
2504 1100 2655 1155 reddi
2702 1100 3017 1167 nequivisse
3046 1098 3353 1163 conficitur,
3387 1097 3590 1151 tametsi
3615 1113 3697 1153 eas
3717 1100 3834 1154 exis-

2290 1193 2482 1249 timare
2510 1192 2671 1247 liceat
2695 1192 2839 1248 circa
2867 1193 3072 1248 exitum
3098 1192 3227 1245 anni
3259 1189 3364 1246 404
3394 1189 3724 1259 conscriptas.

2366 1288 2451 1341 l3.
2493 1287 2678 1358 Anysii
2726 1284 3085 1340 Thessalonic.
3140 1284 3367 1357 episc0pi
3415 1283 3483 1337 ad
3526 1281 3836 1339 Innocentt'tuu

2290 1380 2530 1452 epistola.
2556 1410 2626 1419 —
2654 1378 2801 1435 Idem
2834 1378 3094 1451 Eulysius
3120 1377 3284 1433 simul
3311 1377 3375 1431 ad
3402 1376 3742 1432 Innocentium
3770 1389 3835 1432 at-

2293 1474 2413 1528 tulit
2455 1472 2741 1546 epistolam
2773 1492 2791 1524 t
2828 1472 3016 1545 Anysii
3044 1471 3234 1541 optimi
3265 1471 3415 1526 senis
3444 1512 3459 1536 ,
3505 1488 3525 1523 ι
3561 1480 3613 1524 ιιι
3639 1470 3837 1541 loquitur

2292 1568 2585 1637 Palladius,
2617 1583 2738 1639 pag.
2762 1567 2854 1635 27,
2886 1586 2904 1619 t
2938 1567 3029 1638 qui
3060 1566 3317 1620 Romame
3343 1563 3590 1620 ECCleSliL‘
3615 1564 3683 1637 (in
3705 1579 3835 1621 causa

2287 1663 2535 1734 Joannis)
2560 1662 2770 1732 judicio
2801 1671 2949 1717 stare
2975 1677 3037 1717 se
3065 1659 3359 1716 scribebat.
3400 1678 3420 1711 ι

2364 1757 2451 1814 14.
2494 1756 2737 1812 Edictum
2768 1766 2949 1811 contra
2980 1755 3194 1810 clericos
3246 1754 3334 1825 qui
3362 1769 3476 1808 cum
3506 1749 3691 1807 Joanne
3724 1768 3839 1806 cont-

586 1852 830 1909 recitata:
856 1858 987 1907 sunt
1012 1850 1283 1922 praedicta:
1317 1850 1617 1905 Innocentii
1652 1848 1872 1916 litterae,
1907 1866 1925 1899 ι
1956 1846 2058 1901 hoc
2100 1845 2183 1917 ip-
2216 1845 2263 1906 B
2293 1851 2643 1907 municabant.
2673 1882 2744 1894 -—
2775 1851 2974 1922 Elapso
2999 1864 3185 1904 mense
3211 1860 3329 1919 post
3363 1848 3643 1903 adventum
3662 1845 3839 1919 Cyriaci

586 1962 734 2014 sum,
769 1966 789 2000 ι
823 1945 968 2017 quod
1001 1947 1053 1999 in
1090 1945 1202 2001 illis
1235 1944 1712 2017 praescribebatur,
1752 1960 1771 1994 ι
1805 1942 2182 2011 episcoporum

587 2043 877 2098 sententiis
904 2041 1287 2098 confirmatum
1337 2040 1457 2095 fuit.
1496 2058 1515 2092 ι
1550 2038 1666 2095 Jam
1711 2049 1871 2093 antea
1918 2037 1973 2093 in
2002 2035 2187 2092 Sardi-

584 2136 734 2192 censi
765 2136 1021 2202 concilio,
1049 2150 1171 2190 can.
1201 2134 1257 2200 8,
1298 2133 1532 2188 maxime
1562 2142 1786 2203 prepter
1807 2131 1968 2187 Afros
1997 2130 2188 2186 decre-

583 2238 697 2285 tum
730 2227 928 2293 fuerat.
976 2246 996 2282 ι
1030 2244 1099 2285 ne
1134 2228 1375 2299 episcopi
1419 2226 1486 2282 ad
1533 2227 1851 2282 comitatum
1900 2227 2183 2294 accedant,

584 2322 688 2379 nisi
714 2321 855 2377 forte
888 2321 922 2376 ii
950 2322 1042 2393 qui
1072 2320 1468 2390 religiosissimi
1511 2320 1852 2389 imperatoris
1880 2319 2076 2374 litteris
2105 2319 2187 2373 in-

580 2420 729 2476 vitati
765 2420 967 2475 fuerint
993 2418 1082 2474 vel
1107 2421 1307 2485 vocati,
1343 2437 1362 2471 ι
1396 2433 1522 2473 eum
1547 2416 1806 2472 videlicet
1846 2415 2187 2487 expostulas-

581 2521 667 2570 set
694 2512 893 2570 Gratus
922 2511 1367 2583 Cartbztginensis
1394 2512 1708 2581 episc0pus,
1752 2509 1897 2581 quod
1936 2525 1998 2565 ea
2030 2511 2099 2565 de
2128 2526 2186 2566 re

582 2621 679 2663 sua
731 2607 902 2676 ipsius
945 2605 1179 2661 consilia
1232 2616 1648 2677 spernerentur.
1704 2604 1781 2660 Ne
1834 2615 2011 2660 tamen
2060 2605 2186 2660 hinc

580 2714 902 2755 communes
923 2697 1283 2753 ecclesiarum
1313 2698 1573 2754 utilitates
1598 2697 1792 2768 negligi
1816 2698 2183 2769 contingeret,

580 2793 791 2849 addidit
816 2791 1011 2849 eadem
1041 2791 1306 2864 synodus,
1337 2807 1458 2847 can.
1491 2793 1547 2859 9,
1576 2801 1633 2846 ut
1660 2792 1705 2847 si
1730 2790 1973 2862 episcopi
1998 2807 2187 2860 preces

580 2904 681 2960 pro
704 2887 882 2943 viduis
910 2897 1003 2942 aut
1030 2887 1254 2958 pupillis
1278 2886 1479 2942 aliisve
1511 2887 1691 2957 iniqua
1721 2887 1771 2941 vi
1799 2887 2075 2957 oppressis
2100 2886 2181 2941 of-

579 2982 833 3042 ferendas
869 2982 1158 3049 haberent,
1192 2997 1300 3038 non
1333 2980 1637 3052 perferrent
1686 2980 1805 3058 ipsi
1836 2996 1932 3050 per
1974 2994 2053 3043 se,
2090 2979 2184 3034 sed

586 3095 607 3131 ι
660 3093 760 3149 per
802 3076 1066 3133 diaconos
1114 3091 1242 3131 suos
1294 3091 1389 3130 eas
1432 3074 1792 3130 destinarent.
1844 3092 1863 3127 ι
1922 3072 2184 3141 Quocirca

581 3171 903 3244 praedictum
927 3171 1243 3237 concilium,
1274 3169 1327 3225 in
1356 3185 1465 3241 quo
1495 3170 1735 3224 recitatae
1762 3178 1889 3223 sunt
1913 3167 2183 3223 Innocen-

2290 1947 2668 2019 Synnatlorum
2710 1944 2972 2017 epise0pi,
3020 1943 3245 1998 Romam
3288 1943 3417 1999 item
3454 1944 3662 1999 accessit
3691 1942 3840 1997 Palla-

2290 2040 2411 2096 dius
2460 2041 2814 2109 l‘lelenOpolis
2882 2039 3217 2109 episeopus,
3278 2037 3555 2093 Lausiacae
3602 2036 3839 2106 scriptor,

2290 2134 2603 2204 exemplum
2631 2135 2813 2189 ferens
2842 2131 3029 2198 edicti,
3055 2131 3198 2202 quod
3226 2130 3499 2185 Palladius
3522 2132 3649 2186 alter
3672 2131 3717 2185 in
3742 2128 3842 2185 \‘ita

2289 2227 2699 2302 Chrysostomi,
2735 2243 2855 2298 pag.
2885 2227 2977 2294 27,
3025 2227 3105 2282 sic
3149 2226 3403 2297 exprimit
3437 2244 3451 2282 :
3491 2244 3511 2278 ‹
3548 2225 3847 2293 Quicumque

2290 2322 2651 2379 occultaverit
2702 2322 2925 2376 omnino
2965 2320 3283 2391 episcopum
3334 2329 3428 2375 aut
3490 2319 3722 2375 clericum
3767 2317 3845 2388 qui

2290 2416 2657 2472 communicet
2685 2429 2807 2470 cum
2838 2414 3070 2479 Joanne,
3115 2412 3310 2469 domus
3339 2412 3459 2483 ejus
3501 2412 3787 2484 publicetur.
3824 2429 3842 2461 ι

2289 2512 2497 2583 Quibus
2524 2511 2704 2567 verbis
2725 2527 2847 2566 eum
2876 2519 3067 2565 notare
3094 2525 3156 2564 ac
3184 2508 3498 2564 summatim
3524 2506 3849 2576 perstringere

2292 2609 2423 2663 illud
2455 2606 2810 2671 arbitramur,
2844 2605 2987 2676 quod
3016 2603 3307 2671 Arcadius,
3337 2619 3480 2659 anno
3508 2603 3631 2669 404,
3656 2602 3849 2671 Augusti

2289 2705 2361 2761 29
2387 2706 2476 2761 die
2503 2705 2684 2760 sanxit
2726 2704 2780 2759 in
2814 2704 2955 2758 hunc
2984 2701 3202 2758 modum
3239 2720 3251 2755 :
3283 2718 3301 2752 ι
3342 2699 3454 2756 Nec
3482 2696 3850 2771 prOscriptiouis

2254 2822 2265 2834 ·
2291 2798 2535 2871 periculo
2564 2798 2756 2853 domus
2781 2804 3027 2862 careant,
3058 2810 3194 2866 quas
3220 2794 3511 2863 episcopos
3547 2792 3630 2847 vel
3654 2789 3852 2845 clericos

2291 2892 2606 2963 peregrinos
2638 2899 2757 2961 post
2788 2889 3211 2959 publicationem
3252 2886 3558 2941 edictorum
3602 2891 3657 2939 et
3681 2893 3853 2937 nasute

2290 2984 2602 3041 serenitatis
2622 2983 2817 3038 allatus
2840 2980 3155 3052 probabitur
3182 2978 3490 3049 suscepisse
3524 2994 3537 3031 :
3572 2977 3680 3047 pari
3707 2975 3852 3030 forma

2291 3082 2575 3147 servanda,
2619 3080 2662 3134 si
2708 3095 2829 3150 qua:
2858 3078 3052 3134 domus
3078 3077 3227 3132 cives
3254 3075 3489 3131 clericos
3530 3090 3664 3130 nova
3704 3087 3760 3128 ac
3786 3081 3856 3127 tuo

2290 3175 2561 3230 multuosa
2601 3176 2976 3230 conventicula
3009 3182 3163 3231 extra
3205 3174 3495 3231 ecclesiam
3544 3169 3855 3227 celebrantes

576 3265 637 3320 tii
669 3265 887 3330 litterze,
927 3282 947 3316 ι
989 3272 1046 3319 ιιι
1074 3276 1300 3335 propter
1325 3263 1622 3334 gratiarum
1667 3263 1944 3319 actionem
1993 3270 2049 3317 et
2090 3277 2184 3316 ex-
2213 3249 2258 3312 C
2290 3269 2631 3339 suscrperint
2668 3288 2687 3321 ι
2727 3267 2879 3337 (Cod.
2917 3266 3017 3322 Th.
3051 3268 3144 3333 lib,
3177 3283 3292 3331 xvr,
3331 3268 3412 3322 tit.
3446 3266 3503 3331 2,
3536 3266 3632 3336 leg.
3660 3263 3762 3324 37).

576 3358 872 3414 clusionem
896 3357 1299 3413 Donatistarum
1320 3355 1429 3411 duo
1459 3356 1645 3410 clerici
1677 3355 1927 3410 ecclesia}
1955 3353 2183 3410 Cartha—

576 3453 818 3525 ginensis
859 3452 995 3524 (non
1034 3450 1144 3506 duo
1187 3448 1452 3521 episcopi)
1494 3447 1561 3503 ad
1603 3449 1916 3504 comitatum
1961 3449 2183 3504 mittan-

576 3556 682 3610 tur,
718 3566 739 3600 ι
769 3545 1070 3602 constituit.

654 3641 742 3696 il.
785 3638 939 3696 Circa
964 3639 1175 3693 initium
1201 3656 1325 3693 ann.
1354 3636 1485 3705 405,
1533 3637 1810 3709 Exsuperii
1841 3637 2076 3708 epistola.
2111 3666 2181 3677 —

579 3734 662 3791 Ad
687 3735 812 3789 anni
839 3734 949 3792 405
979 3734 1131 3789 initia
1165 3735 1439 3805 pertinere.
1483 3734 1697 3789 videtur
1741 3733 2027 3802 Exsuperii
2077 3730 2182 3786 Το-

576 3826 749 3883 losani
777 3827 1017 3899 episcopi
1044 3827 1276 3895 epistola
1309 3830 1493 3883 varias
1522 3826 1899 3897 complectens
1927 3824 2182 3895 quaestio-

578 3936 697 3986 nes,
722 3920 914 3991 quibus
944 3920 1291 3977 Innocentius
1317 3936 1411 3991 per
1440 3920 1729 3992 epistolam
1761 3920 1793 3976 6
1822 3918 2105 3974 satisfacit.

656 4014 765 4070 i2.
791 4013 1102 4083 Quindecim
1140 4014 1503 4086 episcoporum
1533 4016 1605 4068 ad
1642 4012 2006 4069 Innocentium
2044 4012 2180 4065 litte-

577 4126 668 4167 ra.
702 4140 774 4153 -—
811 4110 969 4167 Circa
997 4110 1142 4167 idem
1174 4121 1388 4181 tempus
1436 4110 1646 4179 accepit
1676 4106 2027 4162 Innocentius
2065 4104 2181 4174 epi-

574 4221 864 4275 scoporum
894 4206 1207 4279 quindecim
1233 4222 1264 4262 e
1285 4205 1496 4279 synodo
1527 4203 1753 4261 Joannis
1784 4204 2018 4268 litteras,
2041 4217 2178 4273 quas

577 4300 888 4366 Palladius,
912 4316 1034 4372 pag.
1063 4299 1154 4366 26,
1182 4308 1454 4357 memorat
1483 4300 1568 4353 his
1594 4297 1778 4354 verbis
1808 4314 1823 4350 :
1861 4315 1879 4347 ι
1916 4296 2181 4367 PosuCy-

574 4392 782 4452 riacum
814 4393 1037 4451 advenit
1082 4393 1338 4465 Eulysius
1363 4393 1652 4464 episcopus
1695 4388 1951 4460 Apameae
1992 4388 2179 4459 Bithy-

574 4489 701 4555 niae,
733 4487 967 4543 reddens
998 4487 1209 4542 litteras
1250 4486 1562 4556 quindecim
1605 4485 1988 4554 episcoporum
2030 4498 2061 4537 e
2086 4498 2175 4555 sy-

574 4581 718 4636 nodo
759 4580 1008 4645 Joannis,
1059 4578 1113 4633 in
1145 4579 1345 4650 quibus
1389 4586 1447 4635 et
1494 4579 1731 4649 priorem
1764 4589 1815 4633 et
1851 4585 2175 4646 praesentem

2363 3365 2452 3420 15.
2479 3363 2615 3419 Cleri
2647 3362 2758 3418 ΟΡ.
2791 3365 2857 3418 ad
2874 3362 3244 3417 Innocentium
3276 3361 3484 3417 litterw.
3516 3390 3582 3401 -
3609 3358 3733 3414 Post
3754 3354 3855 3412 Pal-

2287 3456 2414 3513 ladii
2458 3459 2511 3511 in
2558 3456 2757 3513 Urbem
2788 3456 3118 3527 ingreSsum,
3166 3454 3357 3511 eodem
3396 3455 3666 3510 devenere
3697 3471 3714 3504 ι
3744 3450 3857 3506 Ger.

2287 3567 2479 3607 manus
2508 3551 2797 3623 presbyter
2841 3560 2897 3605 et
2933 3548 3226 3605 Cassianus
3257 3548 3357 3604 viri
3399 3548 3636 3618 religiosi
3677 3547 3859 3599 litteras

2286 3644 2451 3700 totius
2476 3643 2606 3698 cleri
2635 3642 2860 3698 Joannis
2888 3641 3257 3715 (Innocentio)
3309 3641 3602 3697 reddentes
3642 3636 3856 3712 (Pallad.

2286 3755 2407 3810 pag.
2437 3736 2554 3809 27),
2592 3737 2789 3808 quibus
2817 3736 3065 3791 scribunt
3103 3752 3257 3791 suam
3302 3735 3546 3805 ipsorum
3586 3732 3860 3789 Ecclesiam

2283 3833 2392 3886 vim
2409 3841 2572 3903 atque
2591 3832 2931 3904 tyrannidem
2974 3846 3290 3904 perpessam
3334 3847 3477 3897 esse,
3503 3831 3752 3901 episcOpo
3777 3841 3860 3882 suo

2284 3926 2501 3983 militari
2532 3944 2691 3982 manu
2716 3927 2910 3999 t-jeeto,
2946 3928 3107 3999 inque
3143 3928 3395 3984 exsilium
3422 3936 3544 3983 aeto
3577 3942 3669 3997 per
3699 3924 3861 3978 factio-

2284 4038 2408 4078 nem
2435 4023 2615 4077 Acacii
2646 4021 2854 4079 Berteae
2876 4021 3141 4091 episcopi,
3183 4020 3475 4089 Theophili
3506 4016 3858 4079 Alexandrini.

2283 4114 2537 4170 Antiochi
2569 4116 2936 4182 l’tolemaidis,
2966 4126 3019 4171 et
3049 4114 3328 4170 Severiani
3361 4114 3709 4170 Gabalorum.
3740 4128 3758 4163 ι
3793 4107 3862 4164 Ab

2285 4209 2511 4265 istarum
2547 4209 2849 4265 litterarum
2894 4208 3121 4264 exordio
3150 4209 3224 4280 pii
3264 4209 3339 4263 illi
3368 4208 3557 4264 clerici
3586 4208 3728 4277 plura
3758 4220 3864 4276 pro-

2283 4304 2531 4359 ferebant
2569 4303 2978 4374 Scripturarum
3006 4303 3339 4369 testimonia,
3374 4304 3425 4357 in
3465 4304 3660 4371 quibus
3689 4314 3863 4356 conso-

2283 4398 2536 4453 lationem
2567 4398 2773 4454 habere
2808 4414 2868 4455 se
2908 4398 3354 4454 testiticabantur.
3384 4395 3596 4454 Deinde
3646 4397 3729 4453 ubi
3762 4394 3863 4466 epi-

2282 4505 2602 4561 scoporum,
2653 4492 2741 4563 qui
2792 4491 2987 4547 Joanni
3049 4491 3506 4558 adversabantur,
3548 4490 3864 4554 violentiam,

2285 4603 2496 4642 necnon
2527 4602 2785 4653 canones,
2818 4587 3012 4658 quibus
3046 4586 3286 4642 facinora
3315 4600 3410 4641 sua
3440 4586 3581 4641 tueri
3606 4587 3866 4642 conaban.

575 4675 744 4731 torius
782 4673 1287 4742 Constantinopolis
1316 4672 1681 4741 direptionem
1712 4671 2118 4726 describebant.
2154 4690 2172 4723 ι

2288 4692 2397 4749 tur,
2439 4692 2829 4752 exposuerant,
2880 4682 3009 4753 quid
3051 4683 3119 4737 de
3157 4682 3456 4738 canonibus
3497 4681 3606 4737 illis
3645 4681 3867 4735 sentien-

574 4767 785 4835 Quibus
827 4766 1011 4821 verbis
1061 4765 1310 4835 proxime
1364 4766 1645 4836 prmniittit
1685 4764 1980 4828 Palladius,
2017 4763 2180 4835 Euly-

524 4930 531 4935 _
571 4859 712 4916 sium
740 4858 1122 4929 Synnadorum
1151 4860 1471 4931 episc0pum
1495 4901 1510 4925 ,
1543 4858 1720 4913 nullas
1749 4856 1969 4928 quidem
1997 4857 2179 4913 feren-

574 4961 683 5009 tem
705 4951 988 5021 epistolas,
1024 4951 1121 5007 sed
1162 4951 1231 5007 ad
1260 4967 1323 5006 ea
1362 4968 1483 5022 qua:
1511 4952 1842 5024 gerebantur
1872 4951 2175 5007 enarranda

570 5045 852 5112 idoneum,
888 5045 1116 5100 Romam
1157 5045 1492 5116 confugisse.
1541 5053 1873 5100 commotum
1920 5045 2176 5101 videlicet

571 5139 865 5205 iniquitate
901 5138 1202 5209 imperialis
1232 5140 1510 5211 praecepti,
1540 5156 1647 5211 quo
1675 5139 1989 5195 edicebatur
2016 5158 2029 5194 :
2068 5158 2087 5192 ‹
2119 5139 2177 5195 Si

568 5233 689 5305 quis
720 5247 825 5288 non
850 5233 1221 5288 communicet
1250 5233 1578 5304 'I‘heOphilo,
1606 5234 1834 5290 Arsacio
1857 5244 1912 5289 et
1934 5233 2178 5305 Porphy—

564 5328 667 5394 rio,
703 5327 794 5383 ille
822 5326 1044 5398 quidem
1085 5328 1400 5396 episcopatu
1430 5339 1700 5393 arceatur,
1739 5344 1801 5384 ac
1831 5331 1989 5385 simul
2018 5331 2177 5384 amit-

568 5430 826 5492 tatquam
877 5418 1025 5475 visus
1056 5418 1221 5474 fuerit
1270 5419 1475 5475 habere
1506 5422 1870 5477 substantiam
1921 5424 2178 5493 pecunia-

563 5527 707 5568 rum.
742 5532 766 5560 ι
802 5512 956 5569 Unde
980 5522 1196 5581 tempus
1226 5512 1494 5580 expiscari
1524 5514 1673 5581 licet,
1706 5532 1813 5587 quo
1843 5516 2037 5571 litterm
2065 5515 2174 5571 illa:

567 5605 892 5662 Innocentio
929 5605 1158 5662 reddita:
1186 5615 1334 5659 sunt.
1368 5607 1460 5661 γει
1492 5610 1635 5662 enim
1665 5609 1737 5663 ibi
1770 5611 2038 5666 indicatur
2074 5611 2177 5666 Ar-

563 5698 702 5754 cadii
727 5708 1051 5769 praeceptum
1081 5718 1101 5752 ι
1139 5697 1210 5755 de
1239 5699 1344 5769 his,
1370 5699 1460 5771 qui
1488 5701 1558 5755 ab
1579 5703 1809 5770 Arsacii,
1846 5703 2169 5774 Theophili,

567 5791 852 5867 Porphyrii
882 5793 1454 5851 reverentiSsitnorum
1485 5812 1658 5852 sacrae
1696 5796 1829 5868 legis
1862 5801 2169 5855 antisritum

567 5887 952 5950 communione
983 5888 1451 5962 dissentiuttt,:_ab
1496 5888 1740 5949 Ecclesia
1790 5894 1975 5965 procul
2003 5894 2171 5952 dubio

2284 4775 2410 4831 dum
2437 4786 2602 4842 esset,
2633 4774 2982 4846 expetebant.
3019 4775 3153 4846 Ipsis
3185 4775 3464 4845 rescripsit
3512 4774 3865 4838 Innocentius,

2284 4871 2509 4939 ejusque
2532 4869 2782 4939 epistola,
2816 4885 3010 4940 nempe
3031 4869 3287 4940 septima,
3320 4869 3388 4924 ad
3413 4884 3514 4924 nos
3539 4869 3804 4940 pervenit.

2357 4963 2443 5019 16.
2486 4962 2761 5033 Aliquanto
2791 4973 2902 5035 post
2928 4963 3112 5019 delatae
3139 4972 3247 5017 tum
3274 4964 3643 5035 episcoporum
3676 4960 3866 5025 Carius,

2282 5066 2391 5110 tum
2437 5059 2847 5129 presbyterorum
2893 5058 3180 5112 Antiochia:
3226 5058 3434 5113 litteris.
3477 5088 3549 5098 —
3581 5056 3871 5112 Demetrius

2284 5152 2594 5208 Pesinuntis
2644 5153 2963 5224 episcopus,
3015 5168 3137 5208 cum
3191 5152 3472 5209 Orientem
3523 5158 3868 5223 peragrasset,

2284 5246 2509 5302 Romam
2547 5246 2724 5303 denuo
2766 5258 2888 5317 post
2925 5247 3179 5304 Germani
3220 5255 3274 5302 et
3313 5246 3558 5302 Cassiani
3588 5245 3869 5301 adventum

2283 5340 2511 5397 rediisse
2541 5356 2572 5394 a
2600 5341 2839 5397 Palladio
2871 5351 3122 5397 narratur
3151 5356 3274 5397 cum
3310 5340 3504 5396 litteris
3532 5349 3644 5394 tum
3672 5339 3869 5410 episco-

2283 5450 2472 5505 porum
2516 5433 2711 5500 Cariae,
2748 5452 2767 5486 ι
2802 5434 2996 5506 quibus
3040 5434 3119 5489 illi
3166 5433 3393 5489 Joannis
3442 5433 3865 5489 communionem

2281 5529 2739 5598 complectuntur,
2775 5549 2794 5583 ι
2867 5541 2977 5586 tum
3042 5530 3487 5602 presbyterorum
3551 5530 3865 5593 Antiochim,

2285 5640 2303 5673 ‹
2342 5620 2538 5690 quibus
2569 5621 2961 5689 Romanorum,
3001 5640 3020 5675 ›
3056 5622 3109 5678 in
3143 5622 3427 5678 retinenda
3458 5623 3717 5679 videlicet
3738 5623 3867 5694 ejus—

2276 5713 2400 5768 dem
2440 5713 2664 5770 Joannis
2703 5714 3119 5781 communione,
3162 5723 3468 5784 sequuntur
3506 5715 3862 5786 disciplinam,

2276 5814 2331 5859 et
2359 5805 2640 5877 Porphyrii
2689 5807 3088 5863 ordinationem
3144 5818 3330 5865 contra
3354 5808 3445 5879 jus
3490 5820 3544 5865 et
3575 5811 3655 5864 fas
3686 5811 3863 5864 lactant

2275 5898 2563 5973 deplorant
2595 5919 2617 5957 ι
2654 5898 2891 5975 (Pallad.
2916 5919 3036 5975 pag.
3071 5903 3188 5976 28).
3223 5901 3458 5975 Nempe,
3486 5903 3564 5961 uti
3583 5903 3860 5972 Palladius,
