4122 6346
298 263 401 323 6H

1094 276 1373 339 NOTITIA
1414 282 1906 344 EPISTOLARUM
1946 287 2087 347 NON
2129 291 2596 369 EXS'I'ANTIUM,
2639 302 2792 360 ETC.

3491 320 3595 377 618

293 399 414 454 pag.
449 381 564 441 145
596 395 653 444 et
677 390 803 460 146,
828 403 1029 457 narrat,
1054 394 1386 470 Porphyrius
1410 401 1589 456 missis
1620 402 1686 458 ad
1712 403 1895 459 Comi-
1928 407 1978 464 A
2004 405 2112 471 bat,
2145 407 2314 476 dedit,
2355 412 2636 470 Emilium
2674 417 2886 473 scilicet
2915 418 3212 479 Beneventi
3255 427 3595 500 episcopum,

289 486 460 534 tatutn
488 491 547 534 et
577 485 914 552 potentiores
944 488 1227 562 episc0pos
1256 494 1500 561 pecuniis
1529 496 1806 559 effecerat,
1840 506 1897 552 ιιι

285 569 675 646 Constantius,
699 580 789 649 qui
816 580 956 636 inter
982 592 1211 638 caeteros
1233 588 1581 659 presbyteros
1598 591 1887 656 eminebat,

284 675 570 734 tamquam
606 673 926 744 populorum
958 679 1304 747 perturbator
1346 683 1707 754 relegaretur.
1743 687 1893 742 Alios

281 773 413 814 vero
445 762 810 836 presbyteros
856 775 1019 838 atque
1060 771 1294 828 clericos
1333 773 1386 829 in
1415 777 1716 833 custodiam
1751 780 1891 837 mitti

279 863 597 911 curaverat.
670 857 806 913 Tum
871 863 1040 931 prima
1104 864 1194 920 die
1244 867 1579 926 celebritatis
1643 873 1889 928 ludorum

276 945 686 1017 Olympiorum,
718 966 839 1007 cum
871 955 1060 1012 civitas
1086 960 1265 1015 omnis
1284 960 1349 1014 ad
1369 963 1679 1020 suburbana
1711 967 1890 1024 athle-

276 1051 356 1097 tas
388 1055 712 1114 spectatura
745 1050 1058 1118 transisset,
1113 1054 1162 1108 in
1192 1057 1474 1112 ecclesiam
1517 1060 1747 1130 irrupit;
1785 1062 1887 1119 ibi-

271 1152 376 1206 que
406 1154 540 1193 cum
583 1139 812 1206 Acacio,
855 1143 1154 1202 Severiano
1191 1156 1247 1202 et
1283 1149 1554 1206 Antiocho
1592 1153 1884 1226 episcopis,

269 1245 408 1300 quos
435 1232 585 1300 apud
625 1248 687 1288 se
718 1234 1096 1303 absconderat,
1133 1255 1195 1294 ac
1227 1243 1413 1308 paucis
1441 1244 1658 1300 clericis
1693 1263 1711 1297 ι
1747 1246 1882 1300 clam

269 1323 560 1381 ordinatus
593 1338 679 1382 est
701 1329 902 1384 clausis
929 1331 1132 1400 jatmis,
1168 1347 1220 1390 el,
1255 1345 1398 1389 tanta
1432 1353 1551 1391 eum
1582 1338 1883 1393 festinatio-

265 1430 350 1480 ne,
387 1429 441 1468 ιιι
476 1433 546 1472 ne
566 1420 936 1488 precationem
968 1423 1183 1494 quidem
1213 1426 1279 1480 ad
1311 1427 1473 1482 linem
1509 1429 1877 1497 perduxerint,

263 1521 585 1566 metuentes
615 1527 690 1568 ne
723 1512 1286 1584 deprehenderentur.
1323 1538 1341 1572 ι

333 1606 425 1659 17.
473 1608 632 1660 Auno
662 1608 768 1663 405
812 1611 920 1678 iam
967 1611 1186 1675 labente,
1223 1613 1555 1671 Innocentius
1585 1620 1652 1672 ad
1698 1619 1880 1675 [Iono—

261 1697 395 1751 rium
437 1699 629 1753 scribit
661 1699 725 1754 de
755 1703 940 1757 misero
969 1703 1324 1762 Ecclesiarum
1353 1719 1510 1764 statu.
1543 1741 1613 1751 -—
1638 1713 1880 1770 Subinde

1995 497 2314 571 Cythegium
2343 514 2398 559 et
2420 506 2783 564 Gaudentium
2825 512 2953 566 item
2987 497 3310 588 cpiscopus,
3339 497 3594 580 unicum

1996 591 2376 652 Valentiniano
2425 612 2480 655 et
2508 603 2791 659 Bonifacio
2839 609 3174 680 presbyteris
3197 654 3212 678 ,
3248 630 3457 672 net-nou
3488 636 3596 674 uno
3660 671 3669 682 _

1997 685 2253 743 ltomanae
2281 691 2541 750 Ecclesiae
2574 697 2802 754 diacono
2832 703 2985 772 cujus
3016 720 3217 763 nomen
3249 709 3472 778 siletur;
3499 714 3597 770 sed

1991 785 2045 832 ct
2075 780 2365 850 epistolam
2402 787 2534 859 ipsis
2569 792 2791 848 tradidit
2819 796 2891 850 ad
2919 796 3213 857 Arcadium
3244 803 3378 875 imp.
3411 807 3593 876 perfe-

1993 872 2240 930 rendam.
2272 876 2442 934 Simul
2470 896 2801 953 acceperunt
2833 888 2995 945 iidem
3023 893 3184 964 legati
3213 872 3338 952 cum
3362 872 3593 955 Honorii

1991 967 2276 1036 epistolam
2306 987 2466 1043 quam
2501 976 2802 1036 etiamnum
2832 982 3119 1054 habemus,
3146 997 3259 1044 tum
3293 990 3591 1049 Chromatii

1991 1057 2398 1129 Aquileiensis,
2463 1067 2685 1126 Venerii
2732 1074 3198 1146 Mediolanensis,
3249 1084 3591 1156 aliorumque

1988 1149 2156 1208 Italia:
2200 1157 2580 1230 episcoporum
2611 1166 2676 1219 ad
2709 1169 2960 1224 eumdem
3010 1171 3396 1243 imperatorem
3443 1178 3590 1234 littc--

1987 1258 2096 1299 ras.
2127 1247 2246 1315 Quo
2301 1261 2549 1322 tempore
2583 1270 2835 1330 suscepta
2869 1264 2941 1317 sit
2969 1264 3057 1318 illa
3092 1267 3289 1338 legatio
3318 1271 3589 1341 conjicere

1987 1335 2110 1391 licet
2157 1356 2221 1395 ex
2255 1345 2440 1399 verbis
2484 1347 2818 1419 legatorum,
2848 1360 2937 1426 qui
2971 1360 3057 1416 ubi
3091 1377 3149 1418 se
3177 1363 3244 1417 ad
3277 1364 3464 1418 urbem
3494 1381 3584 1421 rc-

1986 1429 2126 1498 giam
2159 1438 2438 1505 appulisse
2461 1481 2474 1505 ,
2507 1445 2802 1518 statimque
2842 1449 2896 1505 in
2947 1454 3259 1512 suburbano
3305 1459 3582 1526 detentus,

1986 1538 2048 1577 ac
2082 1525 2258 1582 triduo
2289 1542 2409 1599 post
2437 1534 2714 1605 dimissos,
2747 1542 2800 1597 iu
2827 1547 3102 1603 maritimo
3131 1550 3381 1608 Thraciae
3403 1565 3584 1612 castro

1985 1617 2273 1675 conclusos
2343 1640 2466 1680 esse
2544 1642 2874 1701 narrarunt,
2933 1642 3176 1708 proxime
3238 1645 3582 1714 subjiciunt:

1991 1724 2008 1758 ι
2046 1707 2323 1770 P05tridie
2369 1719 2635 1776 miserunt
2667 1725 2734 1780 ad
2765 1743 2882 1795 nos,
2919 1747 2984 1786 an
3018 1735 3179 1790 aulici
3212 1736 3581 1807 imperatoris,

260 1791 615 1849 Domitianus
665 1797 950 1868 presbyter
990 1807 1044 1854 et
1086 1815 1404 1858 tecononms
1450 1806 1696 1861 ecclesiae
1735 1807 1879 1862 Con-
1912 1798 1957 1857 Β
1987 1814 2051 1852 an
2087 1803 2323 1871 Atticus,
2357 1810 2632 1869 nescimus
2664 1816 2802 1886 (ipse
2835 1821 2976 1876 enim
3009 1791 3585 1887 dicebaturrEccltasia:

255 1891 621 1961 stantinpol.
635 1934 650 1958 ,
673 1880 1137 1967 necuonVallagas
1155 1897 1444 1956 Nisibenus
1460 1902 1760 1974 presbyter,
1779 1909 1868 1974 qui

255 1993 309 2040 et
347 1986 825 2043 monasteriorum
859 1988 1261 2060 Mesopotamia:
1304 1993 1655 2050 afﬂictioncm
1691 2013 1878 2052 narra-

255 2074 366 2143 bat,
400 2090 526 2134 acta
553 2079 1119 2139 tradttntiunocentio
1158 2085 1338 2155 Optati
1381 2089 1644 2157 praefecti,
1679 2091 1875 2160 quibus

256 2171 504 2228 honesta:
548 2175 818 2231 mulieres
844 2177 1090 2232 ecclesia:
1120 2177 1230 2234 ΟΡ.
1261 2180 1583 2237 ἀίειοοιιίςςτε
1615 2199 1644 2238 e
1671 2200 1876 2254 genere

250 2268 540 2323 consulum
574 2268 645 2322 ad
673 2284 800 2325 eum
823 2269 1030 2327 ducere
1052 2274 1415 2345 cogebantur,
1446 2287 1538 2331 aut
1565 2281 1866 2334 communi-

250 2375 374 2416 care
404 2378 532 2417 cum
571 2363 804 2420 Arsacia
845 2366 895 2419 in
942 2366 1119 2422 locum
1159 2367 1386 2424 Joannis
1428 2371 1747 2442 subrogato,
1781 2383 1874 2428 aut

251 2451 387 2509 ﬁsco
432 2455 706 2511 ducentas
736 2458 852 2512 auri
886 2458 1051 2514 libras
1106 2459 1238 2516 dare
1278 2460 1520 2532 (Pallad.
1575 2481 1696 2534 pag.
1729 2465 1800 2520 ‘28
1825 2465 1868 2537 ).

250 2545 382 2602 Tum
419 2548 799 2613 Innocentius,
826 2560 902 2605 tot
933 2567 996 2607 ac
1024 2561 1170 2607 tanta
1198 2554 1470 2610 sustinere
1499 2556 1731 2626 amplius
1762 2573 1868 2612 non

249 2643 434 2698 valens
483 2645 654 2711 mala,
697 2646 984 2714 epistolam
1031 2649 1098 2704 ad
1139 2650 1440 2706 Honorium
1484 2652 1868 2722 imperatorem

248 2737 490 2806 scripsit,
524 2739 578 2792 in
605 2728 713 2806 qua
740 2739 1055 2811 singillatim
1089 2744 1218 2814 quid
1250 2745 1454 2801 ferrent
1482 2746 1701 2813 litterae,
1734 2765 1868 2820 quas

247 2827 314 2883 de
342 2831 602 2885 ecclesiae
645 2831 754 2888 ΟΡ.
798 2834 1140 2905 aliarumque
1172 2840 1372 2896 misero
1402 2849 1546 2896 statu
1577 2857 1604 2894 a
1636 2841 1868 2898 diversis

248 2936 572 2996 acceperat,
605 2929 883 2998 exposuit.

318 3019 404 3073 18.
452 3018 626 3074 Paulo
675 3032 790 3090 post
841 3026 1071 3094 synodus
1116 3027 1481 3098 episc0porunt
1515 3027 1688 3084 Italia!
1723 3031 1866 3100 cogi-

247 3113 756 3169 tur.———Ilonorius
818 3131 946 3172 vero
1000 3117 1185 3172 statim
1236 3128 1295 3173 ιιι
1358 3119 1498 3175 hanc
1560 3120 1862 3178 Innocentii

1987 1897 2242 1953 thronum
2296 1902 2636 1978 invasisse),
2693 1915 2784 1982 qui
2835 1916 2990 1972 nobis
3044 1921 3144 1974 tria
3198 1925 3582 1984 numismatum

1984 1991 2150 2046 millia
2197 1997 2519 2066 tradebant,
2563 2015 2784 2061 orantes
2823 2021 2881 2064 tit
2922 2014 3101 2068 Attico
3142 2019 3582 2076 communicare-

1983 2099 2120 2141 mus.
2157 2107 2175 2138 ι
2206 2088 2325 2144 Jam
2361 2093 2523 2163 igitur
2562 2097 2850 2157 defunettts
2899 2117 3016 2160 erat
3057 2107 3350 2180 Arsaeius,
3381 2123 3436 2168 et
3463 2115 3581 2184 ejus

1983 2175 2103 2232 loco
2167 2181 2382 2238 Atticus
2428 2187 2690 2245 suffectus
2741 2192 2950 2261 fuerat;
2993 2198 3152 2270 idque
3192 2175 3354 2273 legati
3401 2175 3582 2260 citatis

1980 2272 2164 2328 verbis
2188 2274 2421 2333 iunuuut
2445 2291 2572 2336 tunc
2601 2286 2838 2355 primum
2868 2292 3057 2346 audire
3086 2310 3145 2349 se
3175 2272 3430 2367 cmpisse,
3457 2314 3578 2354 cum

1977 2366 2043 2419 ad
2090 2370 2279 2424 urbem
2333 2375 2535 2444 regiam
2585 2393 2962 2438 accesserunt.
3013 2387 3175 2458 Atqui
3210 2366 3494 2445 Arsacium
3523 2409 3578 2447 ιιι

1977 2460 2103 2518 Idus
2131 2464 2470 2535 Novembris,
2500 2471 2803 2532 Stilichone
2826 2478 3020 2534 iletum
3053 2491 3104 2536 et
3135 2482 3429 2539 Anthemio
3445 2502 3580 2542 cou-

1975 2558 2207 2626 sulibns,
2245 2561 2348 2617 hnc
2375 2576 2458 2618 est
2488 2565 2810 2626 Novembris
2848 2574 2902 2627 ll
2941 2573 3028 2630 die
3057 2616 3069 2636 .
3102 2592 3246 2634 anno
3273 2578 3405 2644 405,
3439 2595 3583 2634 mur—

1976 2658 2081 2704 lem
2112 2653 2434 2722 oppetiisse,
2465 2656 2742 2728 Socrates,
2771 2663 2864 2718 lib.
2893 2682 2967 2732 v1,
2996 2683 3046 2722 c.
3072 2667 3165 2735 20,
3195 2679 3401 2724 narrat.
3434 2672 3578 2728 Idem

1973 2752 2029 2798 et
2059 2744 2300 2800 Atticum
2335 2748 2572 2807 Arcadio
2611 2770 2660 2807 ιι
2693 2764 2748 2809 ct
2791 2756 2968 2812 Probo
3002 2762 3346 2825 Consulibus,
3380 2773 3433 2818 et
3463 2763 3588 2834 qui-

1971 2836 2093 2890 dem
2123 2879 2137 2903 ,
2168 2848 2225 2894 ut
2273 2841 2648 2912 Sozotneuus,
2685 2848 2778 2904 lib.
2816 2866 2906 2904 \‘lll
2938 2893 2951 2917 ,
2985 2867 3036 2907 c.
3069 2854 3140 2908 ‘27
3165 2896 3179 2921 ,
3219 2856 3424 2924 tradit,
3459 2873 3580 2913 cum

1972 2928 2585 3005 Constantiuopolitana
2616 2940 2778 2995 sedes
2804 2953 3037 3012 quatuor
3062 2960 3280 3002 menses
3303 2961 3579 3014 vacasset,

1969 3019 2214 3093 adeoque
2246 3042 2435 3082 mense
2457 3028 2650 3084 Martio
2679 3035 2806 3087 anui
2838 3034 2944 3089 406
2967 3037 3193 3092 Arsacio
3225 3039 3577 3111 subrogatum

1969 3111 2158 3180 fuisse,
2195 3117 2392 3174 ibidem
2446 3132 2696 3177 testatur.
2737 3125 2813 3179 Ex
2849 3141 2958 3196 quo
2988 3131 3265 3198 sequitur,
3298 3140 3438 3188 utet
3467 3135 3582 3205 epi-

249 3205 544 3275 epismjam
573 3207 812 3276 accep“,
849 3217 905 3263 ιη
935 3208 1159 3265 Palladii
1187 3211 1368 3267 verbis
1403 3221 1524 3267 um.
1547 3211 1694 3285 (paL
1737 3233 1860 3287 pag,
1892 3193 1936 3255 C
1970 3205 2107 3258 stola
2143 3206 2466 3278 lnnocentii,
2498 3213 2566 3266 de
2600 3231 2702 3284 qua
2735 3219 2979 3288 agimus,
3015 3223 3156 3276 circa
3205 3224 3418 3280 initium
3449 3228 3580 3282 anni

248 3297 360 3370 29),
385 3319 404 3351 ι
429 3299 869 3356 Occidentalium
882 3302 1147 3374 synodum
1168 3306 1308 3376 cogi,
1335 3321 1538 3375 eosque
1555 3323 1674 3361 cum
1702 3323 1861 3362 unam

250 3394 407 3448 simul
438 3395 775 3449 sententiam
801 3395 1076 3462 tulissent,
1107 3396 1174 3451 ad
1198 3413 1349 3453 suam
1373 3399 1627 3468 pietatem
1657 3399 1864 3456 referre

249 3485 421 3556 jubet.
467 3506 487 3541 ›
522 3489 761 3560 Moxque
796 3507 815 3542 ι
849 3491 1092 3561 episcopi
1119 3490 1290 3548 italiae
1327 3495 1647 3564 c0ngrcgati
1683 3493 1859 3564 Impe-

252 3593 489 3636 ratorem
533 3591 718 3648 orant,
748 3583 954 3638 scribat
981 3582 1138 3638 fratri
1169 3599 1271 3639 suo
1291 3595 1344 3640 et
1369 3585 1615 3640 consorti
1649 3586 1863 3655 imperii

251 3675 510 3743 Arcadio,
540 3687 596 3731 ut
648 3677 925 3747 prmeipiat
966 3677 1368 3734 Thessalonicae
1413 3679 1678 3751 synodum
1719 3678 1860 3746 ﬁeri,

251 3784 352 3839 quo
381 3768 602 3826 facilius
631 3778 863 3839 utraque
894 3785 1018 3840 pars
1039 3769 1279 3826 Orientis
1309 3779 1362 3826 et
1391 3771 1702 3828 Occidentis
1734 3787 1859 3828 cou-

248 3878 474 3919 currere
519 3863 722 3928 valeat,
774 3877 838 3919 ac
877 3863 1117 3936 synodus
1168 3881 1274 3919 non
1329 3874 1435 3919 tam
1478 3866 1858 3936 episcoporum

250 3971 501 4023 numero,
534 3973 697 4028 quam
733 3959 1019 4012 sententia:
1055 3959 1320 4027 gravitate
1353 3957 1612 4028 perfecta,
1647 3970 1857 4014 certum

249 4059 300 4102 ct
330 4049 700 4104 indubitatum
721 4048 983 4120 judicium
1008 4049 1165 4105 ferat.
1207 4071 1226 4103 ι
1262 4050 1413 4105 Tunc
1432 4050 1704 4104 celebrata
1735 4051 1858 4121 qui-

251 4139 367 4196 dem
403 4142 506 4198 fnit
536 4141 779 4214 synodus
803 4185 818 4209 ,
854 4142 950 4198 sed
981 4142 1068 4196 ubi
1102 4141 1283 4197 habita
1315 4141 1416 4204 sit,
1450 4137 1720 4195 Palladius
1750 4155 1856 4195 non

252 4236 473 4292 iudicat.
495 4237 737 4291 Tantum
758 4237 959 4292 scimus
990 4236 1107 4306 ejus
1131 4236 1506 4292 deﬁnitionem
1536 4237 1604 4292 iis
1634 4235 1858 4290 omnino

253 4339 676 4384 consentaneam
709 4343 854 4395 esse,
901 4344 1019 4400 qua:
1049 4329 1400 4385 Innocentius
1445 4331 1512 4382 ab
1542 4329 1696 4384 initio
1739 4342 1858 4396 per-

253 4422 576 4476 turbationis
632 4421 790 4492 hujus
830 4437 894 4477 ac
931 4421 1226 4493 deinceps,
1279 4432 1338 4478 ut
1383 4437 1568 4491 supra,
1619 4436 1676 4475 ιι.
1707 4420 1772 4484 5,
1804 4429 1859 4473 et

253 4514 407 4582 epist.
442 4516 475 4569 5
508 4526 561 4570 ct
594 4513 625 4567 7
647 4513 836 4569 videre
865 4524 969 4579 est,
1003 4525 1318 4570 constanter
1353 4521 1664 4570 censuerat.
1703 4511 1855 4568 Unde

1969 3292 2074 3352 406
2099 3299 2300 3370 scripta
2329 3301 2515 3359 fuerit.

2038 3386 2126 3443 90.
2164 3389 2367 3446 Eodem
2388 3403 2638 3467 tempore,
2669 3399 3134 3459 Commonitorium
3167 3407 3350 3479 legatis
3372 3411 3571 3468 datum.

1967 3508 2038 3520 --
2066 3481 2264 3540 Iisdem
2293 3487 2483 3559 legatis
2517 3491 2773 3547 traditum
2804 3505 2888 3549 est
2913 3493 3402 3557 Commonitorium
3449 3521 3578 3578 syn-

1967 3574 2055 3629 odi
2113 3580 2278 3636 totius
2328 3582 2638 3642 Occidentis
2690 3587 2944 3659 (Pallad.
3003 3610 3124 3664 pag.
3174 3594 3312 3668 δι),
3372 3616 3390 3650 ι
3430 3574 3573 3670 quod

1967 3671 2304 3742 continebat,
2335 3677 2603 3736 Joannem
2629 3683 2897 3752 judicium
2932 3685 3139 3756 ingredi
3188 3708 3295 3747 non
3346 3693 3569 3764 debere,

1966 3769 2070 3824 nisi
2119 3767 2270 3837 prius
2313 3769 2414 3840 ipsi
2460 3775 2708 3829 restituta
2760 3777 2954 3834 fuisset
2983 3791 3037 3837 et
3069 3784 3302 3841 ecclesia
3338 3800 3391 3842 et
3421 3804 3574 3845 com-

1969 3863 2194 3917 munio:
2235 3873 2293 3919 ιιι
2336 3866 2549 3922 sublata
2602 3885 2762 3924 causa
2807 3872 3148 3931 detrectandi
3191 3877 3381 3949 judicii
3410 3924 3426 3948 ,
3475 3897 3570 3939 sua

1965 3964 2161 4023 sponte
2198 3969 2516 4013 consessum
2552 3959 2734 4016 iniret.
2772 3981 2790 4013 ι
2829 3961 3216 4034 Lampsacenw
3245 3973 3439 4042 synodi
3471 3975 3574 4030 sub

1966 4046 2200 4102 Damaso
2247 4049 2446 4105 habita:
2476 4053 2617 4121 apud
2648 4053 3017 4112 Sozomenum
3045 4101 3060 4126 ,
3094 4061 3182 4115 lib.
3223 4079 3295 4130 Π,
3326 4081 3377 4119 c.
3410 4067 3462 4132 7,
3494 4069 3569 4123 si-

1966 4139 2093 4194 tuile
2132 4140 2402 4209 quoddam
2448 4153 2530 4197 est
2576 4147 2930 4202 censdtutum
2957 4189 2972 4214 ,
3005 4152 3257 4207 nimirum
3290 4175 3308 4206 ι
3344 4165 3402 4212 ut
3448 4161 3566 4228 epi-

1962 4231 2136 4302 scopi,
2171 4235 2259 4304 qui
2291 4235 2526 4305 depositi
2555 4237 2769 4293 fuerant
2796 4242 2866 4295 ab
2896 4242 2959 4296 iis
2985 4245 3075 4313 qui
3107 4246 3428 4304 dissimilem
3456 4252 3562 4308 Pa-

1964 4323 2029 4376 tri
2061 4323 2256 4378 Filium
2303 4327 2662 4395 asserebant,
2697 4329 2858 4385 sedes
2884 4348 3013 4386 suas
3039 4337 3376 4404 poSIIintinio
3407 4357 3564 4399 recu-

1962 4427 2172 4486 pereut,
2203 4417 2404 4489 quippe
2431 4420 2521 4490 qui
2553 4421 2751 4491 injuste
2781 4425 2997 4493 spoliati
3049 4427 3319 4486 fuissent:
3343 4435 3486 4504 quod
3515 4440 3560 4492 si

1959 4509 2082 4580 quis
2104 4527 2198 4565 eos
2228 4526 2489 4570 accusare
2516 4514 2762 4588 (exinde)
2791 4519 2978 4584 vellet,
3001 4521 3104 4576 sub
3131 4525 3276 4594 paris
3297 4529 3557 4586 condem-

251 4580 339 4661 aut
363 4623 488 4662 eum
526 4605 810 4677 prmfuisse
857 4606 981 4663 huic
1011 4608 1243 4678 synodo,
1277 4617 1369 4662 aut
1404 4608 1538 4662 nihil
1570 4608 1622 4662 in
1651 4621 1714 4662 ea
1742 4605 1847 4662 nisi
1881 4580 1932 4640 D
1960 4604 2196 4659 nationis
2240 4607 2484 4676 periculo
2517 4608 2568 4661 id
2614 4619 2821 4680 ageret.
2864 4630 2883 4663 ι
2920 4611 3025 4669 Ubi
3057 4616 3329 4690 episcopis
3359 4621 3559 4692 injuste

249 4714 308 4754 ex
339 4703 456 4770 ejus
479 4701 756 4756 sententia
782 4713 963 4756 aetum
994 4718 1116 4758 esse
1142 4701 1448 4758 coniicitur.

315 4795 466 4850 Circa
509 4799 709 4851 exitum
753 4797 876 4850 anni
905 4795 1041 4863 405,
1075 4796 1342 4851 Honorius
1373 4794 1680 4852 Innocéntio
1717 4797 1851 4851 scri-

249 4891 334 4946 bit.
363 4923 436 4933 —-
465 4891 746 4946 Proxima:
777 4890 970 4961 synodi
1008 4889 1232 4945 decreto
1264 4905 1472 4944 morem
1512 4905 1707 4962 gerens
1740 4889 1841 4944 Ho-

249 4988 461 5049 norius,
507 4982 684 5040 semel
715 4991 768 5036 et
799 4985 878 5036 his
909 4982 976 5038 ad
1010 4983 1302 5038 Arcadium
1336 4983 1526 5038 scribit
1551 5001 1564 5038 :
1589 4983 1683 5039 sed
1722 4999 1845 5038 cum

249 5077 374 5131 nihil
417 5078 753 5148 proliceret,
799 5091 860 5131 ac
896 5075 965 5130 de
1003 5076 1162 5130 tertia
1203 5075 1434 5143 epistola
1485 5075 1549 5129 ad
1591 5075 1843 5131 eumdem

249 5172 510 5227 mittenda
559 5169 866 5238 cogitaret,
897 5168 1087 5222 scribit
1126 5178 1180 5222 et
1223 5167 1288 5222 ad
1338 5166 1746 5229 Innocentium.
1792 5175 1850 5220 ut

254 5279 271 5314 t
299 5266 477 5319 mittat
527 5264 773 5332 quinque
819 5261 1142 5331 episcopos,
1171 5275 1235 5315 ac
1281 5260 1540 5315 Romana:
1590 5259 1846 5314 Ecclesia:

248 5361 599 5429 presbyteros
631 5353 770 5409 duos
811 5371 933 5410 cum
963 5369 1075 5408 uno
1115 5353 1369 5421 diacono,
1397 5354 1488 5424 qui
1519 5369 1638 5409 eam
1670 5352 1847 5407 ferant

249 5449 482 5522 (Pallad.
516 5467 643 5522 pag.
674 5446 791 5519 29).
819 5467 836 5499 ι
872 5448 1001 5517 Ejus
1025 5447 1271 5517 petitioni
1298 5446 1572 5519 quomodo
1604 5445 1847 5518 paruerit

249 5541 623 5609 Innocentius,
652 5544 820 5612 prima
846 5543 898 5598 in
924 5542 1094 5613 ipsius
1117 5543 1405 5613 epistolam
1434 5542 1467 5597 9
1498 5539 1848 5595 annotatione

250 5644 626 5713 exposuimus.

316 5738 402 5792 19.
439 5737 596 5790 Anno
621 5732 755 5798 406,
787 5729 1124 5786 Innocentius
1166 5731 1397 5785 Arcadio
1431 5729 1632 5784 scribit.
1662 5757 1732 5768 --
1759 5727 1848 5782 lu-

250 5832 543 5888 nocentius
575 5841 686 5882 non
716 5824 889 5880 solum
920 5825 1160 5879 Honorio
1189 5825 1434 5895 legatos,
1465 5836 1601 5894 quos
1631 5829 1851 5890 expete-

690 5921 961 5978 ΡΔτιιοι..
1011 5917 1158 5978 ΧΧ.

1954 4697 2205 4766 spoliatis
2233 4709 2285 4754 et
2315 4698 2504 4769 ejemis
2543 4701 2705 4756 sedes
2752 4717 2864 4758 suae
2906 4706 3266 4766 restituuntur
3295 4714 3552 4785 primum,

1951 4804 2014 4845 ac
2044 4801 2152 4845 tum
2185 4794 2404 4849 demum
2436 4809 2531 4849 eos
2562 4797 2853 4852 accusandi
2890 4798 3041 4855 locus
3084 4804 3439 4870 permittitur.
3470 4811 3551 4866 Ad

1952 4881 2260 4954 ltujusmodi
2303 4886 2647 4942 decretorum
2691 4888 3048 4948 imitationem
3078 4895 3316 4954 Isidorus
3345 4901 3554 4960 Merca-

1951 4985 2039 5031 tor
2084 4993 2205 5032 cutn
2257 4980 2570 5049 Symmachi
2619 4997 2770 5052 papa:
2818 4984 2871 5038 in
2919 4987 3103 5043 ﬁctilia
3138 5006 3168 5044 v
3197 4995 3406 5064 synodo
3437 4995 3551 5052 Ro-

1955 5085 2108 5125 tnana
2137 5072 2236 5124 sub
2268 5073 2460 5128 eodem
2491 5088 2650 5142 papa,
2683 5085 2792 5129 tum
2828 5079 3186 5136 vetustiorum
3232 5087 3548 5153 pontilicum

1952 5165 2208 5230 nomine,
2233 5148 2416 5218 'multa
2449 5165 2644 5220 similia
2672 5170 2961 5237 confinxit,
2989 5187 3110 5242 quae
3138 5175 3317 5245 ipsum
3352 5178 3549 5235 identi-

1950 5257 2073 5313 dem
2109 5267 2359 5328 repetere
2392 5275 2496 5314 non
2531 5260 2720 5330 piguit.

2023 5351 2110 5406 il.
2129 5352 2278 5406 Anno
2299 5351 2426 5417 407,
2453 5370 2624 5408 mense
2647 5353 2829 5421 Junio,
2856 5360 2972 5428 Afri
2994 5358 3355 5418 Innocentium
3381 5363 3548 5419 Theo-

1951 5444 2095 5515 phila
2138 5446 2474 5500 reconciliare
2511 5457 2726 5503 tentant.
2770 5480 2841 5492 —
2875 5452 3324 5526 Carthaginiense
3366 5459 3551 5514 conci-

1951 5537 2106 5603 lium,
2139 5552 2283 5592 anno
2311 5538 2436 5601 407,
2465 5538 2613 5594 Junii
2643 5541 2709 5597 15
2739 5542 2826 5597 die
2858 5543 3123 5612 habitum,
3159 5547 3225 5601 de
3255 5548 3453 5603 litteris
3481 5552 3550 5607 ad

1950 5629 2326 5685 Innocentium
2358 5646 2548 5700 papam
2587 5635 2892 5690 scribendis
2931 5637 3034 5692 hoc
3070 5637 3348 5694 decretum
3380 5641 3553 5700 edidit

1957 5722 2110 5795 (Cod.
2141 5739 2258 5776 can.
2290 5725 2412 5778 eccl.
2439 5724 2582 5796 Δίνη
2608 5743 2654 5779 c.
2685 5728 2809 5796 l0|)
2839 5745 2852 5784 :
2891 5746 2911 5779 ι
2946 5728 3158 5782 Placuit
3187 5732 3374 5794 etiam.
3404 5745 3460 5788 ut
3485 5737 3555 5792 de

1953 5815 2293 5872 dissensione
2337 5815 2596 5872 Romamn
2645 5828 2807 5888 atque
2855 5819 3236 5878 Alexandrina
3283 5823 3542 5886 Ecclesiae

3046 5916 3120 5970 20
