4122 6346
606 244 708 301 619

1385 232 1734 301 APPENDIX
1776 239 1867 296 AD
1912 236 2218 297 EPISTOLt

2329 239 2383 296 S.
2430 237 2824 300 INNOCENTII
2865 241 2887 300 l
2925 232 3156 300 PAPE.
3776 242 3860 304 630

603 364 669 419 ad
701 373 946 419 sanctum
979 378 1166 433 papam
1194 363 1572 420 Innocentium
1597 360 1891 426 scribatur,
1920 373 2028 429 quo
2057 366 2207 412 utra-
2238 359 2286 420 Α
2314 360 2557 415 centium.
2590 359 2688 413 llis
2715 359 3049 414 Innocentius
3070 355 3320 412 rescribit.
3347 355 3578 429 Epistota
3608 355 3862 416 Innocentio

603 474 709 530 que
748 457 992 513 Ecclesia
1029 458 1165 511 intra
1191 473 1249 510 se
1284 471 1495 527 pacem,
1531 469 1691 524 quam
1722 453 1984 507 Dominus
2014 465 2213 521 praece-

609 552 706 621 pit,
739 559 940 606 teneat.
978 569 995 602 ι
1032 550 1156 605 llaec
1187 559 1368 604 autem
1416 547 1685 603 dissensio
1731 561 1839 600 non
1873 544 1977 599 alia
2011 543 2111 599 fuit
2142 543 2210 597 ab

606 661 670 701 ea
695 661 814 717 quae
855 645 1082 700 Joannis
1107 643 1481 715 Cbrysostomi
1513 655 1678 697 causa
1721 640 1956 694 excitata
1991 639 2209 705 fuerat,

606 755 726 794 cum
777 735 1067 810 TheOphili
1129 738 1392 792 adversus
1436 751 1560 792 eum
1610 735 1928 790 violentiam
1980 735 2213 805 probare

606 831 957 889 Innocentius
992 831 1348 902 nequivisset.

678 925 770 980 22.
811 926 957 979 Anno
981 924 1109 991 112,
1139 921 1286 976 Junii
1318 923 1382 977 17
1412 921 1517 985 die,
1549 919 1891 977 Innocentius
1918 919 1986 974 ad
2009 919 2212 988 episco-

603 1038 697 1092 pos
740 1019 948 1091 Illyrici
993 1019 1190 1075 scribit.
1224 1017 1622 1074 ——lnnocentii
1671 1018 1736 1072 ad
1788 1017 2077 1087 episc0pos
2120 1031 2215 1086 per

606 1115 1004 1181 Macedoniam,
1025 1114 1305 1177 Achaiam,
1323 1112 1689 1177 Thessaliam,
1709 1110 1931 1179 Epirum
1951 1119 2214 1174 veterem,

604 1209 826 1280 Epirum
858 1209 1330 1275 novam,Cretam,
1360 1208 1581 1263 Daciam
1612 1205 2090 1267 Mediterraneum,
2113 1203 2215 1256 Da-

600 1302 737 1356 ciam
788 1303 1082 1373 liipensem
1105 1345 1119 1366 ,
1151 1300 1394 1356 3~lmsiant
1420 1342 1436 1368 ,
1470 1298 1794 1354 Dardaniam
1837 1305 1892 1353 et
1929 1295 2212 1352 Prtevalim

599 1396 924 1451 constitutos
958 1395 1152 1449 littera:
1179 1395 1246 1448 ab
1277 1394 1510 1463 ipsemet
1541 1391 1864 1447 Innocentio
1898 1391 1948 1444 in
1979 1387 2216 1460 epistola

605 1487 692 1551 i3,
728 1505 782 1542 n.
810 1489 867 1553 5,
903 1497 1282 1542 memorantur
1304 1527 1317 1551 ,
1347 1494 1406 1539 ut
1436 1499 1542 1538 una
1575 1498 1695 1539 cum
1741 1481 1933 1537 eadem
1975 1477 2219 1554 (scilicet

597 1579 740 1639 Junii
778 1582 846 1638 17
882 1583 972 1638 die
1003 1581 1130 1635 anni
1159 1579 1267 1634 412
1299 1578 1319 1650 )
1354 1578 1498 1634 datae
1528 1618 1542 1644 ,
1583 1577 1780 1648 quibus
1811 1575 2077 1630 certiores
2121 1586 2218 1627 eos

603 1671 859 1737 faciebat.
897 1673 1089 1729 harum
1123 1688 1183 1727 se
1215 1671 1622 1742 provinciarum
1656 1683 1839 1724 curam
1875 1665 2015 1721 Rufo
2045 1666 2218 1720 Thes-

601 1768 931 1824 salonicensi
961 1768 1223 1836 episeopo
1257 1765 1374 1821 vice
1405 1765 1487 1818 sui
1518 1763 1906 1818 demandasse.

676 1859 766 1915 ‘23.
794 1861 942 1914 Anno
964 1858 1091 1922 M5,
1114 1857 1288 1912 scribit
1312 1856 1379 1911 ad
1407 1856 1775 1926 Augustinum.
1795 1884 1865 1893 ——
1882 1852 2216 1922 Augustinus

603 1954 656 2008 in
690 1953 919 2025 epistola
950 1953 1079 2006 olim
1109 1951 1238 2017 259,
1262 1967 1402 2005 nunc
1435 1949 1556 2015 151,
1578 1948 1644 2003 ad
1667 1947 2019 2003 Caecilianum
2046 1961 2216 2014 quon-

601 2045 726 2100 dam
773 2044 942 2100 Italia:
975 2046 1293 2116 prasl'ectum
1327 2087 1338 2108 ,
1376 2061 1430 2098 ιι.
1464 2045 1520 2110 ‘2,
1556 2049 1826 2098 memorat
1853 2040 1957 2095 sibi
1993 2058 2010 2090 (
2045 2055 2073 2093 a
2107 2037 2216 2092 fra—

606 2139 778 2194 tribus
821 2139 1111 2209 epistolam
1141 2139 1360 2192 missam
1397 2135 1572 2192 sancti
1600 2144 1657 2192 et
1688 2134 1978 2204 praacipuis
2004 2132 2216 2186 meritis

603 2235 894 2292 venerandi
942 2249 1094 2305 papa:
1143 2231 1468 2296 lnnocenlii,
1497 2246 1682 2302 quam,
1714 2227 1912 2299 inquit,
1938 2242 2036 2297 per
2069 2236 2214 2280 tuam

604 2329 970 2400 prmstantiam
994 2327 1062 2382 ad
1091 2342 1177 2381 me
1205 2325 1383 2380 datam
1413 2325 1578 2380 certis
1605 2323 1914 2378 declaratur
1941 2318 2209 2375 indiciis.)

603 2422 678 2478 De
710 2425 807 2477 hac
838 2421 1070 2492 epistola
1097 2419 1233 2474 nihil
1255 2419 1475 2473 aliunde
1502 2416 1799 2488 quidquam
1832 2415 2103 2468 novimus.
2138 2412 2212 2467 Ex

601 2532 666 2572 eo
695 2526 906 2581 autem,
937 2513 1082 2585 quod
1131 2512 1391 2581 przedicta
1443 2508 1732 2580 Augustini.
1765 2506 1830 2561 ad
1860 2505 2213 2560 Caecilianum

603 2611 834 2680 epistola
882 2617 1005 2678 post
1066 2622 1310 2660 mensem
1375 2603 1598 2674 quidem
1652 2601 2036 2669 Septembrem
2088 2597 2214 2652 anni

603 2701 727 2768 413,
766 2703 862 2758 sed
892 2717 1000 2756 non
1032 2702 1195 2772 longe
1229 2709 1346 2769 post
1377 2699 1576 2768 scripta
1617 2696 1901 2767 probatur,
1930 2695 2032 2749 hoc
2059 2693 2214 2748 luno-

603 2799 768 2853 centii
802 2797 1068 2868 scriptum
1101 2795 1170 2850 ad
1199 2795 1494 2866 ipsummet
1539 2806 1740 2845 annum
1786 2790 1895 2844 415
1941 2789 2214 2859 pertinere

605 2891 940 2962 colligimus.

675 2985 765 3040 ‘24.
821 2986 967 3039 Anno
997 2985 1122 3048 414,
1162 2980 1473 3036 Macedones
1519 2979 1582 3032 ob
1633 2976 1943 3032 Innocentio
1989 2977 2217 3046 quinque

601 3081 699 3136 sibi
743 3078 954 3135 concedi
998 3086 1258 3148 qua'runt.
1301 3104 1368 3114 —-
1401 3073 1660 3145 Sequenti
1691 3086 1836 3126 anno
1865 3069 2216 3126 Innocentius

2314 455 2608 525 supposita.
2670 453 2930 509 Secunda:
2992 452 3341 507 Macedonum
3401 453 3600 506 litterae.
3640 482 3700 491 ——
3738 453 3863 510 Citra

2314 547 2564 604 eumdem
2595 563 2795 603 annum
2834 545 2944 602 414
2970 589 2984 613 ,
3019 546 3304 616 Bubalius,
3340 545 3634 600 Taurianus
3657 548 3758 603 sive
3783 549 3866 602 1‘s-

2315 641 2499 696 rianus
2543 641 2743 710 aliique
2791 655 2820 694 a
2868 639 3253 695 Macedonibus
3297 638 3670 704 condemnati,
3714 641 3864 696 sedent

2313 734 2670 804 apostolicam
2707 734 3065 804 appellarunt.
3105 731 3447 803 Quapropter
3491 731 3656 788 Rufus
3680 748 3735 788 ac
3760 735 3867 788 socii

2318 829 2708 886 Maximianum
2739 837 2794 884 et
2822 829 3144 883 Eumenium
3191 828 3308 881 sive
3351 827 3644 896 Euge-nium
3683 827 3869 883 Romam

2317 922 2660 978 destinarant
2687 938 2811 979 cum
2841 922 3068 988 litteris,
3095 922 3148 976 in
3176 921 3374 992 quibus
3405 920 3607 975 Bubalii
3634 921 3872 976 Tauriani-

2317 1033 2422 1089 que
2471 1018 2698 1073 crimina
2757 1017 3190 1086 expellebantur.
3240 1014 3376 1070 Tum
3422 1013 3787 1080 Innocentius,
3827 1031 3872 1071 re

2317 1112 2600 1176 discussa,
2652 1110 3004 1167 Macedonum
3055 1109 3246 1180 legatis
3293 1109 3500 1163 litteras
3548 1108 3798 1173 reddidit,
3832 1110 3872 1163 in

2319 1204 2517 1273 quibus
2547 1203 2786 1273 plenaria
2839 1217 3096 1257 sensuum
3146 1216 3370 1256 suorum
3415 1200 3739 1269 expositione
3765 1217 3871 1270 pra:-

2321 1297 2516 1362 missa,
2552 1296 2782 1360 Bubalii,
2827 1295 3085 1350 Tauriani
3115 1303 3172 1350 et
3201 1294 3471 1350 sociorum
3513 1293 3874 1348 condemnatio-

2321 1404 2444 1445 nem
2477 1387 2855 1444 conlirmabat.
2890 1387 2995 1444 Sed
3033 1387 3159 1442 dum
3193 1387 3353 1457 legati
3399 1401 3600 1440 moram
3635 1386 3813 1440 faciunt
3835 1387 3874 1440 in

2321 1483 2625 1550 redeundo,
2654 1481 2911 1536 Bubalius
2942 1480 3241 1535 Innocentii
3276 1480 3497 1534 nomine
3522 1479 3760 1550 contingit
3783 1480 3875 1548 cpi-

2323 1579 2540 1642 stolam,
2565 1593 2724 1647 quam
2757 1587 2812 1632 et
2844 1575 3226 1632 Macedonibus
3256 1575 3466 1645 objicit.
3500 1575 3564 1629 lli
3591 1585 3772 1634 autem.
3795 1574 3875 1627 fal-

2323 1670 2492 1725 lacias
2539 1670 2681 1724 illius
2725 1670 2924 1738 sacpius
2968 1669 3198 1737 experti,
3232 1684 3374 1723 novo
3411 1679 3710 1724 commento
3750 1667 3876 1722 iidem

2252 1755 2292 1811 Β
2327 1765 2484 1832 plane
2515 1779 2620 1819 noti
2653 1764 2874 1828 habent,
2906 1779 2968 1818 ac
2996 1763 3251 1819 secundis
3280 1763 3480 1817 litteris
3521 1765 3745 1832 priorem
3772 1777 3879 1832 que-

2324 1860 2608 1913 rimoniam
2644 1873 2794 1913 suam
2828 1857 3124 1912 iterandam
3170 1857 3396 1912 ducunt.
3431 1855 3540 1912 Nec
3580 1855 3875 1911 dissimulant

2323 1952 2422 2006 sibi
2455 1967 2672 2022 gravem
2705 1967 2767 2006 ac
2797 1951 3080 2007 molestam
3129 1951 3284 2006 vaide
3330 1966 3452 2008 esse
3499 1951 3873 2021 appellationum

2325 2044 2632 2114 huiusmodi
2680 2044 2972 2100 licentiam.
3018 2044 3099 2100 Ad
3141 2044 3409 2100 secundas
3451 2045 3570 2098 illas
3595 2045 3783 2100 litteras
3808 2060 3878 2098 re-

2322 2137 2559 2207 Spondet
2611 2138 2992 2201 innocentius,
3043 2137 3274 2207 epistola
3328 2139 3419 2205 18,
3468 2137 3619 2208 cujus
3655 2137 3878 2208 jacturaat

2319 2232 2496 2288 levius
2547 2232 2818 2288 ferremus
2861 2249 3019 2301 quam
3068 2233 3327 2298 alterius,
3357 2233 3408 2285 in
3459 2249 3560 2302 qua
3601 2241 3759 2286 totum
3801 2229 3879 2286 hoc

2323 2326 2635 2397 negotium,
2679 2342 2744 2381 ac
2786 2341 2939 2381 suam
2987 2325 3054 2381 de
3093 2341 3160 2380 eo
3209 2325 3540 2380 sententiam
3588 2323 3806 2394 plenaric
3839 2332 3881 2378 et

2321 2429 2508 2490 aperte
2534 2420 2862 2489 cXpIicabat.

2392 2513 2482 2567 9.6.
2526 2510 2822 2567 Innocentii
2851 2514 2918 2565 ad
2953 2512 3180 2567 Orientis
3202 2513 3458 2584 synodum
3491 2512 3686 2566 litteraz.
3709 2509 3876 2564 —-Httc

2321 2606 2514 2662 referri
2564 2616 2794 2676 possunt
2837 2607 3143 2662 Innocentii
3175 2606 3242 2661 ad
3279 2605 3518 2662 Orientis
3559 2604 3799 2677 synodum
3824 2603 3877 2656 de

2323 2701 2578 2756 omnibus
2635 2719 2756 2772 qua:
2818 2703 2886 2756 ab
2946 2701 3321 2757 Orientalibus
3370 2717 3556 2771 pacem
3610 2700 3876 2772 petentibus

2322 2793 2590 2864 exigenda
2623 2795 2765 2858 sint,
2803 2794 3133 2864 plenissimae
3163 2795 3398 2861 litterze;
3445 2794 3514 2850 de
3541 2793 3722 2861 quibus
3749 2791 3877 2845 luno-

2322 2893 2537 2944 centius
2567 2897 2625 2941 ut
2649 2887 2848 2942 dudum
2883 2896 3012 2942 ante
3043 2903 3230 2958 pacem
3267 2888 3531 2944 Ecclesia:
3571 2884 3875 2942 Antiocheam

2323 2980 2632 3036 restitutam
2668 2981 2850 3035 missis
2881 2980 3120 3048 loquitur
3155 2980 3351 3051 (Epist.
3388 2980 3505 3052 ‘22).
3537 2980 3699 3035 Porro
3721 2974 3876 3049 synodi

2323 3073 2563 3129 Orientis
2593 3075 2833 3138 nomine,
2868 3074 3153 3138 Ecclesia),
3182 3089 3302 3144 qua:
3325 3072 3664 3130 Atttiocbeno
3687 3067 3876 3126 antistiti

602 3174 726 3230 Rufi
759 3175 1102 3241 aliorumque
1145 3172 1531 3241 epiSCOporum
1590 3165 1947 3221 Macedonum
2001 3164 2215 3232 accepit
2241 3155 2286 3216 C
2320 3167 2604 3230 suberant,
2637 3167 2863 3236 intelligi
2895 3167 3097 3221 solent.

605 3268 889 3338 epistolam
927 3267 1167 3336 quinque
1216 3263 1486 3332 capitibus
1537 3270 1878 3315 constantem
1925 3275 1938 3312 :
1980 3271 2214 3326 quorum

609 3366 810 3432 primo,
829 3370 1018 3426 uteos,
1035 3359 1126 3430 qui
1141 3358 1327 3412 viduas
1345 3356 1610 3411 duxerant
1626 3366 1848 3415 uxores,
1864 3351 1928 3404 ad
1946 3351 2148 3405 clerum
2164 3358 2216 3403 et

610 3456 677 3508 ad
709 3455 885 3524 ipsum
914 3454 1078 3508 etiam
1117 3466 1389 3506 sumtnum
1421 3445 1790 3503 sacerdotium
1825 3461 1888 3499 ex
1925 3443 2218 3514 provincia:

613 3563 727 3604 sua:
745 3547 1144 3602 consuetudine
1171 3558 1494 3614 promovere
1516 3541 1616 3595 sibi
1641 3541 1856 3605 liceret,
1874 3537 2214 3606 qua-rebant.

687 3641 874 3695 Altero
901 3639 1246 3699 asserebant,
1286 3654 1302 3687 t
1344 3625 1450 3689 non
1485 3632 1594 3687 dici
1639 3641 1896 3701 oportere
1941 3629 2216 3698 (ligamum

613 3749 736 3788 eum
765 3736 855 3803 qui
891 3731 1316 3787 catecluunenus
1345 3725 1595 3780 habuerit
1623 3733 1784 3794 atque
1813 3723 2061 3777 amiserit
2090 3735 2219 3777 uxo-

615 3842 751 3890 rem,
781 3826 826 3879 si
875 3831 997 3894 post
1041 3822 1366 3892 baptismum
1397 3819 1559 3872 aliam
1609 3818 1770 3871 fuerit
1797 3817 2062 3880 sortitus;
2096 3813 2219 3882 quia

615 3919 747 3976 illud
774 3915 1086 3987 coniugium
1117 3930 1213 3984 per
1241 3911 1492 3982 baptismi
1518 3919 1916 3965 sacramentum
1960 3923 2081 3962 cum
2110 3922 2221 3962 ete-

617 4013 746 4068 teris
768 4009 1090 4065 criminibus
1116 4007 1188 4062 sit
1214 4006 1456 4061 ablutum
1483 4020 1498 4071 ;
1542 4023 1560 4056 ι
1596 4002 1843 4074 adeoque
1882 4015 1983 4056 nec
2012 4016 2040 4054 a
2073 4001 2223 4056 clero

616 4103 912 4160 arcendqu
944 4117 1090 4158 esse.

690 4197 868 4253 Tertia
903 4197 1118 4252 illorum
1150 4194 1380 4266 quaestio
1424 4192 1570 4246 circa
1616 4206 1712 4246 eos
1757 4190 2097 4252 versabatur,
2131 4187 2224 4255 qui

620 4295 685 4351 ab
715 4294 1008 4356 hazreticis,
1038 4289 1470 4358 nominatimque
1499 4302 1527 4340 a
1559 4286 1774 4340 Bonoso
1808 4294 1928 4356 post
1955 4281 2223 4338 condem-

618 4393 892 4445 nationem
925 4388 1158 4444 ordinati
1198 4385 1436 4450 fuerant,
1469 4399 1596 4436 num
1628 4382 1841 4436 scilicet
1878 4381 1930 4435 in
1969 4380 2084 4434 suis
2128 4377 2226 4432 ho-

622 4483 845 4538 noribus
898 4478 1198 4550 recipiendi
1254 4483 1458 4532 essent.
1509 4473 1623 4528 Hoc
1667 4482 1850 4527 autem
1905 4472 2070 4525 licere
2119 4469 2224 4523 sibi

2393 3265 2481 3316 27.
2534 3262 2685 3316 Anno
2734 3262 2876 3327 414,
2925 3262 3143 3335 chntio
3188 3276 3234 3320 et
3278 3267 3464 3321 litterw
3501 3267 3564 3321 de
3600 3263 3879 3320 ordinatione

2324 3356 2609 3410 Alexandri
2630 3368 2676 3410 et
2705 3373 2831 3425 pace
2853 3355 3099 3411 Ecclesin’
3122 3357 3476 3412 Antioclteme.
3507 3358 3675 3412 Aracii
3701 3357 3879 3422 scripta.

2323 3479 2392 3488 -——
2424 3447 2738 3502 Alexander
2768 3449 3146 3504 Antiochenus
3173 3451 3464 3520 cpiscopus
3494 3451 3544 3504 in
3574 3449 3791 3505 Flaviani
3819 3446 3879 3500 lo-

2323 3559 2446 3597 cum
2478 3543 2804 3611 subrogatus
2829 3585 2842 3607 ,
2880 3543 3208 3612 legationem
3239 3544 3308 3598 ad
3340 3544 3707 3598 Innocentium
3747 3538 3882 3594 desti-

2327 3637 2472 3688 navit
2495 3651 2615 3688 cutn
2639 3635 2856 3700 litteris,
2879 3637 3075 3704 quibus
3102 3645 3156 3690 et
3173 3651 3232 3690 se
3258 3636 3500 3706 legitime
3523 3636 3823 3696 ordinatum,
3839 3637 3882 3684 et

2325 3728 2596 3783 exstincto
2636 3727 2970 3795 schismate,
3000 3743 3108 3797 quo
3151 3730 3495 3784 Autiocltena
3535 3728 3746 3783 ecclesia
3771 3739 3796 3777 a
3821 3728 3883 3775 tot

2325 3823 2483 3876 annis
2529 3830 2633 3875 tam
2681 3821 2878 3876 misere
2908 3823 3220 3886 laborabat,
3259 3838 3449 3892 pacem
3479 3823 3646 3878 eidem
3676 3817 3882 3874 ecclesia:

2327 3916 2558 3972 feliciter
2605 3916 2870 3971 redditam
2898 3959 2913 3982 ,
2942 3932 3037 3972 eos
3081 3932 3210 3973 vero
3240 3919 3331 3988 qui
3364 3917 3572 3972 Paulini
3604 3911 3881 3984 Evagriiquc

2328 4012 2550 4066 nomine
2580 4010 2708 4064 olim
2753 4011 2946 4065 ceusiti
2985 4012 3202 4066 fuerant
3223 4052 3235 4074 ,
3270 4026 3482 4064 summa
3513 4009 3760 4065 cbaritate
3784 4020 3809 4056 a
3835 4016 3882 4055 se

2328 4111 2636 4172 susceptos,
2669 4104 2795 4158 item
2830 4103 3101 4175 Elpidium
3144 4119 3209 4158 ac
3253 4103 3498 4174 Pappum
3523 4146 3538 4168 ,
3567 4104 3650 4173 qui
3695 4096 3882 4156 Joannis

2327 4197 2703 4268 Cbrysostomi
2729 4211 2889 4252 causa
2923 4198 3137 4252 fuerant
3161 4197 3399 4268 expulsi,
3428 4198 3551 4253 sine
3578 4197 3675 4251 ulla
3701 4201 3883 4248 contro-

2328 4291 2507 4344 versia
2561 4305 2687 4344 suas
2737 4305 3093 4360 recuperasse
3138 4290 3446 4360 Ecclesias,
3480 4291 3643 4361 ipsius
3688 4287 3883 4349 denique

2329 4382 2559 4439 Joannis
2610 4399 2810 4439 nomen
2866 4385 3038 4439 Sacris
3079 4384 3355 4456 diptychis
3399 4385 3706 4454 inscriptum
3748 4379 3883 4432 fuisse

2332 4478 2632 4534 nuntiabat.
2683 4479 3026 4549 Quapropter
3057 4490 3117 4534 ut
3145 4480 3408 4535 Ecclesiae
3447 4495 3560 4534 sum
3591 4471 3882 4532 communio-

623 4548 1116 4647 persuadebantex
1146 4569 1478 4640 indulgentia
1524 4583 1627 4637 qua
1665 4568 1746 4620 usi
1794 4576 1923 4620 sunt
1961 4580 2082 4618 cum
2128 4564 2221 4618 Ni-
2254 4548 2302 4608 Ῐ)
2332 4589 2454 4628 nem
2488 4548 3090 4641 impertiretiﬂontantt,
3120 4573 3403 4644 ﬂagitabat
3447 4573 3650 4645 (lnnoc.
3690 4588 3761 4641 ep.
3791 4563 3880 4634 l9).

621 4673 756 4727 caeni
789 4671 978 4725 Patres
1009 4682 1136 4736 erga
1178 4664 1539 4726 Novatiauos,
1573 4671 1685 4715 tum
1719 4660 1955 4730 Anysius
1987 4660 2226 4716 Thessa—

628 4763 920 4818 lonicensis
943 4760 1232 4829 episcOpus
1260 4772 1391 4825 erga
1423 4757 1689 4824 ipsosmet
1719 4755 2079 4808 Bonosianos.

701 4856 904 4922 Quarto
945 4851 1314 4907 Innocentium
1347 4849 1632 4918 rogabant,
1666 4859 1715 4902 ut
1748 4848 2007 4917 judicium
2037 4849 2231 4906 adver--

630 4963 722 5004 sus
750 4945 1038 5001 Photinum
1082 4960 1175 5013 per
1217 4942 1410 4998 falsum
1459 4957 1729 4997 rumorem
1763 4945 2074 5014 apostolicae
2115 4946 2229 5001 sedi

629 5040 970 5106 subreptum,
1015 5046 1069 5090 et
1098 5035 1166 5089 ab
1207 5035 1327 5104 ejus
1369 5034 1658 5090 decessore
1695 5051 1788 5105 per
1828 5036 2050 5093 insidias
2079 5039 2230 5094 elici-

634 5143 765 5197 tum,
791 5132 844 5185 in
878 5129 1070 5183 melius
1095 5136 1459 5193 cotntnutans,
1494 5127 1634 5184 hunc
1680 5131 1994 5201 episcopum
2027 5134 2230 5189 consti-

635 5237 784 5279 tuere
814 5223 914 5276 sibi
947 5221 1305 5291 permitteret.

705 5319 1019 5380 l’ostremo,
1051 5324 1110 5367 ut
1137 5328 1289 5367 suun
1323 5313 1560 5382 ipsorum
1590 5316 1858 5372 adversus
1887 5318 2227 5378 Eustathium

633 5411 917 5465 diaconum
949 5405 1280 5462 confirmans
1322 5408 1646 5462 sententiam
1676 5424 1798 5464 eum
1834 5409 2064 5467 diaconii
2097 5428 2228 5482 spo-

633 5503 791 5559 liaret
834 5502 1005 5572 gratia
1028 5543 1041 5565 ,
1071 5509 1126 5553 et.
1170 5497 1383 5551 diabolo
1417 5498 1468 5551 in
1501 5510 1824 5570 perpetuum
1857 5506 2190 5577 manciparet
2215 5549 2230 5572 ,

634 5595 906 5657 petebant.
955 5592 1038 5649 Ad
1085 5590 1293 5660 singula
1342 5589 1431 5643 illa
1464 5593 1640 5660 capita
1685 5594 2054 5664 innocentius,
2086 5615 2234 5654 anno

632 5686 738 5740 414
769 5693 1022 5748 exeunte,
1058 5685 1111 5737 in
1141 5681 1370 5752 epistola
1402 5682 1489 5746 15,
1525 5686 1824 5753 respondit.

703 5776 793 5832 25.
826 5776 978 5832 Circa
1004 5790 1200 5832 annum
1220 5771 1349 5839 414,
1378 5773 1561 5831 littera:
1593 5775 1936 5836 Macedonum
1961 5782 2032 5837 ad
2061 5781 2225 5840 Inno-

2407 4665 2623 4720 Litteris
2650 4665 2758 4719 illis
2785 4666 3041 4736 adjuncta
3073 4676 3232 4724 erant
3255 4669 3433 4723 Acacii
3459 4669 3658 4724 Berma‘.
3680 4657 3884 4736 episcopi

2331 4760 2553 4828 scripta,
2587 4759 2785 4830 quibus
2817 4771 2869 4814 et
2895 4761 2984 4817 ille
3013 4763 3239 4832 rogabat
3270 4763 3661 4830 innocentium,
3688 4770 3737 4815 ut
3759 4770 3883 4812 com-

2335 4854 2671 4915 munionem,
2701 4869 2862 4923 quam
2890 4854 2991 4924 ipsi
3031 4853 3297 4911 hactenus
3321 4855 3548 4912 Joannis
3577 4867 3728 4910 causa
3753 4861 3885 4918 nega-

2338 4959 2446 5014 rat,
2480 4949 2759 5006 redderet.

2407 5042 2500 5097 28.
2549 5043 2699 5097 Circa
2743 5060 2869 5097 ann.
2915 5043 3055 5109 M5,
3085 5042 3422 5101 Innocentius
3455 5046 3630 5102 Romae
3669 5037 3884 5113 δυηοάιυη

2337 5136 2488 5188 habet
2515 5136 2576 5190 de
2617 5139 2799 5192 eadem
2838 5156 2913 5192 re.
2937 5138 3334 5211 -—Legationis
3377 5141 3718 5196 Antiochensi
3758 5141 3885 5186 occa.

2337 5229 2489 5282 sione
2523 5228 2706 5284 Romae
2736 5245 3124 5302 congregatum
3153 5245 3233 5288 est
3261 5235 3550 5290 concilim»
3569 5276 3586 5298 ,
3615 5231 3694 5288 cui
3732 5221 3883 5294 tight“

2339 5321 2702 5378 interfuerunt
2742 5327 3007 5394 episc0pi.
3041 5328 3095 5381 ln
3126 5344 3190 5383 eo
3217 5341 3396 5383 autem
3432 5327 3583 5385 lectis
3623 5311 3884 5381 Alexandri

2338 5412 2558 5478 litteris,
2592 5417 2895 5487 auditisque
2928 5419 3137 5487 legatis,-
3181 5436 3406 5490 quorutn
3433 5423 3679 5493 princeps
3704 5409 3883 5470 Cassia-

2339 5523 2440 5560 nus
2475 5508 2757 5580 presbyter
2787 5512 3064 5567 exstitisse
3093 5513 3324 5579 videtur,
3355 5529 3422 5568 an
3463 5513 3701 5569 omnibus
3726 5505 3783 5559 ad
3810 5517 3884 5573 pa-

2337 5613 2451 5653 cem
2479 5601 2626 5670 prius
2655 5604 2933 5671 requisitis
2961 5605 3365 5661 conditionibus
3393 5604 3681 5660 Antiochia:
3709 5596 3886 5656 satisfa-

2334 5703 2480 5746 ctum
2507 5703 2674 5760 esset,
2703 5694 2997 5766 diligenter
3025 5708 3110 5753 est
3139 5713 3462 5769 expensum.
3511 5698 3636 5754 Inde
3659 5695 3880 5750 innocen-

2331 5785 2442 5842 tius
2489 5787 2556 5844 ad
2611 5788 2981 5847 Alexandrum
3043 5793 3254 5850 litteras
3307 5809 3432 5851 cum
3492 5793 3755 5865 privatas,
3799 5795 3886 5840 ιω
