4122 6346
265 250 350 307 Gil

1064 251 1347 314 NOTITIA
1385 241 1873 310 EPISTOLARUM
1911 241 2050 302 NON
2094 245 2571 319 EXSTANTIUH,
2611 248 2767 310 ETC.

3453 259 3562 317 6'22

263 383 578 425 cmnmunes
609 386 640 426 a
664 371 848 444 viginti
871 372 1138 444 episcopis
1163 373 1520 443 subscriptus,
1537 385 1659 429 cum
1690 367 1858 440 ipsius
1885 363 1938 423 A
1963 366 2086 422 elco
2113 367 2339 439 perungi
2373 368 2612 438 possint;
2639 368 2839 426 deinde
2859 369 3066 427 solisne
3097 373 3425 445 presbyteris
3444 416 3459 442 ,
3491 392 3558 432 an

263 461 442 531 synodi
489 464 669 532 gestis
715 474 769 519 et
813 465 1030 535 scriptis
1075 465 1142 522 ad
1191 466 1445 522 Acacium
1495 480 1592 536 per
1630 461 1854 518 Paulum

264 555 676 627 presbyterum,
725 558 998 613 Nicolaum
1045 558 1338 616 diaconum
1369 573 1436 614 ac
1465 557 1686 612 Petrum
1733 555 1860 610 sub-

261 649 546 706 diaconum
578 653 729 708 misit
752 652 961 728 (lnnoc.
981 655 1130 726 epist.
1164 653 1274 726 19).
1303 653 1437 710 Tres
1460 654 1582 708 illas
1604 652 1861 723 epistolas

261 743 558 798 etiamnum
587 744 878 812 habemus,
910 745 1003 802 sed
1053 747 1433 816 episcoporum
1463 745 1650 817 viginti
1695 743 1862 799 Italia:

260 836 698 905 subscriptiones
725 847 781 894 et
807 839 1044 894 subnexa
1066 839 1146 895 eis
1167 847 1324 910 gesta
1349 837 1695 893 exciderunt.
1728 835 1863 893 Tan-

264 936 364 983 tum
392 927 797 985 Maximianum
822 931 1148 988 Macedoniae
1175 932 1491 1002 episcopum
1518 929 1638 986 huic
1656 929 1864 1002 synodo

261 1019 578 1078 interfuisse
607 1038 678 1078 ex
719 1024 953 1093 epistola
981 1024 1054 1082 25
1079 1023 1366 1081 discimus.
1409 1024 1487 1080 Ex
1514 1037 1622 1092 quo
1648 1031 1704 1077 et
1727 1021 1865 1078 alios

261 1114 485 1171 aliarum
534 1117 940 1186 provinciarum
979 1119 1304 1188 episcopos,
1337 1118 1428 1188 qui
1472 1118 1525 1172 in
1571 1116 1712 1172 Urbe
1753 1126 1862 1171 tum

258 1205 398 1263 forte
427 1218 625 1272 erant,
659 1209 730 1264 ad
773 1210 1020 1266 eamdem
1052 1211 1120 1266 de
1157 1227 1308 1268 more
1338 1218 1557 1268 vocatos
1583 1225 1704 1266 esse
1734 1225 1861 1266 con-

259 1301 467 1372 jectura
495 1310 606 1358 est.

326 1393 421 1450 29.
463 1395 758 1467 Aliquanto
808 1407 919 1470 post
960 1397 1320 1455 Maximianus
1356 1400 1409 1453 in
1449 1399 1607 1454 Attici
1647 1398 1869 1470 gratiam

259 1488 456 1544 scribit.
492 1519 566 1530 ——
608 1490 970 1546 Maximianus
1021 1491 1350 1548 Macedoniae.
1391 1494 1679 1564 episcopus
1704 1533 1718 1556 ,
1747 1506 1868 1546 cum

263 1582 410 1650 pacis
437 1581 762 1638 Alexandro
783 1585 1038 1656 episcopo
1066 1597 1118 1642 et
1144 1584 1504 1642 Antiochense
1533 1585 1780 1641 ecclesiae
1803 1584 1872 1639 ab

261 1677 587 1736 innocentia
614 1695 897 1737 concessas
934 1684 1091 1738 testis
1123 1683 1336 1747 luisset,
1370 1682 1422 1737 in
1451 1682 1654 1754 regiam
1683 1682 1870 1737 urbem

1957 460 2118 515 etiam
2167 461 2439 532 episcopis
2480 462 2778 520 chrismate
2818 463 3064 520 infirmos
3113 481 3316 537 ungere
3363 468 3559 535 liceat,

1961 565 2240 624 postremo
2277 569 2346 612 an
2398 555 2578 612 oleum
2632 556 2762 612 illud
2817 557 3208 627 penitentibus
3254 560 3327 614 sit
3378 560 3560 616 infun-

1961 647 2221 706 dentium.

2034 743 2297 800 Omnibus
2328 745 2435 801 illis
2475 746 2868 817 quaestionibus
2919 746 3289 818 Innocentius,
3332 750 3560 821 epistola

1964 837 2057 902 26,
2086 839 2212 894 facit
2238 839 2392 896 satis.
2689 887 2692 891 .

2037 929 2125 986 32.
2159 932 2305 986 Anno
2348 931 2476 997 H6,
2508 933 2662 1004 plura
2689 933 2914 1003 scripta,
2943 951 3058 1005 qua:
3097 935 3164 989 ad
3207 933 3413 1006 Pelagii
3441 950 3570 990 eau-

1967 1039 2077 1077 eam
2103 1026 2359 1093 attinent,
2397 1042 2462 1082 est
2488 1026 2668 1098 Africa
2713 1027 2782 1082 ad
2811 1027 3184 1083 Innocentium
3218 1030 3396 1084 missa.
3419 1057 3489 1071 -—-
3515 1029 3570 1084 In

1968 1114 2187 1183 litteris,
2217 1133 2355 1188 quas
2398 1117 2514 1176 Afri
2536 1159 2550 1184 ,
2597 1135 2740 1176 anno
2765 1119 2908 1189 M6,
2939 1121 3006 1177 ad
3039 1121 3410 1180 Innocentium
3438 1137 3572 1178 eon-

1967 1211 2355 1279 scripserunt,
2423 1213 2577 1281 plura
2661 1224 3033 1270 memorantur
3095 1217 3432 1273 monimenta
3504 1215 3574 1271 ad

1973 1303 2223 1359 eumdem
2249 1305 2446 1374 missa,
2473 1323 2593 1376 qua:
2635 1307 2700 1362 ad
2725 1307 2928 1379 Pelagii
2973 1324 3033 1364 ac
3057 1308 3305 1366 Coelestii
3349 1323 3572 1365 causam

1972 1398 2214 1455 attinent
2253 1396 2450 1470 (Epist.
2480 1398 2574 1464 9.6,
2599 1417 2653 1454 ιι,
2680 1399 2757 1471 1).

2045 1489 2123 1546 Ac
2146 1490 2322 1560 primo
2352 1491 2573 1562 quidem
2608 1494 3056 1566 Cartheginensis
3087 1497 3329 1568 synodus
3361 1496 3581 1555 Herotis

1976 1592 2028 1636 et
2057 1581 2250 1640 Lazari
2290 1583 2678 1655 episcoporum
2700 1587 2966 1644 adversus
3008 1589 3287 1660 Pelagium
3319 1601 3372 1645 et
3401 1591 3582 1649 Caele-

1976 1678 2142 1733 stium
2177 1679 2394 1735 litteras
2421 1681 2673 1751 epistolas
2697 1698 2811 1738 sua:
2834 1697 2896 1738 se
2924 1684 3229 1755 subiecisse
3260 1686 3484 1743 indicat.

265 1789 549 1842 reversus,
582 1782 779 1830 auctor
821 1773 992 1831 fuisse
1043 1775 1256 1831 videtur
1303 1775 1521 1840 Attico,
1554 1786 1612 1830 ut
1651 1785 1708 1830 ct
1755 1777 1872 1844 ipse
1901 1766 1951 1828 B
2048 1771 2258 1828 Deinde
2294 1773 2485 1832 eadem
2531 1775 2774 1846 synodus
2823 1775 3003 1831 eidem
3048 1779 3299 1848 epistolae
3343 1779 3584 1835 subnexa

265 1881 453 1936 pacem
482 1866 612 1924 sine
651 1884 800 1922 mora
844 1875 1074 1937 pete—ret.
1106 1868 1230 1923 Sive
1261 1879 1440 1924 autem
1474 1868 1682 1924 Atticus
1711 1869 1780 1923 ab
1807 1884 1871 1923 ea

267 1975 320 2016 re
344 1975 406 2015 se
433 1960 674 2016 mittime
696 1959 928 2017 alienum
952 1961 1292 2031 signiticarit,
1313 1972 1368 2018 et
1393 1961 1796 2028 Maximianum,
1817 1970 1876 2016 ut

265 2056 404 2112 hanc
435 2057 540 2112 sibi
571 2057 808 2129 gratiam
839 2057 1175 2126 impetraret,
1200 2057 1426 2128 rogarit,
1449 2055 1565 2112 sive
1595 2055 1875 2111 Maximin-

265 2165 362 2203 nus
391 2149 502 2205 hoc
531 2150 586 2203 in
621 2163 684 2203 se
712 2149 930 2218 propria
958 2156 1150 2219 sponte
1179 2163 1244 2204 ac
1270 2163 1622 2218 praepropero
1653 2148 1875 2202 unitatis

267 2246 448 2301 studio
478 2247 815 2316 susceperit,
855 2247 922 2313 is,
956 2247 1182 2316 epistola
1217 2262 1337 2301 cum
1369 2247 1556 2302 libello
1596 2247 1662 2301 ad
1715 2247 1871 2301 Inne«

267 2343 506 2396 centium
560 2341 768 2408 missa,
809 2342 876 2396 ab
922 2341 1025 2397 hoc
1072 2358 1206 2412 papa
1251 2343 1761 2399 communicatorias
1812 2344 1878 2398 ad

268 2437 513 2492 Atticum
562 2436 988 2508 Constantinop.
1020 2437 1230 2492 litteras
1271 2439 1581 2506 postulavit.
1635 2439 1710 2492 Ad
1745 2438 1881 2494 banc

270 2532 586 2587 Maximiani
647 2532 934 2602 epistolam
995 2531 1347 2587 Innocentius
1409 2532 1704 2602 respondet
1771 2534 1882 2603 epi-

269 2625 407 2680 stola
435 2624 534 2682 ξε.

335 2719 428 2776 50.
463 2720 622 2776 Circa
641 2736 768 2773 ann.
791 2720 914 2785 415,
950 2720 1246 2775 Alexander
1278 2719 1586 2775 Innocentio
1612 2719 1885 2774 nonnullas

268 2815 580 2886 quwstiones
611 2813 954 2882 proponit.—
976 2812 1302 2879 Alexander,
1339 2814 1504 2868 misso
1523 2813 1884 2867 commonito-

272 2911 372 2977 rie,
394 2909 462 2964 ab
489 2907 826 2962 Innocentio
855 2907 1178 2974 sciscitatur,
1211 2909 1406 2977 primo,
1425 2924 1543 2977 qum
1563 2907 1888 2962 Antiocheni

272 3003 526 3074 prmsulis
587 3002 645 3055 in
691 3001 1128 3056 ordinationibus
1172 3001 1552 3071 episcoporum
1589 3000 1890 3056 dioeceseos

271 3097 506 3152 Orientis
553 3095 630 3150 sit
682 3105 962 3164 poteStas:
995 3095 1191 3152 deinde
1253 3115 1270 3148 ‹
1312 3106 1489 3151 utrum
1514 3097 1700 3151 divisis
1725 3097 1890 3165 impe-

1975 1865 2138 1923 docet
2163 1867 2850 1940 alteriusCarthagiuensis
2873 1873 3070 1943 synodi
3091 1873 3262 1930 ferme
3283 1884 3409 1931 ante
3426 1876 3554 1944 quin
3573 1905 3585 1915 -

1977 1963 2275 2031 quennium
2309 1962 2510 2019 habitae
2555 1974 2698 2032 acta,
2741 1967 2940 2037 quibus
2969 1968 3262 2025 Caelestius
3289 1970 3587 2041 episcopali

1974 2055 2182 2125 judicio
2199 2059 2422 2113 excisus
2451 2059 2652 2115 fuerat.

2049 2150 2119 2204 lis
2149 2165 2366 2221 quoque
2397 2151 2723 2221 adiunxerat
2745 2193 2760 2221 ,
2803 2163 2859 2207 ut
2907 2169 2974 2208 ex
3012 2155 3308 2223 postremis
3337 2157 3587 2226 epistolae

1979 2242 2150 2313 lpsim
2181 2245 2366 2300 verbis
2389 2245 2695 2317 colligitur,
2739 2247 3134 2318 Diospolitanaa
3173 2251 3366 2321 synodi
3393 2259 3547 2321 gesta
3570 2293 3585 2317 ,

1982 2336 2178 2407 quibus
2224 2338 2536 2393 absolutum
2582 2353 2645 2394 se
2688 2339 2938 2410 Pelagius
2966 2341 3281 2410 iactitabat,
3314 2342 3419 2397 hoc
3474 2351 3590 2406 est,

1983 2432 2166 2503 qualia
2186 2433 2253 2487 ab
2285 2433 2392 2490 hoc
2421 2433 2681 2489 l-tteretico
2711 2435 3018 2491 adulterata
3043 2436 3276 2492 fuerant.
3306 2437 3424 2492 Non
3446 2440 3594 2492 enim

1985 2524 2090 2579 alia
2126 2535 2250 2580 tunc
2285 2525 2338 2579 in
2372 2525 2608 2581 Africam
2632 2538 3017 2596 pervenerant.

2057 2617 2226 2672 Paulo
2250 2629 2374 2688 post
2397 2616 2736 2690 Augustinus
2769 2633 2890 2678 cum
2925 2632 3162 2692 quatuor
3190 2622 3356 2679 sociis
3400 2623 3468 2678 ad
3509 2621 3596 2678 Iu-

1990 2711 2300 2766 nocentium
2329 2711 2576 2768 scribens
2605 2712 2624 2784 (
2649 2712 2832 2767 Innoc.
2858 2715 3013 2784 epist.
3038 2713 3130 2781 28,
3156 2731 3210 2769 n.
3239 2715 3319 2786 6),
3349 2716 3596 2785 epistolae

1989 2820 2101 2861 suae
2125 2822 2184 2862 se
2215 2807 2529 2877 atljunxisse
2564 2808 2827 2880 signiﬁcat
2855 2809 3058 2881 Pelagii
3095 2811 3293 2866 librum
3323 2812 3426 2867 sibi
3454 2829 3482 2867 a
3507 2813 3598 2868 Ti-

1991 2904 2163 2953 masio
2204 2909 2257 2954 et
2283 2901 2486 2955 Jacobo
2519 2901 2683 2971 hujus
2735 2902 2977 2957 haeretici
3009 2903 3289 2973 discipulis
3334 2907 3596 2973 missum,

1994 3010 2204 3049 necnon
2253 3012 2414 3066 quem
2472 2997 2538 3051 ad
2598 2997 2744 3052 hunc
2801 2996 3151 3052 refulandum
3192 2999 3271 3052 De
3325 2999 3530 3053 Natura
3553 3010 3602 3054 et

1997 3084 2181 3141 Gratia
2209 3088 2658 3155 concinnaverat,
2693 3103 2965 3158 quemque
3009 3088 3109 3159 ipsi
3161 3087 3397 3148 Jacolius
3425 3099 3479 3144 et
3505 3089 3600 3144 Ti-

274 3192 388 3247 τίλλε
422 3192 642 3263 judicio
669 3192 991 3261 provinciis,
1023 3193 1229 3248 ιιιιειηω
1258 3193 1590 3262 men-opm“,
1620 3193 1775 3256 nam,
1808 3192 1886 3247 sic
1913 3165 1958 3227 C
1991 3181 2195 3236 masius
2222 3181 2293 3236 ob
2323 3179 2641 3251 prirdictum
2691 3179 2768 3235 De
2799 3177 3008 3240 Natura
3059 3191 3106 3235 et
3149 3178 3333 3235 Gratia
3367 3181 3560 3236 librum
3585 3224 3600 3249 ,

267 3286 380 3343 duo
408 3285 830 3356 metropolitani
865 3285 1105 3357 episcopi
1131 3286 1370 3343 debeant
1393 3285 1666 3342 nominari
1703 3303 1721 3336 ι
1751 3283 1884 3340 Ter-

275 3384 348 3437 tio
369 3381 613 3454 Cyprios
636 3423 650 3445 ,
701 3380 792 3451 qui
833 3380 900 3435 ad
930 3379 1172 3436 Orientis
1216 3381 1476 3438 dioecesin
1512 3381 1882 3452 pertinebant,

283 3494 300 3526 ι
329 3477 455 3531 olim
495 3475 727 3529 Ariona:
757 3473 1048 3544 impietatis
1087 3476 1330 3545 potentia
1362 3474 1642 3545 fatigatos,
1681 3489 1785 3529 non
1812 3485 1888 3529 te-

278 3569 456 3624 nuisse
483 3581 739 3623 canones
785 3565 1033 3622 Nicaenos
1067 3568 1122 3622 in
1161 3566 1482 3624 ordinandis
1533 3567 1830 3638 episcopis,
1864 3585 1882 3620 ι

278 3662 368 3718 sed
399 3662 706 3732 episcopos
738 3675 867 3714 suos
894 3660 1108 3716 nemine
1147 3662 1398 3718 consulto
1435 3661 1502 3715 ab
1543 3663 1624 3717 eis
1649 3661 1888 3718 ordinari

278 3763 637 3826 conquestus,
677 3751 770 3823 qui
796 3767 920 3823 erga
948 3769 1041 3807 eos
1069 3769 1261 3823 gerere
1283 3769 1342 3810 se
1366 3755 1591 3810 deberet
1621 3756 1887 3825 qutcsivit.

283 3848 508 3905 Dcmum
535 3866 608 3902 an
636 3846 965 3902 Arianorum
990 3847 1171 3902 clerici
1191 3847 1260 3902 ad
1279 3848 1578 3905 Ecclesiam
1603 3850 1892 3907 redeuntes

287 3961 305 3996 t
339 3958 458 3999 cum
511 3941 824 3997 sacerdotii
861 3949 953 3996 aut
990 3940 1276 3996 ministerii
1333 3941 1633 4012 cuiuspiam
1689 3941 1894 4010 suscipi

282 4028 546 4090 deberent
573 4032 872 4103 dignitate,
901 4052 919 4085 ι
956 4033 1264 4103 postularit.
1289 4033 1371 4088 Ad
1399 4033 1895 4106 singulalnnecen-

284 4128 342 4183 tii
367 4126 663 4200 responsio
689 4125 922 4181 habetur
949 4126 1108 4196 epist.
1138 4126 1227 4181 24.

352 4223 440 4277 51.
471 4221 638 4277 Circa
663 4220 871 4274 initium
899 4220 1022 4274 arnti
1052 4221 1182 4288 416,
1219 4220 1497 4276 Decentius
1525 4231 1570 4276 et
1595 4220 1895 4276 Calestinus

287 4313 656 4370 Innocentium
706 4313 772 4367 de
811 4309 965 4368 variis
1009 4315 1190 4368 ritibus
1216 4316 1513 4370 consulunt.
1540 4346 1608 4355 —
1633 4313 1765 4371 Item
1796 4314 1899 4370 De-

286 4411 497 4466 centius
532 4407 862 4478 Eugubinus
885 4410 1175 4478 episcotius
1201 4407 1268 4463 de
1300 4409 1464 4463 variis
1489 4407 1896 4464 consuetudini—

287 4503 406 4570 bus,
439 4502 650 4575 quibus
685 4501 964 4555 nennulla:
996 4501 1253 4556 Ecclesiae
1291 4517 1319 4555 a
1351 4501 1594 4558 Romana
1623 4501 1899 4571 discrepa-

1988 3273 2193 3342 gratias
2216 3281 2462 3342 agentes,
2495 3272 3175 3342 cpistolamscripsernnt,
3201 3274 3341 3330 sicut
3375 3284 3433 3328 et
3479 3292 3600 3329 eam

1990 3379 2154 3434 quam
2223 3365 2560 3436 Augustinus
2611 3363 2958 3419 scribendam
3015 3365 3170 3419 duxit
3216 3363 3459 3436 Pelagio,
3511 3383 3603 3438 qui

1993 3455 2296 3516 adulterata
2327 3454 2632 3516 Palaestina:
2665 3458 2857 3533 synodi
2887 3468 3072 3532 gesta,
3114 3481 3132 3513 ι
3167 3471 3442 3534 tamquam
3479 3480 3605 3533 pur-

1991 3555 2226 3626 3ationis
2257 3570 2370 3610 sua:
2397 3555 2624 3623 scripta,
2661 3572 2680 3604 ι
2721 3554 2821 3622 ipsi
2857 3555 3262 3610 transmiserat.
3297 3555 3375 3610 Ex
3406 3555 3605 3626 quibus

1993 3645 2344 3704 monimentis
2388 3655 2599 3702 tantum
2635 3648 2922 3719 Augustini
2968 3648 3038 3703 de
3091 3648 3302 3703 Natura
3338 3658 3383 3702 et
3419 3647 3608 3704 Gratia

1993 3739 2155 3809 liber,
2190 3760 2400 3801 necnon
2428 3743 2614 3800 Jacobi
2666 3754 2830 3814 atque
2869 3741 3094 3800 Timasii
3140 3744 3206 3802 ad
3240 3746 3603 3814 Augustinum

1991 3837 2222 3907 epistola
2250 3837 2317 3894 ad
2350 3853 2449 3892 nos
2475 3845 2866 3905 pervenerunt.
2901 3837 2978 3892 De
3021 3837 3227 3907 Pelagii
3257 3846 3439 3893 autem
3464 3837 3607 3893 libro

1997 3929 2126 4000 quid
2157 3931 2388 3986 sentiret
2415 3931 2788 3993 Innocentius,
2825 3929 2991 3999 epist.
3022 3929 3115 3994 51,
3150 3945 3204 3982 n.
3231 3929 3283 3995 5,
3316 3930 3511 3998 aperit.

2068 4021 2157 4079 55.
2186 4021 2456 4078 Eustachii
2495 4033 2539 4077 et
2565 4021 2753 4077 Paula:
2779 4021 2847 4074 ad
2893 4019 3258 4076 Innocentium
3300 4023 3506 4079 litterte.
3535 4055 3607 4066 —

1999 4115 2116 4170 Non
2143 4117 2314 4172 multo
2341 4125 2464 4184 post
2486 4114 2841 4170 Eustochium
2868 4122 2926 4169 et
2970 4114 3136 4170 Paula
3167 4114 3381 4170 litteras
3422 4116 3487 4170 ad
3524 4117 3610 4171 ln-

2000 4211 2315 4264 ttocentium
2336 4209 2626 4273 miserunt,
2655 4206 2851 4276 quibus
2869 4206 3248 4276 gravissimam
3276 4210 3608 4276 persecutio-

2001 4321 2126 4359 nem
2157 4301 2261 4358 sibi
2312 4303 2516 4357 illatam
2566 4316 2626 4357 ea
2680 4299 2945 4355 modestia
2993 4298 3391 4370 deplorabant,
3446 4311 3503 4356 ut
3556 4313 3613 4357 et

2004 4399 2249 4454 auctoris
2281 4397 2426 4452 illius
2454 4411 2654 4451 nomen
2684 4397 3007 4450 reticerem.

2077 4493 2164 4548 5t.
2196 4490 2506 4560 Hieronymi
2533 4489 2602 4542 ad
2623 4489 2859 4543 eumdem
2879 4486 3119 4556 epistola.
3147 4513 3216 4528 -ο-
3241 4487 3412 4540 Aliam
3443 4486 3609 4543 simul

288 4568 730 4664 bant-consulit
762 4611 774 4648 :
808 4595 869 4648 1⁰
911 4593 978 4650 de
1008 4611 1170 4666 pace,
1203 4612 1362 4667 quam
1395 4599 1448 4650 in
1491 4597 1697 4666 aliqum
1727 4568 1902 4652 eccle-
1930 4568 1983 4628 D
2008 4590 2230 4658 scripsit
2253 4587 2615 4658 Hieronymus
2637 4583 2946 4653 epistolam,
2971 4583 3021 4636 in
3047 4595 3149 4653 qua
3182 4596 3288 4636 non
3321 4582 3535 4637 tacebat
3557 4583 3610 4637 in

291 4685 382 4749 slis
412 4701 544 4750 ante
573 4688 833 4748 confecta
864 4691 1122 4762 mysteria
1151 4691 1232 4746 vel
1258 4691 1466 4761 pupulis
1491 4697 1790 4761 imperant,
1823 4691 1905 4747 vel

293 4789 390 4844 sibi
422 4798 620 4844 mutuo
640 4784 865 4841 tradunt
884 4785 1226 4851 sacerdotes;
1254 4785 1315 4839 Ξο
1335 4785 1403 4842 tle
1436 4786 1767 4853 nominibus,
1788 4803 1907 4858 qua:

295 4893 419 4938 ante
446 4894 728 4937 canonem
757 4880 1017 4946 recitent;
1049 4877 1110 4935 3°
1151 4879 1219 4934 dc
1264 4879 1590 4948 infantibus,
1622 4897 1750 4936 num
1787 4897 1908 4949 pre-

298 4979 535 5050 sbyteris
575 4990 678 5032 eos
727 4971 780 5030 in
814 4975 989 5030 fretne
1017 4973 1337 5046 consignarc
1367 4976 1558 5038 liceat;
1595 4977 1656 5032 4ο
1691 4977 1757 5032 de
1785 4977 1909 5032 sab-

300 5072 408 5129 bati
428 5072 686 5143 jejunio;
719 5070 781 5126 5°
816 5069 884 5124 de
932 5072 1220 5134 fermento,
1252 5087 1322 5125 au
1371 5071 1458 5125 die
1497 5071 1766 5126 dominica
1815 5087 1911 5139 per

302 5166 575 5237 nomine
611 5162 858 5233 singulas
889 5161 1214 5218 mittendum
1268 5163 1366 5231 sit,
1421 5163 1693 5235 quomodo
1723 5165 1909 5218 Roma:

302 5275 401 5330 per
429 5259 627 5314 titulos
660 5256 926 5322 mittitur;
961 5255 1022 5312 ϐο
1049 5255 1117 5312 de
1160 5259 1562 5328 energnmenis,
1594 5275 1660 5312 an
1688 5258 1914 5328 presby-

307 5353 437 5406 teris
459 5363 554 5405 aut
579 5349 830 5404 diaconis
858 5348 1016 5403 liceat
1043 5360 1204 5418 super
1229 5365 1324 5405 eos
1353 5365 1569 5404 manum
1599 5350 1909 5419 imponere;

308 5441 469 5500 ’ἕο-δε
499 5439 930 5512 penitentibus,
955 5443 1176 5509 {fruendo
1207 5442 1518 5498 absolvendi
1552 5451 1700 5498 sunt.

382 5538 555 5594 Simul
621 5536 788 5588 etiam
837 5533 1124 5589 Decentius
1167 5536 1390 5591 alteram
1443 5537 1507 5590 ad
1567 5535 1920 5591 lecsﬁrmm

319 5638 444 5685 tuoc
472 5630 776 5685 diaconum
809 5627 1374 5698 irriserat-epistolam,
1416 5631 1468 5682 in
1505 5645 1608 5698 qua
1646 5630 1746 5682 tria
1787 5645 1926 5699 prac-

317 5730 460 5778 terea
519 5722 672 5776 tunc
718 5717 966 5787 rogabat,
1021 5719 1197 5789 primo
1247 5721 1430 5776 soline
1475 5720 1807 5785 sacerdotes,
1861 5738 1927 5776 an

319 5817 498 5870 caeteri
524 5814 692 5869 etiam
722 5810 1018 5866 Christiani
1049 5823 1376 5883 {reputantes
1399 5824 1588 5871 sancte
1620 5811 1931 5871 chrismatis

2009 4682 2282 4754 quodnam
2322 4681 2627 4734 incurrerat
2681 4676 2805 4732 vita:
2853 4676 3183 4742 discrimen,
3231 4676 3336 4732 nisi
3390 4691 3512 4733 eam
3542 4678 3613 4733 ab

2011 4779 2298 4850 impiorum
2332 4776 2534 4846 impetu
2560 4773 2724 4829 turris
2754 4767 3066 4827 tnuuitiorls
3098 4772 3354 4842 prtcsidio
3400 4789 3618 4829 servas-

2010 4883 2114 4926 set.
2148 4871 2333 4942 anue
2362 4869 2652 4925 occasione
2679 4867 2821 4937 quod
2864 4869 3046 4921 animo
3080 4877 3410 4937 conceperat
3445 4867 3619 4921 Aure-

2013 4963 2118 5017 lius
2149 4962 2441 5031 episcopus
2474 4955 2774 5014 Innocentii
2811 4955 3082 5012 lnvisend‘i
3131 4957 3375 5012 studium
3427 4966 3616 5014 notum

2016 5057 2064 5112 ei
2103 5055 2356 5109 faciebat.

2085 5147 2173 5203 55.
2233 5144 2435 5199 Incerto
2502 5156 2729 5214 tempore
2778 5139 2933 5196 Felix
2991 5139 3193 5197 Nucer.
3254 5140 3614 5195 Innocentium

2016 5241 2261 5299 consulit.
2296 5270 2367 5281 —-—
2389 5239 2536 5292 Felix
2570 5239 2860 5309 episcopus
2890 5236 3230 5301 Nucerinus,
3265 5237 3496 5308 epistola
3551 5237 3617 5291 ad

2017 5335 2390 5395 Innocentium
2422 5335 2622 5404 scripta
2657 5333 2976 5399 testabatur,
3004 5331 3270 5400 majorum
3295 5345 3352 5383 se
3377 5329 3624 5384 instituta

2025 5441 2365 5505 sequentem,
2399 5429 2579 5485 omnia
2625 5445 2745 5499 qum
2774 5425 3008 5498 aliquam
3041 5425 3386 5494 susciperent
3411 5421 3628 5475 dubita-

2031 5533 2230 5586 tionem
2262 5528 2327 5583 ad
2357 5528 2532 5597 ipsum
2561 5527 2711 5581 velut
2741 5524 2806 5578 ad
2849 5531 3008 5590 caput
3036 5529 3200 5586 atque
3247 5516 3456 5586 apicem
3507 5519 3626 5586 cpi-

2034 5631 2286 5694 scOpatus
2317 5622 2541 5684 referre,
2577 5629 2634 5672 ut
2663 5616 2791 5688 quid
2822 5615 2927 5669 sibi
2953 5621 3102 5668 esset
3143 5608 3446 5664 faciendum
3475 5610 3542 5662 ab
3564 5627 3631 5665 eo

2037 5718 2294 5772 disceret.
2327 5711 2464 5768 Sese
2497 5710 2710 5781 quidem
2743 5707 2838 5763 Dei
2865 5704 3126 5761 ecclesias
3165 5702 3246 5755 vel
3292 5715 3462 5756 novas
3502 5718 3634 5758 con-

2040 5785 2325 5873 struxisse,
2355 5805 2440 5860 vel
2470 5803 2650 5874 lapsas
2700 5806 3022 5870 reparasse;
3061 5792 3156 5847 sed
3205 5791 3470 5860 clericos,
3501 5807 3640 5863 quos
