4122 6346
561 309 672 364 6⁶Ξ3

1330 302 1685 363 APPENDIX
1730 301 1819 359 AD
1861 300 2246 360 EI’ISTOLAS
2286 301 2343 359 S.
2388 299 2782 359 INNOCENTII
2821 300 2842 358 I
2880 298 3113 360 ΡΑΡᾸΞῘ.

3770 296 3870 356 σει

560 423 617 475 in
641 420 750 475 illis
774 418 1160 485 constitueret,
1194 418 1299 474 sibi
1322 418 1535 484 deesse,
1557 417 1769 488 aliquos
1786 431 1918 471 vero
1941 416 2021 471 vel
2052 431 2173 471 mu-
2202 418 2249 477 Α
2280 414 2650 470 Florentinum
2682 415 2998 486 episcopum
3030 412 3374 468 Tiburtinum
3403 424 3463 466 se
3494 408 3667 465 inscio
3694 410 3872 465 divina

564 512 694 565 tilos
722 510 805 564 vel
839 508 1083 579 digamos
1116 518 1319 578 praesto
1371 524 1491 563 esse
1542 506 1899 577 signiﬁcabat.
1950 507 2171 561 Ilemum

566 617 833 673 quosnam
854 617 918 655 ex
944 600 1096 655 Iaicis
1120 598 1359 653 ordinari
1384 612 1625 653 canones
1652 595 2172 667 prohiberent,edo-

560 696 672 751 ceri
700 695 995 766 ﬂagitabat.
1028 693 1427 750 Consultatioui
1473 692 1589 763 ejus
1613 691 1879 747 satisfarit
1909 691 2172 748 Innoccn-
2192 698 2207 711 ·

560 789 691 855 tius,
720 790 880 858 epist.
919 788 1008 844 '57.

634 882 724 937 56.
782 881 1011 937 Libellus
1058 893 1239 936 contra
1287 882 1613 953 presbyteros
1666 882 2058 935 incontinentes.
2097 911 2170 921 -—-

560 974 980 1041 Maximilianus,
1009 990 1177 1044 agens
1209 977 1260 1029 in
1312 975 1474 1030 rebus
1522 991 1621 1044 per
1652 974 1888 1040 Brutios,
1920 976 2165 1031 libellum

556 1066 623 1121 ad
657 1067 1029 1122 Innocentium
1076 1068 1223 1121 misit
1252 1067 1514 1123 adversus
1554 1067 1817 1139 quosdam
1851 1066 2011 1137 hujus
2046 1083 2167 1137 pro-

555 1161 749 1215 vincia:
803 1162 1177 1233 presbyteros,
1212 1177 1351 1232 quos
1385 1163 1436 1216 in
1471 1163 1816 1234 presbyterio
1864 1162 2002 1217 tilios
2044 1178 2168 1232 pro-

553 1268 771 1308 creasse
819 1254 1171 1323 querebatur.
1222 1251 1382 1310 Unde
1446 1254 1746 1310 Innocentii
1797 1254 2043 1324 epistolae
2096 1254 2166 1310 58

554 1345 619 1400 da
630 1355 682 1401 ta
727 1348 966 1401 occasio.

626 1438 716 1493 37.
766 1437 1001 1493 Libellus
1043 1449 1225 1493 contra
1277 1439 1577 1495 Modestum
1608 1457 1671 1495 ex
1702 1442 1975 1511 pwnitente
2014 1441 2166 1495 cleri-

552 1552 673 1589 cum
718 1539 938 1606 factum.
967 1535 1325 1590 —Libellum
1372 1538 1604 1591 alterum
1655 1536 1757 1591 sibi
1814 1536 2166 1591 Innocentius

550 1629 810 1685 traditum
836 1643 1103 1684 memorat
1132 1628 1327 1700 (Epist.
1352 1630 1469 1702 '59),
1498 1631 1592 1685 sed
1616 1630 1757 1685 unde
1784 1630 2061 1699 acceperit
2091 1631 2163 1685 si-

552 1724 649 1791 let,
682 1740 790 1795 quo
817 1723 1116 1778 Modestum
1138 1724 1428 1793 quemdam
1447 1724 1632 1777 multis
1660 1723 1983 1779 criminibus
2012 1724 2163 1778 invo-

2278 510 2533 579 mysteria
2560 510 2877 565 celebrasse
2906 508 3307 577 expostulabat.
3666 562 3667 565 η

2346 605 2432 659 59.
2482 604 2767 659 Postremo
2810 603 3195 658 desiderantur
3250 600 3530 657 Laurentii
3595 599 3874 655 Seniensis

2271 698 2512 767 episc0pi
2538 697 2605 751 ad
2632 697 3004 751 Innocentium
3035 696 3231 751 littera:
3253 737 3267 762 ,
3301 695 3496 765 quibus
3522 692 3742 747 Photini
3786 705 3875 748 sc-

2272 800 2513 845 ctatores
2544 791 2595 845 in
2623 790 2900 844 territorio
2932 805 3030 843 suo
3055 788 3263 843 versari
3283 830 3296 851 ,
3329 797 3383 841 et
3407 786 3622 856 publice
3652 786 3707 840 in
3747 800 3878 857 quo-

2274 882 2517 937 rumdam
2548 883 2992 953 possessionibus
3018 882 3121 938 sibi
3154 881 3535 937 conventicula
3568 896 3877 951 praeparare

2273 976 2573 1031 nuntiabat.

2341 1067 2430 1122 40.
2458 1067 2727 1124 Praeterea
2761 1069 2805 1123 si
2831 1067 3129 1139 pontiﬁcali
3154 1067 3292 1123 libro
3310 1066 3565 1122 habenda
3596 1067 3760 1133 Iides,
3796 1067 3877 1123 In-

2273 1160 2556 1218 nocentius
2584 1181 2602 1213 l
2628 1162 2984 1217 constitutum
3014 1162 3147 1218 fecit
3176 1162 3241 1216 de
3268 1162 3415 1217 omni
3448 1161 3712 1227 Ecclesia,
3733 1169 3787 1215 et
3812 1160 3879 1215 de

2272 1255 2473 1324 regulis
2494 1256 2975 1317 monasteriorum,
3009 1256 3151 1311 etde
3178 1255 3385 1311 Jud:eis
3417 1265 3472 1309 et
3493 1255 3560 1310 de
3588 1254 3873 1325 Paganis.»

2340 1347 2429 1401 41.
2464 1346 2715 1417 Epistula:
2761 1350 3124 1421 supposititiw.
3157 1379 3228 1389 —
3256 1348 3404 1403 Inter
3438 1358 3515 1403 tot
3538 1348 3712 1403 sancti
3739 1364 3877 1419 pra:-

2269 1441 2402 1496 sulis
2430 1441 2667 1512 genuina
2692 1444 2892 1513 scripta
2914 1485 2928 1508 ,
2973 1442 3133 1497 etiam
3168 1442 3534 1497 adulterinum
3564 1439 3767 1511 ingenii
3796 1440 3877 1496 sui

2271 1544 2483 1603 partum
2506 1537 2836 1603 immiscere,
2862 1545 3096 1591 notante
3115 1536 3319 1590 nomini
3348 1550 3660 1605 supponere
3678 1549 3880 1605 nequa-

2270 1643 2430 1698 quam
2455 1629 2664 1685 veritus
2700 1640 2787 1685 est
2822 1630 3062 1684 Isidorus
3104 1630 3395 1683 Mercator.
3428 1627 3537 1683 Sed
3584 1626 3878 1699 suppositi-

2272 1719 2401 1773 tiam
2434 1720 2580 1774 illam
2606 1722 2922 1791 epistolam,
2953 1736 3076 1791 qua:
3106 1720 3333 1775 Aurelio
3365 1720 3649 1790 inscripta,
3683 1719 3737 1773 in
3765 1717 3878 1772 edi-

546 1817 741 1884 lutum,
784 1818 853 1872 ob
883 1834 1005 1889 qua:
1035 1819 1413 1887 paenitentiam
1443 1827 1667 1888 egerat,
1712 1818 1764 1871 in
1800 1819 1993 1882 Apulia
2049 1835 2156 1873 non
2190 1814 2238 1874 B
2269 1815 2415 1868 tione
2437 1815 2795 1870 conciliorum
2847 1814 2914 1868 12
2941 1824 3085 1877 erat,
3119 1814 3328 1883 parenti
3381 1828 3482 1868 suo
3531 1814 3583 1867 in
3615 1821 3767 1867 tomo
3795 1826 3879 1869 se-

544 1911 709 1966 modo
731 1911 990 1967 clericum
1015 1912 1292 1979 ellectum,
1345 1912 1441 1967 sed
1477 1919 1536 1967 et
1565 1911 1631 1965 ad
1673 1912 2021 1982 episc0patus
2043 1912 2155 1982 api-

544 2020 664 2059 cem
710 2004 932 2059 tendere
961 2004 1405 2060 denuntiabatur.

615 2099 706 2154 58.
737 2098 968 2153 Libellus
998 2109 1179 2152 contra
1228 2100 1525 2170 episcopum
1564 2101 1651 2169 qui
1693 2099 1867 2153 divina
1913 2100 2160 2169 mysteria

542 2189 597 2243 in
621 2188 794 2244 aliena
824 2192 1051 2259 partecia
1073 2190 1377 2245 celebrarat.
1406 2191 1645 2245 —Alius
1673 2191 1852 2247 eidem
1885 2207 2035 2261 papa:
2065 2192 2161 2245 da-

544 2294 631 2337 tus
660 2292 746 2338 est
776 2283 993 2339 libellus
1030 2282 1226 2355 (Epist.
1269 2284 1389 2355 40),
1423 2300 1531 2355 quo
1578 2284 1752 2341 Ursus
1784 2286 2073 2356 episcopus
2107 2284 2160 2340 in

539 2378 778 2445 parmcia
828 2376 1169 2433 Nomentana
1208 2377 1274 2432 ad
1330 2377 1612 2433 dioecesim
1654 2392 1807 2432 suam
1842 2379 2157 2447 pertinente

566 2645 1117 2727 DECRE'I‘A
1200 2646 1364 2727 EX
1445 2643 2029 2727 EPISTOLIS
2105 2647 2191 2726 S.

2268 1908 2458 1975 quenti
2513 1908 2822 1963 reddemus.
2876 1907 3046 1976 IIujus
3093 1918 3272 1962 autem
3327 1907 3460 1961 tomi
3500 1904 3802 1977 appendix,
3833 1905 3877 1961 si

2267 2010 2446 2055 tomus
2474 2000 2731 2070 patiatur,
2762 2009 2995 2069 quatuor
3039 2000 3176 2054 alias
3209 2000 3395 2063 falsas,
3418 1999 3553 2055 duas
3577 1999 3877 2054 Innocentii

2267 2094 2334 2148 ad
2382 2094 2673 2149 Arcadium
2718 2093 3035 2158 seribentis,
3089 2102 3145 2147 et
3192 2094 3326 2148 alias
3371 2092 3507 2149 duas
3548 2092 3766 2148 Arcadii
3811 2093 3875 2147 ad

2266 2190 2646 2246 Innocentium
2664 2190 3018 2247 rescribentis
3040 2189 3349 2245 nominibus
3374 2190 3660 2261 insignitas
3677 2203 3877 2260 reprzc-

2266 2282 2525 2337 sentabit.

2278 2644 2400 2726 IN
2405 2638 2973 2728 NOCENTII
3048 2645 3090 2727 Ι
3162 2638 3836 2731 EXCERPTA.

1783 2803 1928 2864 (Coll.
1954 2802 2139 2853 Concil.
2167 2802 2321 2852 Mansi
2350 2810 2468 2853 tom.
2496 2802 2609 2862 III.)

602 3094 658 3158 In
687 3109 894 3157 vetusta
922 3099 1253 3155 collectione
1284 3097 1375 3151 illa
1434 3096 1691 3162 Lueensi,
1752 3096 1820 3150 de
1865 3112 1971 3161 qua
2034 3114 2138 3153 non
2169 3098 2214 3158 (ἶ

533 3175 705 3229 semel
737 3174 845 3255 egi,
896 3173 949 3226 in
980 3172 1220 3255 epitomle
1272 3168 1638 3255 plurimorum
1686 3167 2047 3249 conciliorum
2087 3178 2143 3222 et

531 3240 888 3301 decretalium
919 3241 1279 3310 quarumdam
1300 3240 1662 3310 epistolarum
1688 3240 2145 3310 occurritexcer-

537 3330 683 3386 ptum
711 3318 773 3369 de
796 3308 1033 3383 Epistula
1052 3311 1348 3386 Innocentii
1365 3309 1542 3386 Papa:
1567 3328 1629 3365 ea:
1651 3312 1869 3365 concilio
1896 3308 2141 3376 Nicwno,

532 3383 694 3459 quam
726 3388 1033 3459 epistolam
1089 3384 1397 3437 Innocentii
1431 3383 1446 3435 Ι
1482 3398 1635 3459 papa:
1667 3396 1793 3459 esse
1820 3398 1981 3435 nemo
2014 3399 2142 3459 pru-

530 3452 666 3516 dens
704 3452 1058 3520 dubitaverit,
1091 3470 1217 3509 cum
1256 3469 1473 3506 omnem
1526 3456 1693 3507 alium
1754 3452 2139 3508 Innocentium

530 3529 837 3596 pontiﬁcem
866 3537 1087 3597 superet
1116 3525 1326 3580 codicis
1356 3524 1517 3591 bujus
1559 3535 1689 3578 tetas
1725 3538 1998 3597 annorum
2029 3526 2141 3579 sal-

526 3614 637 3656 tem
669 3596 1089 3663 nongentarum.
1143 3598 1405 3661 Qu.enam
1432 3610 1567 3648 vero
1610 3598 1681 3648 sit
1728 3596 1962 3663 epistola
2020 3599 2138 3652 lucc

525 3670 855 3735 Innocentii,
888 3685 996 3739 quo
1029 3685 1095 3722 ex
1118 3665 1311 3722 codice
1368 3666 1663 3739 descripta,
1693 3682 1760 3720 an
1804 3667 2135 3737 singularem

526 3743 817 3813 epistolam
848 3736 1189 3813 tle—Nicacnis
1222 3736 1527 3813 c‘anonibus
1558 3736 2138 3813 Innocentiusudede-

525 3809 617 3881 rit,
650 3815 735 3869 vel
768 3812 890 3868 illos
914 3812 1040 3866 data
1076 3810 1375 3865 occasione
1428 3809 1481 3861 in
1515 3810 1681 3881 variis
1737 3810 1986 3877 epistolis
2020 3812 2135 3865 suis

523 3879 813 3941 adduxerit
841 3892 897 3937 et
929 3882 1311 3943 inculcaverit,
1338 3894 1477 3949 quos
1522 3879 1649 3934 dein
1675 3881 1932 3949 epitomis
1967 3882 2131 3949 hujus

527 3971 721 4012 auctor
770 3958 821 4010 in
875 3970 1035 4009 unam
1094 3967 1368 4007 canonum
1422 3951 1625 4005 seriem
1684 3952 2130 4019 continuaVerit,

530 4034 688 4100 plane
719 4028 930 4099 ignoro.
984 4028 1327 4100 Quamquam
1378 4038 1508 4077 vero
1541 4024 1686 4100 nihil
1708 4024 1946 4100 novitiis
1976 4025 2134 4079 exhi-

524 4095 708 4165 betur,
731 4095 887 4170 jitvat
920 4096 1639 4170 tamenqualecumqueAe‘st
1677 4095 1781 4149 hoc
1821 4096 1975 4170 dare,
2009 4113 2131 4151 cum

529 4167 900 4227 vetustissima
931 4171 1049 4224 lucc
1076 4171 1148 4224 sit
1194 4183 1470 4223 canonum
1528 4167 1879 4221 Niczenurum
1938 4168 2129 4223 Latina

530 4243 723 4300 editio.
781 4242 914 4308 Quae
969 4242 1116 4297 enim
1172 4240 1489 4311 Dionysium
1528 4239 1792 4310 Exiguum
1844 4252 2127 4295 auctorem

528 4315 772 4383 prmi’ert,
800 4315 987 4383 utique
1016 4311 1285 4382 posterior
1311 4322 1395 4365 est
1425 4311 1744 4366 Innocentio
1777 4311 1818 4366 ι.
1844 4311 1977 4379 Quae
2003 4328 2129 4367 vero

522 4388 581 4441 in
610 4386 935 4440 collectione
965 4384 1157 4440 Isidori
1184 4383 1504 4438 Merc-ttoris
1538 4383 1837 4452 profertur,
1882 4399 1948 4437 an
1976 4397 2129 4439 vetu-

528 4458 664 4511 stior
715 4456 786 4511 sit
844 4459 961 4511 sive
1016 4456 1313 4514 recentior,
1349 4455 1589 4508 nomium
1645 4464 1729 4511 est
1760 4456 2125 4524 exploratum.

529 4532 661 4594 Quae
689 4527 905 4582 tandem
930 4537 1013 4583 est
1038 4526 1241 4591 Rulini,
1265 4526 1518 4597 ejusdem
1547 4528 1660 4582 lere
1689 4526 2032 4597 antiquitatis
2050 4536 2136 4583 est

532 4616 659 4655 cum
690 4599 1031 4653 Innocentio.

530 4716 619 4771 DE
663 4714 994 4771 EPISTOLA
1050 4711 1451 4769 INNOCENTII
1500 4711 1705 4768 PAPZE
1754 4713 1773 4768 I
1816 4713 1913 4769 EX
1967 4714 2131 4770 CON-

1074 4783 1255 4841 CILIO
1293 4782 1591 4840 ΝΙΟΑΞΝΟ.

1307 4874 1355 4935 Ι.

536 4972 704 5045 gQui
739 4986 797 5027 se
816 4970 1111 5028 absciderit
1134 4984 1244 5025 non
1269 4969 1613 5040 ingrediatur
1651 4972 1703 5028 in
1735 4974 1908 5030 clero.

546 5176 551 5199 τ
606 5159 837 5217 Gcntilis
870 5156 963 5227 qui
1000 5171 1302 5212 conversus
1343 5157 1504 5213 luerit
1548 5167 1601 5213 et
1651 5159 1979 5231 baptizatus,
2016 5180 2121 5221 non

532 5254 694 5311 ωεὶιο
715 5259 1103 5323 promoveatur
1134 5250 1186 5304 in
1210 5249 1386 5307 clero.

598 5438 1012 5515 Episcopusxvel
1038 5438 1239 5510 reliqui
1266 5438 1455 5495 clerici
1477 5456 1599 5498 cum
1628 5448 1903 5505 extraneis
1925 5451 2118 5509 mulie-

523 5542 678 5597 ribus
701 5556 810 5595 non
840 5536 1109 5593 habitent.

1274 5627 1368 5683 IV.

587 5729 887 5799 Episc0pm
931 5725 999 5779 ab
1025 5723 1278 5779 omnibus
1308 5724 1583 5796 episcOpis
1614 5729 1923 5801 ordinetur,
1954 5734 2036 5791 vel
2078 5750 2107 5790 a

509 5823 685 5877 tribus
714 5836 833 5876 cum
858 5818 1274 5888 metropolitani
1306 5833 1601 5876 consensu.

2160 4492 2213 4552 D

2042 2971 2416 2988 w

3021 3130 3087 3183 V.

2327 3218 2636 3288 Episcopus
2668 3221 2899 3276 alterius
2918 3223 3162 3293 episcopi
3186 3225 3453 3279 clericum
3476 3240 3583 3281 non
3605 3227 3856 3299 accipiat,

2248 3311 2334 3363 vel
2366 3313 2931 3369 excommunicatum.
2970 3314 3113 3370 Duas
3136 3318 3289 3372 vices
3313 3318 3363 3371 in
3391 3333 3596 3374 annum
3627 3321 3859 3377 concilia

2249 3402 2381 3459 [iant
2404 3418 2629 3476 propter
2651 3408 2997 3465 diversorum
3026 3412 3395 3481 querimonia.

3012 3525 3098 3578 VI.

2319 3614 2730 3672 Alexandrinus
2780 3626 2832 3673 et
2872 3617 3152 3675 Romanus
3204 3636 3358 3692 papae
3420 3622 3713 3691 primatum
3766 3623 3855 3680 lia-

2242 3707 2433 3760 beant.

2991 3806 3107 3861 VII.

2315 3890 2693 3949 Plurimorum
2716 3896 3102 3968 episcoporum
3130 3915 3430 3970 consensu,
3466 3904 3704 3961 maxime
3737 3922 3850 3961 me-

2242 3987 2572 4056 tropolitani
2602 4004 2880 4046 consensu
2914 3995 3189 4064 eligantur
3220 3997 3530 4071 presbyteri
3574 3999 3744 4068 (forte
3774 4010 3852 4056 ta-

2238 4093 2365 4135 men
2396 4082 2667 4152 scriptum
2700 4094 2785 4139 est
2807 4088 3085 4160 episcopi).

2976 4201 3110 4257 VIII.

2310 4284 2848 4360 Ilierosolymitanus
2892 4293 3185 4366 episcopus
3249 4300 3547 4369 primatum
3599 4302 3843 4375 habeat,

2232 4376 2383 4433 salvo
2408 4380 2700 4454 privilegio
2728 4388 3165 4455 metr0politani.

2996 4482 3089 4538 IX.

2314 4566 2553 4637 Catbari,
2581 4570 2631 4624 id
2656 4580 2742 4625 est
2763 4571 3050 4630 Novatiani
3076 4581 3336 4636 conversi
3360 4582 3549 4639 clerici
3566 4586 3839 4658 recipian-

2242 4669 2329 4714 tur
2362 4660 2415 4715 in
2448 4663 2620 4719 clero.
2657 4664 2961 4738 Episc0pus
3002 4686 3134 4727 vero
3167 4671 3221 4727 in
3271 4676 3608 4747 presbyterii
3660 4681 3839 4737 locum

2236 4764 2552 4823 recipiatur.

3007 4857 3075 4913 X.

2306 4940 2361 4996 In
2396 4958 2501 4999 una
2529 4944 2750 5001 civitate
2768 4946 2878 5004 duo
2908 4952 3149 5023 episcopi
3181 4970 3287 5011 non
3312 4956 3442 5013 sint.

2978 5067 3071 5123 XI.

2299 5152 2356 5207 Si
2385 5163 2512 5223 post
2558 5157 2965 5216 ordinationem
3000 5164 3295 5221 sacerdotii
3345 5167 3606 5228 detectus
3636 5173 3827 5247 fuerit,

2224 5244 2561 5317 deponatur;
2590 5253 2757 5308 simili
2787 5256 2949 5312 modo
2976 5267 3061 5313 est
3085 5259 3153 5315 de
3175 5260 3368 5331 lapsis.

2955 5369 3074 5427 XII.

2294 5455 2455 5527 Lapsi
2484 5458 2605 5515 sine
2637 5463 2924 5519 tormentis
2973 5474 3182 5535 septem
3211 5482 3390 5526 annos
3430 5473 3821 5541 paenitentiam

2218 5563 2401 5621 agant.

2954 5652 3091 5708 XIII.

2286 5738 2413 5794 Post
2444 5742 2691 5798 militiam
2717 5743 2764 5799 si
2792 5760 3094 5802 conversus
3127 5745 3312 5815 fuerit,
3347 5758 3405 5805 et
3429 5748 3634 5808 iterum
3656 5753 3823 5811 rmili-

2214 5836 2434 5905 taverit,
2473 5851 2563 5891 xm
2593 5853 2767 5894 annos
2788 5840 3072 5910 pteniteat.
