4122 6346
519 373 623 432 6'27

523 591 898 650 sacerdotium
927 609 1036 650 non
1061 591 1413 660 ordinantes,
1440 606 1540 648 nec
1583 588 1823 648 curiales
1859 589 1953 660 qui
2009 604 2118 646 non

521 685 731 741 debent
755 701 881 742 esse
903 686 1117 741 clerici.
1169 686 1440 756 Hispanos
1473 686 1794 754 vituperant
1817 683 1855 737 ii
1883 727 1896 749 ,
1930 683 2020 754 qui
2069 685 2121 737 in

529 777 733 832 forensi
781 777 1177 832 exercitatione
1214 776 1418 831 versati
1466 786 1616 844 sunt,
1671 775 1759 830 vel
1819 791 1885 830 ex
1932 775 2124 832 militia

527 873 731 944 aliqua,
759 873 873 928 sive
904 890 968 930 ex
1003 872 1329 937 curialibus,
1361 881 1419 927 ut
1450 871 1514 928 ad
1542 871 1914 928 Sacerdotium
1942 871 2024 926 vel
2060 870 2127 926 ad

532 966 740 1022 minora
763 965 943 1023 ollicia
973 967 1221 1022 veniant.

635 1183 1024 1240 INNOCENTII
1063 1185 1156 1240 AD
1201 1077 1577 1242 VIIIITIQRIUM
1618 1183 2024 1242 EPISCOPUM.

599 1367 730 1428 Sine
764 1373 1180 1442 metropolitani
1210 1388 1492 1434 consensu
1521 1372 1816 1445 episcopus
1857 1390 1962 1432 non
1988 1373 2142 1432 ordi-

533 1474 718 1522 netur.
1311 1539 1354 1595 ll

605 1629 712 1697 Qui
731 1630 1010 1702 cingulum
1029 1629 1540 1688 militiaistecularls
1564 1631 1750 1687 habuit
1774 1631 1839 1687 ad
1858 1632 2151 1690 clericatus

536 1725 781 1783 oi’iicium
809 1740 917 1784 non
950 1725 1157 1785 veniat.
1303 1797 1373 1855 ΠΙ

613 1890 761 1989 inter
787 1891 1026 1989 clericos
1064 1891 1359 1961 episcOpns
1414 1891 1622 1989 aitdiat.
1676 1891 1911 1989 Romam
1959 1889 2148 1946 clerici
2181 1896 2226 1958 Β
2255 1935 2440 1989 scopo,

543 1981 607 2034 ad
669 1982 808 2036 alios
876 1985 1168 2054 episcopos
1224 1999 1332 2039 non
1401 1981 1640 2040 audeant
1698 1984 1883 2038 dicere
1951 1996 2144 2042 causas

545 2066 692 2106 suas.

1298 2151 1384 2207 IV.

621 2238 895 2296 Mulierem
931 2241 1153 2298 viduam
1183 2243 1423 2371 derisus
1456 2261 1564 2302 non
1595 2245 1762 2300 ducat
1793 2259 2038 2300 uxorem.

629 2408 884 2463 Alienum
911 2409 1177 2465 clericum
1208 2412 1388 2466 nullus
1409 2412 1696 2485 suscipiat.

1307 2503 1394 2560 VI.
1477 2519 1484 2526 '

620 2594 910 2651 Novatiani
937 2597 1023 2652 vel
1049 2597 1367 2656 Montenses
1391 2614 1489 2668 per
1519 2614 1714 2656 manus
1747 2601 2156 2670 impositionem

553 2686 948 2755 suscipiantur.
981 2689 1082 2755 Qui
1110 2689 1182 2744 de
1207 2691 1412 2745 nostris
1440 2691 1504 2744 ad
1535 2691 1662 2746 illos
1710 2691 1956 2758 fuerunt,
1989 2702 2041 2747 et
2075 2707 2161 2747 re-

555 2787 842 2847 vocantur,
877 2779 1036 2852 longe
1068 2784 1394 2858 paattiteant.

1298 2875 1412 2932 VII.

630 2968 859 3024 Diaconi
887 2984 994 3024 non
1029 2970 1362 3025 misceantur
1380 2986 1502 3028 cum
1544 2985 1735 3027 uxore.

1293 3062 1422 3119 VIII.

631 3155 930 3212 Monachus
957 3157 1007 3212 in
1037 3158 1186 3214 clero
1213 3176 1320 3217 non
1365 3160 1588 3227 veniat,
1625 3176 1725 3218 uec
1756 3176 1986 3218 uxorem
2020 3160 2159 3218 acci-

568 3252 700 3321 piat.

1315 3347 1402 3401 IX.

633 3441 884 3497 Curiaies
913 3443 1096 3498 clerici
1128 3459 1234 3497 non
1261 3443 1600 3501 ordinentur.

639 3625 822 3682 Velaia
855 3629 897 3680 si
927 3630 1187 3683 erraverit
1222 3647 1326 3683 non
1357 3630 1590 3701 accipiat
1625 3632 2018 3701 pmnitentimn.

630 3814 986 3870 Consecraize
1037 3815 1268 3874 Domino
1301 3831 1409 3871 non
1437 3815 1635 3874 velatae
1660 3817 1704 3872 si
1742 3817 2033 3888 ttnpset'int
2057 3832 2170 3887 poe-

567 3908 794 3962 niteant.

1289 4020 1443 4090 ιν.

798 4135 1193 4194 INNOCENTII
1232 4138 1323 4193 AD
1363 4133 1750 4192 EPISCOPUM
1806 4134 1947 4203 (sic).

1346 4248 1388 4304 l.

641 4341 830 4398 Nullus
862 4343 1107 4414 bigantus
1139 4343 1374 4398 clericus
1398 4337 1702 4395 ordinetur.

637 4529 740 4597 Qui
771 4538 899 4584 ante
927 4523 1261 4598 baptismum
1286 4539 1512 4580 uxorem
1547 4523 1774 4592 habuit,
1801 4531 1854 4580 et
1881 4537 2002 4597 post
2033 4523 2166 4597 bap-

566 4625 792 4678 tismum
824 4622 986 4678 aliam
1009 4621 1254 4686 duxerit,
1285 4618 1532 4692 bigamus
1560 4629 1663 4672 est.

1301 369 1651 429 APPENDIX
1689 369 1782 426 AD
1821 365 2207 428 EPISTOLAS
2350 371 2737 432 INNOCENTII
2782 375 2800 432 I
2843 377 3067 436 PAPE.

516 502 631 552 net.
662 494 934 566 Hispanos
952 492 1210 552 detrahet
1241 493 1309 552 de
1334 491 1528 550 militia
1555 490 1804 547 surculari
1845 489 2012 548 celeri
2047 487 2114 546 ad
2145 497 2194 558 Α

3723 386 3824 442 628

2958 519 3029 590 V

2534 622 2922 679 INNOCENTII
3095 629 3527 690 DECENTIUM.

2303 809 2452 867 Ordo
2494 810 2678 868 missio
2708 811 2773 868 ad
2812 829 2999 881 pacein
3023 814 3155 870 dare
3187 824 3314 887 post
3341 826 3596 888 quartam
3625 816 3836 872 oratio-

2237 919 2288 956 Ili
2309 919 2377 956 Ill.

3002 1000 3022 1056 l
3050 1040 3064 1054 .

2313 1067 2539 1124 Nomina
2571 1071 2876 1128 reciteutur
2898 1000 3592 1142 posticommendaiionem
3616 1074 3846 1135 niteren-

2247 1161 2398 1216 tium.

3003 1261 3088 1319 lII.

2321 1349 2434 1404 Non
2501 1353 2819 1425 consignant
2881 1353 3118 1411 infantes
3187 1353 3502 1428 presbyteri
3563 1354 3669 1414 nisi
3738 1352 3850 1426 epi-

2250 1445 2424 1514 sc0pi.

3006 1541 3092 1598 IV.

2327 1634 2499 1694 Omne
2520 1636 2748 1692 sabbato
2766 1636 3068 1710 jejunetur.

3021 1733 3084 1790 V.

2333 1827 2570 1883 Teneant
2602 1825 2910 1898 presbyteri
2939 1828 3162 1890 missam
3199 1825 3251 1881 in
3280 1827 3417 1882 urbe
3443 1831 3714 1896 przesente
3747 1820 3857 1896 epi-

3012 2013 3098 2072 VI.

2322 2108 2454 2165 Sine
2474 2108 2630 2179 jussu
2649 2108 2898 2180 episcopi
2920 2109 3211 2181 presbyter
3230 2107 3414 2164 missa!
3434 2116 3643 2176 teneat,
3663 2109 3714 2168 in
3733 2109 3862 2170 urbe

2251 2203 2516 2272 prresettte
2543 2201 2820 2272 episc0po.

2993 2297 3100 2356 VII.

2327 2389 2636 2462 Sinejussu
2670 2391 2915 2462 episc0pi
2948 2392 3034 2448 vel
3075 2391 3166 2447 alii
3212 2407 3434 2451 nianum
3475 2404 3682 2464 ponant
3733 2394 3869 2450 iner-

2257 2499 2510 2552 gumeno.

3021 2579 3128 2635 VIII
3142 2618 3154 2634 .

2334 2671 2536 2725 Omnes
2561 2669 2894 2740 pmnitentes
2934 2687 2964 2724 ν
3009 2672 3142 2730 leria
3174 2671 3242 2726 de
3274 2673 3470 2740 pascha
3518 2674 3873 2730 reconcilien-

2267 2777 2374 2819 lill'.
3027 2836 3096 2891 IX

2341 2929 2674 3001 Presbytero
2725 2931 2888 2985 liceat
2939 2929 3169 2984 visitare,
3225 2928 3541 2995 inﬁrmum,
3573 2939 3630 2984 et
3681 2947 3876 3002 ungere

2269 3022 2533 3089 chrisma,
2567 3025 2926 3092 pcenitcntcm
2956 3034 3223 3093 :Pgl‘ttlmil
3259 3040 3368 3077 non
3393 3021 3555 3079 liceat
3581 3039 3790 3095 ungere
3814 3026 3878 3082 de

2267 3114 2524 3172 chrisma.

2385 3339 2769 3397 INNOCENTII
2812 3341 2904 3396 AD
2949 3229 3309 3399 AIIIiIEIIUM
3353 3335 3768 3400 EPISCOPUM.

2349 3437 2529 3494 Facile
2563 3452 2672 3492 non
2716 3436 3030 3506 imponatur
3061 3450 3253 3494 nianus
3300 3434 3595 3506 Episcopo,
3635 3449 3704 3493 ex
3737 3432 3876 3490 laico

2279 3544 2385 3585 non
2418 3530 2726 3586 ordinetur.

2586 3660 2910 3700 OBaEIlVA'I‘IO
2951 3661 3213 3704 PHILLIPI’I
3254 3661 3440 3704 ωηιιει
3478 3661 3522 3704 5o
3549 3661 3596 3702 ιι.

2343 3753 2652 3821 Sequentes
2683 3765 2924 3805 canones
2954 3767 2982 3806 a
3017 3752 3232 3823 synodo
3257 3753 3512 3822 quapiam
3541 3752 3783 3806 Romana
3809 3750 3878 3806 ad

2274 3824 2458 3882 Gallos
2480 3825 2774 3890 episcopos
2815 3824 3146 3892 jampridem
3181 3826 3378 3878 missos
3409 3839 3476 3878 ex
3509 3825 3718 3892 aliquot
3758 3838 3876 3878 nta-

2277 3895 2574 3963 nuscriptis
2606 3894 2888 3949 codicibus
2916 3898 3153 3962 primum
3199 3897 3256 3951 in
3287 3896 3464 3951 lucem
3491 3896 3699 3950 extulit
3726 3896 3791 3949 R.
3816 3896 3854 3949 [δ

2277 3967 2605 4024 Sirmondus
2655 3969 2708 4019 in
2739 3967 3044 4036 appendice
3099 3969 3217 4024 ad!
3265 3975 3473 4022 ternum
3510 3969 3874 4022 conciliorum

2275 4039 2490 4110 Galli-.e,
2529 4037 2860 4110 eosdemque
2911 4039 3115 4110 [leuius
3163 4040 3433 4094 eollector
3478 4039 3719 4110 conjecit
3751 4051 3876 4110 non

2277 4128 2378 4168 suo
2409 4109 2536 4162 loco
2588 4109 2639 4163 in
2674 4109 2884 4164 calcem
2916 4109 3161 4165 XXXVII
3182 4110 3490 4165 voluminis
3523 4109 3644 4180 post
3670 4109 3876 4164 indices

2278 4198 2401 4266 cum
2420 4189 2661 4266 tractatu
2687 4180 2762 4266 de.
2783 4184 3042 4266 antiquis.
3077 4183 3462 4266 episcoporuai
3510 4184 3876 4266 promotieni-

2279 4257 2401 4311 bus.
2420 4254 2531 4309 Nos
2560 4269 2691 4309 vero
2715 4253 2964 4324 ejusdem
2996 4253 3291 4307 clarissimi
3319 4253 3555 4309 editor-is
3591 4257 3878 4316 conjectu-

2279 4343 2390 4382 ram
2425 4343 2531 4380 non
2558 4325 2976 4393 improbabilem
3007 4327 3206 4390 secuti,
3234 4327 3534 4379 lnuocentii
3570 4327 3731 4394 primi
3761 4326 3875 4395 epi-

2278 4401 2436 4456 stolis
2466 4397 2972 4465 subjecimuszcum
3006 4397 3074 4450 ab
3105 4397 3185 4452 eis
3214 4410 3318 4451 nec
3346 4398 3699 4452 decretorum
3726 4438 3738 4461 ,
3773 4412 3872 4450 nec

2276 4468 2594 4542 scriptionis
2621 4471 2795 4523 forma
2828 4470 3146 4542 abhorreat.
3173 4470 3292 4534 Quo
3331 4477 3517 4523 autem
3562 4484 3706 4523 anno
3745 4468 3872 4522 editi

2278 4540 2586 4614 sint,piane
2616 4557 2722 4596 non
2743 4549 2982 4604 constat,
3007 4540 3454 4614 etsimaximam,
3487 4547 3544 4594 ut
3567 4555 3736 4595 nemo
3764 4555 3869 4595 non

2189 4613 2244 4674 D
2280 4609 2449 4683 videt,
2473 4614 2862 4683 antiquitatem
2888 4629 2999 4684 prae
3021 4626 3083 4667 se
3096 4609 3297 4667 (erant.

989 4889 1573 4978 EPISTOLZE
1625 4891 1713 4977 S.
1793 4887 2149 4974 INNOC

2276 4887 2527 4970 VTIO
2602 4887 2644 4968 Ι
2719 4883 3452 4969 ΑΤΤΒΙΒΠΤᾹΞ.

1754 5034 1842 5099 (D.
1866 5033 2119 5088 Constant.
2144 5030 2372 5096 Appeal.
2391 5030 2452 5082 ad
2473 5035 2592 5081 ωω.
2617 5028 2683 5090 ι.)

1201 5277 1518 5340 MONI'I’UM

805 5394 856 5433 IN
895 5390 1143 5440 QUATUOB
1181 5393 1469 5434 EPISTOLAS
1508 5393 1928 5444 SUBSEQUENTES.

640 5496 692 5548 l.
737 5495 1036 5566 Equatuor
1091 5490 1196 5546 illis
1246 5492 1494 5566 epistolis
1544 5494 1773 5566 primam
1815 5492 2164 5566 Nicepliorus

563 5565 778 5621 Callisti
831 5563 926 5618 lib.
957 5577 1080 5628 xm,
1135 5577 1254 5630 cap.
1314 5565 1404 5630 54,
1461 5563 1744 5634 integram,
1800 5563 1997 5634 Glycas
2033 5579 2162 5618 tero

565 5638 760 5692 Annal.
785 5647 922 5704 part.
948 5651 1020 5700 tv,
1039 5635 1625 5690 nonnullisldenlidem
1648 5638 1896 5698 resectis,
1915 5636 2162 5688 mutilam

565 5708 756 5762 Graece
809 5707 966 5763 nobis
1018 5707 1482 5771 transmiserunt;
1545 5707 1839 5763 sewndam
1884 5718 2067 5762 autem
2111 5715 2164 5758 et

565 5790 812 5847 quartam
841 5779 991 5832 solus
1015 5778 1212 5849 Glycas
1235 5778 1371 5833 ibid.
1400 5779 1805 5848 pariterGrzece
1819 5775 2154 5832 asservavit:

566 5865 752 5920 yet-um
783 5851 934 5904 tertia
971 5860 1177 5904 tantum
1225 5850 1417 5906 Latine
1444 5851 1510 5904 ad
1553 5865 1655 5906 nos
1687 5851 1953 5920 pervenit,
1994 5862 2157 5920 (lucra

563 5918 781 5974 Baronii
815 5938 842 5973 e
878 5921 1139 5976 Vaticano
1184 5923 1487 5993 exemplari
1520 5917 1814 5992 descripta.
1849 5917 1993 5973 Idem
2028 5918 2158 5976 Car-

2273 5277 2472 5334 dinaiis
2500 5275 2566 5331 ad
2612 5291 2740 5332 ann.
2790 5275 2894 5332 407
2927 5273 3177 5348 epistolis
3213 5275 3336 5348 illis
3385 5275 3631 5344 quintam
3679 5275 3875 5348 adjecit

2272 5348 2500 5408 lionorii
2533 5348 2884 5415 imperatoris
2931 5347 2995 5402 ad
3046 5347 3364 5418 Arcadium,
3421 5363 3583 5418 quam
3636 5365 3669 5406 e
3702 5347 3873 5408 veteri

2269 5422 2435 5478 Guili.
2467 5421 2651 5476 Sirleti
2679 5419 2991 5475 Cardinalis
3021 5419 3214 5475 codice
3241 5428 3478 5475 eruerat.

2338 5494 2392 5548 2.
2436 5491 2532 5547 His
2584 5492 2838 5546 omnibus
2883 5491 3278 5560 scriptionibus
3323 5506 3384 5545 ea
3439 5491 3751 5550 communis
3791 5499 3874 5548 est

2267 5563 2662 5635 suppositionis
2703 5572 2852 5625 nota,
2902 5563 3044 5635 quod
3095 5563 3292 5619 Joanni
3347 5562 3750 5629 Chrysosmtno
3779 5579 3870 5635 su-

2304 5632 2548 5692 erstiietrt
2581 5644 2788 5703 ponant
2818 5632 3146 5704 Eudoxiam,
3185 5649 3348 5706 quam
3382 5635 3622 5706 triennio
3653 5643 3781 5689 ante
3802 5632 3869 5706 il-

2293 5725 2379 5762 um
2408 5707 2461 5761 in
2497 5716 2658 5776 partu
2697 5706 3002 5776 defunctam
3054 5703 3214 5774 esse,
3241 5704 3510 5774 Socratis,
3554 5703 3864 5768 Sozomeni,

2267 5775 2591 5842 Marcellini,
2637 5777 2915 5848 Prosperi,
2951 5775 3181 5842 Zosimi,
3226 5777 3601 5846 factorumque
3651 5778 3869 5848 Graeco-

2267 5865 2386 5906 rum
2424 5849 2758 5904 testimOniis
2780 5843 3040 5903 Iconstat.
3072 5849 3213 5904 Sane
3237 5863 3359 5904 cum
3387 5848 3470 5902 his
3502 5843 3870 5905 Conferendus

2269 5937 2374 5977 non
2401 5929 2484 5976 est
2509 5920 2777 5991 Georgius
2804 5919 3226 5989 Alexandrinus,
3257 5936 3366 5993 quo
3391 5928 3614 5978 auctore
3635 5920 3747 5977 Leo
3769 5919 3867 5976 im-
