4122 6346
452 298 548 355 651

1208 291 1551 349 Aprenoix
1595 291 1685 347 Al)
1730 288 2111 344 EPISTULAS
2155 290 2210 343 s.
2257 245 2652 343 mocrznru
2690 285 2710 341 ι
2752 283 2977 343 Pam.

3646 290 3747 346 (ιδ-2.

454 412 584 471 sede
629 424 750 477 sua,
803 425 865 464 re
919 421 1026 463 non
1070 406 1332 476 judicata,
1386 420 1640 477 magnum
1695 403 1860 458 t0tius
1908 404 2096 465 orbis.

2200 405 2457 478 ἴκουμένης
2486 401 2795 461 διδάσκαλον
2826 407 2880 460 ἐκ
2909 412 3001 462 τοῦ
3029 404 3203 480 θρόνου
3230 415 3323 467 τῆς
3355 408 3633 468 ἐπισκοπῆς
3660 409 3748 462 αὐε-

454 508 767 569 Doetorem,
809 511 866 557 et
904 516 1009 557 una
1056 516 1182 555 cum
1224 516 1288 554 eo
1318 497 1592 553 Christum
1624 507 1947 565 persecutus
1972 513 2051 553 es.

453 601 641 671 Neque
687 598 756 653 de
786 598 881 652 illo
926 598 999 652 ita
1031 611 1229 666 queror
1262 593 1485 663 (sortem
1518 591 1661 647 enim
1691 601 1851 661 atque
1881 593 2057 648 luere-

457 695 685 751 ditalem
716 699 1041 748 consecutus
1068 700 1149 744 est
1178 703 1298 742 cum
1334 687 1538 741 sanctis
1571 687 1849 755 Ap0>l0|is
1878 690 1932 741 in
1966 689 2057 743 Dei

458 797 515 843 et
555 783 852 841 servatoris
897 784 1068 838 nostri
1110 780 1237 836 Jesu
1282 778 1487 833 Christi
1521 778 1722 850 regno)
1756 795 1771 833 :
1816 782 2061 849 quamvis

457 875 824 935 intolerabilis
872 890 933 930 ea
977 874 1188 943 jactura
1232 872 1336 933 sit;
1379 870 1474 925 sed
1503 869 1715 941 allligot-
1746 884 2059 941 propterea,

460 972 605 1043 quod
636 972 867 1041 primum
892 968 960 1024 de
981 966 1280 1021 animarum
1309 978 1613 1021 vestrarum
1639 967 1836 1033 salute,
1865 967 2063 1023 deinde

459 1065 530 1119 de
573 1066 690 1130 eis,
733 1062 823 1133 qui
856 1077 976 1115 cum
1010 1060 1418 1131 sapientissirna
1450 1070 1503 1113 et
1534 1060 1764 1129 spiritali
1796 1071 1851 1115 et
1882 1060 2063 1115 divina

461 1156 705 1212 doetrina
745 1165 801 1208 et
843 1153 1184 1207 institutione
1227 1153 1347 1222 ejus
1389 1152 1637 1207 destituti
1683 1153 1820 1219 sint,
1867 1152 2063 1209 famem

460 1252 570 1322 jam
604 1252 714 1321 pati
745 1258 1035 1320 coguntur.
1072 1249 1258 1319 Neque
1288 1251 1430 1304 enim
1458 1251 2067 1318 Constantinopolitana

464 1355 672 1400 tantum
716 1344 948 1399 ecclesia
995 1344 1217 1398 mellitze
1265 1343 1425 1413 hujus
1457 1344 1655 1412 lingua:
1683 1344 1955 1413 jacturam
1990 1344 2069 1397 fc—

465 1440 561 1502 cit,
602 1436 697 1491 sed
749 1446 803 1491 et
852 1436 1072 1490 viduata
1117 1445 1203 1490 est
1254 1437 1436 1489 omnis
1484 1445 1627 1489 terra
1669 1452 1790 1500 qua:
1832 1436 2070 1491 subsolc

467 1540 572 1595 est,
597 1529 799 1584 amisso
824 1528 1014 1583 divino
1044 1528 1352 1598 hujusmodi
1380 1528 1498 1582 viro
1527 1527 1882 1599 persuasione
1911 1528 2071 1583 unius

469 1623 735 1688 mulieris,
766 1637 886 1692 qua:
921 1622 1023 1675 hoc
1060 1620 1325 1691 ﬂagitium
1359 1620 1569 1674 admitti
1605 1621 1872 1690 permisit.
1899 1621 2071 1675 (laete-

469 1733 588 1771 rum
632 1718 723 1771 illa
764 1726 818 1771 et
864 1724 1191 1786 prmsentem
1226 1711 1313 1768 hic
1344 1728 1558 1785 poenam
1593 1726 1647 1769 et
1678 1714 2073 1783 sempiternum

2158 503 2252 552 τοῦ
2278 499 2500 574 ἀκρίτως
2523 538 2536 561 ,
2566 496 2906 562 συνεκδιὼξας
2937 501 3081 573 αὐτῷ
3110 504 3194 556 καί
3227 502 3313 556 τόν
3339 500 3581 577 Χριστόν.
3624 499 3750 558 Οῧτε

2158 593 2260 665 γὰρ
2291 592 2454 652 οὕτως
2484 590 2736 665 ὀδύρομαι
2768 596 2889 669 περὶ
2914 594 3104 649 ἐκείνου
3135 592 3309 664 (οὗτος
3335 597 3437 670 γὰρ
3462 596 3548 651 τὸν
3584 596 3754 671 κλῆρον

2162 681 2321 755 ἔλαχε
2345 686 2475 756 μετά
2494 692 2594 741 τῶν
2613 684 2767 757 ἁγίων
2792 685 3093 742 ἀποστόλων
3120 689 3168 741 ἐν
3195 694 3258 762 τῇ
3282 692 3376 742 τοῦ
3403 693 3533 741 Θεοῦ
3561 690 3645 741 καί
3664 709 3757 742 σω-

2163 784 2321 852 τῆρος
2362 780 2503 850 ἡμῶν
2547 779 2719 835 Ἰησοῦ
2758 786 2989 852 Χριστοῦ
3018 780 3302 856 βασι).εία)·
3457 782 3702 858 ἀφόρητος
3730 785 3757 841 ἡ

2164 875 2422 948 συμφορά’
2452 874 2577 927 ἀλλά
2598 875 2831 946 θλίϐομαι
2854 878 3149 951 φροντίζων,
3181 881 3385 951 πρῶτον
3414 878 3504 945 μὲν
3541 883 3631 935 τῆς
3660 897 3760 931 σω-

2166 969 2348 1039 τηρίας
2373 975 2473 1022 τῶν
2500 968 2761 1046 ὑμετέρων
2782 969 2996 1040 ψυχῶν,
3030 971 3116 1023 καί
3139 990 3201 1025 πε
3209 972 3261 1041 ρί
3298 975 3397 1025 τῶν
3426 971 3758 1046 στερηθέντων

2168 1063 2252 1113 καί
2282 1060 2605 1132 λιμωξὸιντων
2643 1071 2735 1123 τῆς
2772 1063 2961 1116 ἐκείνου
2996 1062 3263 1136 πανσόφου
3307 1064 3392 1117 καί
3419 1070 3761 1134 πνευματικῆς

2169 1154 2304 1213 θείας
2329 1151 2555 1226 διδαχῆς
2583 1158 2668 1209 καί
2692 1157 2977 1216 νουθεσίας.
3009 1157 3081 1209 Οὐ
3104 1158 3204 1231 γὰρ
3233 1154 3381 1225 μόνον
3406 1157 3436 1213 ἡ
3457 1170 3766 1211 Κωνσταντιο

2171 1246 2484 1300 νουπολιτῶν
2525 1246 2767 1304 ἐκκλησία
2808 1244 3060 1319 ἐζημιώθη
3100 1255 3192 1307 τῆς
3233 1248 3425 1301 ἐκείνου
3466 1247 3766 1323 μελιρρότου

2172 1338 2423 1411 γλώττης,
2444 1339 2567 1395 ἀλλά
2594 1343 2680 1393 καί
2705 1344 2856 1394 πᾶσα
2877 1341 2907 1397 ἡ
2930 1340 3134 1412 ὑφηλιος
3159 1341 3452 1415 ἐχήρευσεν
3475 1338 3768 1394 ἀπολέσασα

2174 1438 2402 1488 τοιοῦτον
2431 1430 2591 1487 ἔνθεον
2620 1428 2803 1510 ἄνδρα,
2826 1434 3081 1494 πειθηνίοις
3103 1438 3225 1505 μιᾶς
3248 1432 3489 1507 ’γυναικός
3518 1454 3771 1511 παραχω-

2165 1528 2416 1601 ’ρησάσης
2439 1531 2591 1581 τοῦτο
2615 1528 2922 1599 γενέσθαιτὸ
2953 1524 3420 1602 δραματούργημα.
3445 1527 3569 1585 Πλὴν
3592 1524 3773 1590 ἐκδέξο-

2175 1641 2261 1675 ται
2290 1624 2379 1678 τήν
2408 1620 2633 1675 ἐντεῦθεν
2664 1622 2913 1694 τιμωρίαν
2946 1623 3028 1674 καί
3075 1625 3166 1679 τήν
3192 1621 3478 1692 μέλλουσαν
3506 1619 3775 1678 ἀτελεύτη-

2180 1735 2266 1768 τον
2296 1715 2526 1780 κόλασιν,
2560 1716 2617 1768 οὐ
2643 1715 2773 1785 μετὰ
2814 1714 3004 1776 πολλάς
3035 1716 3233 1776 ταύτας
3274 1716 3467 1791 ἡμέρας
3498 1715 3779 1791 ἐπερχομιέ⁴

470 1810 698 1883 posthac
747 1810 1101 1881 supplicium,
1140 1809 1281 1878 quod
1310 1809 1356 1861 ei
1391 1822 1497 1861 non
1532 1809 1601 1861 iti
1636 1808 1804 1860 multo
1830 1816 1954 1878 post
1984 1822 2074 1860 su-

2200 1832 2264 1867 νην
2290 1810 2443 1879 αὐτῇ.
2471 1810 2527 1861 Εἰ
2552 1811 2635 1861 καί
2664 1809 2765 1883 γὰρ
2797 1806 2822 1861 6
2846 1807 3107 1883 ’μακάριος
3132 1806 3358 1867 Ἰωάννης
3382 1809 3468 1862 τόν
3496 1807 3607 1877 βίον
3634 1807 3779 1861 κατέ-

472 1915 866 1977 perventurum
917 1914 1037 1968 est,
1091 1903 1350 1971 excipiet.
1403 1902 1639 1956 Tametsi
1690 1901 1836 1955 enim
1888 1902 2080 1955 beatus

474 2001 753 2065 Joannes,
810 2008 1094 2068 postquam
1148 1996 1310 2050 ﬁdem
1368 2006 1680 2061 servasset,
1738 2009 1943 2064 eosque
1987 1993 2079 2064 qui

475 2093 810 2149 ﬂuctuabant
860 2089 1259 2154 confirmasset,
1304 2089 1469 2143 vitam
1514 2088 1755 2158 reliquit,
1792 2088 1845 2142 in
1877 2098 2080 2142 aeterna

478 2198 663 2242 tamen
710 2186 909 2240 srecula
938 2183 1393 2253 sempiternarunt
1425 2182 1741 2237 deliciarum
1777 2191 1834 2236 et
1864 2182 2086 2235 immor-

481 2279 604 2334 talis
644 2280 767 2333 vita:
808 2277 1172 2332 hereditatem
1217 2285 1544 2331 consecutos
1572 2285 1676 2330 est.
1713 2275 1957 2330 Eudoxia
1992 2290 2087 2329 au-

479 2383 614 2441 tem,
668 2385 804 2425 nova
852 2370 941 2424 illa
973 2368 1167 2432 Dalila,
1200 2384 1320 2439 qua:
1353 2368 1611 2438 paulatim
1646 2368 1961 2437 impostura:
1990 2383 2088 2421 no-

484 2463 677 2519 vacula
726 2470 781 2517 te
824 2463 985 2529 rasit,
1023 2462 1125 2515 sibi
1171 2459 1274 2530 ipsi
1319 2475 1387 2515 ex
1426 2461 1722 2515 multorum
1754 2476 1849 2515 ore
1880 2460 2092 2515 induxit

488 2554 955 2619 maledictionem,
987 2569 1159 2625 grave
1190 2562 1216 2590 ³
1248 2565 1303 2608 et
1332 2554 1477 2623 quod
1511 2554 1715 2623 portari
1747 2566 1985 2624 nequeat
2014 2556 2092 2607 al-

485 2650 673 2721 ligavit
712 2658 1059 2718 peccatorum
1101 2662 1261 2714 onus,
1312 2644 1556 2716 illudque
1595 2646 1871 2716 prioribus
1904 2661 2094 2717 pecea-

486 2744 559 2797 tis
590 2744 704 2797 suis
734 2739 1107 2811 superaddidit
1134 2739 1290 2808 (Jud.
1322 2754 1435 2807 xvr,
1468 2737 1581 2811 l9).

566 2837 622 2891 2.
647 2836 1014 2905 Quamobrem
1058 2850 1159 2904 ego
1206 2832 1464 2889 minimus
1504 2843 1558 2888 et
1589 2843 1865 2904 peccator,
1914 2844 1971 2888 ut
2009 2835 2094 2888 cui

492 2931 671 3001 magni
703 2928 933 3001 apostoli
969 2928 1111 2983 Petri
1141 2927 1301 2982 sedes
1331 2926 1538 2981 credita
1570 2938 1677 2990 est,
1707 2942 1935 2997 segrego
1968 2938 2019 2981 te
2045 2937 2100 2981 et

492 3022 645 3077 illam
702 3037 731 3075 a
794 3020 1148 3091 perceptione
1197 3019 1665 3074 immaculatorum
1718 3020 2099 3091 mysteriorum

498 3114 700 3170 Christi
752 3112 848 3169 Dei
900 3112 1093 3166 nostri.
1140 3110 1247 3167 Sed
1294 3120 1349 3165 et
1389 3127 1605 3166 omnem
1646 3112 1965 3183 episcopum
2008 3121 2103 3167 aut

2182 1901 2319 1966 λιπε,
2351 1905 2440 1959 τήν
2466 1903 2641 1955 πίστιν
2684 1905 2918 1976 τηρήσας
2940 1904 3023 1954 καὶ
3051 1902 3297 1977 στηρίξας
3342 1904 3464 1961 τοὺς
3505 1900 3783 1973 σαλευομέ-

2182 2015 2297 2057 νους
2316 2036 2330 2059 ,
2363 1994 2467 2049 ἀλλ’
2497 1999 2567 2057 εἰς
2595 1996 2845 2055 ἀλήκτους
2883 1997 3071 2054 αἰῶνας
3110 1999 3198 2053 τὴν
3242 1991 3565 2052 ἀδαπάνητον
3595 1999 3783 2066 τρυφήν

2188 2091 2273 2143 καί
2300 2089 2546 2144 ἀθάνατον
2574 2094 2703 2154 ζωην
2731 2088 3151 2164 ἐκληρονόμησεν.
3179 2085 3231 2140 Ἠ
3253 2090 3334 2141 καί
3373 2089 3459 2141 νέα
3500 2088 3678 2142 Δαλιλά
3701 2089 3788 2140 Εὺο

2193 2180 2355 2250 δοξία,
2384 2184 2413 2241 ἡ
2445 2186 2575 2238 κατὰ
2604 2184 2788 2254 μικρὸν
2814 2190 2888 2255 τῷ
2912 2184 3050 2258 ξυρῷ
3070 2189 3163 2242 τῆς
3189 2181 3382 2241 πλάνης
3412 2181 3684 2256 ξυρήσασά
3706 2201 3784 2245 σε,

2191 2278 2443 2351 ἐπήγαγεν
2482 2277 2640 2352 ἑαυτῇ
2666 2275 2896 2354 κατάραν
2940 2278 2994 2330 ἐκ
3022 2276 3216 2330 πολλῶν
3248 2276 3543 2347 στομάτων,
3573 2273 3789 2345 δεσμεὺ-

2193 2391 2337 2425 σασα
2387 2372 2584 2447 φορτίον
2630 2369 3017 2446 ἁμαρτημάτων
3060 2371 3196 2445 βαρὺ
3241 2373 3326 2425 καί
3371 2367 3788 2433 δυσϐάστακτον,

2194 2465 2480 2539 προσθεῖσα
2504 2470 2658 2520 τοῦτο
2685 2472 2794 2527 τοῖς
2814 2467 2993 2539 πρὼην
3023 2468 3183 2525 αὐτῆς
3214 2464 3577 2541 ἁμαρτήμασι.

2271 2844 2326 2898 2.
2357 2844 2438 2899 Διό
2457 2845 2553 2916 ἔγώ
2575 2841 2601 2896 6
2625 2842 2924 2912 ἐλάχιστος,
2957 2842 3042 2895 καί
3067 2837 3387 2917 ἁμαρτωλὸς,
3416 2840 3485 2899 ὡς
3511 2840 3801 2897 πιστευθείς

2203 2938 2289 2993 τὸν
2318 2936 2488 3012 θρόνον
2524 2941 2617 2989 τοῦ
2649 2932 2874 3006 μεγάλου
2914 2931 3206 2986 ἀποστόλου
3240 2933 3427 3007 Πέτρου
3449 2970 3463 2993 ,
3494 2931 3719 3001 ἀφορίζω
3746 2930 3801 2983 σέ

2204 3051 2261 3086 τε
2288 3031 2519 3105 κάκείνην
2560 3035 2652 3087 τῆς
2688 3024 3018 3099 μεταλήψεως
3048 3031 3147 3077 τῶν
3188 3025 3469 3099 ἀχράντων
3508 3023 3803 3093 μυστηρίων

2203 3133 2430 3198 Χριστου
2450 3128 2541 3176 τοῦ
2571 3126 2697 3175 Θεοῦ
2728 3122 2889 3190 ἡμῶν⁸
2928 3119 2985 3171 οὐ
3012 3123 3108 3189 μὴν
3139 3118 3262 3172 ἀλλά
3300 3118 3387 3171 καί
3414 3122 3658 3171 παντοῖον
3698 3117 3804 3169 ἐπί-

498 3205 758 3261 clericum
798 3203 1010 3260 ordinis
1050 3214 1253 3258 sanctae
1289 3204 1379 3257 Dei
1414 3203 1698 3268 Ecclesize,
1732 3205 1822 3274 qui
1852 3220 1915 3259 ea
1949 3204 2096 3258 vobis

2210 3240 2427 3284 σκοπον,
2459 3217 2489 3276 ἢ
2534 3217 2767 3292 κληρικὸν
2816 3211 2938 3269 ὄντα
2982 3219 3075 3268 τοῦ
3122 3213 3385 3286 τάγματος
3412 3220 3505 3271 τῆς·
3543 3210 3689 3284 ἁγίας
3717 3215 3805 3267 τοῦ

499 3300 887 3356 administrare
926 3308 1021 3353 aut
1061 3298 1281 3353 tradere
1323 3312 1486 3351 ausus
1536 3297 1693 3353 fuerit
1738 3300 1807 3353 ab
1850 3314 1911 3353 ea
1944 3300 2103 3361 liora,

503 3410 607 3466 qua
652 3390 679 3430 δ
721 3393 996 3447 vinculum
1040 3407 1149 3462 quo
1189 3406 1286 3444 vos
1308 3391 1441 3460 ligo,
1490 3401 1673 3446 uotum
1724 3391 1879 3445 vobis
1920 3390 2105 3455 fuerit,

504 3488 770 3559 dignitate
791 3502 888 3542 sua
912 3485 1183 3541 excidisse
1206 3483 1510 3558 [decerno].
1534 3485 1686 3554 Quod
1711 3487 1757 3540 si
1781 3494 1839 3540 ut
1860 3487 2109 3540 homines

506 3589 759 3650 potentes
776 3594 1101 3650 queinquam
1124 3577 1189 3631 ad
1207 3578 1258 3631 id
1282 3581 1328 3631 vi
1353 3579 1669 3649 adegeritis,
1693 3589 1746 3634 et
1766 3562 2112 3633 c5..'a'h’és“v'dl

508 3676 595 3733 bis
624 3691 656 3730 a
686 3677 977 3732 Servatore
1010 3689 1106 3744 per
1135 3683 1355 3728 sanctos
1390 3673 2113 3742 Apostolostraditostrans-

510 3772 687 3843 gressi
728 3770 973 3835 fueritis;
1015 3771 1066 3823 in
1107 3768 1391 3823 tremenda
1432 3768 1618 3837 judicii
1650 3768 1739 3821 die
1766 3766 2116 3836 eomperietis

512 3866 751 3935 primum
774 3862 992 3933 quidem
1022 3878 1133 3916 non
1162 3876 1384 3932 parvum
1421 3859 1525 3916 hoc
1552 3859 1704 3915 vobis
1737 3860 1971 3912 futurum
1996 3873 2117 3913 esse

515 3963 822 4027 peceatum,
866 3953 1064 4009 deinde
1104 3968 1206 4008 nec
1245 3968 1571 4022 quemquam
1604 3952 1709 4004 ulla
1742 3950 1900 4019 hujus
1931 3949 2121 4005 sreculi

515 4048 780 4120 dignitate
805 4054 918 4101 tum
946 4045 1192 4116 adjuvari
1221 4059 1381 4115 posse
1408 4061 1421 4097 :
1449 4043 1546 4098 sed
1573 4043 1877 4097 animorum
1907 4042 2120 4096 occulta

519 4152 813 4215 erumpent
827 4150 881 4197 et
904 4141 1309 4197 exhibebuntur
1330 4148 1459 4194 ante
1481 4145 1833 4205 conspectum
1850 4134 2118 4189 omnium.

590 4244 646 4298 ὅ.
699 4242 988 4298 Arsacium
1029 4248 1246 4301 autem,
1288 4252 1452 4307 quem
1504 4234 1684 4304 magni
1728 4233 1956 4289 Joannis
2001 4232 2122 4288 loco

521 4338 579 4393 in
606 4336 791 4393 sedem
806 4334 1174 4406 episcopalem
1192 4342 1213 4369 ε
1234 4330 1549 4393 intrusistis,
1565 4328 1727 4383 etiam
1749 4336 1870 4397 post
1888 4336 2121 4381 mortem

521 4429 718 4485 ordine
750 4441 1033 4482 movemus
1060 4438 1184 4478 cum
1217 4421 1494 4492 episcOpis
1526 4419 1801 4483 omnibus,
1827 4416 1918 4487 qui
1940 4414 1967 4455 ά
1993 4433 2125 4472 οοιιο

524 4523 668 4577 sulto
709 4535 831 4574 cum
872 4520 991 4588 ipso
1020 4514 1513 4570 communicarunt.
1538 4510 1725 4580 Neque
1752 4523 1950 4565 nomen
1980 4510 2127 4565 illius

524 4612 700 4668 sacris
727 4612 780 4665 in
815 4608 1011 4665 tabulis
1041 4606 1368 4662 inscribatur
1403 4624 1415 4659 :
1446 4605 1549 4658 hoc
1578 4602 1722 4658 enim
1754 4602 2008 4672 indignus
2038 4614 2125 4657 est

2213 3318 2341 3367 Θεοῦ
2371 3310 2675 3369 Ἐκκλησίας
2702 3309 2995 3380 τολμῶντας
3026 3308 3361 3381 ἐπιχειρῆσαι
3399 3307 3486 3358 καί
3514 3300 3811 3375 μεταδοῦναι

2213 3405 2363 3475 ὑμῖν,
2398 3403 2479 3475 ἀφ’
2509 3399 2567 3463 ἧς
2599 3402 2739 3476 ὥρας
2774 3400 3029 3470 ἀναγνῶτέ
3063 3419 3163 3469 μου
3193 3399 3278 3453 τὸν
3315 3397 3553 3474 παρόντα
3592 3393 3806 3466 δέσμον,

2214 3499 2316 3553 ὑπὸ
2336 3498 2631 3572 καθαίρεσιν
2646 3490 2787 3551 εἶναι.
2806 3499 2859 3548 Ei
2881 3493 2935 3549 δὲ
2955 3496 3200 3567 βιάσησθέ
3215 3517 3346 3557 τινα,
3373 3496 3441 3555 ὡς
3458 3494 3809 3557 ἔξουσιασταί,

2216 3594 2301 3645 καί
2330 3590 2663 3666 παρεξελθῆτε
2696 3591 2818 3649 τοὺς
2848 3586 3082 3650 δοθέντας
3125 3590 3250 3659 ὑμῖν
3300 3588 3515 3648 κανόνας
3544 3588 3690 3662 παρά
3724 3591 3812 3641 τοῦ

2219 3692 2449 3755 σωτῆρος
2481 3682 2567 3738 διά
2594 3690 2694 3738 τῶν
2732 3682 2888 3756 ἁγίων
2918 3684 3219 3739 ἀποστόλων
3240 3724 3255 3749 ,
3285 3680 3464 3739 ἔσεσθε
3497 3682 3818 3752 ἐπιστάμενοι

2222 3782 2291 3839 ὡς
2318 3781 2523 3856 πρώτον
2548 3781 2640 3849 μὲν
2670 3780 2726 3831 οὐ
2754 3778 2930 3852 μικρὸν
2976 3777 3097 3849 ὑμῖν
3133 3776 3189 3832 τό
3220 3776 3504 3851 ἁμάρτημα
3553 3777 3817 3847 γενήσεται

2224 3875 2272 3926 ἐν
2316 3882 2378 3944 τῇ
2429 3873 2621 3947 φοϐέρᾳ
2660 3874 2828 3949 ἡμέρᾳ
2880 3880 2972 3931 τῆς
3001 3875 3249 3949 κρίσεως,
3286 3868 3403 3925 οὔτε
3452 3870 3507 3922 οὐ
3552 3866 3817 3926 δυνήσεται

2224 3966 2423 4037 ἀξίωμα
2446 3965 2683 4040 βιωτικόν
2716 3988 2829 4020 τινα
2871 3964 3141 4036 ὠφελῆσαι·
3176 3966 3373 4017 ἐκείνων
3414 3960 3467 4018 δέ
3498 3962 3563 4018 τά
3585 3962 3724 4020 ἐντὸς
3752 3960 3820 4013 €2-

2227 4059 2551 4128 χυθησονται
2575 4058 2706 4130 πρός
2727 4055 3018 4129 ὑπόδειγμα
3036 4056 3255 4112 πάντων.

2301 4242 2356 4295 ’5.
2383 4240 2651 4317 ’Δρσάκιον
2681 4237 2756 4304 δὲ,
2792 4235 2845 4293 ὃν
2870 4240 3155 4310 εἰσενήγετε
3180 4240 3253 4298 εἰς
3282 4237 3366 4293 τόν
3404 4234 3572 4313 θρόνον
3600 4244 3691 4296 τῆς
3719 4237 3822 4289 ἔπι·

2232 4345 2430 4397 σκοπῆς
2469 4338 2583 4392 ἀντί
2620 4341 2712 4391 τοῦ
2755 4335 2974 4407 μεγάλου
3020 4333 3269 4398 Ἰωάννου,
3320 4335 3401 4388 καί
3439 4333 3574 4403 μετά
3625 4332 3828 4386 θάνατον

2232 4439 2562 4508 ωθαιροῦμεν
2608 4432 2703 4486 σὺν
2734 4436 2866 4485 πᾶσι
2896 4436 3007 4489 τοῖς
3046 4432 3514 4501 συγκοινωνήσασιν
3706 4447 3828 4503 προ⁴

2232 4528 2368 4581 θέσει
2396 4521 2715 4586 ἐπισκόποις.
2749 4519 2961 4583 Οὗτινος
3005 4520 3132 4595 μηδὲ
3168 4522 3224 4577 τό
3260 4517 3422 4592 ὄνομα
3461 4522 3621 4576 αὐτοῦ
3651 4522 3831 4595 ἐγγρα-

2232 4622 2397 4694 φέσθω
2426 4627 2534 4679 τοῖς
2565 4620 2719 4692 ἱεροῖς
2746 4615 3047 4687 διπτύχοις’
3073 4616 3276 4679 ἀνάξιος
3298 4616 3400 4690 γάρ
3430 4616 3571 4669 ἐστιν
3592 4654 3606 4677 ,
3628 4616 3695 4673 ὡς
3724 4634 3829 4683 μοι-

523 4706 739 4761 honore
755 4710 963 4772 ,utpote
982 4700 1071 4770 qui
1088 4702 1457 4768 episcopatum
1476 4694 1708 4766 quodam
1728 4695 1992 4750 adulterio
2010 4697 2096 4764 pol

2200 4710 2206 4748 ⁵
2234 4715 2437 4785 χεύσας
2464 4717 2554 4771 τὴν
2578 4713 2876 4767 ἐπισκοπὴν.
2914 4714 3060 4763 Πᾶσα
3088 4709 3188 4785 ’γάρ
3215 4711 3391 4779 φυτεία
3420 4714 3489 4779 μὴ
3527 4709 3831 4780 φυτευθεῖσα

524 4798 642 4854 luit.
674 4796 865 4852 Omnis
893 4794 1093 4864 quippe
1126 4790 1416 4861 plantatio,
1448 4805 1568 4860 qum
1596 4790 1834 4859 plantata
1871 4806 1975 4844 non
2009 4791 2123 4843 fuc-

523 4893 597 4947 rit
643 4905 673 4944 a
722 4888 882 4943 Patre
934 4895 1119 4939 nostro
1163 4884 1252 4954 qui
1303 4893 1388 4937 est
1436 4883 1486 4936 in
1538 4884 1713 4948 ccelis,
1762 4884 2129 4939 eradicabitur

533 4980 753 5055 (Matth.
799 4995 891 5045 xv,
940 4980 1056 5049 15).
1101 4976 1462 5046 Theophilum
1495 4987 1673 5032 autem
1704 4994 1810 5032 non
1843 4978 2004 5033 modo
2034 4979 2132 5033 de—

526 5074 730 5146 jectum
782 5087 813 5127 c
853 5070 985 5126 sede
1014 5084 1133 5133 sua,
1165 5069 1259 5124 sed
1291 5070 1457 5124 etiam
1485 5071 2047 5126 excommunicatione
2075 5080 2133 5125 et

2232 4810 2380 4883 παρά
2404 4813 2495 4864 τοῦ
2523 4806 2722 4878 Πάτρος
2751 4806 2893 4877 ἡμῶν
2921 4809 3015 4859 τοῦ
3045 4805 3093 4857 ἐν
3123 4804 3357 4879 οὐρανοῖς
3378 4842 3393 4868 ,
3419 4802 3830 4878 ἐκριζωθήσεται.

2232 4900 2609 4976 Προστιθέμεθα
2644 4895 2697 4951 δὲ
2728 4905 2791 4971 τῇ
2834 4897 3125 4967 καθαιρέσει
3164 4895 3403 4967 Θεοφίλου
3442 4896 3721 4971 ἀφορισμόν
3756 4896 3833 4947 καί

2234 4989 2643 5063 ἀναθεματισμόν
2690 4991 2779 5043 καὶ
2806 4989 3000 5044 τελείαν
3062 4987 3394 5065 ἀλλοτρίωσιν
3443 4992 3537 5043 τοῦ
3567 4992 3830 5064 ’χριστια-

2233 5104 2444 5154 νισμου.

523 5164 873 5223 anathemate
895 5164 1179 5217 multatum
1209 5160 1429 5216 omnino
1453 5177 1483 5215 a
1511 5159 1947 5217 Christianorum
1975 5157 2251 5216 consortio
2277 5150 2511 5209 alienum
2539 5150 2897 5206 declaramus.

599 5316 624 5342 ⁸
669 5304 821 5374 Apud
868 5304 1093 5376 Glycam
1148 5312 1462 5376 portamque
1508 5301 1911 5376 difﬁcillimum.
1964 5298 2133 5367 Magis

520 5377 702 5447 placet
728 5376 864 5445 quod
890 5375 1083 5443 pertari
1108 5375 1347 5445 nequeut,
1380 5375 1879 5447 cumgliunclocum
1909 5385 2131 5447 expres—

522 5442 641 5503 sum
672 5442 793 5504 esse
822 5442 998 5518 pateat
1028 5447 1095 5500 ad
1126 5442 1479 5500 imitationem
1506 5442 2046 5518 hujushlattthm,
2077 5445 2128 5493 ιε

520 5522 585 5574 Αι
599 5520 761 5590 ligant
792 5516 1112 5590 ehim_onera
1143 5518 1320 5590 gravia
1348 5526 1393 5569 et
1421 5516 1788 5590 imper-(altilia.

599 5535 761 5590 ttgant
792 5536 926 5574 enim
957 5535 1112 5572 onera
1180 5535 1320 5569 ruma
1348 5535 1393 5569 et
1421 5535 1788 5587 tmporuwum.

593 5590 620 5628 δ
654 5591 785 5647 Lab.
835 5605 899 5645 ex
921 5588 1084 5660 Glyea
1127 5535 1340 5652 graece,
1383 5588 1797 5660 τὸν-πεμφθέντα
1821 5581 2124 5660 συνδεσμον.

597 5675 619 5701 ι
650 5663 698 5718 Is
725 5655 1006 5724 Arsacius;
1031 5662 1122 5730 qui
1156 5659 1307 5712 fratri
1336 5673 1435 5730 suo
1464 5655 1737 5716 Neci-ario.
1764 5657 1923 5730 tactis
1950 5655 2120 5707 Evan-

519 5734 692 5801 geliis,
739 5726 1103 5801 spoponderat
1128 5738 1309 5801 atque
1348 5729 1644 5801 juraverat,
1676 5742 1735 5801 se
1768 5726 1968 5779 nullius
1998 5740 2115 5801 um-_

517 5794 689 5872 quant
732 5794 1073 5872 episcopitus
1123 5794 1528 5856 Ordinationem
1578 5799 1982 5863 admissurum,
2040 5794 2114 5849 uti

2241 5303 2426 5349 narrat
2448 5290 2720 5346 Palladius
2751 5305 2873 5361 pag.
2905 5289 2995 5355 9i,
3030 5289 3441 5359 quattuordecim
3475 5301 3593 5359 post
3623 5291 3833 5345 ordina-

2240 5369 2440 5420 tionem
2476 5363 2755 5418 mensibns
2783 5362 3013 5429 exactis,
3048 5372 3297 5416 mortuus
3327 5370 3431 5416 est.

2304 5434 2331 5471 ά
2366 5435 2605 5508 Verbum
2643 5448 2880 5503 graecum
2901 5435 3159 5508 _1'rp09éo'st
3186 5433 3328 5499 apud
3367 5431 3591 5504 Glycam
3620 5433 3832 5508 deside-

2234 5519 2404 5562 ratur.
2453 5505 2708 5561 Additum
2752 5514 2839 5558 est
2882 5504 3061 5559 deitita
3093 5519 3259 5573 opera
3292 5523 3304 5559 :
3335 5519 3403 5557 ne
3434 5509 3534 5557 bac
3564 5506 3831 5559 sententia

2238 5579 2409 5635 teneri
2450 5576 2763 5631 viderentur
2799 5586 2853 5629 et
2885 5575 2943 5641 ii,
2974 5577 3065 5645 qui
3096 5591 3216 5630 cum
3246 5578 3469 5630 Arsaeio
3500 5578 3654 5631 inviti
3682 5593 3833 5630 Cum-

2236 5653 2595 5705 municarant.
2625 5648 2797 5701 Etiam
2825 5663 2947 5700 cum
2978 5649 3148 5716 ipsius
3175 5662 3496 5701 successore
3524 5648 3703 5703 Attico
3731 5649 3833 5715 ple-

2231 5735 2656 5848 rosqtbesomraes
2698 5734 2807 5775 non
2852 5728 3047 5788 sponte
3092 5717 3527 5774 communicasse
3568 5718 3830 5773 Palladius

2231 5810 2351 5848 Dan.
2484 5802 2562 5847 Ira
2608 5801 2665 5846 It.

2229 5810 2351 5865 pag.
2381 5801 2453 5848 95
2484 5801 2665 5847 tradit.
