  <div class='ocr_page' id='page_1' title='image "/cluster/home/n/w/nwhite01/storage/ocr_20150623/20/hvd.32044015471352/322.png"; bbox 0 0 4122 6346; ppageno 0'>
   <div class='ocr_carea' id='block_1_1' title="bbox 1233 306 2621 375">
    <p class='ocr_par' dir='ltr' id='par_1_1' title="bbox 1233 306 2621 375">
     <span class='ocr_line' id='line_1_1' title="bbox 1233 306 2621 375; baseline -0.006 -2"><span class='ocrx_word' id='word_1_1' title='bbox 1233 313 1583 375; x_wconf 74' lang='lat' dir='ltr'><strong>EPISTOL/E</strong></span> <span class='ocrx_word' id='word_1_2' title='bbox 1621 313 1676 369; x_wconf 87' lang='lat' dir='ltr'><strong>S.</strong></span> <span class='ocrx_word' id='word_1_3' title='bbox 1721 310 2134 372; x_wconf 81' lang='lat' dir='ltr'><strong>INNOCENTIO</strong></span> <span class='ocrx_word' id='word_1_4' title='bbox 2175 306 2621 370; x_wconf 65' lang='lat' dir='ltr'><strong>ATTRIBUTIE.</strong></span> 
     </span>
    </p>
   </div>
   <div class='ocr_carea' id='block_1_2' title="bbox 3487 307 3592 366">
    <p class='ocr_par' dir='ltr' id='par_1_2' title="bbox 3487 307 3592 366">
     <span class='ocr_line' id='line_1_2' title="bbox 3487 307 3592 366; baseline 0.019 -2"><span class='ocrx_word' id='word_1_5' title='bbox 3487 307 3592 366; x_wconf 69' lang='lat' dir='ltr'><strong>6M</strong></span> 
     </span>
    </p>
   </div>
   <div class='ocr_carea' id='block_1_3' title="bbox 1714 508 2164 568">
    <p class='ocr_par' dir='ltr' id='par_1_3' title="bbox 1714 508 2164 568">
     <span class='ocr_line' id='line_1_3' title="bbox 1714 508 2164 568; baseline 0 0"><span class='ocrx_word' id='word_1_6' title='bbox 1714 508 2050 568; x_wconf 67' lang='lat' dir='ltr'><strong>EPISTOLA</strong></span> <span class='ocrx_word' id='word_1_7' title='bbox 2103 511 2164 568; x_wconf 90' lang='lat' dir='ltr'><strong>ll.</strong></span> 
     </span>
    </p>
   </div>
   <div class='ocr_carea' id='block_1_4' title="bbox 390 659 1760 714">
    <p class='ocr_par' dir='ltr' id='par_1_4' title="bbox 390 659 1760 714">
     <span class='ocr_line' id='line_1_4' title="bbox 390 659 1760 714; baseline -0.007 0"><span class='ocrx_word' id='word_1_8' title='bbox 390 659 401 706; x_wconf 59' lang='grc' dir='ltr'><strong>ἰ</strong></span> <span class='ocrx_word' id='word_1_9' title='bbox 433 673 644 714; x_wconf 76' lang='grc' dir='ltr'>ΑιιεΑυιι</span> <span class='ocrx_word' id='word_1_10' title='bbox 678 669 1031 713; x_wconf 77' lang='grc' dir='ltr'>ιιιΡειιΑτοιιιε</span> <span class='ocrx_word' id='word_1_11' title='bbox 1062 671 1128 711; x_wconf 81' lang='lat' dir='ltr'><strong>AD</strong></span> <span class='ocrx_word' id='word_1_12' title='bbox 1157 668 1514 711; x_wconf 71' lang='lat' dir='ltr'><strong>INNOCENTIUN</strong></span> <span class='ocrx_word' id='word_1_13' title='bbox 1566 666 1760 706; x_wconf 73' lang='lat' dir='ltr'><strong>PAPAM.</strong></span> 
     </span>
    </p>
   </div>
   <div class='ocr_carea' id='block_1_5' title="bbox 1920 645 3599 706">
    <p class='ocr_par' dir='ltr' id='par_1_5' title="bbox 1920 645 3599 706">
     <span class='ocr_line' id='line_1_5' title="bbox 1920 645 3599 706; baseline 0.003 -7"><span class='ocrx_word' id='word_1_14' title='bbox 1920 645 1976 706; x_wconf 76' lang='grc' dir='ltr'><strong>Α</strong></span> <span class='ocrx_word' id='word_1_15' title='bbox 2001 662 2237 701; x_wconf 74' lang='grc' dir='ltr'><strong>ΕΠΙΣΤΟΛΠ</strong></span> <span class='ocrx_word' id='word_1_16' title='bbox 2261 664 2499 702; x_wconf 75' lang='grc' dir='ltr'><strong>ΑΡΚΑΔΙΟΥ</strong></span> <span class='ocrx_word' id='word_1_17' title='bbox 2519 664 2886 702; x_wconf 76' lang='grc' dir='ltr'><strong>ΑΥΤΟΚΡΔΤΟΡΟΣ</strong></span> <span class='ocrx_word' id='word_1_18' title='bbox 2929 666 3048 702; x_wconf 76' lang='grc' dir='ltr'><strong>ΠΡΟΣ</strong></span> <span class='ocrx_word' id='word_1_19' title='bbox 3086 665 3417 704; x_wconf 71' lang='lat' dir='ltr'><strong>INNOKEN‘I‘ION</strong></span> <span class='ocrx_word' id='word_1_20' title='bbox 3441 666 3599 704; x_wconf 70' lang='grc' dir='ltr'><strong>ΡΩΜκὲ</strong></span> 
     </span>
    </p>
   </div>
   <div class='ocr_carea' id='block_1_6' title="bbox 2677 729 2927 765">
    <p class='ocr_par' dir='ltr' id='par_1_6' title="bbox 2677 729 2927 765">
     <span class='ocr_line' id='line_1_6' title="bbox 2677 729 2927 765; baseline 0 -1"><span class='ocrx_word' id='word_1_21' title='bbox 2677 729 2770 764; x_wconf 75' lang='grc' dir='ltr'><strong>ΛΡΧ</strong></span> <span class='ocrx_word' id='word_1_22' title='bbox 2777 729 2927 765; x_wconf 70' lang='grc' dir='ltr'><strong>ῙΕΡΕΑ.</strong></span> 
     </span>
    </p>
   </div>
   <div class='ocr_carea' id='block_1_7' title="bbox 1218 816 2644 892">
    <p class='ocr_par' dir='ltr' id='par_1_7' title="bbox 1218 816 2644 892">
     <span class='ocr_line' id='line_1_7' title="bbox 1218 816 2644 892; baseline -0.005 -15"><span class='ocrx_word' id='word_1_23' title='bbox 1218 821 1310 892; x_wconf 70' lang='grc' dir='ltr'><strong>ξΠι</strong></span> <span class='ocrx_word' id='word_1_24' title='bbox 1337 839 1391 876; x_wconf 85' lang='lat' dir='ltr'><strong>se</strong></span> <span class='ocrx_word' id='word_1_25' title='bbox 1417 832 1464 875; x_wconf 86' lang='lat' dir='ltr'><strong>et</strong></span> <span class='ocrx_word' id='word_1_26' title='bbox 1491 819 1787 873; x_wconf 74' lang='lat' dir='ltr'><strong>Eudoxiam</strong></span> <span class='ocrx_word' id='word_1_27' title='bbox 1815 817 1877 872; x_wconf 80' lang='lat' dir='ltr'><strong>ab</strong></span> <span class='ocrx_word' id='word_1_28' title='bbox 1904 816 2427 874; x_wconf 76' lang='lat' dir='ltr'><strong>excomumuicutione</strong></span> <span class='ocrx_word' id='word_1_29' title='bbox 2449 816 2644 870; x_wconf 75' lang='lat' dir='ltr'><strong>liberet.</strong></span> 
     </span>
    </p>
   </div>
   <div class='ocr_carea' id='block_1_8' title="bbox 360 940 1888 1006">
    <p class='ocr_par' dir='ltr' id='par_1_8' title="bbox 360 940 1888 1006">
     <span class='ocr_line' id='line_1_8' title="bbox 360 940 1888 1006; baseline -0.009 -4"><span class='ocrx_word' id='word_1_30' title='bbox 360 947 570 1002; x_wconf 82' lang='lat' dir='ltr'><strong>Noruut</strong></span> <span class='ocrx_word' id='word_1_31' title='bbox 611 957 804 998; x_wconf 84' lang='lat' dir='ltr'><strong>omnes</strong></span> <span class='ocrx_word' id='word_1_32' title='bbox 849 942 1099 996; x_wconf 86' lang='lat' dir='ltr'><strong>homines</strong></span> <span class='ocrx_word' id='word_1_33' title='bbox 1141 940 1339 994; x_wconf 83' lang='lat' dir='ltr'><strong>mentis</strong></span> <span class='ocrx_word' id='word_1_34' title='bbox 1381 945 1690 1006; x_wconf 87' lang='lat' dir='ltr'><strong>compotes,</strong></span> <span class='ocrx_word' id='word_1_35' title='bbox 1735 951 1888 990; x_wconf 83' lang='lat' dir='ltr'><strong>eom-</strong></span> 
     </span>
    </p>
   </div>
   <div class='ocr_carea' id='block_1_9' title="bbox 292 1033 1890 1110">
    <p class='ocr_par' dir='ltr' id='par_1_9' title="bbox 292 1033 1890 1110">
     <span class='ocr_line' id='line_1_9' title="bbox 292 1033 1890 1110; baseline -0.008 -13"><span class='ocrx_word' id='word_1_36' title='bbox 292 1041 453 1097; x_wconf 86' lang='lat' dir='ltr'><strong>missa</strong></span> <span class='ocrx_word' id='word_1_37' title='bbox 501 1054 599 1110; x_wconf 92' lang='lat' dir='ltr'><strong>per</strong></span> <span class='ocrx_word' id='word_1_38' title='bbox 643 1036 1040 1107; x_wconf 85' lang='lat' dir='ltr'><strong>ignorationem</strong></span> <span class='ocrx_word' id='word_1_39' title='bbox 1071 1049 1170 1090; x_wconf 90' lang='lat' dir='ltr'><strong>nec</strong></span> <span class='ocrx_word' id='word_1_40' title='bbox 1197 1034 1458 1088; x_wconf 85' lang='lat' dir='ltr'><strong>divinitus</strong></span> <span class='ocrx_word' id='word_1_41' title='bbox 1485 1046 1587 1086; x_wconf 90' lang='lat' dir='ltr'><strong>nec</strong></span> <span class='ocrx_word' id='word_1_42' title='bbox 1617 1046 1712 1099; x_wconf 88' lang='lat' dir='ltr'><strong>per</strong></span> <span class='ocrx_word' id='word_1_43' title='bbox 1746 1033 1890 1099; x_wconf 86' lang='lat' dir='ltr'><strong>leges</strong></span> 
     </span>
    </p>
   </div>
   <div class='ocr_carea' id='block_1_10' title="bbox 291 1123 1888 1203">
    <p class='ocr_par' dir='ltr' id='par_1_10' title="bbox 291 1123 1888 1203">
     <span class='ocr_line' id='line_1_10' title="bbox 291 1123 1888 1203; baseline -0.006 -16"><span class='ocrx_word' id='word_1_44' title='bbox 291 1133 468 1203; x_wconf 91' lang='lat' dir='ltr'><strong>puniri</strong></span> <span class='ocrx_word' id='word_1_45' title='bbox 518 1148 532 1185; x_wconf 90' lang='lat'>:</span> <span class='ocrx_word' id='word_1_46' title='bbox 577 1129 674 1186; x_wconf 85' lang='lat' dir='ltr'><strong>sed</strong></span> <span class='ocrx_word' id='word_1_47' title='bbox 705 1143 884 1199; x_wconf 90' lang='lat' dir='ltr'><strong>neque</strong></span> <span class='ocrx_word' id='word_1_48' title='bbox 912 1142 1238 1198; x_wconf 82' lang='lat' dir='ltr'><strong>quemquam</strong></span> <span class='ocrx_word' id='word_1_49' title='bbox 1266 1125 1492 1181; x_wconf 77' lang='lat' dir='ltr'><strong>alterius</strong></span> <span class='ocrx_word' id='word_1_50' title='bbox 1522 1123 1744 1178; x_wconf 83' lang='lat' dir='ltr'><strong>nomine</strong></span> <span class='ocrx_word' id='word_1_51' title='bbox 1774 1136 1888 1192; x_wconf 75' lang='lat' dir='ltr'><strong>po:-</strong></span> 
     </span>
    </p>
   </div>
   <div class='ocr_carea' id='block_1_11' title="bbox 289 1214 1886 1290">
    <p class='ocr_par' dir='ltr' id='par_1_11' title="bbox 289 1214 1886 1290">
     <span class='ocr_line' id='line_1_11' title="bbox 289 1214 1886 1290; baseline -0.008 -8"><span class='ocrx_word' id='word_1_52' title='bbox 289 1239 387 1282; x_wconf 89' lang='lat' dir='ltr'><strong>nas</strong></span> <span class='ocrx_word' id='word_1_53' title='bbox 429 1225 598 1279; x_wconf 90' lang='lat' dir='ltr'><strong>luere.</strong></span> <span class='ocrx_word' id='word_1_54' title='bbox 627 1221 894 1290; x_wconf 83' lang='lat' dir='ltr'><strong>Quocirca</strong></span> <span class='ocrx_word' id='word_1_55' title='bbox 926 1220 1041 1276; x_wconf 63' lang='lat' dir='ltr'><strong>haec</strong></span> <span class='ocrx_word' id='word_1_56' title='bbox 1071 1219 1288 1289; x_wconf 86' lang='lat' dir='ltr'><strong>scripsi,</strong></span> <span class='ocrx_word' id='word_1_57' title='bbox 1320 1229 1379 1272; x_wconf 92' lang='lat' dir='ltr'><strong>ut</strong></span> <span class='ocrx_word' id='word_1_58' title='bbox 1419 1214 1886 1273; x_wconf 90' lang='lat' dir='ltr'><strong>mansuetudinem</strong></span> 
     </span>
    </p>
   </div>
   <div class='ocr_carea' id='block_1_12' title="bbox 291 1308 1886 1383">
    <p class='ocr_par' dir='ltr' id='par_1_12' title="bbox 291 1308 1886 1383">
     <span class='ocr_line' id='line_1_12' title="bbox 291 1308 1886 1383; baseline -0.008 -11"><span class='ocrx_word' id='word_1_59' title='bbox 291 1327 434 1372; x_wconf 90' lang='lat' dir='ltr'><strong>tuam</strong></span> <span class='ocrx_word' id='word_1_60' title='bbox 475 1326 682 1372; x_wconf 87' lang='lat' dir='ltr'><strong>certam</strong></span> <span class='ocrx_word' id='word_1_61' title='bbox 733 1313 1018 1371; x_wconf 85' lang='lat' dir='ltr'><strong>redderem</strong></span> <span class='ocrx_word' id='word_1_62' title='bbox 1057 1312 1234 1383; x_wconf 74' lang='lat' dir='ltr'><strong>(cujus</strong></span> <span class='ocrx_word' id='word_1_63' title='bbox 1278 1312 1357 1366; x_wconf 87' lang='lat' dir='ltr'><strong>rei</strong></span> <span class='ocrx_word' id='word_1_64' title='bbox 1397 1310 1687 1380; x_wconf 87' lang='lat' dir='ltr'><strong>benignum</strong></span> <span class='ocrx_word' id='word_1_65' title='bbox 1717 1308 1886 1363; x_wconf 88' lang='lat' dir='ltr'><strong>Deum</strong></span> 
     </span>
    </p>
   </div>
   <div class='ocr_carea' id='block_1_13' title="bbox 289 1403 1886 1482">
    <p class='ocr_par' dir='ltr' id='par_1_13' title="bbox 289 1403 1886 1482">
     <span class='ocr_line' id='line_1_13' title="bbox 289 1403 1886 1482; baseline -0.008 -13"><span class='ocrx_word' id='word_1_66' title='bbox 289 1423 478 1469; x_wconf 89' lang='lat' dir='ltr'><strong>testem</strong></span> <span class='ocrx_word' id='word_1_67' title='bbox 523 1411 800 1482; x_wconf 84' lang='lat' dir='ltr'><strong>imploro),</strong></span> <span class='ocrx_word' id='word_1_68' title='bbox 851 1425 936 1465; x_wconf 85' lang='lat' dir='ltr'><strong>me</strong></span> <span class='ocrx_word' id='word_1_69' title='bbox 984 1409 1116 1464; x_wconf 83' lang='lat' dir='ltr'><strong>nihil</strong></span> <span class='ocrx_word' id='word_1_70' title='bbox 1164 1424 1350 1464; x_wconf 88' lang='lat' dir='ltr'><strong>enrntn</strong></span> <span class='ocrx_word' id='word_1_71' title='bbox 1400 1406 1676 1476; x_wconf 84' lang='lat' dir='ltr'><strong>cognitum</strong></span> <span class='ocrx_word' id='word_1_72' title='bbox 1726 1415 1750 1440; x_wconf 64' lang='grc' dir='ltr'>ει</span> <span class='ocrx_word' id='word_1_73' title='bbox 1793 1403 1886 1457; x_wconf 79' lang='lat' dir='ltr'><strong>lia-</strong></span> 
     </span>
    </p>
   </div>
   <div class='ocr_carea' id='block_1_14' title="bbox 290 1494 1884 1575">
    <p class='ocr_par' dir='ltr' id='par_1_14' title="bbox 290 1494 1884 1575">
     <span class='ocr_line' id='line_1_14' title="bbox 290 1494 1884 1575; baseline -0.008 -13"><span class='ocrx_word' id='word_1_74' title='bbox 290 1506 492 1570; x_wconf 88' lang='lat' dir='ltr'><strong>buisse,</strong></span> <span class='ocrx_word' id='word_1_75' title='bbox 542 1519 663 1575; x_wconf 67' lang='lat' dir='ltr'><strong>quze</strong></span> <span class='ocrx_word' id='word_1_76' title='bbox 705 1502 905 1558; x_wconf 77' lang='lat' dir='ltr'><strong>nostris</strong></span> <span class='ocrx_word' id='word_1_77' title='bbox 950 1501 1279 1556; x_wconf 84' lang='lat' dir='ltr'><strong>antistitibus</strong></span> <span class='ocrx_word' id='word_1_78' title='bbox 1316 1509 1371 1555; x_wconf 92' lang='lat' dir='ltr'><strong>et</strong></span> <span class='ocrx_word' id='word_1_79' title='bbox 1413 1497 1629 1553; x_wconf 87' lang='lat' dir='ltr'><strong>clericis</strong></span> <span class='ocrx_word' id='word_1_80' title='bbox 1665 1494 1884 1552; x_wconf 85' lang='lat' dir='ltr'><strong>accide-</strong></span> 
     </span>
    </p>
   </div>
   <div class='ocr_carea' id='block_1_15' title="bbox 290 1589 1885 1664">
    <p class='ocr_par' dir='ltr' id='par_1_15' title="bbox 290 1589 1885 1664">
     <span class='ocr_line' id='line_1_15' title="bbox 290 1589 1885 1664; baseline -0.007 -11"><span class='ocrx_word' id='word_1_81' title='bbox 290 1607 436 1664; x_wconf 88' lang='lat' dir='ltr'><strong>runt,</strong></span> <span class='ocrx_word' id='word_1_82' title='bbox 481 1608 535 1652; x_wconf 92' lang='lat' dir='ltr'><strong>et</strong></span> <span class='ocrx_word' id='word_1_83' title='bbox 577 1596 942 1651; x_wconf 80' lang='lat' dir='ltr'><strong>damnationis</strong></span> <span class='ocrx_word' id='word_1_84' title='bbox 980 1593 1007 1632; x_wconf 69' lang='grc' dir='ltr'><strong>ιι</strong></span> <span class='ocrx_word' id='word_1_85' title='bbox 1049 1609 1240 1650; x_wconf 89' lang='lat' dir='ltr'><strong>eorum</strong></span> <span class='ocrx_word' id='word_1_86' title='bbox 1285 1606 1506 1664; x_wconf 87' lang='lat' dir='ltr'><strong>prorsus</strong></span> <span class='ocrx_word' id='word_1_87' title='bbox 1541 1605 1663 1646; x_wconf 91' lang='lat' dir='ltr'><strong>esse</strong></span> <span class='ocrx_word' id='word_1_88' title='bbox 1696 1589 1885 1644; x_wconf 85' lang='lat' dir='ltr'><strong>inson-</strong></span> 
     </span>
    </p>
   </div>
   <div class='ocr_carea' id='block_1_16' title="bbox 290 1684 1886 1750">
    <p class='ocr_par' dir='ltr' id='par_1_16' title="bbox 290 1684 1886 1750">
     <span class='ocr_line' id='line_1_16' title="bbox 290 1684 1886 1750; baseline -0.004 -6"><span class='ocrx_word' id='word_1_89' title='bbox 290 1698 419 1744; x_wconf 87' lang='lat' dir='ltr'><strong>tem.</strong></span> <span class='ocrx_word' id='word_1_90' title='bbox 464 1689 600 1744; x_wconf 87' lang='lat' dir='ltr'><strong>Cum</strong></span> <span class='ocrx_word' id='word_1_91' title='bbox 629 1688 775 1742; x_wconf 88' lang='lat' dir='ltr'><strong>enim</strong></span> <span class='ocrx_word' id='word_1_92' title='bbox 805 1703 994 1743; x_wconf 76' lang='lat' dir='ltr'><strong>eorum</strong></span> <span class='ocrx_word' id='word_1_93' title='bbox 1023 1689 1401 1742; x_wconf 88' lang='lat' dir='ltr'><strong>communione</strong></span> <span class='ocrx_word' id='word_1_94' title='bbox 1437 1697 1458 1724; x_wconf 77' lang='grc' dir='ltr'><em>ε</em></span> <span class='ocrx_word' id='word_1_95' title='bbox 1493 1686 1592 1738; x_wconf 90' lang='lat' dir='ltr'><strong>sim</strong></span> <span class='ocrx_word' id='word_1_96' title='bbox 1625 1698 1775 1750; x_wconf 91' lang='lat' dir='ltr'><strong>usus,</strong></span> <span class='ocrx_word' id='word_1_97' title='bbox 1808 1684 1886 1737; x_wconf 90' lang='lat' dir='ltr'><strong>ni-</strong></span> 
     </span>
    </p>
   </div>
   <div class='ocr_carea' id='block_1_17' title="bbox 291 1775 1884 1851">
    <p class='ocr_par' dir='ltr' id='par_1_17' title="bbox 291 1775 1884 1851">
     <span class='ocr_line' id='line_1_17' title="bbox 291 1775 1884 1851; baseline -0.005 -14"><span class='ocrx_word' id='word_1_98' title='bbox 291 1781 362 1839; x_wconf 88' lang='lat' dir='ltr'><strong>hil</strong></span> <span class='ocrx_word' id='word_1_99' title='bbox 406 1796 584 1836; x_wconf 71' lang='lat' dir='ltr'><strong>causaa</strong></span> <span class='ocrx_word' id='word_1_100' title='bbox 629 1791 746 1836; x_wconf 86' lang='lat' dir='ltr'><strong>erat</strong></span> <span class='ocrx_word' id='word_1_101' title='bbox 795 1797 893 1835; x_wconf 91' lang='lat' dir='ltr'><strong>cur</strong></span> <span class='ocrx_word' id='word_1_102' title='bbox 945 1796 1037 1836; x_wconf 89' lang='lat' dir='ltr'><strong>eos</strong></span> <span class='ocrx_word' id='word_1_103' title='bbox 1069 1780 1390 1851; x_wconf 83' lang='lat' dir='ltr'><strong>aflligerem.</strong></span> <span class='ocrx_word' id='word_1_104' title='bbox 1421 1780 1572 1846; x_wconf 74' lang='lat' dir='ltr'><strong>Quod</strong></span> <span class='ocrx_word' id='word_1_105' title='bbox 1603 1789 1785 1832; x_wconf 87' lang='lat' dir='ltr'><strong>autem</strong></span> <span class='ocrx_word' id='word_1_106' title='bbox 1818 1775 1884 1830; x_wconf 85' lang='lat' dir='ltr'><strong>ad</strong></span> 
     </span>
    </p>
   </div>
   <div class='ocr_carea' id='block_1_18' title="bbox 290 1871 1890 1939">
    <p class='ocr_par' dir='ltr' id='par_1_18' title="bbox 290 1871 1890 1939">
     <span class='ocr_line' id='line_1_18' title="bbox 290 1871 1890 1939; baseline -0.004 -7"><span class='ocrx_word' id='word_1_107' title='bbox 290 1875 453 1932; x_wconf 85' lang='lat' dir='ltr'><strong>ﬁliam</strong></span> <span class='ocrx_word' id='word_1_108' title='bbox 498 1887 643 1930; x_wconf 88' lang='lat' dir='ltr'><strong>tuam</strong></span> <span class='ocrx_word' id='word_1_109' title='bbox 689 1876 985 1930; x_wconf 81' lang='lat' dir='ltr'><strong>Eudoxiam</strong></span> <span class='ocrx_word' id='word_1_110' title='bbox 1027 1877 1240 1939; x_wconf 89' lang='lat' dir='ltr'><strong>attinet,</strong></span> <span class='ocrx_word' id='word_1_111' title='bbox 1287 1875 1424 1929; x_wconf 89' lang='lat' dir='ltr'><strong>scito</strong></span> <span class='ocrx_word' id='word_1_112' title='bbox 1465 1889 1550 1928; x_wconf 90' lang='lat' dir='ltr'><strong>me</strong></span> <span class='ocrx_word' id='word_1_113' title='bbox 1596 1871 1736 1927; x_wconf 83' lang='lat' dir='ltr'><strong>haud</strong></span> <span class='ocrx_word' id='word_1_114' title='bbox 1778 1887 1890 1927; x_wconf 89' lang='lat' dir='ltr'><strong>me-</strong></span> 
     </span>
    </p>
   </div>
   <div class='ocr_carea' id='block_1_19' title="bbox 289 1967 1883 2040">
    <p class='ocr_par' dir='ltr' id='par_1_19' title="bbox 289 1967 1883 2040">
     <span class='ocr_line' id='line_1_19' title="bbox 289 1967 1883 2040; baseline -0.004 -14"><span class='ocrx_word' id='word_1_115' title='bbox 289 1969 505 2026; x_wconf 90' lang='lat' dir='ltr'><strong>diocres</strong></span> <span class='ocrx_word' id='word_1_116' title='bbox 542 1969 611 2024; x_wconf 88' lang='lat' dir='ltr'><strong>ab</strong></span> <span class='ocrx_word' id='word_1_117' title='bbox 660 1985 720 2023; x_wconf 85' lang='lat' dir='ltr'><strong>ea</strong></span> <span class='ocrx_word' id='word_1_118' title='bbox 763 1983 865 2040; x_wconf 92' lang='lat' dir='ltr'><strong>pro</strong></span> <span class='ocrx_word' id='word_1_119' title='bbox 905 1969 1116 2022; x_wconf 80' lang='lat' dir='ltr'><strong>ratione</strong></span> <span class='ocrx_word' id='word_1_120' title='bbox 1162 1967 1344 2023; x_wconf 70' lang='lat' dir='ltr'><strong>deﬂeti</strong></span> <span class='ocrx_word' id='word_1_121' title='bbox 1387 1982 1572 2038; x_wconf 64' lang='lat' dir='ltr'><strong>poenas</strong></span> <span class='ocrx_word' id='word_1_122' title='bbox 1613 1967 1883 2036; x_wconf 74' lang='lat' dir='ltr'><strong>exegisse,</strong></span> 
     </span>
    </p>
   </div>
   <div class='ocr_carea' id='block_1_20' title="bbox 291 2060 1892 2135">
    <p class='ocr_par' dir='ltr' id='par_1_20' title="bbox 291 2060 1892 2135">
     <span class='ocr_line' id='line_1_20' title="bbox 291 2060 1892 2135; baseline -0.002 -15"><span class='ocrx_word' id='word_1_123' title='bbox 291 2065 366 2122; x_wconf 84' lang='lat' dir='ltr'><strong>ita</strong></span> <span class='ocrx_word' id='word_1_124' title='bbox 403 2073 462 2120; x_wconf 88' lang='lat' dir='ltr'><strong>ut</strong></span> <span class='ocrx_word' id='word_1_125' title='bbox 502 2079 614 2135; x_wconf 63' lang='lat' dir='ltr'><strong>prie</strong></span> <span class='ocrx_word' id='word_1_126' title='bbox 661 2063 972 2134; x_wconf 82' lang='lat' dir='ltr'><strong>Itujustnodi</strong></span> <span class='ocrx_word' id='word_1_127' title='bbox 1021 2077 1256 2119; x_wconf 74' lang='lat' dir='ltr'><strong>tumrore</strong></span> <span class='ocrx_word' id='word_1_128' title='bbox 1291 2075 1344 2118; x_wconf 84' lang='lat' dir='ltr'><strong>et</strong></span> <span class='ocrx_word' id='word_1_129' title='bbox 1375 2068 1646 2134; x_wconf 74' lang='lat' dir='ltr'><strong>angustia,</strong></span> <span class='ocrx_word' id='word_1_130' title='bbox 1674 2060 1892 2133; x_wconf 83' lang='lat' dir='ltr'><strong>gravis-</strong></span> 
     </span>
    </p>
   </div>
   <div class='ocr_carea' id='block_1_21' title="bbox 292 2152 1892 2226">
    <p class='ocr_par' dir='ltr' id='par_1_21' title="bbox 292 2152 1892 2226">
     <span class='ocr_line' id='line_1_21' title="bbox 292 2152 1892 2226; baseline -0.004 -14"><span class='ocrx_word' id='word_1_131' title='bbox 292 2158 432 2212; x_wconf 88' lang='lat' dir='ltr'><strong>simo</strong></span> <span class='ocrx_word' id='word_1_132' title='bbox 475 2165 730 2226; x_wconf 90' lang='lat' dir='ltr'><strong>correpta</strong></span> <span class='ocrx_word' id='word_1_133' title='bbox 771 2156 965 2210; x_wconf 90' lang='lat' dir='ltr'><strong>morbo</strong></span> <span class='ocrx_word' id='word_1_134' title='bbox 1005 2155 1312 2210; x_wconf 88' lang='lat' dir='ltr'><strong>decumbat.</strong></span> <span class='ocrx_word' id='word_1_135' title='bbox 1353 2152 1622 2209; x_wconf 55' lang='lat' dir='ltr'><strong>Caeterum</strong></span> <span class='ocrx_word' id='word_1_136' title='bbox 1663 2154 1892 2209; x_wconf 90' lang='lat' dir='ltr'><strong>obsecro</strong></span> 
     </span>
    </p>
   </div>
   <div class='ocr_carea' id='block_1_22' title="bbox 295 2246 1890 2320">
    <p class='ocr_par' dir='ltr' id='par_1_22' title="bbox 295 2246 1890 2320">
     <span class='ocr_line' id='line_1_22' title="bbox 295 2246 1890 2320; baseline -0.004 -15"><span class='ocrx_word' id='word_1_137' title='bbox 295 2259 349 2305; x_wconf 91' lang='lat' dir='ltr'><strong>ut</strong></span> <span class='ocrx_word' id='word_1_138' title='bbox 379 2265 480 2304; x_wconf 89' lang='lat' dir='ltr'><strong>nos</strong></span> <span class='ocrx_word' id='word_1_139' title='bbox 507 2264 536 2302; x_wconf 89' lang='lat' dir='ltr'><strong>a</strong></span> <span class='ocrx_word' id='word_1_140' title='bbox 565 2247 942 2320; x_wconf 81' lang='lat' dir='ltr'><strong>segregatione</strong></span> <span class='ocrx_word' id='word_1_141' title='bbox 973 2247 1196 2314; x_wconf 86' lang='lat' dir='ltr'><strong>liberes,</strong></span> <span class='ocrx_word' id='word_1_142' title='bbox 1222 2263 1284 2302; x_wconf 87' lang='lat' dir='ltr'><strong>ac</strong></span> <span class='ocrx_word' id='word_1_143' title='bbox 1309 2262 1376 2302; x_wconf 90' lang='lat' dir='ltr'><strong>ne</strong></span> <span class='ocrx_word' id='word_1_144' title='bbox 1405 2246 1772 2317; x_wconf 88' lang='lat' dir='ltr'><strong>multipliciter</strong></span> <span class='ocrx_word' id='word_1_145' title='bbox 1797 2261 1890 2317; x_wconf 87' lang='lat' dir='ltr'><strong>pu-</strong></span> 
     </span>
    </p>
   </div>
   <div class='ocr_carea' id='block_1_23' title="bbox 293 2339 1892 2412">
    <p class='ocr_par' dir='ltr' id='par_1_23' title="bbox 293 2339 1892 2412">
     <span class='ocr_line' id='line_1_23' title="bbox 293 2339 1892 2412; baseline -0.004 -15"><span class='ocrx_word' id='word_1_146' title='bbox 293 2343 433 2397; x_wconf 87' lang='lat' dir='ltr'><strong>nias.</strong></span> <span class='ocrx_word' id='word_1_147' title='bbox 461 2341 574 2398; x_wconf 85' lang='lat' dir='ltr'><strong>Nec</strong></span> <span class='ocrx_word' id='word_1_148' title='bbox 627 2343 774 2397; x_wconf 90' lang='lat' dir='ltr'><strong>enim</strong></span> <span class='ocrx_word' id='word_1_149' title='bbox 815 2342 934 2412; x_wconf 89' lang='lat' dir='ltr'><strong>ipse</strong></span> <span class='ocrx_word' id='word_1_150' title='bbox 968 2340 1226 2396; x_wconf 82' lang='lat' dir='ltr'><strong>Dominus</strong></span> <span class='ocrx_word' id='word_1_151' title='bbox 1257 2341 1338 2396; x_wconf 85' lang='lat' dir='ltr'><strong>bis</strong></span> <span class='ocrx_word' id='word_1_152' title='bbox 1362 2341 1432 2395; x_wconf 92' lang='lat' dir='ltr'><strong>ob</strong></span> <span class='ocrx_word' id='word_1_153' title='bbox 1462 2339 1605 2395; x_wconf 86' lang='lat' dir='ltr'><strong>idem</strong></span> <span class='ocrx_word' id='word_1_154' title='bbox 1635 2339 1892 2395; x_wconf 90' lang='lat' dir='ltr'><strong>delictum</strong></span> 
     </span>
    </p>
   </div>
   <div class='ocr_carea' id='block_1_24' title="bbox 294 2433 932 2507">
    <p class='ocr_par' dir='ltr' id='par_1_24' title="bbox 294 2433 932 2507">
     <span class='ocr_line' id='line_1_24' title="bbox 294 2433 932 2507; baseline -0.002 -17"><span class='ocrx_word' id='word_1_155' title='bbox 294 2435 528 2507; x_wconf 86' lang='lat' dir='ltr'><strong>percutit</strong></span> <span class='ocrx_word' id='word_1_156' title='bbox 557 2434 758 2507; x_wconf 81' lang='grc' dir='ltr'>(Ναιιηι</span> <span class='ocrx_word' id='word_1_157' title='bbox 785 2450 823 2502; x_wconf 91' lang='grc' dir='ltr'><strong>ι,</strong></span> <span class='ocrx_word' id='word_1_158' title='bbox 854 2433 932 2504; x_wconf 90' lang='grc'><strong>9).</strong></span> 
     </span>
    </p>
   </div>
   <div class='ocr_carea' id='block_1_25' title="bbox 773 2571 1418 2630">
    <p class='ocr_par' dir='ltr' id='par_1_25' title="bbox 773 2571 1418 2630">
     <span class='ocr_line' id='line_1_25' title="bbox 773 2571 1418 2630; baseline -0.003 -2"><span class='ocrx_word' id='word_1_159' title='bbox 773 2572 1206 2630; x_wconf 86' lang='lat' dir='ltr'><strong>EPISTOLA</strong></span> <span class='ocrx_word' id='word_1_160' title='bbox 1256 2572 1280 2609; x_wconf 69' lang='grc'><strong>(³</strong></span> <span class='ocrx_word' id='word_1_161' title='bbox 1334 2571 1418 2627; x_wconf 89' lang='lat' dir='ltr'><strong>III.</strong></span> 
     </span>
    </p>
   </div>
   <div class='ocr_carea' id='block_1_26' title="bbox 403 2723 1782 2770">
    <p class='ocr_par' dir='ltr' id='par_1_26' title="bbox 403 2723 1782 2770">
     <span class='ocr_line' id='line_1_26' title="bbox 403 2723 1782 2770; baseline -0.005 0"><span class='ocrx_word' id='word_1_162' title='bbox 403 2728 613 2770; x_wconf 72' lang='lat' dir='ltr'><strong>ABCADII</strong></span> <span class='ocrx_word' id='word_1_163' title='bbox 651 2724 1012 2769; x_wconf 71' lang='lat' dir='ltr'><strong>IIPERATOBIS</strong></span> <span class='ocrx_word' id='word_1_164' title='bbox 1064 2726 1132 2765; x_wconf 76' lang='lat' dir='ltr'><strong>AD</strong></span> <span class='ocrx_word' id='word_1_165' title='bbox 1184 2724 1546 2766; x_wconf 73' lang='lat' dir='ltr'><strong>INNOCENTIUM</strong></span> <span class='ocrx_word' id='word_1_166' title='bbox 1587 2723 1782 2764; x_wconf 73' lang='lat' dir='ltr'><strong>PAPAI.</strong></span> 
     </span>
    </p>
   </div>
   <div class='ocr_carea' id='block_1_27' title="bbox 300 2825 1890 2898">
    <p class='ocr_par' dir='ltr' id='par_1_27' title="bbox 300 2825 1890 2898">
     <span class='ocr_line' id='line_1_27' title="bbox 300 2825 1890 2898; baseline -0.006 -11"><span class='ocrx_word' id='word_1_167' title='bbox 300 2831 370 2888; x_wconf 85' lang='lat' dir='ltr'><strong>Se</strong></span> <span class='ocrx_word' id='word_1_168' title='bbox 396 2832 650 2886; x_wconf 78' lang='lat' dir='ltr'><strong>insontem</strong></span> <span class='ocrx_word' id='word_1_169' title='bbox 675 2845 785 2884; x_wconf 84' lang='lat' dir='ltr'><strong>esse</strong></span> <span class='ocrx_word' id='word_1_170' title='bbox 820 2843 998 2881; x_wconf 83' lang='lat' dir='ltr'><strong>eorum</strong></span> <span class='ocrx_word' id='word_1_171' title='bbox 1026 2842 1140 2898; x_wconf 76' lang='lat' dir='ltr'><strong>qua:</strong></span> <span class='ocrx_word' id='word_1_172' title='bbox 1176 2826 1229 2880; x_wconf 85' lang='lat' dir='ltr'><strong>in</strong></span> <span class='ocrx_word' id='word_1_173' title='bbox 1259 2826 1454 2897; x_wconf 78' lang='lat' dir='ltr'><strong>legatos</strong></span> <span class='ocrx_word' id='word_1_174' title='bbox 1491 2825 1657 2895; x_wconf 80' lang='lat' dir='ltr'><strong>ipsius</strong></span> <span class='ocrx_word' id='word_1_175' title='bbox 1702 2834 1793 2877; x_wconf 86' lang='lat' dir='ltr'><strong>aut</strong></span> <span class='ocrx_word' id='word_1_176' title='bbox 1838 2825 1890 2878; x_wconf 87' lang='lat' dir='ltr'><strong>in</strong></span> 
     </span>
    </p>
   </div>
   <div class='ocr_carea' id='block_1_28' title="bbox 366 2918 1890 2990">
    <p class='ocr_par' dir='ltr' id='par_1_28' title="bbox 366 2918 1890 2990">
     <span class='ocr_line' id='line_1_28' title="bbox 366 2918 1890 2990; baseline -0.007 -9"><span class='ocrx_word' id='word_1_177' title='bbox 366 2924 626 2981; x_wconf 83' lang='lat' dir='ltr'><strong>Joannem</strong></span> <span class='ocrx_word' id='word_1_178' title='bbox 667 2925 899 2978; x_wconf 76' lang='lat' dir='ltr'><strong>admissa</strong></span> <span class='ocrx_word' id='word_1_179' title='bbox 930 2929 1071 2990; x_wconf 77' lang='lat' dir='ltr'><strong>sunt,</strong></span> <span class='ocrx_word' id='word_1_180' title='bbox 1096 2936 1272 2974; x_wconf 77' lang='lat' dir='ltr'><strong>eorum</strong></span> <span class='ocrx_word' id='word_1_181' title='bbox 1313 2928 1548 2972; x_wconf 74' lang='lat' dir='ltr'><strong>auctores</strong></span> <span class='ocrx_word' id='word_1_182' title='bbox 1578 2936 1608 2971; x_wconf 82' lang='grc' dir='ltr'><strong>α</strong></span> <span class='ocrx_word' id='word_1_183' title='bbox 1653 2936 1705 2974; x_wconf 86' lang='lat' dir='ltr'><strong>se</strong></span> <span class='ocrx_word' id='word_1_184' title='bbox 1731 2918 1890 2984; x_wconf 82' lang='lat' dir='ltr'><strong>puni-</strong></span> 
     </span>
    </p>
   </div>
   <div class='ocr_carea' id='block_1_29' title="bbox 373 3015 1894 3091">
    <p class='ocr_par' dir='ltr' id='par_1_29' title="bbox 373 3015 1894 3091">
     <span class='ocr_line' id='line_1_29' title="bbox 373 3015 1894 3091; baseline -0.006 -17"><span class='ocrx_word' id='word_1_185' title='bbox 373 3031 471 3076; x_wconf 80' lang='lat' dir='ltr'><strong>tos.</strong></span> <span class='ocrx_word' id='word_1_186' title='bbox 497 3019 738 3091; x_wconf 81' lang='lat' dir='ltr'><strong>Adeoque</strong></span> <span class='ocrx_word' id='word_1_187' title='bbox 762 3018 957 3073; x_wconf 74' lang='lat' dir='ltr'><strong>relaxet</strong></span> <span class='ocrx_word' id='word_1_188' title='bbox 976 3015 1306 3082; x_wconf 75' lang='lat' dir='ltr'><strong>sententiam,</strong></span> <span class='ocrx_word' id='word_1_189' title='bbox 1329 3031 1429 3083; x_wconf 84' lang='lat' dir='ltr'><strong>qua</strong></span> <span class='ocrx_word' id='word_1_190' title='bbox 1451 3029 1504 3066; x_wconf 83' lang='lat' dir='ltr'><strong>se</strong></span> <span class='ocrx_word' id='word_1_191' title='bbox 1529 3028 1646 3066; x_wconf 83' lang='lat' dir='ltr'><strong>cum</strong></span> <span class='ocrx_word' id='word_1_192' title='bbox 1675 3015 1894 3082; x_wconf 68' lang='lat' dir='ltr'><strong>conjuge</strong></span> 
     </span>
    </p>
   </div>
   <div class='ocr_carea' id='block_1_30' title="bbox 373 3113 1064 3183">
    <p class='ocr_par' dir='ltr' id='par_1_30' title="bbox 373 3113 1064 3183">
     <span class='ocr_line' id='line_1_30' title="bbox 373 3113 1064 3183; baseline -0.007 -15"><span class='ocrx_word' id='word_1_193' title='bbox 373 3131 403 3168; x_wconf 79' lang='grc' dir='ltr'>(ι</span> <span class='ocrx_word' id='word_1_194' title='bbox 430 3113 591 3168; x_wconf 76' lang='lat' dir='ltr'><strong>sacris</strong></span> <span class='ocrx_word' id='word_1_195' title='bbox 619 3113 878 3183; x_wconf 79' lang='lat' dir='ltr'><strong>mysteriis</strong></span> <span class='ocrx_word' id='word_1_196' title='bbox 907 3122 1064 3165; x_wconf 64' lang='lat' dir='ltr'><strong>arcet.</strong></span> 
     </span>
    </p>
   </div>
   <div class='ocr_carea' id='block_1_31' title="bbox 373 3241 1894 3324">
    <p class='ocr_par' dir='ltr' id='par_1_31' title="bbox 373 3241 1894 3324">
     <span class='ocr_line' id='line_1_31' title="bbox 373 3241 1894 3324; baseline -0.009 -14"><span class='ocrx_word' id='word_1_197' title='bbox 373 3253 630 3322; x_wconf 84' lang='lat' dir='ltr'><strong>Omnino,</strong></span> <span class='ocrx_word' id='word_1_198' title='bbox 666 3268 698 3305; x_wconf 89' lang='lat'><strong>0</strong></span> <span class='ocrx_word' id='word_1_199' title='bbox 739 3249 986 3324; x_wconf 75' lang='lat' dir='ltr'><strong>pontifex</strong></span> <span class='ocrx_word' id='word_1_200' title='bbox 1027 3249 1149 3320; x_wconf 89' lang='lat' dir='ltr'><strong>Dei,</strong></span> <span class='ocrx_word' id='word_1_201' title='bbox 1185 3245 1542 3317; x_wconf 77' lang='lat' dir='ltr'><strong>nequidquam</strong></span> <span class='ocrx_word' id='word_1_202' title='bbox 1585 3241 1789 3317; x_wconf 82' lang='lat' dir='ltr'><strong>[Forte</strong></span> <span class='ocrx_word' id='word_1_203' title='bbox 1822 3241 1894 3296; x_wconf 88' lang='lat' dir='ltr'><strong>nil</strong></span> 
     </span>
    </p>
   </div>
   <div class='ocr_carea' id='block_1_32' title="bbox 304 3339 1897 3419">
    <p class='ocr_par' dir='ltr' id='par_1_32' title="bbox 304 3339 1897 3419">
     <span class='ocr_line' id='line_1_32' title="bbox 304 3339 1897 3419; baseline -0.006 -19"><span class='ocrx_word' id='word_1_204' title='bbox 304 3344 639 3419; x_wconf 83' lang='lat' dir='ltr'><strong>quidquam]</strong></span> <span class='ocrx_word' id='word_1_205' title='bbox 691 3361 878 3401; x_wconf 88' lang='lat' dir='ltr'><strong>eorum</strong></span> <span class='ocrx_word' id='word_1_206' title='bbox 902 3387 916 3410; x_wconf 95' lang='lat'><strong>,</strong></span> <span class='ocrx_word' id='word_1_207' title='bbox 953 3359 1057 3411; x_wconf 91' lang='lat' dir='ltr'><strong>quc</strong></span> <span class='ocrx_word' id='word_1_208' title='bbox 1089 3344 1142 3397; x_wconf 94' lang='lat' dir='ltr'><strong>in</strong></span> <span class='ocrx_word' id='word_1_209' title='bbox 1184 3342 1392 3413; x_wconf 85' lang='lat' dir='ltr'><strong>legatos</strong></span> <span class='ocrx_word' id='word_1_210' title='bbox 1427 3350 1448 3377; x_wconf 76' lang='grc' dir='ltr'><strong>ε</strong></span> <span class='ocrx_word' id='word_1_211' title='bbox 1483 3339 1742 3393; x_wconf 87' lang='lat' dir='ltr'><strong>audacter</strong></span> <span class='ocrx_word' id='word_1_212' title='bbox 1776 3352 1897 3406; x_wconf 83' lang='lat' dir='ltr'><strong>per—</strong></span> 
     </span>
    </p>
   </div>
   <div class='ocr_carea' id='block_1_33' title="bbox 304 3431 1898 3510">
    <p class='ocr_par' dir='ltr' id='par_1_33' title="bbox 304 3431 1898 3510">
     <span class='ocr_line' id='line_1_33' title="bbox 304 3431 1898 3510; baseline -0.008 -16"><span class='ocrx_word' id='word_1_213' title='bbox 304 3449 514 3510; x_wconf 76' lang='lat' dir='ltr'><strong>patrata</strong></span> <span class='ocrx_word' id='word_1_214' title='bbox 547 3447 694 3506; x_wconf 88' lang='lat' dir='ltr'><strong>sunt,</strong></span> <span class='ocrx_word' id='word_1_215' title='bbox 748 3435 958 3490; x_wconf 81' lang='lat' dir='ltr'><strong>sciente</strong></span> <span class='ocrx_word' id='word_1_216' title='bbox 1007 3449 1093 3489; x_wconf 91' lang='lat' dir='ltr'><strong>me</strong></span> <span class='ocrx_word' id='word_1_217' title='bbox 1146 3432 1343 3488; x_wconf 91' lang='lat' dir='ltr'><strong>factum</strong></span> <span class='ocrx_word' id='word_1_218' title='bbox 1374 3442 1456 3486; x_wconf 90' lang='lat' dir='ltr'><strong>est</strong></span> <span class='ocrx_word' id='word_1_219' title='bbox 1489 3450 1502 3486; x_wconf 75' lang='grc' dir='ltr'>ε</span> <span class='ocrx_word' id='word_1_220' title='bbox 1539 3431 1699 3500; x_wconf 92' lang='lat' dir='ltr'><strong>idque</strong></span> <span class='ocrx_word' id='word_1_221' title='bbox 1735 3443 1800 3484; x_wconf 82' lang='lat' dir='ltr'><strong>ex</strong></span> <span class='ocrx_word' id='word_1_222' title='bbox 1831 3442 1898 3483; x_wconf 89' lang='lat' dir='ltr'><strong>eo</strong></span> 
     </span>
    </p>
   </div>
   <div class='ocr_carea' id='block_1_34' title="bbox 2060 931 3598 1013">
    <p class='ocr_par' dir='ltr' id='par_1_34' title="bbox 2060 931 3598 1013">
     <span class='ocr_line' id='line_1_34' title="bbox 2060 931 3598 1013; baseline 0.001 -23"><span class='ocrx_word' id='word_1_223' title='bbox 2060 933 2251 996; x_wconf 81' lang='grc' dir='ltr'>Πάντες</span> <span class='ocrx_word' id='word_1_224' title='bbox 2281 932 2536 1011; x_wconf 75' lang='grc' dir='ltr'>ἅνθρωποι</span> <span class='ocrx_word' id='word_1_225' title='bbox 2561 931 2740 990; x_wconf 85' lang='grc' dir='ltr'>ἴσασιν</span> <span class='ocrx_word' id='word_1_226' title='bbox 2783 935 2832 989; x_wconf 79' lang='grc' dir='ltr'>οἱ</span> <span class='ocrx_word' id='word_1_227' title='bbox 2859 936 3242 1010; x_wconf 80' lang='grc' dir='ltr'>εὐφρονοῦντες,</span> <span class='ocrx_word' id='word_1_228' title='bbox 3283 932 3362 991; x_wconf 84' lang='grc' dir='ltr'>ὅτι</span> <span class='ocrx_word' id='word_1_229' title='bbox 3389 957 3489 1013; x_wconf 82' lang='grc' dir='ltr'>περ</span> <span class='ocrx_word' id='word_1_230' title='bbox 3533 937 3598 992; x_wconf 84' lang='grc' dir='ltr'><strong>τά</strong></span> 
     </span>
    </p>
   </div>
   <div class='ocr_carea' id='block_1_35' title="bbox 1990 1023 3595 1100">
    <p class='ocr_par' dir='ltr' id='par_1_35' title="bbox 1990 1023 3595 1100">
     <span class='ocr_line' id='line_1_35' title="bbox 1990 1023 3595 1100; baseline 0 -19"><span class='ocrx_word' id='word_1_231' title='bbox 1990 1029 2122 1083; x_wconf 82' lang='grc' dir='ltr'>κατὰ</span> <span class='ocrx_word' id='word_1_232' title='bbox 2148 1025 2354 1099; x_wconf 76' lang='grc' dir='ltr'>ἄγνοιαν</span> <span class='ocrx_word' id='word_1_233' title='bbox 2382 1023 2639 1098; x_wconf 74' lang='grc' dir='ltr'>γινόμενα.</span> <span class='ocrx_word' id='word_1_234' title='bbox 2671 1024 2790 1082; x_wconf 70' lang='grc' dir='ltr'>οὔτε</span> <span class='ocrx_word' id='word_1_235' title='bbox 2818 1028 2949 1093; x_wconf 84' lang='grc' dir='ltr'>θεὸς,</span> <span class='ocrx_word' id='word_1_236' title='bbox 2976 1024 3092 1083; x_wconf 70' lang='grc' dir='ltr'>οὔτε</span> <span class='ocrx_word' id='word_1_237' title='bbox 3117 1026 3260 1100; x_wconf 82' lang='grc' dir='ltr'>νόμοι</span> <span class='ocrx_word' id='word_1_238' title='bbox 3279 1027 3595 1093; x_wconf 77' lang='grc' dir='ltr'><strong>κολάζουσιν·</strong></span> 
     </span>
    </p>
   </div>
   <div class='ocr_carea' id='block_1_36' title="bbox 1991 1121 3598 1198">
    <p class='ocr_par' dir='ltr' id='par_1_36' title="bbox 1991 1121 3598 1198">
     <span class='ocr_line' id='line_1_36' title="bbox 1991 1121 3598 1198; baseline 0.002 -22"><span class='ocrx_word' id='word_1_239' title='bbox 1991 1123 2094 1177; x_wconf 80' lang='grc' dir='ltr'>ἀλλ’</span> <span class='ocrx_word' id='word_1_240' title='bbox 2142 1121 2256 1178; x_wconf 80' lang='grc' dir='ltr'><strong>οὐδέ</strong></span> <span class='ocrx_word' id='word_1_241' title='bbox 2303 1144 2380 1184; x_wconf 88' lang='grc' dir='ltr'><strong>τις</strong></span> <span class='ocrx_word' id='word_1_242' title='bbox 2426 1121 2561 1198; x_wconf 76' lang='grc' dir='ltr'>ὑπὲρ</span> <span class='ocrx_word' id='word_1_243' title='bbox 2607 1122 2779 1198; x_wconf 74' lang='grc' dir='ltr'>ἑτέρου</span> <span class='ocrx_word' id='word_1_244' title='bbox 2829 1121 2970 1182; x_wconf 81' lang='grc' dir='ltr'>δίκην</span> <span class='ocrx_word' id='word_1_245' title='bbox 3018 1124 3406 1198; x_wconf 82' lang='grc' dir='ltr'><strong>εἰσπράττεται.</strong></span> <span class='ocrx_word' id='word_1_246' title='bbox 3448 1121 3598 1180; x_wconf 81' lang='grc' dir='ltr'>Ὀθεν</span> 
     </span>
    </p>
   </div>
   <div class='ocr_carea' id='block_1_37' title="bbox 1991 1215 3598 1293">
    <p class='ocr_par' dir='ltr' id='par_1_37' title="bbox 1991 1215 3598 1293">
     <span class='ocr_line' id='line_1_37' title="bbox 1991 1215 3598 1293; baseline -0.002 -22"><span class='ocrx_word' id='word_1_247' title='bbox 1991 1221 2156 1271; x_wconf 84' lang='grc' dir='ltr'>ταῦτα</span> <span class='ocrx_word' id='word_1_248' title='bbox 2182 1215 2413 1289; x_wconf 69' lang='grc' dir='ltr'>γέγραφα</span> <span class='ocrx_word' id='word_1_249' title='bbox 2441 1215 2772 1290; x_wconf 80' lang='grc' dir='ltr'>πληροφορῶν</span> <span class='ocrx_word' id='word_1_250' title='bbox 2809 1220 2899 1275; x_wconf 76' lang='grc' dir='ltr'>τήν</span> <span class='ocrx_word' id='word_1_251' title='bbox 2927 1216 3178 1290; x_wconf 79' lang='grc' dir='ltr'><strong>ὑμετέραν</strong></span> <span class='ocrx_word' id='word_1_252' title='bbox 3203 1215 3496 1293; x_wconf 81' lang='grc' dir='ltr'><strong>πρᾳότητα,</strong></span> <span class='ocrx_word' id='word_1_253' title='bbox 3529 1218 3598 1277; x_wconf 87' lang='grc' dir='ltr'>ὡς</span> 
     </span>
    </p>
   </div>
   <div class='ocr_carea' id='block_1_38' title="bbox 1991 1304 3596 1384">
    <p class='ocr_par' dir='ltr' id='par_1_38' title="bbox 1991 1304 3596 1384">
     <span class='ocr_line' id='line_1_38' title="bbox 1991 1304 3596 1384; baseline -0.001 -22"><span class='ocrx_word' id='word_1_254' title='bbox 1991 1309 2465 1384; x_wconf 78' lang='grc' dir='ltr'><strong>ἐπιμαρτυροῦντος</strong></span> <span class='ocrx_word' id='word_1_255' title='bbox 2508 1312 2600 1361; x_wconf 83' lang='grc' dir='ltr'>τοῦ</span> <span class='ocrx_word' id='word_1_256' title='bbox 2632 1306 2985 1383; x_wconf 75' lang='grc' dir='ltr'>φιλανθρώπου</span> <span class='ocrx_word' id='word_1_257' title='bbox 3033 1312 3194 1372; x_wconf 82' lang='grc' dir='ltr'><strong>Θεοῦ,</strong></span> <span class='ocrx_word' id='word_1_258' title='bbox 3225 1308 3314 1360; x_wconf 76' lang='grc' dir='ltr'><strong>οὐκ</strong></span> <span class='ocrx_word' id='word_1_259' title='bbox 3368 1304 3524 1378; x_wconf 77' lang='grc' dir='ltr'>ἔγνων</span> <span class='ocrx_word' id='word_1_260' title='bbox 3547 1329 3596 1361; x_wconf 89' lang='grc' dir='ltr'><strong>τι</strong></span> 
     </span>
    </p>
   </div>
   <div class='ocr_carea' id='block_1_39' title="bbox 1991 1399 3594 1477">
    <p class='ocr_par' dir='ltr' id='par_1_39' title="bbox 1991 1399 3594 1477">
     <span class='ocr_line' id='line_1_39' title="bbox 1991 1399 3594 1477; baseline -0.002 -21"><span class='ocrx_word' id='word_1_261' title='bbox 1991 1407 2091 1456; x_wconf 90' lang='grc' dir='ltr'><strong>τῶν</strong></span> <span class='ocrx_word' id='word_1_262' title='bbox 2113 1399 2424 1470; x_wconf 84' lang='grc' dir='ltr'>συμϐάντων</span> <span class='ocrx_word' id='word_1_263' title='bbox 2452 1406 2565 1460; x_wconf 85' lang='grc' dir='ltr'>τοῖς</span> <span class='ocrx_word' id='word_1_264' title='bbox 2593 1400 2857 1476; x_wconf 76' lang='grc' dir='ltr'>ἡμετέροις</span> <span class='ocrx_word' id='word_1_265' title='bbox 2881 1401 3180 1462; x_wconf 78' lang='grc' dir='ltr'>ἐπισκόποις</span> <span class='ocrx_word' id='word_1_266' title='bbox 3201 1403 3285 1455; x_wconf 77' lang='grc' dir='ltr'>καὶ</span> <span class='ocrx_word' id='word_1_267' title='bbox 3313 1401 3594 1477; x_wconf 81' lang='grc' dir='ltr'>κληρικοῖς,</span> 
     </span>
    </p>
   </div>
   <div class='ocr_carea' id='block_1_40' title="bbox 1988 1492 3596 1569">
    <p class='ocr_par' dir='ltr' id='par_1_40' title="bbox 1988 1492 3596 1569">
     <span class='ocr_line' id='line_1_40' title="bbox 1988 1492 3596 1569; baseline 0.001 -23"><span class='ocrx_word' id='word_1_268' title='bbox 1988 1493 2091 1551; x_wconf 83' lang='grc' dir='ltr'>ἀλλ’</span> <span class='ocrx_word' id='word_1_269' title='bbox 2134 1492 2294 1552; x_wconf 63' lang='lat' dir='ltr'><strong>aest;</strong></span> <span class='ocrx_word' id='word_1_270' title='bbox 2325 1493 2427 1564; x_wconf 81' lang='grc' dir='ltr'><strong>εἰμι</strong></span> <span class='ocrx_word' id='word_1_271' title='bbox 2463 1499 2551 1547; x_wconf 82' lang='grc' dir='ltr'>τοῦ</span> <span class='ocrx_word' id='word_1_272' title='bbox 2591 1494 2834 1564; x_wconf 81' lang='grc' dir='ltr'>κρίματος</span> <span class='ocrx_word' id='word_1_273' title='bbox 2867 1495 3051 1548; x_wconf 82' lang='grc' dir='ltr'>αὐτῶν.</span> <span class='ocrx_word' id='word_1_274' title='bbox 3086 1495 3138 1546; x_wconf 78' lang='grc' dir='ltr'><strong>Εἰ</strong></span> <span class='ocrx_word' id='word_1_275' title='bbox 3165 1495 3266 1569; x_wconf 73' lang='grc' dir='ltr'>γάρ</span> <span class='ocrx_word' id='word_1_276' title='bbox 3293 1494 3426 1565; x_wconf 76' lang='grc' dir='ltr'><strong>ἤμην</strong></span> <span class='ocrx_word' id='word_1_277' title='bbox 3459 1516 3596 1565; x_wconf 83' lang='grc' dir='ltr'>συμ-</span> 
     </span>
    </p>
   </div>
   <div class='ocr_carea' id='block_1_41' title="bbox 1987 1581 3595 1658">
    <p class='ocr_par' dir='ltr' id='par_1_41' title="bbox 1987 1581 3595 1658">
     <span class='ocr_line' id='line_1_41' title="bbox 1987 1581 3595 1658; baseline -0.001 -18"><span class='ocrx_word' id='word_1_278' title='bbox 1987 1588 2212 1657; x_wconf 83' lang='grc' dir='ltr'>μέτοχος</span> <span class='ocrx_word' id='word_1_279' title='bbox 2243 1587 2429 1650; x_wconf 79' lang='grc' dir='ltr'>αὐτῶν,</span> <span class='ocrx_word' id='word_1_280' title='bbox 2472 1587 2542 1646; x_wconf 83' lang='grc' dir='ltr'><strong>εἰς</strong></span> <span class='ocrx_word' id='word_1_281' title='bbox 2580 1591 2737 1642; x_wconf 83' lang='grc' dir='ltr'>τοῦτο</span> <span class='ocrx_word' id='word_1_282' title='bbox 2779 1587 2871 1642; x_wconf 82' lang='grc' dir='ltr'><strong>οὐκ</strong></span> <span class='ocrx_word' id='word_1_283' title='bbox 2897 1581 3044 1658; x_wconf 79' lang='grc' dir='ltr'>εἶχον</span> <span class='ocrx_word' id='word_1_284' title='bbox 3077 1584 3297 1647; x_wconf 75' lang='grc' dir='ltr'>τούτους</span> <span class='ocrx_word' id='word_1_285' title='bbox 3339 1593 3595 1641; x_wconf 89' lang='grc' dir='ltr'>κακῶσαι.</span> 
     </span>
    </p>
   </div>
   <div class='ocr_carea' id='block_1_42' title="bbox 1987 1675 3597 1757">
    <p class='ocr_par' dir='ltr' id='par_1_42' title="bbox 1987 1675 3597 1757">
     <span class='ocr_line' id='line_1_42' title="bbox 1987 1675 3597 1757; baseline -0.002 -23"><span class='ocrx_word' id='word_1_286' title='bbox 1987 1682 2104 1757; x_wconf 83' lang='grc' dir='ltr'><strong>Περὶ</strong></span> <span class='ocrx_word' id='word_1_287' title='bbox 2132 1682 2217 1733; x_wconf 84' lang='grc' dir='ltr'>καὶ</span> <span class='ocrx_word' id='word_1_288' title='bbox 2245 1687 2337 1741; x_wconf 79' lang='grc' dir='ltr'><strong>τῆς</strong></span> <span class='ocrx_word' id='word_1_289' title='bbox 2364 1686 2460 1738; x_wconf 78' lang='grc' dir='ltr'>σῆς</span> <span class='ocrx_word' id='word_1_290' title='bbox 2491 1679 2747 1751; x_wconf 75' lang='grc' dir='ltr'>Ουγατρὸς</span> <span class='ocrx_word' id='word_1_291' title='bbox 2789 1676 3025 1742; x_wconf 78' lang='grc' dir='ltr'>Εὐδοξὶας</span> <span class='ocrx_word' id='word_1_292' title='bbox 3055 1678 3229 1750; x_wconf 72' lang='grc' dir='ltr'>γνῶθι,</span> <span class='ocrx_word' id='word_1_293' title='bbox 3260 1675 3336 1732; x_wconf 85' lang='grc' dir='ltr'>ὅτι</span> <span class='ocrx_word' id='word_1_294' title='bbox 3365 1680 3446 1731; x_wconf 81' lang='grc' dir='ltr'>καὶ</span> <span class='ocrx_word' id='word_1_295' title='bbox 3471 1679 3597 1749; x_wconf 78' lang='grc' dir='ltr'><strong>αὐτῇ</strong></span> 
     </span>
    </p>
   </div>
   <div class='ocr_carea' id='block_1_43' title="bbox 1990 1769 3598 1846">
    <p class='ocr_par' dir='ltr' id='par_1_43' title="bbox 1990 1769 3598 1846">
     <span class='ocr_line' id='line_1_43' title="bbox 1990 1769 3598 1846; baseline -0.004 -19"><span class='ocrx_word' id='word_1_296' title='bbox 1990 1770 2332 1828; x_wconf 84' lang='grc' dir='ltr'>ἁνταπέδωκα</span> <span class='ocrx_word' id='word_1_297' title='bbox 2375 1773 2508 1827; x_wconf 84' lang='grc' dir='ltr'>κατά</span> <span class='ocrx_word' id='word_1_298' title='bbox 2548 1771 2606 1826; x_wconf 88' lang='grc' dir='ltr'>τὸ</span> <span class='ocrx_word' id='word_1_299' title='bbox 2646 1771 2855 1845; x_wconf 79' lang='grc' dir='ltr'>σφάλμα</span> <span class='ocrx_word' id='word_1_300' title='bbox 2882 1771 3041 1830; x_wconf 78' lang='grc' dir='ltr'>αὐτῆς</span> <span class='ocrx_word' id='word_1_301' title='bbox 3071 1771 3126 1823; x_wconf 80' lang='grc' dir='ltr'>οὐ</span> <span class='ocrx_word' id='word_1_302' title='bbox 3155 1771 3397 1846; x_wconf 78' lang='grc' dir='ltr'>μετρίως.</span> <span class='ocrx_word' id='word_1_303' title='bbox 3448 1772 3516 1828; x_wconf 86' lang='grc' dir='ltr'>ὡς</span> <span class='ocrx_word' id='word_1_304' title='bbox 3547 1769 3598 1822; x_wconf 83' lang='grc' dir='ltr'>ἐκ</span> 
     </span>
    </p>
   </div>
   <div class='ocr_carea' id='block_1_44' title="bbox 1991 1860 3598 1936">
    <p class='ocr_par' dir='ltr' id='par_1_44' title="bbox 1991 1860 3598 1936">
     <span class='ocr_line' id='line_1_44' title="bbox 1991 1860 3598 1936; baseline -0.004 -16"><span class='ocrx_word' id='word_1_305' title='bbox 1991 1873 2083 1925; x_wconf 78' lang='grc' dir='ltr'>τῆς</span> <span class='ocrx_word' id='word_1_306' title='bbox 2108 1864 2351 1924; x_wconf 81' lang='grc' dir='ltr'>τοιαύτης</span> <span class='ocrx_word' id='word_1_307' title='bbox 2387 1860 2554 1923; x_wconf 72' lang='grc' dir='ltr'>λύπης</span> <span class='ocrx_word' id='word_1_308' title='bbox 2582 1865 2669 1916; x_wconf 82' lang='grc' dir='ltr'>καὶ</span> <span class='ocrx_word' id='word_1_309' title='bbox 2707 1860 2923 1933; x_wconf 66' lang='grc' dir='ltr'>θλίψεως</span> <span class='ocrx_word' id='word_1_310' title='bbox 2947 1861 2995 1914; x_wconf 84' lang='grc' dir='ltr'>ἐν</span> <span class='ocrx_word' id='word_1_311' title='bbox 3029 1860 3298 1936; x_wconf 76' lang='grc' dir='ltr'>ἀρρωστίᾳ</span> <span class='ocrx_word' id='word_1_312' title='bbox 3328 1861 3598 1936; x_wconf 73' lang='grc' dir='ltr'>βαρυτάτῃ</span> 
     </span>
    </p>
   </div>
   <div class='ocr_carea' id='block_1_45' title="bbox 1993 1953 3598 2030">
    <p class='ocr_par' dir='ltr' id='par_1_45' title="bbox 1993 1953 3598 2030">
     <span class='ocr_line' id='line_1_45' title="bbox 1993 1953 3598 2030; baseline -0.003 -21"><span class='ocrx_word' id='word_1_313' title='bbox 1993 1956 2319 2011; x_wconf 82' lang='grc' dir='ltr'>κατακεῖσθαι</span> <span class='ocrx_word' id='word_1_314' title='bbox 2346 1957 2516 2014; x_wconf 75' lang='grc' dir='ltr'>αὐτήν.</span> <span class='ocrx_word' id='word_1_315' title='bbox 2550 1954 2830 2030; x_wconf 85' lang='grc' dir='ltr'>Παρακαλῶ</span> <span class='ocrx_word' id='word_1_316' title='bbox 2855 1953 3028 2009; x_wconf 85' lang='grc' dir='ltr'>λοῖπον</span> <span class='ocrx_word' id='word_1_317' title='bbox 3045 1998 3058 2020; x_wconf 86' lang='grc'><strong>,</strong></span> <span class='ocrx_word' id='word_1_318' title='bbox 3089 1953 3169 2007; x_wconf 83' lang='grc' dir='ltr'>ἵνα</span> <span class='ocrx_word' id='word_1_319' title='bbox 3192 1959 3286 2008; x_wconf 81' lang='grc' dir='ltr'><strong>τοῦ</strong></span> <span class='ocrx_word' id='word_1_320' title='bbox 3310 1954 3598 2025; x_wconf 77' lang='grc' dir='ltr'>ἀφορισμοῦ</span> 
     </span>
    </p>
   </div>
   <div class='ocr_carea' id='block_1_46' title="bbox 1991 2044 3597 2122">
    <p class='ocr_par' dir='ltr' id='par_1_46' title="bbox 1991 2044 3597 2122">
     <span class='ocr_line' id='line_1_46' title="bbox 1991 2044 3597 2122; baseline -0.001 -23"><span class='ocrx_word' id='word_1_321' title='bbox 1991 2047 2151 2122; x_wconf 68' lang='grc' dir='ltr'>λύσῃς</span> <span class='ocrx_word' id='word_1_322' title='bbox 2178 2050 2334 2119; x_wconf 78' lang='grc' dir='ltr'>ἡμᾶς,</span> <span class='ocrx_word' id='word_1_323' title='bbox 2361 2052 2447 2102; x_wconf 86' lang='grc' dir='ltr'>καὶ</span> <span class='ocrx_word' id='word_1_324' title='bbox 2470 2052 2539 2119; x_wconf 77' lang='grc' dir='ltr'><strong>μή</strong></span> <span class='ocrx_word' id='word_1_325' title='bbox 2568 2045 2841 2118; x_wconf 76' lang='grc' dir='ltr'>ἐκδικήσῃς</span> <span class='ocrx_word' id='word_1_326' title='bbox 2870 2045 3170 2118; x_wconf 85' lang='grc' dir='ltr'>πολλαχῶς.</span> <span class='ocrx_word' id='word_1_327' title='bbox 3200 2046 3270 2100; x_wconf 76' lang='grc' dir='ltr'><strong>Οὐ</strong></span> <span class='ocrx_word' id='word_1_328' title='bbox 3294 2044 3392 2120; x_wconf 73' lang='grc' dir='ltr'><strong>γὰρ</strong></span> <span class='ocrx_word' id='word_1_329' title='bbox 3423 2044 3566 2099; x_wconf 84' lang='grc' dir='ltr'>πατά</span> <span class='ocrx_word' id='word_1_330' title='bbox 3583 2071 3597 2083; x_wconf 78' lang='grc' dir='ltr'><strong><em>ο</em></strong></span> 
     </span>
    </p>
   </div>
   <div class='ocr_carea' id='block_1_47' title="bbox 1994 2137 2741 2217">
    <p class='ocr_par' dir='ltr' id='par_1_47' title="bbox 1994 2137 2741 2217">
     <span class='ocr_line' id='line_1_47' title="bbox 1994 2137 2741 2217; baseline -0.004 -23"><span class='ocrx_word' id='word_1_331' title='bbox 1994 2141 2067 2204; x_wconf 72' lang='lat' dir='ltr'><strong>Est</strong></span> <span class='ocrx_word' id='word_1_332' title='bbox 2096 2141 2275 2217; x_wconf 73' lang='grc' dir='ltr'>Κύριος</span> <span class='ocrx_word' id='word_1_333' title='bbox 2301 2137 2378 2200; x_wconf 84' lang='grc' dir='ltr'><strong>δὶς</strong></span> <span class='ocrx_word' id='word_1_334' title='bbox 2405 2139 2488 2194; x_wconf 80' lang='grc' dir='ltr'><strong>ἐπὶ</strong></span> <span class='ocrx_word' id='word_1_335' title='bbox 2516 2140 2574 2194; x_wconf 85' lang='grc' dir='ltr'>τὸ</span> <span class='ocrx_word' id='word_1_336' title='bbox 2599 2138 2741 2194; x_wconf 81' lang='grc' dir='ltr'>αὐτὸ.</span> 
     </span>
    </p>
   </div>
   <div class='ocr_carea' id='block_1_48' title="bbox 2000 2480 3603 2553">
    <p class='ocr_par' dir='ltr' id='par_1_48' title="bbox 2000 2480 3603 2553">
     <span class='ocr_line' id='line_1_48' title="bbox 2000 2480 3603 2553; baseline -0.004 -10"><span class='ocrx_word' id='word_1_337' title='bbox 2000 2501 2253 2542; x_wconf 68' lang='lat' dir='ltr'><strong>assensus</strong></span> <span class='ocrx_word' id='word_1_338' title='bbox 2284 2502 2424 2542; x_wconf 76' lang='lat' dir='ltr'><strong>sunt.</strong></span> <span class='ocrx_word' id='word_1_339' title='bbox 2501 2487 2619 2552; x_wconf 83' lang='lat' dir='ltr'><strong>Quo</strong></span> <span class='ocrx_word' id='word_1_340' title='bbox 2665 2484 2724 2538; x_wconf 84' lang='lat' dir='ltr'><strong>fit</strong></span> <span class='ocrx_word' id='word_1_341' title='bbox 2767 2492 2824 2537; x_wconf 92' lang='lat' dir='ltr'><strong>ut</strong></span> <span class='ocrx_word' id='word_1_342' title='bbox 2854 2482 2955 2552; x_wconf 88' lang='lat' dir='ltr'><strong>ipsi</strong></span> <span class='ocrx_word' id='word_1_343' title='bbox 2989 2481 3162 2553; x_wconf 89' lang='lat' dir='ltr'><strong>magis</strong></span> <span class='ocrx_word' id='word_1_344' title='bbox 3192 2481 3244 2536; x_wconf 91' lang='lat' dir='ltr'><strong>in</strong></span> <span class='ocrx_word' id='word_1_345' title='bbox 3290 2480 3446 2552; x_wconf 87' lang='lat' dir='ltr'><strong>culpa</strong></span> <span class='ocrx_word' id='word_1_346' title='bbox 3473 2481 3603 2537; x_wconf 88' lang='lat' dir='ltr'><strong>sint.</strong></span> 
     </span>
    </p>
   </div>
   <div class='ocr_carea' id='block_1_49' title="bbox 2001 2573 3607 2649">
    <p class='ocr_par' dir='ltr' id='par_1_49' title="bbox 2001 2573 3607 2649">
     <span class='ocr_line' id='line_1_49' title="bbox 2001 2573 3607 2649; baseline -0.004 -14"><span class='ocrx_word' id='word_1_347' title='bbox 2001 2579 2075 2635; x_wconf 80' lang='lat' dir='ltr'><strong>Ex</strong></span> <span class='ocrx_word' id='word_1_348' title='bbox 2108 2579 2306 2649; x_wconf 85' lang='lat' dir='ltr'><strong>quibus</strong></span> <span class='ocrx_word' id='word_1_349' title='bbox 2338 2588 2392 2634; x_wconf 90' lang='lat' dir='ltr'><strong>et</strong></span> <span class='ocrx_word' id='word_1_350' title='bbox 2421 2578 2512 2649; x_wconf 79' lang='lat' dir='ltr'><strong>qui</strong></span> <span class='ocrx_word' id='word_1_351' title='bbox 2542 2577 2718 2632; x_wconf 90' lang='lat' dir='ltr'><strong>adhuc</strong></span> <span class='ocrx_word' id='word_1_352' title='bbox 2752 2576 2841 2631; x_wconf 84' lang='lat' dir='ltr'><strong>hic</strong></span> <span class='ocrx_word' id='word_1_353' title='bbox 2862 2585 3103 2641; x_wconf 75' lang='lat' dir='ltr'><strong>exstant,</strong></span> <span class='ocrx_word' id='word_1_354' title='bbox 3140 2577 3398 2630; x_wconf 83' lang='lat' dir='ltr'><strong>Acacium</strong></span> <span class='ocrx_word' id='word_1_355' title='bbox 3429 2582 3483 2629; x_wconf 88' lang='lat' dir='ltr'><strong>et</strong></span> <span class='ocrx_word' id='word_1_356' title='bbox 3505 2573 3607 2628; x_wconf 90' lang='lat' dir='ltr'><strong>Se-</strong></span> 
     </span>
    </p>
   </div>
   <div class='ocr_carea' id='block_1_50' title="bbox 1999 2664 3608 2740">
    <p class='ocr_par' dir='ltr' id='par_1_50' title="bbox 1999 2664 3608 2740">
     <span class='ocr_line' id='line_1_50' title="bbox 1999 2664 3608 2740; baseline -0.002 -16"><span class='ocrx_word' id='word_1_357' title='bbox 1999 2672 2304 2740; x_wconf 81' lang='lat' dir='ltr'><strong>verianum,</strong></span> <span class='ocrx_word' id='word_1_358' title='bbox 2338 2680 2393 2725; x_wconf 90' lang='lat' dir='ltr'><strong>et</strong></span> <span class='ocrx_word' id='word_1_359' title='bbox 2424 2685 2520 2725; x_wconf 91' lang='lat' dir='ltr'><strong>eos</strong></span> <span class='ocrx_word' id='word_1_360' title='bbox 2547 2668 2637 2740; x_wconf 92' lang='lat' dir='ltr'><strong>qui</strong></span> <span class='ocrx_word' id='word_1_361' title='bbox 2671 2667 3000 2722; x_wconf 81' lang='lat' dir='ltr'><strong>sceleratum</strong></span> <span class='ocrx_word' id='word_1_362' title='bbox 3035 2665 3406 2736; x_wconf 68' lang='lat' dir='ltr'><strong>Theolihilnm</strong></span> <span class='ocrx_word' id='word_1_363' title='bbox 3431 2664 3608 2720; x_wconf 89' lang='lat' dir='ltr'><strong>secuti</strong></span> 
     </span>
    </p>
   </div>
   <div class='ocr_carea' id='block_1_51' title="bbox 1997 2757 3610 2833">
    <p class='ocr_par' dir='ltr' id='par_1_51' title="bbox 1997 2757 3610 2833">
     <span class='ocr_line' id='line_1_51' title="bbox 1997 2757 3610 2833; baseline -0.005 -11"><span class='ocrx_word' id='word_1_364' title='bbox 1997 2774 2158 2832; x_wconf 85' lang='lat' dir='ltr'><strong>sunt,</strong></span> <span class='ocrx_word' id='word_1_365' title='bbox 2206 2773 2264 2821; x_wconf 85' lang='lat' dir='ltr'><strong>ut</strong></span> <span class='ocrx_word' id='word_1_366' title='bbox 2308 2773 2509 2833; x_wconf 88' lang='lat' dir='ltr'><strong>quanta</strong></span> <span class='ocrx_word' id='word_1_367' title='bbox 2568 2763 2804 2818; x_wconf 77' lang='lat' dir='ltr'><strong>maxima</strong></span> <span class='ocrx_word' id='word_1_368' title='bbox 2866 2761 3171 2827; x_wconf 89' lang='lat' dir='ltr'><strong>celeritate,</strong></span> <span class='ocrx_word' id='word_1_369' title='bbox 3219 2757 3610 2832; x_wconf 87' lang='lat' dir='ltr'><strong>comprehendi</strong></span> 
     </span>
    </p>
   </div>
   <div class='ocr_carea' id='block_1_52' title="bbox 2005 2852 3610 2928">
    <p class='ocr_par' dir='ltr' id='par_1_52' title="bbox 2005 2852 3610 2928">
     <span class='ocr_line' id='line_1_52' title="bbox 2005 2852 3610 2928; baseline -0.007 -14"><span class='ocrx_word' id='word_1_370' title='bbox 2005 2859 2328 2928; x_wconf 75' lang='lat' dir='ltr'><strong>fjussimus,</strong></span> <span class='ocrx_word' id='word_1_371' title='bbox 2351 2866 2407 2913; x_wconf 88' lang='lat' dir='ltr'><strong>et</strong></span> <span class='ocrx_word' id='word_1_372' title='bbox 2435 2872 2532 2912; x_wconf 91' lang='lat' dir='ltr'><strong>eos</strong></span> <span class='ocrx_word' id='word_1_373' title='bbox 2553 2857 2644 2926; x_wconf 89' lang='lat' dir='ltr'><strong>qui</strong></span> <span class='ocrx_word' id='word_1_374' title='bbox 2672 2856 2786 2911; x_wconf 92' lang='lat' dir='ltr'><strong>illic</strong></span> <span class='ocrx_word' id='word_1_375' title='bbox 2813 2863 2959 2921; x_wconf 91' lang='lat' dir='ltr'><strong>sunt,</strong></span> <span class='ocrx_word' id='word_1_376' title='bbox 2996 2862 3053 2908; x_wconf 91' lang='lat' dir='ltr'><strong>ut</strong></span> <span class='ocrx_word' id='word_1_377' title='bbox 3083 2867 3272 2924; x_wconf 74' lang='lat' dir='ltr'><strong>poenas</strong></span> <span class='ocrx_word' id='word_1_378' title='bbox 3297 2852 3433 2908; x_wconf 88' lang='lat' dir='ltr'><strong>dent</strong></span> <span class='ocrx_word' id='word_1_379' title='bbox 3462 2853 3610 2905; x_wconf 88' lang='lat' dir='ltr'><strong>ausi-</strong></span> 
     </span>
    </p>
   </div>
   <div class='ocr_carea' id='block_1_53' title="bbox 1997 2945 3605 3016">
    <p class='ocr_par' dir='ltr' id='par_1_53' title="bbox 1997 2945 3605 3016">
     <span class='ocr_line' id='line_1_53' title="bbox 1997 2945 3605 3016; baseline -0.006 -9"><span class='ocrx_word' id='word_1_380' title='bbox 1997 2951 2099 3007; x_wconf 82' lang='lat' dir='ltr'><strong>bus</strong></span> <span class='ocrx_word' id='word_1_381' title='bbox 2127 2953 2243 3006; x_wconf 84' lang='lat' dir='ltr'><strong>suis</strong></span> <span class='ocrx_word' id='word_1_382' title='bbox 2272 2951 2506 3007; x_wconf 88' lang='lat' dir='ltr'><strong>debitas.</strong></span> <span class='ocrx_word' id='word_1_383' title='bbox 2560 2949 2724 3005; x_wconf 79' lang='lat' dir='ltr'><strong>Nobis</strong></span> <span class='ocrx_word' id='word_1_384' title='bbox 2751 2958 2934 3002; x_wconf 90' lang='lat' dir='ltr'><strong>autem</strong></span> <span class='ocrx_word' id='word_1_385' title='bbox 2971 2948 3216 3016; x_wconf 86' lang='lat' dir='ltr'><strong>placetur</strong></span> <span class='ocrx_word' id='word_1_386' title='bbox 3243 2955 3468 3015; x_wconf 87' lang='lat' dir='ltr'><strong>paterna</strong></span> <span class='ocrx_word' id='word_1_387' title='bbox 3503 2945 3605 2998; x_wconf 81' lang='lat' dir='ltr'><strong>liu-</strong></span> 
     </span>
    </p>
   </div>
   <div class='ocr_carea' id='block_1_54' title="bbox 1999 3037 3606 3114">
    <p class='ocr_par' dir='ltr' id='par_1_54' title="bbox 1999 3037 3606 3114">
     <span class='ocr_line' id='line_1_54' title="bbox 1999 3037 3606 3114; baseline -0.007 -13"><span class='ocrx_word' id='word_1_388' title='bbox 1999 3045 2237 3101; x_wconf 85' lang='lat' dir='ltr'><strong>manitas</strong></span> <span class='ocrx_word' id='word_1_389' title='bbox 2269 3054 2359 3098; x_wconf 90' lang='lat' dir='ltr'><strong>tua</strong></span> <span class='ocrx_word' id='word_1_390' title='bbox 2397 3061 2410 3098; x_wconf 89' lang='lat'><strong>:</strong></span> <span class='ocrx_word' id='word_1_391' title='bbox 2446 3058 2623 3114; x_wconf 88' lang='lat' dir='ltr'><strong>neque</strong></span> <span class='ocrx_word' id='word_1_392' title='bbox 2655 3043 2877 3096; x_wconf 86' lang='lat' dir='ltr'><strong>deseras</strong></span> <span class='ocrx_word' id='word_1_393' title='bbox 2902 3056 2999 3094; x_wconf 87' lang='lat' dir='ltr'><strong>nos</strong></span> <span class='ocrx_word' id='word_1_394' title='bbox 3027 3049 3282 3110; x_wconf 71' lang='lat' dir='ltr'><strong>expertes</strong></span> <span class='ocrx_word' id='word_1_395' title='bbox 3315 3037 3606 3110; x_wconf 87' lang='lat' dir='ltr'><strong>mysterio-</strong></span> 
     </span>
    </p>
   </div>
   <div class='ocr_carea' id='block_1_55' title="bbox 1997 3132 3602 3196">
    <p class='ocr_par' dir='ltr' id='par_1_55' title="bbox 1997 3132 3602 3196">
     <span class='ocr_line' id='line_1_55' title="bbox 1997 3132 3602 3196; baseline -0.009 0"><span class='ocrx_word' id='word_1_396' title='bbox 1997 3157 2117 3196; x_wconf 90' lang='lat' dir='ltr'><strong>rum</strong></span> <span class='ocrx_word' id='word_1_397' title='bbox 2165 3141 2746 3195; x_wconf 84' lang='lat' dir='ltr'><strong>incontaminatornm.</strong></span> <span class='ocrx_word' id='word_1_398' title='bbox 2823 3135 2975 3190; x_wconf 87' lang='lat' dir='ltr'><strong>Tunc</strong></span> <span class='ocrx_word' id='word_1_399' title='bbox 3022 3135 3189 3188; x_wconf 89' lang='lat' dir='ltr'><strong>etiam</strong></span> <span class='ocrx_word' id='word_1_400' title='bbox 3240 3132 3406 3186; x_wconf 83' lang='lat' dir='ltr'><strong>ﬁliam</strong></span> <span class='ocrx_word' id='word_1_401' title='bbox 3455 3139 3602 3184; x_wconf 88' lang='lat' dir='ltr'><strong>tuam</strong></span> 
     </span>
    </p>
   </div>
   <div class='ocr_carea' id='block_1_56' title="bbox 2003 3224 3606 3303">
    <p class='ocr_par' dir='ltr' id='par_1_56' title="bbox 2003 3224 3606 3303">
     <span class='ocr_line' id='line_1_56' title="bbox 2003 3224 3606 3303; baseline -0.007 -15"><span class='ocrx_word' id='word_1_402' title='bbox 2003 3232 2301 3288; x_wconf 72' lang='lat' dir='ltr'><strong>Eudoxiam</strong></span> <span class='ocrx_word' id='word_1_403' title='bbox 2329 3247 2452 3303; x_wconf 72' lang='lat' dir='ltr'><strong>qute</strong></span> <span class='ocrx_word' id='word_1_404' title='bbox 2476 3228 2787 3301; x_wconf 86' lang='lat' dir='ltr'><strong>peccaverit</strong></span> <span class='ocrx_word' id='word_1_405' title='bbox 2816 3230 2961 3282; x_wconf 89' lang='lat' dir='ltr'><strong>ultus</strong></span> <span class='ocrx_word' id='word_1_406' title='bbox 2999 3241 3117 3280; x_wconf 87' lang='lat' dir='ltr'><strong>sum</strong></span> <span class='ocrx_word' id='word_1_407' title='bbox 3143 3268 3158 3292; x_wconf 95' lang='lat'><strong>,</strong></span> <span class='ocrx_word' id='word_1_408' title='bbox 3191 3240 3314 3295; x_wconf 73' lang='lat' dir='ltr'><strong>quze</strong></span> <span class='ocrx_word' id='word_1_409' title='bbox 3345 3224 3508 3278; x_wconf 91' lang='lat' dir='ltr'><strong>etiam</strong></span> <span class='ocrx_word' id='word_1_410' title='bbox 3538 3237 3606 3277; x_wconf 74' lang='lat' dir='ltr'><strong>ex</strong></span> 
     </span>
    </p>
   </div>
   <div class='ocr_carea' id='block_1_57' title="bbox 2003 3316 3604 3404">
    <p class='ocr_par' dir='ltr' id='par_1_57' title="bbox 2003 3316 3604 3404">
     <span class='ocr_line' id='line_1_57' title="bbox 2003 3316 3604 3404; baseline -0.007 -22"><span class='ocrx_word' id='word_1_411' title='bbox 2003 3327 2088 3383; x_wconf 89' lang='lat' dir='ltr'><strong>his</strong></span> <span class='ocrx_word' id='word_1_412' title='bbox 2118 3327 2444 3404; x_wconf 85' lang='lat' dir='ltr'><strong>gra_vissimo</strong></span> <span class='ocrx_word' id='word_1_413' title='bbox 2475 3323 2666 3377; x_wconf 89' lang='lat' dir='ltr'><strong>morbo</strong></span> <span class='ocrx_word' id='word_1_414' title='bbox 2702 3331 2966 3390; x_wconf 84' lang='lat' dir='ltr'><strong>correpta</strong></span> <span class='ocrx_word' id='word_1_415' title='bbox 2999 3319 3051 3374; x_wconf 92' lang='lat' dir='ltr'><strong>in</strong></span> <span class='ocrx_word' id='word_1_416' title='bbox 3082 3317 3284 3373; x_wconf 84' lang='lat' dir='ltr'><strong>lectulo</strong></span> <span class='ocrx_word' id='word_1_417' title='bbox 3310 3316 3604 3372; x_wconf 86' lang='lat' dir='ltr'><strong>decumbit.</strong></span> 
     </span>
    </p>
   </div>
   <div class='ocr_carea' id='block_1_58' title="bbox 2004 3409 3608 3494">
    <p class='ocr_par' dir='ltr' id='par_1_58' title="bbox 2004 3409 3608 3494">
     <span class='ocr_line' id='line_1_58' title="bbox 2004 3409 3608 3494; baseline -0.011 -12"><span class='ocrx_word' id='word_1_418' title='bbox 2004 3425 2083 3482; x_wconf 86' lang='lat' dir='ltr'><strong>Ne</strong></span> <span class='ocrx_word' id='word_1_419' title='bbox 2116 3424 2280 3494; x_wconf 75' lang='lat' dir='ltr'><strong>igitur</strong></span> <span class='ocrx_word' id='word_1_420' title='bbox 2329 3421 2532 3489; x_wconf 66' lang='lat' dir='ltr'><strong>saepius</strong></span> <span class='ocrx_word' id='word_1_421' title='bbox 2582 3432 2772 3488; x_wconf 62' lang='lat' dir='ltr'><strong>poenas</strong></span> <span class='ocrx_word' id='word_1_422' title='bbox 2825 3431 3032 3482; x_wconf 71' lang='lat' dir='ltr'><strong>sumas,</strong></span> <span class='ocrx_word' id='word_1_423' title='bbox 3083 3430 3116 3466; x_wconf 86' lang='grc' dir='ltr'><strong>υ</strong></span> <span class='ocrx_word' id='word_1_424' title='bbox 3148 3409 3608 3467; x_wconf 85' lang='lat' dir='ltr'><strong>reverendissime</strong></span> 
     </span>
    </p>
   </div>
   <div class='ocr_carea' id='block_1_59' title="bbox 309 3505 3609 3602">
    <p class='ocr_par' dir='ltr' id='par_1_59' title="bbox 309 3505 3609 3602">
     <span class='ocr_line' id='line_1_59' title="bbox 309 3505 3609 3602; baseline -0.01 -16"><span class='ocrx_word' id='word_1_425' title='bbox 309 3505 544 3602; x_wconf 78' lang='lat' dir='ltr'><strong>perspici</strong></span> <span class='ocrx_word' id='word_1_426' title='bbox 587 3537 787 3602; x_wconf 88' lang='lat' dir='ltr'><strong>potest,</strong></span> <span class='ocrx_word' id='word_1_427' title='bbox 835 3527 978 3600; x_wconf 89' lang='lat' dir='ltr'><strong>quod</strong></span> <span class='ocrx_word' id='word_1_428' title='bbox 1031 3542 1128 3582; x_wconf 91' lang='lat' dir='ltr'><strong>eos</strong></span> <span class='ocrx_word' id='word_1_429' title='bbox 1171 3542 1198 3578; x_wconf 87' lang='lat' dir='ltr'><strong>a</strong></span> <span class='ocrx_word' id='word_1_430' title='bbox 1231 3525 1429 3595; x_wconf 85' lang='lat' dir='ltr'><strong>quibus</strong></span> <span class='ocrx_word' id='word_1_431' title='bbox 1474 3523 1569 3577; x_wconf 88' lang='lat' dir='ltr'><strong>illa</strong></span> <span class='ocrx_word' id='word_1_432' title='bbox 1598 3531 1713 3577; x_wconf 88' lang='lat' dir='ltr'><strong>orta</strong></span> <span class='ocrx_word' id='word_1_433' title='bbox 1749 3529 1894 3586; x_wconf 89' lang='lat' dir='ltr'><strong>sunt,</strong></span> <span class='ocrx_word' id='word_1_434' title='bbox 1924 3509 1970 3571; x_wconf 88' lang='lat' dir='ltr'>C</span> <span class='ocrx_word' id='word_1_435' title='bbox 2004 3528 2159 3591; x_wconf 88' lang='lat' dir='ltr'><strong>pater</strong></span> <span class='ocrx_word' id='word_1_436' title='bbox 2185 3536 2195 3572; x_wconf 92' lang='lat'>:</span> <span class='ocrx_word' id='word_1_437' title='bbox 2219 3529 2396 3586; x_wconf 91' lang='lat' dir='ltr'><strong>neque</strong></span> <span class='ocrx_word' id='word_1_438' title='bbox 2427 3513 2572 3567; x_wconf 89' lang='lat' dir='ltr'><strong>enim</strong></span> <span class='ocrx_word' id='word_1_439' title='bbox 2597 3510 2862 3564; x_wconf 86' lang='lat' dir='ltr'><strong>Dominus</strong></span> <span class='ocrx_word' id='word_1_440' title='bbox 2889 3507 2942 3562; x_wconf 93' lang='lat' dir='ltr'><strong>in</strong></span> <span class='ocrx_word' id='word_1_441' title='bbox 2967 3505 3159 3561; x_wconf 84' lang='lat' dir='ltr'><strong>eadem</strong></span> <span class='ocrx_word' id='word_1_442' title='bbox 3185 3505 3268 3558; x_wconf 90' lang='lat' dir='ltr'><strong>bis</strong></span> <span class='ocrx_word' id='word_1_443' title='bbox 3303 3518 3493 3570; x_wconf 87' lang='lat' dir='ltr'><strong>poenas</strong></span> <span class='ocrx_word' id='word_1_444' title='bbox 3520 3517 3609 3555; x_wconf 91' lang='lat' dir='ltr'><strong>sn-</strong></span> 
     </span>
    </p>
   </div>
   <div class='ocr_carea' id='block_1_60' title="bbox 309 3612 1902 3689">
    <p class='ocr_par' dir='ltr' id='par_1_60' title="bbox 309 3612 1902 3689">
     <span class='ocr_line' id='line_1_60' title="bbox 309 3612 1902 3689; baseline -0.008 -11"><span class='ocrx_word' id='word_1_445' title='bbox 309 3637 499 3680; x_wconf 84' lang='lat' dir='ltr'><strong>severe</strong></span> <span class='ocrx_word' id='word_1_446' title='bbox 539 3623 686 3677; x_wconf 90' lang='lat' dir='ltr'><strong>ultus</strong></span> <span class='ocrx_word' id='word_1_447' title='bbox 720 3635 862 3676; x_wconf 92' lang='lat' dir='ltr'><strong>sum.</strong></span> <span class='ocrx_word' id='word_1_448' title='bbox 921 3619 1108 3688; x_wconf 83' lang='lat' dir='ltr'><strong>Neque</strong></span> <span class='ocrx_word' id='word_1_449' title='bbox 1161 3618 1302 3689; x_wconf 91' lang='lat' dir='ltr'><strong>quod</strong></span> <span class='ocrx_word' id='word_1_450' title='bbox 1338 3631 1566 3688; x_wconf 82' lang='lat' dir='ltr'><strong>magnus</strong></span> <span class='ocrx_word' id='word_1_451' title='bbox 1619 3615 1709 3670; x_wconf 91' lang='lat' dir='ltr'><strong>ille</strong></span> <span class='ocrx_word' id='word_1_452' title='bbox 1737 3612 1902 3668; x_wconf 84' lang='lat' dir='ltr'><strong>Joan-</strong></span> 
     </span>
    </p>
   </div>
   <div class='ocr_carea' id='block_1_61' title="bbox 311 3709 1903 3790">
    <p class='ocr_par' dir='ltr' id='par_1_61' title="bbox 311 3709 1903 3790">
     <span class='ocr_line' id='line_1_61' title="bbox 311 3709 1903 3790; baseline -0.009 -14"><span class='ocrx_word' id='word_1_453' title='bbox 311 3736 404 3776; x_wconf 89' lang='lat' dir='ltr'><strong>nes</strong></span> <span class='ocrx_word' id='word_1_454' title='bbox 431 3719 710 3790; x_wconf 89' lang='lat' dir='ltr'><strong>depositus</strong></span> <span class='ocrx_word' id='word_1_455' title='bbox 740 3717 848 3784; x_wconf 85' lang='lat' dir='ltr'><strong>sit&#39;,</strong></span> <span class='ocrx_word' id='word_1_456' title='bbox 883 3715 992 3769; x_wconf 88' lang='lat' dir='ltr'><strong>ulla</strong></span> <span class='ocrx_word' id='word_1_457' title='bbox 1033 3716 1085 3768; x_wconf 92' lang='lat' dir='ltr'><strong>in</strong></span> <span class='ocrx_word' id='word_1_458' title='bbox 1124 3729 1209 3768; x_wconf 90' lang='lat' dir='ltr'><strong>me</strong></span> <span class='ocrx_word' id='word_1_459' title='bbox 1240 3713 1396 3782; x_wconf 86' lang='lat' dir='ltr'><strong>culpa</strong></span> <span class='ocrx_word' id='word_1_460' title='bbox 1427 3711 1548 3780; x_wconf 90' lang='lat' dir='ltr'><strong>ejus</strong></span> <span class='ocrx_word' id='word_1_461' title='bbox 1587 3711 1663 3764; x_wconf 86' lang='lat' dir='ltr'><strong>rei</strong></span> <span class='ocrx_word' id='word_1_462' title='bbox 1703 3709 1903 3776; x_wconf 64' lang='lat' dir='ltr'><strong>bzeret,</strong></span> 
     </span>
    </p>
   </div>
   <div class='ocr_carea' id='block_1_62' title="bbox 308 3803 1905 3877">
    <p class='ocr_par' dir='ltr' id='par_1_62' title="bbox 308 3803 1905 3877">
     <span class='ocr_line' id='line_1_62' title="bbox 308 3803 1905 3877; baseline -0.009 -10"><span class='ocrx_word' id='word_1_463' title='bbox 308 3811 402 3867; x_wconf 89' lang='lat' dir='ltr'><strong>sed</strong></span> <span class='ocrx_word' id='word_1_464' title='bbox 451 3808 765 3866; x_wconf 79' lang='lat' dir='ltr'><strong>infelicibus</strong></span> <span class='ocrx_word' id='word_1_465' title='bbox 815 3806 1108 3877; x_wconf 89' lang='lat' dir='ltr'><strong>episcopis,</strong></span> <span class='ocrx_word' id='word_1_466' title='bbox 1149 3805 1292 3875; x_wconf 88' lang='lat' dir='ltr'><strong>quod</strong></span> <span class='ocrx_word' id='word_1_467' title='bbox 1322 3803 1534 3858; x_wconf 85' lang='lat' dir='ltr'><strong>scilicet</strong></span> <span class='ocrx_word' id='word_1_468' title='bbox 1561 3816 1682 3856; x_wconf 90' lang='lat' dir='ltr'><strong>cum</strong></span> <span class='ocrx_word' id='word_1_469' title='bbox 1717 3813 1905 3854; x_wconf 79' lang='lat' dir='ltr'><strong>sacras</strong></span> 
     </span>
    </p>
   </div>
   <div class='ocr_carea' id='block_1_63' title="bbox 309 3891 1905 3974">
    <p class='ocr_par' dir='ltr' id='par_1_63' title="bbox 309 3891 1905 3974">
     <span class='ocr_line' id='line_1_63' title="bbox 309 3891 1905 3974; baseline -0.009 -15"><span class='ocrx_word' id='word_1_470' title='bbox 309 3919 549 3960; x_wconf 85' lang='lat' dir='ltr'><strong>canones</strong></span> <span class='ocrx_word' id='word_1_471' title='bbox 579 3900 1016 3974; x_wconf 67' lang='lat' dir='ltr'><strong>prmtendereul,</strong></span> <span class='ocrx_word' id='word_1_472' title='bbox 1048 3898 1307 3970; x_wconf 82' lang='lat' dir='ltr'><strong>judicium</strong></span> <span class='ocrx_word' id='word_1_473' title='bbox 1352 3894 1712 3966; x_wconf 84' lang='lat' dir='ltr'><strong>depositionis</strong></span> <span class='ocrx_word' id='word_1_474' title='bbox 1762 3891 1905 3945; x_wconf 87' lang='lat' dir='ltr'><strong>illius</strong></span> 
     </span>
    </p>
   </div>
   <div class='ocr_carea' id='block_1_64' title="bbox 311 3992 1902 4067">
    <p class='ocr_par' dir='ltr' id='par_1_64' title="bbox 311 3992 1902 4067">
     <span class='ocr_line' id='line_1_64' title="bbox 311 3992 1902 4067; baseline -0.008 -13"><span class='ocrx_word' id='word_1_475' title='bbox 311 3999 364 4054; x_wconf 93' lang='lat' dir='ltr'><strong>in</strong></span> <span class='ocrx_word' id='word_1_476' title='bbox 409 4014 505 4054; x_wconf 91' lang='lat' dir='ltr'><strong>sua</strong></span> <span class='ocrx_word' id='word_1_477' title='bbox 553 3998 794 4067; x_wconf 89' lang='lat' dir='ltr'><strong>ipsorum</strong></span> <span class='ocrx_word' id='word_1_478' title='bbox 840 3993 1061 4064; x_wconf 82' lang='lat' dir='ltr'><strong>profana</strong></span> <span class='ocrx_word' id='word_1_479' title='bbox 1109 3992 1286 4062; x_wconf 90' lang='lat' dir='ltr'><strong>capita</strong></span> <span class='ocrx_word' id='word_1_480' title='bbox 1329 3999 1739 4054; x_wconf 84' lang='lat' dir='ltr'><strong>converterunt,</strong></span> <span class='ocrx_word' id='word_1_481' title='bbox 1770 4002 1902 4058; x_wconf 85' lang='lat' dir='ltr'><strong>quo-</strong></span> 
     </span>
    </p>
   </div>
   <div class='ocr_carea' id='block_1_65' title="bbox 313 4080 1904 4156">
    <p class='ocr_par' dir='ltr' id='par_1_65' title="bbox 313 4080 1904 4156">
     <span class='ocr_line' id='line_1_65' title="bbox 313 4080 1904 4156; baseline -0.008 -10"><span class='ocrx_word' id='word_1_482' title='bbox 313 4106 433 4146; x_wconf 89' lang='lat' dir='ltr'><strong>rum</strong></span> <span class='ocrx_word' id='word_1_483' title='bbox 464 4103 721 4146; x_wconf 89' lang='lat' dir='ltr'><strong>sermone</strong></span> <span class='ocrx_word' id='word_1_484' title='bbox 749 4087 936 4144; x_wconf 90' lang='lat' dir='ltr'><strong>nescio</strong></span> <span class='ocrx_word' id='word_1_485' title='bbox 962 4085 1238 4156; x_wconf 87' lang='lat' dir='ltr'><strong>quomodo</strong></span> <span class='ocrx_word' id='word_1_486' title='bbox 1271 4083 1544 4149; x_wconf 90' lang='lat' dir='ltr'><strong>inductus,</strong></span> <span class='ocrx_word' id='word_1_487' title='bbox 1592 4083 1756 4136; x_wconf 89' lang='lat' dir='ltr'><strong>etiam</strong></span> <span class='ocrx_word' id='word_1_488' title='bbox 1789 4080 1904 4150; x_wconf 87' lang='lat' dir='ltr'><strong>ipse</strong></span> 
     </span>
    </p>
   </div>
   <div class='ocr_carea' id='block_1_66' title="bbox 314 4173 1902 4250">
    <p class='ocr_par' dir='ltr' id='par_1_66' title="bbox 314 4173 1902 4250">
     <span class='ocr_line' id='line_1_66' title="bbox 314 4173 1902 4250; baseline -0.008 -10"><span class='ocrx_word' id='word_1_489' title='bbox 314 4199 500 4240; x_wconf 88' lang='lat' dir='ltr'><strong>eorum</strong></span> <span class='ocrx_word' id='word_1_490' title='bbox 531 4180 818 4238; x_wconf 72' lang='lat' dir='ltr'><strong>sententize</strong></span> <span class='ocrx_word' id='word_1_491' title='bbox 839 4223 854 4249; x_wconf 95' lang='lat'><strong>,</strong></span> <span class='ocrx_word' id='word_1_492' title='bbox 892 4178 1035 4250; x_wconf 90' lang='lat' dir='ltr'><strong>quod</strong></span> <span class='ocrx_word' id='word_1_493' title='bbox 1067 4178 1273 4231; x_wconf 87' lang='lat' dir='ltr'><strong>utinam</strong></span> <span class='ocrx_word' id='word_1_494' title='bbox 1308 4189 1598 4242; x_wconf 81' lang='lat' dir='ltr'><strong>numquam</strong></span> <span class='ocrx_word' id='word_1_495' title='bbox 1632 4173 1902 4242; x_wconf 90' lang='lat' dir='ltr'><strong>fecissem,</strong></span> 
     </span>
    </p>
   </div>
   <div class='ocr_carea' id='block_1_67' title="bbox 385 4351 1913 4434">
    <p class='ocr_par' dir='ltr' id='par_1_67' title="bbox 385 4351 1913 4434">
     <span class='ocr_line' id='line_1_67' title="bbox 385 4351 1913 4434; baseline -0.014 -9"><span class='ocrx_word' id='word_1_496' title='bbox 385 4379 412 4407; x_wconf 66' lang='grc' dir='ltr'><strong>η</strong></span> <span class='ocrx_word' id='word_1_497' title='bbox 442 4368 519 4424; x_wconf 88' lang='lat' dir='ltr'><strong>De</strong></span> <span class='ocrx_word' id='word_1_498' title='bbox 562 4367 651 4429; x_wconf 89' lang='lat' dir='ltr'><strong>iis,</strong></span> <span class='ocrx_word' id='word_1_499' title='bbox 694 4374 977 4434; x_wconf 71' lang='lat' dir='ltr'><strong>quaecum</strong></span> <span class='ocrx_word' id='word_1_500' title='bbox 1019 4356 1212 4426; x_wconf 80' lang='lat' dir='ltr'><strong>legatis</strong></span> <span class='ocrx_word' id='word_1_501' title='bbox 1243 4362 1358 4434; x_wconf 64' lang='lat' dir='ltr'><strong>acta</strong></span> <span class='ocrx_word' id='word_1_502' title='bbox 1391 4363 1533 4415; x_wconf 89' lang='lat' dir='ltr'><strong>sunt,</strong></span> <span class='ocrx_word' id='word_1_503' title='bbox 1570 4353 1642 4406; x_wconf 89' lang='lat' dir='ltr'><strong>ita</strong></span> <span class='ocrx_word' id='word_1_504' title='bbox 1673 4351 1913 4419; x_wconf 90' lang='lat' dir='ltr'><strong>loquitur</strong></span> 
     </span>
    </p>
   </div>
   <div class='ocr_carea' id='block_1_68' title="bbox 315 4427 1910 4508">
    <p class='ocr_par' dir='ltr' id='par_1_68' title="bbox 315 4427 1910 4508">
     <span class='ocr_line' id='line_1_68' title="bbox 315 4427 1910 4508; baseline -0.015 -10"><span class='ocrx_word' id='word_1_505' title='bbox 315 4441 591 4497; x_wconf 87' lang='lat' dir='ltr'><strong>Palladius</strong></span> <span class='ocrx_word' id='word_1_506' title='bbox 789 4432 859 4488; x_wconf 67' lang='lat'><strong>&#39;52</strong></span> <span class='ocrx_word' id='word_1_507' title='bbox 903 4441 956 4485; x_wconf 90' lang='lat' dir='ltr'><strong>et</strong></span> <span class='ocrx_word' id='word_1_508' title='bbox 997 4439 1269 4508; x_wconf 71' lang='lat' dir='ltr'><strong>seqq.,_nt</strong></span> <span class='ocrx_word' id='word_1_509' title='bbox 1301 4427 1688 4508; x_wconf 66' lang='lat' dir='ltr'><strong>Imperatorem</strong></span> <span class='ocrx_word' id='word_1_510' title='bbox 1722 4438 1910 4476; x_wconf 88' lang='lat' dir='ltr'><strong>eorum</strong></span> 
     </span>
    </p>
   </div>
   <div class='ocr_carea' id='block_1_69' title="bbox 316 4495 1916 4572">
    <p class='ocr_par' dir='ltr' id='par_1_69' title="bbox 316 4495 1916 4572">
     <span class='ocr_line' id='line_1_69' title="bbox 316 4495 1916 4572; baseline -0.016 -3"><span class='ocrx_word' id='word_1_511' title='bbox 316 4495 591 4569; x_wconf 74' lang='lat' dir='ltr'><strong>conscium</strong></span> <span class='ocrx_word' id='word_1_512' title='bbox 635 4495 755 4562; x_wconf 66' lang='lat' dir='ltr'><strong>esse</strong></span> <span class='ocrx_word' id='word_1_513' title='bbox 792 4521 896 4559; x_wconf 95' lang='lat' dir='ltr'><strong>non</strong></span> <span class='ocrx_word' id='word_1_514' title='bbox 940 4495 1154 4572; x_wconf 81' lang='lat' dir='ltr'><strong>prodat.</strong></span> <span class='ocrx_word' id='word_1_515' title='bbox 1201 4498 1369 4552; x_wconf 86' lang='lat' dir='ltr'><strong>Immo</strong></span> <span class='ocrx_word' id='word_1_516' title='bbox 1411 4495 1762 4572; x_wconf 75' lang='lat' dir='ltr'><strong>missosesse</strong></span> <span class='ocrx_word' id='word_1_517' title='bbox 1793 4508 1916 4572; x_wconf 61' lang='lat' dir='ltr'><strong>nar-</strong></span> 
     </span>
    </p>
   </div>
   <div class='ocr_carea' id='block_1_70' title="bbox 317 4563 1916 4652">
    <p class='ocr_par' dir='ltr' id='par_1_70' title="bbox 317 4563 1916 4652">
     <span class='ocr_line' id='line_1_70' title="bbox 317 4563 1916 4652; baseline -0.016 -11"><span class='ocrx_word' id='word_1_518' title='bbox 629 4580 834 4648; x_wconf 83' lang='lat' dir='ltr'><strong>Iegatos</strong></span> <span class='ocrx_word' id='word_1_519' title='bbox 856 4563 1192 4652; x_wconf 69' lang='lat' dir='ltr'><strong>pervertere</strong></span> <span class='ocrx_word' id='word_1_520' title='bbox 1221 4580 1588 4652; x_wconf 45' lang='lat' dir='ltr'><strong>conarentnnr;</strong></span> <span class='ocrx_word' id='word_1_521' title='bbox 1625 4565 1750 4647; x_wconf 78' lang='lat' dir='ltr'><strong>idne</strong></span> <span class='ocrx_word' id='word_1_522' title='bbox 1781 4563 1916 4616; x_wconf 86' lang='lat' dir='ltr'><strong>auli-</strong></span> 
     </span>
    </p>
   </div>
   <div class='ocr_carea' id='block_1_71' title="bbox 318 4637 1919 4720">
    <p class='ocr_par' dir='ltr' id='par_1_71' title="bbox 318 4637 1919 4720">
     <span class='ocr_line' id='line_1_71' title="bbox 318 4637 1919 4720; baseline -0.014 -10"><span class='ocrx_word' id='word_1_523' title='bbox 318 4637 504 4710; x_wconf 75' lang='lat' dir='ltr'><strong>corum</strong></span> <span class='ocrx_word' id='word_1_524' title='bbox 526 4637 922 4720; x_wconf 52' lang='lat' dir='ltr'><strong>&#39;Impevratoris,</strong></span> <span class='ocrx_word' id='word_1_525' title='bbox 955 4661 1036 4720; x_wconf 2' lang='lat' dir='ltr'><strong>pan</strong></span> <span class='ocrx_word' id='word_1_526' title='bbox 1084 4644 1242 4720; x_wconf 79' lang='lat' dir='ltr'><strong>Attici</strong></span> <span class='ocrx_word' id='word_1_527' title='bbox 1277 4637 1798 4720; x_wconf 40' lang='lat' dir='ltr'><strong>operafactumnsit,</strong></span> <span class='ocrx_word' id='word_1_528' title='bbox 1832 4652 1919 4688; x_wconf 87' lang='lat' dir='ltr'><strong>ne-</strong></span> 
     </span>
    </p>
   </div>
   <div class='ocr_carea' id='block_1_72' title="bbox 2010 3593 3605 3680">
    <p class='ocr_par' dir='ltr' id='par_1_72' title="bbox 2010 3593 3605 3680">
     <span class='ocr_line' id='line_1_72' title="bbox 2010 3593 3605 3680; baseline -0.013 -13"><span class='ocrx_word' id='word_1_529' title='bbox 2010 3613 2141 3680; x_wconf 86' lang='lat' dir='ltr'><strong>mit,</strong></span> <span class='ocrx_word' id='word_1_530' title='bbox 2186 3620 2244 3664; x_wconf 91' lang='lat' dir='ltr'><strong>ut</strong></span> <span class='ocrx_word' id='word_1_531' title='bbox 2273 3608 2538 3676; x_wconf 84' lang='lat' dir='ltr'><strong>scriptum</strong></span> <span class='ocrx_word' id='word_1_532' title='bbox 2573 3613 2655 3657; x_wconf 79' lang='lat' dir='ltr'><strong>est</strong></span> <span class='ocrx_word' id='word_1_533' title='bbox 2689 3601 2913 3668; x_wconf 81' lang='lat' dir='ltr'><strong>(Naum.</strong></span> <span class='ocrx_word' id='word_1_534' title='bbox 2949 3615 2985 3654; x_wconf 89' lang='grc' dir='ltr'><strong>ι.</strong></span> <span class='ocrx_word' id='word_1_535' title='bbox 3022 3598 3075 3664; x_wconf 86' lang='grc'><strong>9,</strong></span> <span class='ocrx_word' id='word_1_536' title='bbox 3108 3613 3210 3650; x_wconf 78' lang='lat' dir='ltr'><strong>scr.</strong></span> <span class='ocrx_word' id='word_1_537' title='bbox 3243 3595 3431 3665; x_wconf 79' lang='lat' dir='ltr'><strong>LXX).</strong></span> <span class='ocrx_word' id='word_1_538' title='bbox 3501 3593 3605 3650; x_wconf 89' lang='lat' dir='ltr'><strong>Ubi</strong></span> 
     </span>
    </p>
   </div>
   <div class='ocr_carea' id='block_1_73' title="bbox 2008 3689 3610 3768">
    <p class='ocr_par' dir='ltr' id='par_1_73' title="bbox 2008 3689 3610 3768">
     <span class='ocr_line' id='line_1_73' title="bbox 2008 3689 3610 3768; baseline -0.011 -9"><span class='ocrx_word' id='word_1_539' title='bbox 2008 3715 2188 3759; x_wconf 88' lang='lat' dir='ltr'><strong>autem</strong></span> <span class='ocrx_word' id='word_1_540' title='bbox 2221 3699 2326 3756; x_wconf 88' lang='lat' dir='ltr'><strong>erit</strong></span> <span class='ocrx_word' id='word_1_541' title='bbox 2355 3695 2693 3768; x_wconf 60' lang='lat' dir='ltr'><strong>ptenitentitc</strong></span> <span class='ocrx_word' id='word_1_542' title='bbox 2726 3704 2748 3741; x_wconf 68' lang='grc' dir='ltr'>ε</span> <span class='ocrx_word' id='word_1_543' title='bbox 2803 3697 3040 3756; x_wconf 89' lang='lat' dir='ltr'><strong>bonum,</strong></span> <span class='ocrx_word' id='word_1_544' title='bbox 3094 3690 3199 3745; x_wconf 82' lang='lat' dir='ltr'><strong>nisi</strong></span> <span class='ocrx_word' id='word_1_545' title='bbox 3232 3689 3298 3744; x_wconf 80' lang='lat' dir='ltr'><strong>iis</strong></span> <span class='ocrx_word' id='word_1_546' title='bbox 3327 3704 3462 3762; x_wconf 85' lang='lat' dir='ltr'><strong>quos</strong></span> <span class='ocrx_word' id='word_1_547' title='bbox 3497 3702 3610 3758; x_wconf 70' lang='lat' dir='ltr'><strong>poe-</strong></span> 
     </span>
    </p>
   </div>
   <div class='ocr_carea' id='block_1_74' title="bbox 2009 3782 3611 3857">
    <p class='ocr_par' dir='ltr' id='par_1_74' title="bbox 2009 3782 3611 3857">
     <span class='ocr_line' id='line_1_74' title="bbox 2009 3782 3611 3857; baseline -0.012 -3"><span class='ocrx_word' id='word_1_548' title='bbox 2009 3801 2180 3855; x_wconf 82' lang='lat' dir='ltr'><strong>niteat</strong></span> <span class='ocrx_word' id='word_1_549' title='bbox 2208 3796 2362 3850; x_wconf 88' lang='lat' dir='ltr'><strong>venia</strong></span> <span class='ocrx_word' id='word_1_550' title='bbox 2398 3791 2714 3848; x_wconf 84' lang='lat' dir='ltr'><strong>tribuatur?</strong></span> <span class='ocrx_word' id='word_1_551' title='bbox 2763 3789 2931 3857; x_wconf 73' lang='lat' dir='ltr'><strong>Igitur</strong></span> <span class='ocrx_word' id='word_1_552' title='bbox 2963 3789 3004 3840; x_wconf 89' lang='lat' dir='ltr'><strong>si</strong></span> <span class='ocrx_word' id='word_1_553' title='bbox 3030 3800 3130 3840; x_wconf 90' lang='lat' dir='ltr'><strong>nos</strong></span> <span class='ocrx_word' id='word_1_554' title='bbox 3152 3782 3370 3854; x_wconf 87' lang='lat' dir='ltr'><strong>quidem</strong></span> <span class='ocrx_word' id='word_1_555' title='bbox 3397 3797 3464 3835; x_wconf 78' lang='lat' dir='ltr'><strong>ex</strong></span> <span class='ocrx_word' id='word_1_556' title='bbox 3496 3795 3611 3851; x_wconf 78' lang='lat' dir='ltr'><strong>pm-</strong></span> 
     </span>
    </p>
   </div>
   <div class='ocr_carea' id='block_1_75' title="bbox 2013 3876 3605 3948">
    <p class='ocr_par' dir='ltr' id='par_1_75' title="bbox 2013 3876 3605 3948">
     <span class='ocr_line' id='line_1_75' title="bbox 2013 3876 3605 3948; baseline -0.013 -2"><span class='ocrx_word' id='word_1_557' title='bbox 2013 3891 2310 3947; x_wconf 87' lang='lat' dir='ltr'><strong>nitentibus</strong></span> <span class='ocrx_word' id='word_1_558' title='bbox 2357 3903 2463 3942; x_wconf 90' lang='lat' dir='ltr'><strong>non</strong></span> <span class='ocrx_word' id='word_1_559' title='bbox 2513 3899 2785 3948; x_wconf 84' lang='lat' dir='ltr'><strong>essemus,</strong></span> <span class='ocrx_word' id='word_1_560' title='bbox 2839 3881 3034 3934; x_wconf 82' lang='lat' dir='ltr'><strong>merito</strong></span> <span class='ocrx_word' id='word_1_561' title='bbox 3070 3877 3251 3931; x_wconf 86' lang='lat' dir='ltr'><strong>aditus</strong></span> <span class='ocrx_word' id='word_1_562' title='bbox 3293 3876 3358 3929; x_wconf 83' lang='lat' dir='ltr'><strong>ad</strong></span> <span class='ocrx_word' id='word_1_563' title='bbox 3389 3876 3605 3929; x_wconf 84' lang='lat' dir='ltr'><strong>veniam</strong></span> 
     </span>
    </p>
   </div>
   <div class='ocr_carea' id='block_1_76' title="bbox 2011 3968 3610 4040">
    <p class='ocr_par' dir='ltr' id='par_1_76' title="bbox 2011 3968 3610 4040">
     <span class='ocr_line' id='line_1_76' title="bbox 2011 3968 3610 4040; baseline -0.014 0"><span class='ocrx_word' id='word_1_564' title='bbox 2011 3985 2396 4040; x_wconf 83' lang='lat' dir='ltr'><strong>clauderetur:</strong></span> <span class='ocrx_word' id='word_1_565' title='bbox 2435 3987 2492 4033; x_wconf 90' lang='lat' dir='ltr'><strong>et</strong></span> <span class='ocrx_word' id='word_1_566' title='bbox 2536 3979 2579 4031; x_wconf 92' lang='lat' dir='ltr'><strong>si</strong></span> <span class='ocrx_word' id='word_1_567' title='bbox 2614 3974 2990 4029; x_wconf 84' lang='lat' dir='ltr'><strong>accusavimus</strong></span> <span class='ocrx_word' id='word_1_568' title='bbox 3030 3979 3085 4025; x_wconf 90' lang='lat' dir='ltr'><strong>et</strong></span> <span class='ocrx_word' id='word_1_569' title='bbox 3123 3968 3610 4024; x_wconf 77' lang='lat' dir='ltr'><strong>eondemnnvirnns</strong></span> 
     </span>
    </p>
   </div>
   <div class='ocr_carea' id='block_1_77' title="bbox 2013 4056 3609 4146">
    <p class='ocr_par' dir='ltr' id='par_1_77' title="bbox 2013 4056 3609 4146">
     <span class='ocr_line' id='line_1_77' title="bbox 2013 4056 3609 4146; baseline -0.015 -12"><span class='ocrx_word' id='word_1_570' title='bbox 2013 4093 2115 4134; x_wconf 90' lang='lat' dir='ltr'><strong>nos</strong></span> <span class='ocrx_word' id='word_1_571' title='bbox 2139 4079 2288 4146; x_wconf 88' lang='lat' dir='ltr'><strong>ipsos</strong></span> <span class='ocrx_word' id='word_1_572' title='bbox 2319 4073 2386 4127; x_wconf 89' lang='lat' dir='ltr'><strong>ab</strong></span> <span class='ocrx_word' id='word_1_573' title='bbox 2417 4072 2484 4126; x_wconf 88' lang='lat' dir='ltr'><strong>iis</strong></span> <span class='ocrx_word' id='word_1_574' title='bbox 2507 4084 2632 4140; x_wconf 68' lang='lat' dir='ltr'><strong>quin</strong></span> <span class='ocrx_word' id='word_1_575' title='bbox 2665 4067 2805 4121; x_wconf 89' lang='lat' dir='ltr'><strong>male</strong></span> <span class='ocrx_word' id='word_1_576' title='bbox 2835 4067 3082 4134; x_wconf 80' lang='lat' dir='ltr'><strong>egimus;</strong></span> <span class='ocrx_word' id='word_1_577' title='bbox 3117 4077 3184 4115; x_wconf 92' lang='lat' dir='ltr'><strong>ne</strong></span> <span class='ocrx_word' id='word_1_578' title='bbox 3213 4062 3355 4114; x_wconf 91' lang='lat' dir='ltr'><strong>bono</strong></span> <span class='ocrx_word' id='word_1_579' title='bbox 3393 4056 3609 4128; x_wconf 86' lang='lat' dir='ltr'><strong>quidem</strong></span> 
     </span>
    </p>
   </div>
   <div class='ocr_carea' id='block_1_78' title="bbox 2015 4156 3477 4244">
    <p class='ocr_par' dir='ltr' id='par_1_78' title="bbox 2015 4156 3477 4244">
     <span class='ocr_line' id='line_1_78' title="bbox 2015 4156 3477 4244; baseline -0.014 -18"><span class='ocrx_word' id='word_1_580' title='bbox 2015 4170 2373 4244; x_wconf 66' lang='grc' dir='ltr'>ιιαξιιὶιριιιίω,</span> <span class='ocrx_word' id='word_1_581' title='bbox 2407 4164 2551 4235; x_wconf 90' lang='lat' dir='ltr'><strong>quod</strong></span> <span class='ocrx_word' id='word_1_582' title='bbox 2577 4163 2799 4234; x_wconf 87' lang='lat' dir='ltr'><strong>quidem</strong></span> <span class='ocrx_word' id='word_1_583' title='bbox 2819 4158 2977 4214; x_wconf 82' lang='lat' dir='ltr'><strong>venia</strong></span> <span class='ocrx_word' id='word_1_584' title='bbox 3003 4167 3108 4219; x_wconf 83' lang='lat' dir='ltr'><strong>est,</strong></span> <span class='ocrx_word' id='word_1_585' title='bbox 3143 4156 3477 4211; x_wconf 77' lang='lat' dir='ltr'><strong>cxcidamus.</strong></span> 
     </span>
    </p>
   </div>
   <div class='ocr_carea' id='block_1_79' title="bbox 2022 4333 3618 4412">
    <p class='ocr_par' dir='ltr' id='par_1_79' title="bbox 2022 4333 3618 4412">
     <span class='ocr_line' id='line_1_79' title="bbox 2022 4333 3618 4412; baseline -0.011 -11"><span class='ocrx_word' id='word_1_586' title='bbox 2022 4349 2185 4403; x_wconf 80' lang='lat' dir='ltr'><strong>dente</strong></span> <span class='ocrx_word' id='word_1_587' title='bbox 2211 4343 2472 4412; x_wconf 90' lang='lat' dir='ltr'><strong>scriptum</strong></span> <span class='ocrx_word' id='word_1_588' title='bbox 2503 4350 2643 4412; x_wconf 79' lang='lat' dir='ltr'><strong>erat.</strong></span> <span class='ocrx_word' id='word_1_589' title='bbox 2674 4338 2936 4412; x_wconf 76' lang='lat' dir='ltr'><strong>Quocirca</strong></span> <span class='ocrx_word' id='word_1_590' title='bbox 2964 4348 3101 4401; x_wconf 85' lang='lat' dir='ltr'><strong>opus</strong></span> <span class='ocrx_word' id='word_1_591' title='bbox 3124 4347 3245 4412; x_wconf 80' lang='lat' dir='ltr'><strong>esse</strong></span> <span class='ocrx_word' id='word_1_592' title='bbox 3272 4333 3618 4412; x_wconf 75' lang='lat' dir='ltr'><strong>suspicamur</strong></span> 
     </span>
    </p>
   </div>
   <div class='ocr_carea' id='block_1_80' title="bbox 2029 4404 3412 4479">
    <p class='ocr_par' dir='ltr' id='par_1_80' title="bbox 2029 4404 3412 4479">
     <span class='ocr_line' id='line_1_80' title="bbox 2029 4404 3412 4479; baseline -0.012 -6"><span class='ocrx_word' id='word_1_593' title='bbox 2029 4420 2269 4474; x_wconf 80' lang='lat' dir='ltr'><strong>ltotninis</strong></span> <span class='ocrx_word' id='word_1_594' title='bbox 2297 4404 2481 4479; x_wconf 70' lang='lat' dir='ltr'><strong>otiosi,</strong></span> <span class='ocrx_word' id='word_1_595' title='bbox 2507 4410 2599 4477; x_wconf 89' lang='lat' dir='ltr'><strong>qui</strong></span> <span class='ocrx_word' id='word_1_596' title='bbox 2635 4410 2831 4478; x_wconf 71' lang='lat' dir='ltr'><strong>stylnin</strong></span> <span class='ocrx_word' id='word_1_597' title='bbox 2862 4422 3125 4461; x_wconf 67' lang='grc' dir='ltr'><strong>ωειδνεριύ</strong></span> <span class='ocrx_word' id='word_1_598' title='bbox 3160 4404 3412 4479; x_wconf 78' lang='lat' dir='ltr'><strong>voluerit.</strong></span> 
     </span>
    </p>
   </div>
   <div class='ocr_carea' id='block_1_81' title="bbox 2101 4474 3618 4556">
    <p class='ocr_par' dir='ltr' id='par_1_81' title="bbox 2101 4474 3618 4556">
     <span class='ocr_line' id='line_1_81' title="bbox 2101 4474 3618 4556; baseline -0.012 -14"><span class='ocrx_word' id='word_1_599' title='bbox 2101 4501 2122 4527; x_wconf 73' lang='grc' dir='ltr'><strong>ε</strong></span> <span class='ocrx_word' id='word_1_600' title='bbox 2167 4474 2638 4556; x_wconf 76' lang='lat' dir='ltr'><strong>Quemadmodum</strong></span> <span class='ocrx_word' id='word_1_601' title='bbox 2680 4474 3103 4556; x_wconf 72' lang='lat' dir='ltr'><strong>ChrySostomus</strong></span> <span class='ocrx_word' id='word_1_602' title='bbox 3142 4477 3322 4556; x_wconf 62' lang='lat' dir='ltr'><strong>statim</strong></span> <span class='ocrx_word' id='word_1_603' title='bbox 3359 4483 3521 4555; x_wconf 77' lang='lat' dir='ltr'><strong>atque</strong></span> <span class='ocrx_word' id='word_1_604' title='bbox 3550 4474 3618 4526; x_wconf 89' lang='lat' dir='ltr'><strong>ab</strong></span> 
     </span>
    </p>
   </div>
   <div class='ocr_carea' id='block_1_82' title="bbox 2029 4544 3615 4624">
    <p class='ocr_par' dir='ltr' id='par_1_82' title="bbox 2029 4544 3615 4624">
     <span class='ocr_line' id='line_1_82' title="bbox 2029 4544 3615 4624; baseline -0.011 -8"><span class='ocrx_word' id='word_1_605' title='bbox 2029 4544 2264 4616; x_wconf 65' lang='lat' dir='ltr'><strong>ecclesia</strong></span> <span class='ocrx_word' id='word_1_606' title='bbox 2310 4573 2405 4612; x_wconf 90' lang='lat' dir='ltr'><strong>sua</strong></span> <span class='ocrx_word' id='word_1_607' title='bbox 2463 4557 2692 4624; x_wconf 85' lang='lat' dir='ltr'><strong>primum</strong></span> <span class='ocrx_word' id='word_1_608' title='bbox 2736 4544 2946 4622; x_wconf 75' lang='lat' dir='ltr'><strong>ejectus</strong></span> <span class='ocrx_word' id='word_1_609' title='bbox 2990 4558 3094 4613; x_wconf 90' lang='lat' dir='ltr'><strong>est,</strong></span> <span class='ocrx_word' id='word_1_610' title='bbox 3144 4547 3210 4624; x_wconf 85' lang='lat' dir='ltr'><strong>ad</strong></span> <span class='ocrx_word' id='word_1_611' title='bbox 3237 4544 3615 4624; x_wconf 80' lang='lat' dir='ltr'><strong>Innocentium</strong></span> 
     </span>
    </p>
   </div>
   <div class='ocr_carea' id='block_1_83' title="bbox 2032 4619 3619 4702">
    <p class='ocr_par' dir='ltr' id='par_1_83' title="bbox 2032 4619 3619 4702">
     <span class='ocr_line' id='line_1_83' title="bbox 2032 4619 3619 4702; baseline -0.014 -13"><span class='ocrx_word' id='word_1_612' title='bbox 2032 4636 2193 4702; x_wconf 88' lang='lat' dir='ltr'><strong>epist.</strong></span> <span class='ocrx_word' id='word_1_613' title='bbox 2229 4647 2268 4698; x_wconf 87' lang='grc' dir='ltr'><strong>ι,</strong></span> <span class='ocrx_word' id='word_1_614' title='bbox 2303 4647 2358 4684; x_wconf 85' lang='grc' dir='ltr'><strong>ιι.</strong></span> <span class='ocrx_word' id='word_1_615' title='bbox 2395 4619 2725 4693; x_wconf 68' lang='grc' dir='ltr'><strong>5,ἐοι’ὶι)ρηε</strong></span> <span class='ocrx_word' id='word_1_616' title='bbox 2751 4619 2779 4686; x_wconf 65' lang='grc'>,⁷</span> <span class='ocrx_word' id='word_1_617' title='bbox 2813 4625 2990 4702; x_wconf 85' lang='lat' dir='ltr'><strong>omnia</strong></span> <span class='ocrx_word' id='word_1_618' title='bbox 3026 4635 3146 4702; x_wconf 69' lang='lat' dir='ltr'><strong>qute</strong></span> <span class='ocrx_word' id='word_1_619' title='bbox 3176 4619 3339 4702; x_wconf 77' lang='lat' dir='ltr'><strong>impie</strong></span> <span class='ocrx_word' id='word_1_620' title='bbox 3371 4627 3480 4671; x_wconf 90' lang='lat' dir='ltr'><strong>tum</strong></span> <span class='ocrx_word' id='word_1_621' title='bbox 3524 4632 3619 4687; x_wconf 87' lang='lat' dir='ltr'><strong>pa-</strong></span> 
     </span>
    </p>
   </div>
   <div class='ocr_carea' id='block_1_84' title="bbox 318 4691 3620 4784">
    <p class='ocr_par' dir='ltr' id='par_1_84' title="bbox 318 4691 3620 4784">
     <span class='ocr_line' id='line_1_84' title="bbox 318 4691 3620 4784; baseline -0.013 -1"><span class='ocrx_word' id='word_1_622' title='bbox 318 4691 1810 4784; x_wconf 48' lang='lat' dir='ltr'><strong>Eiidemsé&#39;ilﬁé&#39;iiii-&quot;fUitd1é&quot;n.&#39;5gi§hémagismanarcsti</strong></span> <span class='ocrx_word' id='word_1_623' title='bbox 1841 4716 1925 4762; x_wconf 83' lang='lat' dir='ltr'><strong>est</strong></span> <span class='ocrx_word' id='word_1_624' title='bbox 1954 4701 2006 4760; x_wconf 92' lang='lat' dir='ltr'><strong>D</strong></span> <span class='ocrx_word' id='word_1_625' title='bbox 2034 4691 2172 4761; x_wconf 71' lang='lat' dir='ltr'><strong>truta</strong></span> <span class='ocrx_word' id='word_1_626' title='bbox 2209 4691 2445 4766; x_wconf 80' lang='lat' dir='ltr'><strong>fuerant,</strong></span> <span class='ocrx_word' id='word_1_627' title='bbox 2474 4706 2670 4781; x_wconf 66' lang='lat' dir='ltr'><strong>przeter</strong></span> <span class='ocrx_word' id='word_1_628' title='bbox 2702 4695 3028 4784; x_wconf 51' lang='lat' dir='ltr'><strong>senteittiani</strong></span> <span class='ocrx_word' id='word_1_629' title='bbox 3048 4691 3279 4784; x_wconf 60' lang='lat' dir='ltr'><strong>Arcadii</strong></span> <span class='ocrx_word' id='word_1_630' title='bbox 3310 4701 3464 4784; x_wconf 53' lang='lat' dir='ltr'><strong>geslta</strong></span> <span class='ocrx_word' id='word_1_631' title='bbox 3497 4703 3620 4742; x_wconf 83' lang='lat' dir='ltr'><strong>esse</strong></span> 
     </span>
    </p>
   </div>
   <div class='ocr_carea' id='block_1_85' title="bbox 322 4785 1924 4856">
    <p class='ocr_par' dir='ltr' id='par_1_85' title="bbox 322 4785 1924 4856">
     <span class='ocr_line' id='line_1_85' title="bbox 322 4785 1924 4856; baseline -0.014 -1"><span class='ocrx_word' id='word_1_632' title='bbox 322 4800 527 4856; x_wconf 80' lang='lat' dir='ltr'><strong>falsitas</strong></span> <span class='ocrx_word' id='word_1_633' title='bbox 572 4795 764 4850; x_wconf 87' lang='lat' dir='ltr'><strong>harum</strong></span> <span class='ocrx_word' id='word_1_634' title='bbox 811 4791 1137 4852; x_wconf 84' lang='lat' dir='ltr'><strong>litterarum,</strong></span> <span class='ocrx_word' id='word_1_635' title='bbox 1181 4788 1376 4854; x_wconf 87' lang='lat' dir='ltr'><strong>quibus</strong></span> <span class='ocrx_word' id='word_1_636' title='bbox 1415 4785 1734 4856; x_wconf 78' lang='lat' dir='ltr'><strong>gravissima</strong></span> <span class='ocrx_word' id='word_1_637' title='bbox 1767 4796 1924 4849; x_wconf 69' lang='lat' dir='ltr'><strong>poena</strong></span> 
     </span>
    </p>
   </div>
   <div class='ocr_carea' id='block_1_86' title="bbox 320 4854 1922 4942">
    <p class='ocr_par' dir='ltr' id='par_1_86' title="bbox 320 4854 1922 4942">
     <span class='ocr_line' id='line_1_86' title="bbox 320 4854 1922 4942; baseline -0.015 -16"><span class='ocrx_word' id='word_1_638' title='bbox 320 4854 540 4942; x_wconf 76' lang='lat' dir='ltr'><strong>punitur</strong></span> <span class='ocrx_word' id='word_1_639' title='bbox 589 4863 855 4942; x_wconf 83' lang='lat' dir='ltr'><strong>Arcadius</strong></span> <span class='ocrx_word' id='word_1_640' title='bbox 901 4862 972 4917; x_wconf 91' lang='lat' dir='ltr'><strong>ob</strong></span> <span class='ocrx_word' id='word_1_641' title='bbox 1018 4875 1081 4914; x_wconf 81' lang='lat' dir='ltr'><strong>ea</strong></span> <span class='ocrx_word' id='word_1_642' title='bbox 1110 4875 1245 4941; x_wconf 75' lang='lat' dir='ltr'><strong>qua:</strong></span> <span class='ocrx_word' id='word_1_643' title='bbox 1289 4857 1444 4925; x_wconf 87' lang='lat' dir='ltr'><strong>legali</strong></span> <span class='ocrx_word' id='word_1_644' title='bbox 1486 4854 1629 4924; x_wconf 83' lang='lat' dir='ltr'><strong>passi</strong></span> <span class='ocrx_word' id='word_1_645' title='bbox 1671 4854 1922 4942; x_wconf 29' lang='lat' dir='ltr'><strong>fuit-rant;</strong></span> 
     </span>
    </p>
   </div>
   <div class='ocr_carea' id='block_1_87' title="bbox 322 4923 1926 5004">
    <p class='ocr_par' dir='ltr' id='par_1_87' title="bbox 322 4923 1926 5004">
     <span class='ocr_line' id='line_1_87' title="bbox 322 4923 1926 5004; baseline -0.016 -5"><span class='ocrx_word' id='word_1_646' title='bbox 487 4941 606 4996; x_wconf 50' lang='lat' dir='ltr'><strong>haec</strong></span> <span class='ocrx_word' id='word_1_647' title='bbox 648 4950 730 5002; x_wconf 88' lang='lat' dir='ltr'><strong>se,</strong></span> <span class='ocrx_word' id='word_1_648' title='bbox 774 4938 892 5004; x_wconf 65' lang='lat' dir='ltr'><strong>ipsi»</strong></span> <span class='ocrx_word' id='word_1_649' title='bbox 936 4923 1183 5004; x_wconf 74' lang='lat' dir='ltr'><strong>conscio,</strong></span> <span class='ocrx_word' id='word_1_650' title='bbox 1217 4923 1409 4999; x_wconf 75' lang='lat' dir='ltr'><strong>passos</strong></span> <span class='ocrx_word' id='word_1_651' title='bbox 1438 4923 1562 4981; x_wconf 83' lang='lat' dir='ltr'><strong>esse</strong></span> <span class='ocrx_word' id='word_1_652' title='bbox 1600 4925 1773 5004; x_wconf 42' lang='lat' dir='ltr'><strong>lic-IIII</strong></span> <span class='ocrx_word' id='word_1_653' title='bbox 1801 4923 1926 5004; x_wconf 88' lang='lat' dir='ltr'><strong>qui-</strong></span> 
     </span>
    </p>
   </div>
   <div class='ocr_carea' id='block_1_88' title="bbox 325 4997 1927 5075">
    <p class='ocr_par' dir='ltr' id='par_1_88' title="bbox 325 4997 1927 5075">
     <span class='ocr_line' id='line_1_88' title="bbox 325 4997 1927 5075; baseline -0.016 -5"><span class='ocrx_word' id='word_1_654' title='bbox 325 4997 448 5070; x_wconf 82' lang='lat' dir='ltr'><strong>dem</strong></span> <span class='ocrx_word' id='word_1_655' title='bbox 497 4997 776 5065; x_wconf 80' lang='lat' dir='ltr'><strong>affirmare</strong></span> <span class='ocrx_word' id='word_1_656' title='bbox 796 4997 1056 5075; x_wconf 61' lang='lat' dir='ltr'><strong>possent.</strong></span> <span class='ocrx_word' id='word_1_657' title='bbox 1090 4997 1229 5057; x_wconf 53' lang='lat' dir='ltr'><strong>Idne&#39;</strong></span> <span class='ocrx_word' id='word_1_658' title='bbox 1250 4997 1792 5075; x_wconf 27' lang='lat' dir='ltr'><strong>cum‘potctttissimo</strong></span> <span class='ocrx_word' id='word_1_659' title='bbox 1825 4999 1927 5074; x_wconf 80' lang='lat' dir='ltr'><strong>iin_-</strong></span> 
     </span>
    </p>
   </div>
   <div class='ocr_carea' id='block_1_89' title="bbox 364 5065 1929 5150">
    <p class='ocr_par' dir='ltr' id='par_1_89' title="bbox 364 5065 1929 5150">
     <span class='ocr_line' id='line_1_89' title="bbox 364 5065 1929 5150; baseline -0.016 -8"><span class='ocrx_word' id='word_1_660' title='bbox 364 5065 580 5142; x_wconf 69' lang='lat' dir='ltr'><strong>eratore</strong></span> <span class='ocrx_word' id='word_1_661' title='bbox 607 5081 783 5150; x_wconf 82' lang='lat' dir='ltr'><strong>egisse</strong></span> <span class='ocrx_word' id='word_1_662' title='bbox 812 5065 1122 5150; x_wconf 74' lang='lat' dir='ltr'><strong>credendus</strong></span> <span class='ocrx_word' id='word_1_663' title='bbox 1158 5082 1240 5127; x_wconf 87' lang='lat' dir='ltr'><strong>est</strong></span> <span class='ocrx_word' id='word_1_664' title='bbox 1283 5065 1720 5150; x_wconf 76' lang='lat' dir='ltr'><strong>sapientissimus</strong></span> <span class='ocrx_word' id='word_1_665' title='bbox 1752 5065 1929 5136; x_wconf 92' lang='lat' dir='ltr'><strong>ponti-</strong></span> 
     </span>
    </p>
   </div>
   <div class='ocr_carea' id='block_1_90' title="bbox 349 5140 1930 5222">
    <p class='ocr_par' dir='ltr' id='par_1_90' title="bbox 349 5140 1930 5222">
     <span class='ocr_line' id='line_1_90' title="bbox 349 5140 1930 5222; baseline -0.016 -8"><span class='ocrx_word' id='word_1_666' title='bbox 349 5140 437 5222; x_wconf 60' lang='grc' dir='ltr'><strong>ές,</strong></span> <span class='ocrx_word' id='word_1_667' title='bbox 480 5140 914 5222; x_wconf 55' lang='grc' dir='ltr'>ιιιιοᾱῖιιιωιιῆε</span> <span class='ocrx_word' id='word_1_668' title='bbox 937 5145 1175 5222; x_wconf 67' lang='lat' dir='ltr'><strong>judicent</strong></span> <span class='ocrx_word' id='word_1_669' title='bbox 1204 5159 1324 5197; x_wconf 87' lang='lat' dir='ltr'><strong>cum</strong></span> <span class='ocrx_word' id='word_1_670' title='bbox 1361 5140 1692 5222; x_wconf 74' lang='lat' dir='ltr'><strong>tenuissimo</strong></span> <span class='ocrx_word' id='word_1_671' title='bbox 1715 5152 1930 5218; x_wconf 80' lang='lat' dir='ltr'><strong>quoque</strong></span> 
     </span>
    </p>
   </div>
   <div class='ocr_carea' id='block_1_91' title="bbox 332 5209 1932 5293">
    <p class='ocr_par' dir='ltr' id='par_1_91' title="bbox 332 5209 1932 5293">
     <span class='ocr_line' id='line_1_91' title="bbox 332 5209 1932 5293; baseline -0.013 -11"><span class='ocrx_word' id='word_1_672' title='bbox 332 5209 550 5283; x_wconf 65' lang='grc' dir='ltr'><strong>ιῖόὶίιίιίε</strong></span> <span class='ocrx_word' id='word_1_673' title='bbox 587 5209 751 5293; x_wconf 64' lang='lat' dir='ltr'><strong>agere</strong></span> <span class='ocrx_word' id='word_1_674' title='bbox 783 5209 1051 5289; x_wconf 71' lang='lat' dir='ltr'><strong>puderet?</strong></span> <span class='ocrx_word' id='word_1_675' title='bbox 1078 5229 1216 5293; x_wconf 79' lang='lat' dir='ltr'><strong>cum</strong></span> <span class='ocrx_word' id='word_1_676' title='bbox 1246 5214 1549 5284; x_wconf 90' lang='lat' dir='ltr'><strong>quemlibet</strong></span> <span class='ocrx_word' id='word_1_677' title='bbox 1592 5211 1696 5266; x_wconf 90' lang='lat' dir='ltr'><strong>nisi</strong></span> <span class='ocrx_word' id='word_1_678' title='bbox 1742 5209 1932 5263; x_wconf 84' lang='lat' dir='ltr'><strong>convi—</strong></span> 
     </span>
    </p>
   </div>
   <div class='ocr_carea' id='block_1_92' title="bbox 329 5287 1584 5359">
    <p class='ocr_par' dir='ltr' id='par_1_92' title="bbox 329 5287 1584 5359">
     <span class='ocr_line' id='line_1_92' title="bbox 329 5287 1584 5359; baseline -0.018 -2"><span class='ocrx_word' id='word_1_679' title='bbox 329 5311 477 5356; x_wconf 92' lang='lat' dir='ltr'><strong>ctum</strong></span> <span class='ocrx_word' id='word_1_680' title='bbox 506 5297 591 5352; x_wconf 88' lang='lat' dir='ltr'><strong>vel</strong></span> <span class='ocrx_word' id='word_1_681' title='bbox 622 5287 932 5349; x_wconf 66' lang='lat' dir='ltr'><strong>confeSsum</strong></span> <span class='ocrx_word' id='word_1_682' title='bbox 959 5289 1164 5359; x_wconf 82' lang='lat' dir='ltr'><strong>puniri,</strong></span> <span class='ocrx_word' id='word_1_683' title='bbox 1199 5287 1346 5356; x_wconf 84' lang='lat' dir='ltr'><strong>leges</strong></span> <span class='ocrx_word' id='word_1_684' title='bbox 1377 5291 1584 5338; x_wconf 89' lang='lat' dir='ltr'><strong>vetent.</strong></span> 
     </span>
    </p>
   </div>
   <div class='ocr_carea' id='block_1_93' title="bbox 370 5354 1931 5437">
    <p class='ocr_par' dir='ltr' id='par_1_93' title="bbox 370 5354 1931 5437">
     <span class='ocr_line' id='line_1_93' title="bbox 370 5354 1931 5437; baseline -0.015 -11"><span class='ocrx_word' id='word_1_685' title='bbox 370 5354 380 5434; x_wconf 41' lang='grc' dir='ltr'><strong><em>ί</em></strong></span> <span class='ocrx_word' id='word_1_686' title='bbox 399 5371 428 5409; x_wconf 72' lang='grc' dir='ltr'>δ</span> <span class='ocrx_word' id='word_1_687' title='bbox 454 5369 643 5437; x_wconf 89' lang='lat' dir='ltr'><strong>Neque</strong></span> <span class='ocrx_word' id='word_1_688' title='bbox 670 5367 773 5418; x_wconf 88' lang='lat' dir='ltr'><strong>ista</strong></span> <span class='ocrx_word' id='word_1_689' title='bbox 799 5378 924 5418; x_wconf 90' lang='lat' dir='ltr'><strong>cum</strong></span> <span class='ocrx_word' id='word_1_690' title='bbox 953 5354 1179 5435; x_wconf 76' lang='lat' dir='ltr'><strong>Palladii</strong></span> <span class='ocrx_word' id='word_1_691' title='bbox 1212 5354 1525 5437; x_wconf 72' lang='lat' dir='ltr'><strong>narratione</strong></span> <span class='ocrx_word' id='word_1_692' title='bbox 1555 5354 1931 5437; x_wconf 39' lang='lat' dir='ltr'><strong>consentiunt,</strong></span> 
     </span>
    </p>
   </div>
   <div class='ocr_carea' id='block_1_94' title="bbox 331 5422 1932 5510">
    <p class='ocr_par' dir='ltr' id='par_1_94' title="bbox 331 5422 1932 5510">
     <span class='ocr_line' id='line_1_94' title="bbox 331 5422 1932 5510; baseline -0.014 -12"><span class='ocrx_word' id='word_1_693' title='bbox 331 5431 397 5498; x_wconf 80' lang='lat' dir='ltr'><strong>ex</strong></span> <span class='ocrx_word' id='word_1_694' title='bbox 443 5422 761 5510; x_wconf 57' lang='lat' dir='ltr'><strong>qua&#39;omnia</strong></span> <span class='ocrx_word' id='word_1_695' title='bbox 792 5444 904 5510; x_wconf 78' lang='lat' dir='ltr'><strong>tum</strong></span> <span class='ocrx_word' id='word_1_696' title='bbox 937 5447 1033 5500; x_wconf 86' lang='lat' dir='ltr'><strong>per</strong></span> <span class='ocrx_word' id='word_1_697' title='bbox 1055 5430 1190 5496; x_wconf 78' lang='lat' dir='ltr'><strong>v&#39;nn,</strong></span> <span class='ocrx_word' id='word_1_698' title='bbox 1223 5427 1373 5482; x_wconf 89' lang='lat' dir='ltr'><strong>nullo</strong></span> <span class='ocrx_word' id='word_1_699' title='bbox 1407 5423 1766 5480; x_wconf 83' lang='lat' dir='ltr'><strong>anteocdente</strong></span> <span class='ocrx_word' id='word_1_700' title='bbox 1788 5422 1932 5492; x_wconf 86' lang='lat' dir='ltr'><strong>judi-</strong></span> 
     </span>
    </p>
   </div>
   <div class='ocr_carea' id='block_1_95' title="bbox 333 5506 1156 5582">
    <p class='ocr_par' dir='ltr' id='par_1_95' title="bbox 333 5506 1156 5582">
     <span class='ocr_line' id='line_1_95' title="bbox 333 5506 1156 5582; baseline -0.017 -16"><span class='ocrx_word' id='word_1_701' title='bbox 333 5516 439 5580; x_wconf 83' lang='lat' dir='ltr'><strong>cio,</strong></span> <span class='ocrx_word' id='word_1_702' title='bbox 465 5506 621 5582; x_wconf 81' lang='lat' dir='ltr'><strong>gesta</strong></span> <span class='ocrx_word' id='word_1_703' title='bbox 653 5523 776 5582; x_wconf 83' lang='lat' dir='ltr'><strong>esse</strong></span> <span class='ocrx_word' id='word_1_704' title='bbox 805 5506 1023 5582; x_wconf 74' lang='lat' dir='ltr'><strong>planum</strong></span> <span class='ocrx_word' id='word_1_705' title='bbox 1052 5510 1156 5582; x_wconf 77' lang='lat' dir='ltr'><strong>est.</strong></span> 
     </span>
    </p>
   </div>
   <div class='ocr_carea' id='block_1_96' title="bbox 407 5569 1935 5650">
    <p class='ocr_par' dir='ltr' id='par_1_96' title="bbox 407 5569 1935 5650">
     <span class='ocr_line' id='line_1_96' title="bbox 407 5569 1935 5650; baseline -0.014 -11"><span class='ocrx_word' id='word_1_706' title='bbox 407 5569 439 5623; x_wconf 72' lang='grc' dir='ltr'>ε’</span> <span class='ocrx_word' id='word_1_707' title='bbox 461 5569 746 5650; x_wconf 63' lang='lat' dir='ltr'><strong>Quomodo</strong></span> <span class='ocrx_word' id='word_1_708' title='bbox 788 5569 896 5650; x_wconf 83' lang='lat' dir='ltr'><strong>dici</strong></span> <span class='ocrx_word' id='word_1_709' title='bbox 943 5573 1114 5650; x_wconf 77' lang='lat' dir='ltr'><strong>possit</strong></span> <span class='ocrx_word' id='word_1_710' title='bbox 1143 5569 1404 5650; x_wconf 79' lang='lat' dir='ltr'><strong>Arcadius</strong></span> <span class='ocrx_word' id='word_1_711' title='bbox 1433 5583 1623 5650; x_wconf 72' lang='lat' dir='ltr'><strong>eorum</strong></span> <span class='ocrx_word' id='word_1_712' title='bbox 1648 5579 1779 5618; x_wconf 91' lang='lat' dir='ltr'><strong>usus</strong></span> <span class='ocrx_word' id='word_1_713' title='bbox 1813 5579 1935 5619; x_wconf 88' lang='lat' dir='ltr'><strong>esse</strong></span> 
     </span>
    </p>
   </div>
   <div class='ocr_carea' id='block_1_97' title="bbox 335 5640 1934 5720">
    <p class='ocr_par' dir='ltr' id='par_1_97' title="bbox 335 5640 1934 5720">
     <span class='ocr_line' id='line_1_97' title="bbox 335 5640 1934 5720; baseline -0.018 -8"><span class='ocrx_word' id='word_1_714' title='bbox 335 5640 745 5717; x_wconf 74' lang='lat' dir='ltr'><strong>communione,</strong></span> <span class='ocrx_word' id='word_1_715' title='bbox 771 5649 862 5720; x_wconf 88' lang='lat' dir='ltr'><strong>qui</strong></span> <span class='ocrx_word' id='word_1_716' title='bbox 895 5640 995 5720; x_wconf 72' lang='lat' dir='ltr'><strong>nec</strong></span> <span class='ocrx_word' id='word_1_717' title='bbox 1026 5645 1201 5720; x_wconf 82' lang='lat' dir='ltr'><strong>ipsum</strong></span> <span class='ocrx_word' id='word_1_718' title='bbox 1228 5642 1491 5720; x_wconf 63' lang='lat' dir='ltr'><strong>salutare,</strong></span> <span class='ocrx_word' id='word_1_719' title='bbox 1525 5640 1694 5720; x_wconf 71' lang='lat' dir='ltr'><strong>immo</strong></span> <span class='ocrx_word' id='word_1_720' title='bbox 1720 5651 1818 5690; x_wconf 90' lang='lat' dir='ltr'><strong>nec</strong></span> <span class='ocrx_word' id='word_1_721' title='bbox 1840 5653 1934 5720; x_wconf 60' lang='lat' dir='ltr'><strong>nr-</strong></span> 
     </span>
    </p>
   </div>
   <div class='ocr_carea' id='block_1_98' title="bbox 337 5707 1932 5794">
    <p class='ocr_par' dir='ltr' id='par_1_98' title="bbox 337 5707 1932 5794">
     <span class='ocr_line' id='line_1_98' title="bbox 337 5707 1932 5794; baseline -0.016 -10"><span class='ocrx_word' id='word_1_722' title='bbox 337 5707 743 5794; x_wconf 29' lang='lat' dir='ltr'><strong>beinwregiam&#39;</strong></span> <span class='ocrx_word' id='word_1_723' title='bbox 765 5707 1005 5794; x_wconf 74' lang='lat' dir='ltr'><strong>ingredi,</strong></span> <span class='ocrx_word' id='word_1_724' title='bbox 1034 5707 1108 5768; x_wconf 89' lang='lat' dir='ltr'><strong>uti</strong></span> <span class='ocrx_word' id='word_1_725' title='bbox 1154 5715 1305 5769; x_wconf 78' lang='lat' dir='ltr'><strong>teStis</strong></span> <span class='ocrx_word' id='word_1_726' title='bbox 1333 5720 1416 5766; x_wconf 88' lang='lat' dir='ltr'><strong>est</strong></span> <span class='ocrx_word' id='word_1_727' title='bbox 1454 5707 1728 5764; x_wconf 85' lang='lat' dir='ltr'><strong>Palladius</strong></span> <span class='ocrx_word' id='word_1_728' title='bbox 1759 5723 1810 5776; x_wconf 91' lang='lat' dir='ltr'><strong>p.</strong></span> <span class='ocrx_word' id='word_1_729' title='bbox 1840 5707 1932 5774; x_wconf 76' lang='lat'><strong>&#39;52,</strong></span> 
     </span>
    </p>
   </div>
   <div class='ocr_carea' id='block_1_99' title="bbox 341 5793 1635 5871">
    <p class='ocr_par' dir='ltr' id='par_1_99' title="bbox 341 5793 1635 5871">
     <span class='ocr_line' id='line_1_99' title="bbox 341 5793 1635 5871; baseline -0.012 -16"><span class='ocrx_word' id='word_1_730' title='bbox 341 5793 594 5871; x_wconf 67' lang='lat' dir='ltr'><strong>permissi</strong></span> <span class='ocrx_word' id='word_1_731' title='bbox 623 5793 789 5871; x_wconf 52' lang='lat' dir='ltr'><strong>sunt?</strong></span> <span class='ocrx_word' id='word_1_732' title='bbox 830 5869 838 5871; x_wconf 80' lang='lat'>_</span> <span class='ocrx_word' id='word_1_733' title='bbox 885 5860 898 5871; x_wconf 85' lang='lat'><em>_</em></span> <span class='ocrx_word' id='word_1_734' title='bbox 1006 5864 1009 5867; x_wconf 91' lang='lat'><em>_</em></span> <span class='ocrx_word' id='word_1_735' title='bbox 1219 5854 1223 5859; x_wconf 23' lang='grc' dir='ltr'><strong><em>λ</em></strong></span> <span class='ocrx_word' id='word_1_736' title='bbox 1424 5853 1438 5871; x_wconf 37' lang='grc' dir='ltr'>ἱ</span> <span class='ocrx_word' id='word_1_737' title='bbox 1473 5853 1485 5865; x_wconf 41' lang='grc' dir='ltr'><strong><em>ο</em></strong></span> <span class='ocrx_word' id='word_1_738' title='bbox 1622 5849 1635 5871; x_wconf 48' lang='lat'><strong>2</strong></span> 
     </span>
    </p>
   </div>
   <div class='ocr_carea' id='block_1_100' title="bbox 417 5853 1935 5935">
    <p class='ocr_par' dir='ltr' id='par_1_100' title="bbox 417 5853 1935 5935">
     <span class='ocr_line' id='line_1_100' title="bbox 417 5853 1935 5935; baseline -0.014 -10"><span class='ocrx_word' id='word_1_739' title='bbox 417 5865 441 5905; x_wconf 69' lang='grc' dir='ltr'><strong>δ</strong></span> <span class='ocrx_word' id='word_1_740' title='bbox 484 5869 541 5924; x_wconf 93' lang='lat' dir='ltr'><strong>In</strong></span> <span class='ocrx_word' id='word_1_741' title='bbox 573 5865 674 5922; x_wconf 85' lang='lat' dir='ltr'><strong>hac</strong></span> <span class='ocrx_word' id='word_1_742' title='bbox 705 5860 934 5935; x_wconf 83' lang='lat' dir='ltr'><strong>epistola</strong></span> <span class='ocrx_word' id='word_1_743' title='bbox 977 5854 1261 5929; x_wconf 82' lang='lat' dir='ltr'><strong>repetitur,</strong></span> <span class='ocrx_word' id='word_1_744' title='bbox 1299 5853 1440 5926; x_wconf 90' lang='lat' dir='ltr'><strong>quod</strong></span> <span class='ocrx_word' id='word_1_745' title='bbox 1468 5853 1578 5924; x_wconf 80' lang='lat' dir='ltr'><strong>jam</strong></span> <span class='ocrx_word' id='word_1_746' title='bbox 1622 5853 1674 5905; x_wconf 91' lang='lat' dir='ltr'><strong>in</strong></span> <span class='ocrx_word' id='word_1_747' title='bbox 1711 5858 1935 5904; x_wconf 83' lang='lat' dir='ltr'><strong>antece-</strong></span> 
     </span>
    </p>
   </div>
   <div class='ocr_carea' id='block_1_101' title="bbox 2034 4761 3624 4837">
    <p class='ocr_par' dir='ltr' id='par_1_101' title="bbox 2034 4761 3624 4837">
     <span class='ocr_line' id='line_1_101' title="bbox 2034 4761 3624 4837; baseline -0.011 -8"><span class='ocrx_word' id='word_1_748' title='bbox 2034 4786 2262 4832; x_wconf 82' lang='lat' dir='ltr'><strong>testatus</strong></span> <span class='ocrx_word' id='word_1_749' title='bbox 2308 4783 2392 4828; x_wconf 89' lang='lat' dir='ltr'><strong>est</strong></span> <span class='ocrx_word' id='word_1_750' title='bbox 2425 4761 2442 4824; x_wconf 70' lang='grc' dir='ltr'><em>ξ</em></span> <span class='ocrx_word' id='word_1_751' title='bbox 2474 4761 2545 4824; x_wconf 84' lang='lat' dir='ltr'><strong>ita</strong></span> <span class='ocrx_word' id='word_1_752' title='bbox 2578 4767 2738 4822; x_wconf 75' lang='lat' dir='ltr'><strong>Clinlll</strong></span> <span class='ocrx_word' id='word_1_753' title='bbox 2771 4765 3028 4837; x_wconf 83' lang='lat' dir='ltr'><strong>quidquid</strong></span> <span class='ocrx_word' id='word_1_754' title='bbox 3080 4761 3624 4837; x_wconf 69' lang='lat' dir='ltr'><strong>subindeadversus</strong></span> 
     </span>
    </p>
   </div>
   <div class='ocr_carea' id='block_1_102' title="bbox 2032 4831 3628 4920">
    <p class='ocr_par' dir='ltr' id='par_1_102' title="bbox 2032 4831 3628 4920">
     <span class='ocr_line' id='line_1_102' title="bbox 2032 4831 3628 4920; baseline -0.012 -16"><span class='ocrx_word' id='word_1_755' title='bbox 2032 4851 2243 4920; x_wconf 86' lang='lat' dir='ltr'><strong>legatos</strong></span> <span class='ocrx_word' id='word_1_756' title='bbox 2265 4855 2453 4920; x_wconf 81' lang='lat' dir='ltr'><strong>actum</strong></span> <span class='ocrx_word' id='word_1_757' title='bbox 2485 4849 2568 4896; x_wconf 90' lang='lat' dir='ltr'><strong>est</strong></span> <span class='ocrx_word' id='word_1_758' title='bbox 2591 4883 2606 4905; x_wconf 97' lang='lat'><strong>,</strong></span> <span class='ocrx_word' id='word_1_759' title='bbox 2653 4831 2860 4920; x_wconf 60' lang='lat' dir='ltr'><strong>segnem</strong></span> <span class='ocrx_word' id='word_1_760' title='bbox 2903 4831 3184 4920; x_wconf 49' lang='lat' dir='ltr'><strong>{Ii-radium</strong></span> <span class='ocrx_word' id='word_1_761' title='bbox 3212 4834 3439 4888; x_wconf 88' lang='lat' dir='ltr'><strong>latuisse</strong></span> <span class='ocrx_word' id='word_1_762' title='bbox 3468 4831 3628 4886; x_wconf 86' lang='lat' dir='ltr'><strong>Nice-</strong></span> 
     </span>
    </p>
   </div>
   <div class='ocr_carea' id='block_1_103' title="bbox 2034 4909 3034 4990">
    <p class='ocr_par' dir='ltr' id='par_1_103' title="bbox 2034 4909 3034 4990">
     <span class='ocr_line' id='line_1_103' title="bbox 2034 4909 3034 4990; baseline -0.012 -17"><span class='ocrx_word' id='word_1_763' title='bbox 2034 4909 2241 4990; x_wconf 61' lang='lat' dir='ltr'><strong>pliorus</strong></span> <span class='ocrx_word' id='word_1_764' title='bbox 2265 4917 2361 4971; x_wconf 86' lang='lat' dir='ltr'><strong>lib.</strong></span> <span class='ocrx_word' id='word_1_765' title='bbox 2384 4931 2510 4990; x_wconf 68' lang='grc' dir='ltr'>ιιιιι,</span> <span class='ocrx_word' id='word_1_766' title='bbox 2542 4927 2662 4990; x_wconf 82' lang='lat' dir='ltr'><strong>cap.</strong></span> <span class='ocrx_word' id='word_1_767' title='bbox 2697 4909 2795 4990; x_wconf 60' lang='lat' dir='ltr'><strong>Si},</strong></span> <span class='ocrx_word' id='word_1_768' title='bbox 2822 4909 3034 4990; x_wconf 60' lang='lat' dir='ltr'><strong>scribit.</strong></span> 
     </span>
    </p>
   </div>
   <div class='ocr_carea' id='block_1_104' title="bbox 2109 4976 3628 5056">
    <p class='ocr_par' dir='ltr' id='par_1_104' title="bbox 2109 4976 3628 5056">
     <span class='ocr_line' id='line_1_104' title="bbox 2109 4976 3628 5056; baseline -0.01 -14"><span class='ocrx_word' id='word_1_769' title='bbox 2109 4991 2128 5029; x_wconf 72' lang='grc' dir='ltr'><em>τ</em></span> <span class='ocrx_word' id='word_1_770' title='bbox 2172 4995 2349 5056; x_wconf 81' lang='lat' dir='ltr'><strong>Quam</strong></span> <span class='ocrx_word' id='word_1_771' title='bbox 2383 4976 2726 5056; x_wconf 87' lang='lat' dir='ltr'><strong>impudenter</strong></span> <span class='ocrx_word' id='word_1_772' title='bbox 2745 4983 2833 5056; x_wconf 85' lang='lat' dir='ltr'><strong>hic</strong></span> <span class='ocrx_word' id='word_1_773' title='bbox 2862 4982 3163 5056; x_wconf 80' lang='lat' dir='ltr'><strong>mentiatur</strong></span> <span class='ocrx_word' id='word_1_774' title='bbox 3191 4977 3382 5056; x_wconf 61' lang='lat' dir='ltr'><strong>Irarum</strong></span> <span class='ocrx_word' id='word_1_775' title='bbox 3413 4976 3628 5056; x_wconf 75' lang='lat' dir='ltr'><strong>littera-</strong></span> 
     </span>
    </p>
   </div>
   <div class='ocr_carea' id='block_1_105' title="bbox 2038 5047 3628 5122">
    <p class='ocr_par' dir='ltr' id='par_1_105' title="bbox 2038 5047 3628 5122">
     <span class='ocr_line' id='line_1_105' title="bbox 2038 5047 3628 5122; baseline -0.01 -7"><span class='ocrx_word' id='word_1_776' title='bbox 2038 5079 2155 5116; x_wconf 93' lang='lat' dir='ltr'><strong>rum</strong></span> <span class='ocrx_word' id='word_1_777' title='bbox 2183 5047 2544 5120; x_wconf 72' lang='lat' dir='ltr'><strong>architectus,</strong></span> <span class='ocrx_word' id='word_1_778' title='bbox 2604 5054 2799 5122; x_wconf 80' lang='lat' dir='ltr'><strong>probat</strong></span> <span class='ocrx_word' id='word_1_779' title='bbox 2824 5052 2992 5116; x_wconf 83' lang='lat' dir='ltr'><strong>ipsius</strong></span> <span class='ocrx_word' id='word_1_780' title='bbox 3029 5051 3247 5104; x_wconf 83' lang='lat' dir='ltr'><strong>Arcadii</strong></span> <span class='ocrx_word' id='word_1_781' title='bbox 3281 5047 3628 5122; x_wconf 76' lang='lat' dir='ltr'><strong>rescriptum,</strong></span> 
     </span>
    </p>
   </div>
   <div class='ocr_carea' id='block_1_106' title="bbox 2035 5117 3633 5204">
    <p class='ocr_par' dir='ltr' id='par_1_106' title="bbox 2035 5117 3633 5204">
     <span class='ocr_line' id='line_1_106' title="bbox 2035 5117 3633 5204; baseline -0.013 -17"><span class='ocrx_word' id='word_1_782' title='bbox 2035 5131 2448 5204; x_wconf 49' lang='lat' dir='ltr'><strong>quodAtticus,</strong></span> <span class='ocrx_word' id='word_1_783' title='bbox 2481 5117 2738 5204; x_wconf 69' lang='lat' dir='ltr'><strong>neminem</strong></span> <span class='ocrx_word' id='word_1_784' title='bbox 2766 5121 3112 5204; x_wconf 58' lang='lat' dir='ltr'><strong>Orientalium</strong></span> <span class='ocrx_word' id='word_1_785' title='bbox 3137 5138 3315 5203; x_wconf 60' lang='lat' dir='ltr'><strong>secum</strong></span> <span class='ocrx_word' id='word_1_786' title='bbox 3349 5117 3633 5204; x_wconf 69' lang='lat' dir='ltr'><strong>communi-</strong></span> 
     </span>
    </p>
   </div>
   <div class='ocr_carea' id='block_1_107' title="bbox 2036 5187 3634 5271">
    <p class='ocr_par' dir='ltr' id='par_1_107' title="bbox 2036 5187 3634 5271">
     <span class='ocr_line' id='line_1_107' title="bbox 2036 5187 3634 5271; baseline -0.013 -12"><span class='ocrx_word' id='word_1_787' title='bbox 2036 5187 2156 5259; x_wconf 69' lang='grc' dir='ltr'>ἔατε</span> <span class='ocrx_word' id='word_1_788' title='bbox 2189 5199 2378 5271; x_wconf 81' lang='lat' dir='ltr'><strong>iniquo</strong></span> <span class='ocrx_word' id='word_1_789' title='bbox 2420 5187 2601 5271; x_wconf 79' lang='lat' dir='ltr'><strong>animo</strong></span> <span class='ocrx_word' id='word_1_790' title='bbox 2653 5195 2836 5250; x_wconf 91' lang='lat' dir='ltr'><strong>ferens</strong></span> <span class='ocrx_word' id='word_1_791' title='bbox 2856 5194 2984 5271; x_wconf 76' lang='lat' dir='ltr'><strong>,_ab_</strong></span> <span class='ocrx_word' id='word_1_792' title='bbox 3003 5196 3107 5271; x_wconf 73' lang='lat' dir='ltr'><strong>hoc</strong></span> <span class='ocrx_word' id='word_1_793' title='bbox 3136 5193 3466 5271; x_wconf 62' lang='lat' dir='ltr'><strong>imperatore</strong></span> <span class='ocrx_word' id='word_1_794' title='bbox 3492 5187 3634 5268; x_wconf 76' lang='lat' dir='ltr'><strong>obti-</strong></span> 
     </span>
    </p>
   </div>
   <div class='ocr_carea' id='block_1_108' title="bbox 2039 5259 3634 5342">
    <p class='ocr_par' dir='ltr' id='par_1_108' title="bbox 2039 5259 3634 5342">
     <span class='ocr_line' id='line_1_108' title="bbox 2039 5259 3634 5342; baseline -0.014 -12"><span class='ocrx_word' id='word_1_795' title='bbox 2039 5277 2178 5339; x_wconf 84' lang='lat' dir='ltr'><strong>nuit,</strong></span> <span class='ocrx_word' id='word_1_796' title='bbox 2218 5259 2410 5342; x_wconf 59' lang='lat' dir='ltr'><strong>in&#39;quo</strong></span> <span class='ocrx_word' id='word_1_797' title='bbox 2436 5269 2672 5342; x_wconf 81' lang='lat' dir='ltr'><strong>scilicet,</strong></span> <span class='ocrx_word' id='word_1_798' title='bbox 2706 5275 2844 5320; x_wconf 80' lang='lat' dir='ltr'><strong>teste</strong></span> <span class='ocrx_word' id='word_1_799' title='bbox 2873 5264 3115 5318; x_wconf 88' lang='lat' dir='ltr'><strong>Palladio</strong></span> <span class='ocrx_word' id='word_1_800' title='bbox 3146 5259 3269 5333; x_wconf 67' lang='lat' dir='ltr'><strong>pag.</strong></span> <span class='ocrx_word' id='word_1_801' title='bbox 3301 5263 3390 5342; x_wconf 73' lang='lat'><strong>95,</strong></span> <span class='ocrx_word' id='word_1_802' title='bbox 3418 5259 3634 5311; x_wconf 87' lang='lat' dir='ltr'><strong>sancie—</strong></span> 
     </span>
    </p>
   </div>
   <div class='ocr_carea' id='block_1_109' title="bbox 2036 5333 3637 5412">
    <p class='ocr_par' dir='ltr' id='par_1_109' title="bbox 2036 5333 3637 5412">
     <span class='ocr_line' id='line_1_109' title="bbox 2036 5333 3637 5412; baseline -0.014 -10"><span class='ocrx_word' id='word_1_803' title='bbox 2036 5333 2234 5403; x_wconf 71' lang='lat' dir='ltr'><strong>batur:</strong></span> <span class='ocrx_word' id='word_1_804' title='bbox 2272 5333 2334 5398; x_wconf 76' lang='lat' dir='ltr'><strong>Si</strong></span> <span class='ocrx_word' id='word_1_805' title='bbox 2381 5341 2496 5412; x_wconf 60' lang='lat' dir='ltr'><strong>quis</strong></span> <span class='ocrx_word' id='word_1_806' title='bbox 2549 5338 2909 5412; x_wconf 68' lang='lat' dir='ltr'><strong>episcoporum</strong></span> <span class='ocrx_word' id='word_1_807' title='bbox 2975 5353 3078 5389; x_wconf 85' lang='lat' dir='ltr'><strong>non</strong></span> <span class='ocrx_word' id='word_1_808' title='bbox 3130 5333 3472 5412; x_wconf 46' lang='lat' dir='ltr'><strong>comi-impiam</strong></span> <span class='ocrx_word' id='word_1_809' title='bbox 3507 5344 3637 5412; x_wconf 38' lang='lat' dir='ltr'><strong>.cnunt</strong></span> 
     </span>
    </p>
   </div>
   <div class='ocr_carea' id='block_1_110' title="bbox 2040 5398 3638 5482">
    <p class='ocr_par' dir='ltr' id='par_1_110' title="bbox 2040 5398 3638 5482">
     <span class='ocr_line' id='line_1_110' title="bbox 2040 5398 3638 5482; baseline -0.014 -10"><span class='ocrx_word' id='word_1_810' title='bbox 2040 5398 2362 5482; x_wconf 32' lang='lat' dir='ltr'><strong>Tlt&#39;eoiiliilo,</strong></span> <span class='ocrx_word' id='word_1_811' title='bbox 2394 5398 2736 5482; x_wconf 55' lang='lat' dir='ltr'><strong>&#39;Porpligrio&#39;</strong></span> <span class='ocrx_word' id='word_1_812' title='bbox 2768 5419 2814 5464; x_wconf 85' lang='lat' dir='ltr'><strong>et</strong></span> <span class='ocrx_word' id='word_1_813' title='bbox 2868 5408 3040 5482; x_wconf 71' lang='lat' dir='ltr'><strong>Attico</strong></span> <span class='ocrx_word' id='word_1_814' title='bbox 3073 5448 3088 5473; x_wconf 94' lang='lat'><strong>,</strong></span> <span class='ocrx_word' id='word_1_815' title='bbox 3142 5403 3377 5482; x_wconf 72' lang='lat' dir='ltr'><strong>Ecclesia</strong></span> <span class='ocrx_word' id='word_1_816' title='bbox 3430 5398 3638 5469; x_wconf 83' lang='lat' dir='ltr'><strong>quidem</strong></span> 
     </span>
    </p>
   </div>
   <div class='ocr_carea' id='block_1_111' title="bbox 2045 5477 3376 5562">
    <p class='ocr_par' dir='ltr' id='par_1_111' title="bbox 2045 5477 3376 5562">
     <span class='ocr_line' id='line_1_111' title="bbox 2045 5477 3376 5562; baseline -0.014 -20"><span class='ocrx_word' id='word_1_817' title='bbox 2045 5477 2347 5562; x_wconf 66' lang='lat' dir='ltr'><strong>dejiciqtur,</strong></span> <span class='ocrx_word' id='word_1_818' title='bbox 2376 5494 2421 5538; x_wconf 87' lang='lat' dir='ltr'><strong>et</strong></span> <span class='ocrx_word' id='word_1_819' title='bbox 2448 5477 2727 5562; x_wconf 54' lang='lat' dir='ltr'><strong>a_p&#39;ropriis</strong></span> <span class='ocrx_word' id='word_1_820' title='bbox 2745 5478 3088 5562; x_wconf 62' lang='lat' dir='ltr'><strong>facultatibus</strong></span> <span class='ocrx_word' id='word_1_821' title='bbox 3119 5477 3376 5562; x_wconf 41' lang='lat' dir='ltr'><strong>abigujtur.</strong></span> 
     </span>
    </p>
   </div>
   <div class='ocr_carea' id='block_1_112' title="bbox 2119 5543 3646 5625">
    <p class='ocr_par' dir='ltr' id='par_1_112' title="bbox 2119 5543 3646 5625">
     <span class='ocr_line' id='line_1_112' title="bbox 2119 5543 3646 5625; baseline -0.012 -12"><span class='ocrx_word' id='word_1_822' title='bbox 2119 5543 2143 5608; x_wconf 66' lang='grc' dir='ltr'>ὲ</span> <span class='ocrx_word' id='word_1_823' title='bbox 2186 5543 2640 5625; x_wconf 59' lang='grc' dir='ltr'>γετορωηίἱειιὶί</span> <span class='ocrx_word' id='word_1_824' title='bbox 2677 5543 2911 5625; x_wconf 82' lang='lat' dir='ltr'><strong>primum</strong></span> <span class='ocrx_word' id='word_1_825' title='bbox 2947 5549 3080 5604; x_wconf 87' lang='lat' dir='ltr'><strong>illud</strong></span> <span class='ocrx_word' id='word_1_826' title='bbox 3113 5543 3379 5625; x_wconf 73' lang='lat' dir='ltr'><strong>agendum</strong></span> <span class='ocrx_word' id='word_1_827' title='bbox 3412 5553 3552 5625; x_wconf 72' lang='lat' dir='ltr'><strong>erat,</strong></span> <span class='ocrx_word' id='word_1_828' title='bbox 3586 5553 3646 5625; x_wconf 78' lang='grc' dir='ltr'><strong>ιιι</strong></span> 
     </span>
    </p>
   </div>
   <div class='ocr_carea' id='block_1_113' title="bbox 2046 5613 3642 5694">
    <p class='ocr_par' dir='ltr' id='par_1_113' title="bbox 2046 5613 3642 5694">
     <span class='ocr_line' id='line_1_113' title="bbox 2046 5613 3642 5694; baseline -0.014 -6"><span class='ocrx_word' id='word_1_829' title='bbox 2046 5631 2244 5688; x_wconf 84' lang='lat' dir='ltr'><strong>Joanni</strong></span> <span class='ocrx_word' id='word_1_830' title='bbox 2281 5613 2452 5682; x_wconf 77' lang='lat' dir='ltr'><strong>honor</strong></span> <span class='ocrx_word' id='word_1_831' title='bbox 2496 5613 2689 5694; x_wconf 74' lang='lat' dir='ltr'><strong>inique</strong></span> <span class='ocrx_word' id='word_1_832' title='bbox 2728 5624 2975 5679; x_wconf 80' lang='lat' dir='ltr'><strong>sublatus</strong></span> <span class='ocrx_word' id='word_1_833' title='bbox 3007 5613 3507 5694; x_wconf 78' lang='lat' dir='ltr'><strong>restitueretur.At</strong></span> <span class='ocrx_word' id='word_1_834' title='bbox 3553 5613 3642 5666; x_wconf 78' lang='lat' dir='ltr'><strong>vix</strong></span> 
     </span>
    </p>
   </div>
   <div class='ocr_carea' id='block_1_114' title="bbox 2047 5687 3647 5762">
    <p class='ocr_par' dir='ltr' id='par_1_114' title="bbox 2047 5687 3647 5762">
     <span class='ocr_line' id='line_1_114' title="bbox 2047 5687 3647 5762; baseline -0.015 -3"><span class='ocrx_word' id='word_1_835' title='bbox 2047 5705 2188 5758; x_wconf 84' lang='lat' dir='ltr'><strong>circa</strong></span> <span class='ocrx_word' id='word_1_836' title='bbox 2220 5713 2420 5753; x_wconf 83' lang='lat' dir='ltr'><strong>annum</strong></span> <span class='ocrx_word' id='word_1_837' title='bbox 2464 5687 2604 5760; x_wconf 57' lang='grc'><strong>415,</strong></span> <span class='ocrx_word' id='word_1_838' title='bbox 2648 5699 2749 5751; x_wconf 83' lang='lat' dir='ltr'><strong>hoc</strong></span> <span class='ocrx_word' id='word_1_839' title='bbox 2777 5705 2860 5750; x_wconf 85' lang='lat' dir='ltr'><strong>cst</strong></span> <span class='ocrx_word' id='word_1_840' title='bbox 2883 5703 3003 5762; x_wconf 73' lang='lat' dir='ltr'><strong>post</strong></span> <span class='ocrx_word' id='word_1_841' title='bbox 3033 5687 3259 5762; x_wconf 81' lang='lat' dir='ltr'><strong>Joannis</strong></span> <span class='ocrx_word' id='word_1_842' title='bbox 3290 5693 3520 5762; x_wconf 76' lang='lat' dir='ltr'><strong>mortem</strong></span> <span class='ocrx_word' id='word_1_843' title='bbox 3550 5700 3647 5762; x_wconf 45' lang='lat' dir='ltr'><strong>an:</strong></span> 
     </span>
    </p>
   </div>
   <div class='ocr_carea' id='block_1_115' title="bbox 2051 5756 3647 5837">
    <p class='ocr_par' dir='ltr' id='par_1_115' title="bbox 2051 5756 3647 5837">
     <span class='ocr_line' id='line_1_115' title="bbox 2051 5756 3647 5837; baseline -0.012 -8"><span class='ocrx_word' id='word_1_844' title='bbox 2051 5756 2138 5829; x_wconf 83' lang='lat' dir='ltr'><strong>nis</strong></span> <span class='ocrx_word' id='word_1_845' title='bbox 2183 5786 2398 5837; x_wconf 84' lang='lat' dir='ltr'><strong>novem,</strong></span> <span class='ocrx_word' id='word_1_846' title='bbox 2446 5756 2759 5837; x_wconf 84' lang='lat' dir='ltr'><strong>impetravit</strong></span> <span class='ocrx_word' id='word_1_847' title='bbox 2807 5756 3184 5837; x_wconf 76' lang='lat' dir='ltr'><strong>Innocentius,</strong></span> <span class='ocrx_word' id='word_1_848' title='bbox 3221 5765 3288 5837; x_wconf 83' lang='lat' dir='ltr'><strong>_ut</strong></span> <span class='ocrx_word' id='word_1_849' title='bbox 3318 5756 3647 5837; x_wconf 71' lang='lat' dir='ltr'><strong>sanctissimi</strong></span> 
     </span>
    </p>
   </div>
   <div class='ocr_carea' id='block_1_116' title="bbox 2053 5824 3643 5914">
    <p class='ocr_par' dir='ltr' id='par_1_116' title="bbox 2053 5824 3643 5914">
     <span class='ocr_line' id='line_1_116' title="bbox 2053 5824 3643 5914; baseline -0.011 -14"><span class='ocrx_word' id='word_1_850' title='bbox 2053 5824 2214 5914; x_wconf 71' lang='lat' dir='ltr'><strong>liuius</strong></span> <span class='ocrx_word' id='word_1_851' title='bbox 2233 5824 2498 5910; x_wconf 66' lang='lat' dir='ltr'><strong>praesulis</strong></span> <span class='ocrx_word' id='word_1_852' title='bbox 2523 5824 2719 5894; x_wconf 76' lang='lat' dir='ltr'><strong>nomen</strong></span> <span class='ocrx_word' id='word_1_853' title='bbox 2765 5839 2815 5892; x_wconf 92' lang='lat' dir='ltr'><strong>in</strong></span> <span class='ocrx_word' id='word_1_854' title='bbox 2862 5845 3048 5889; x_wconf 85' lang='lat' dir='ltr'><strong>sacras</strong></span> <span class='ocrx_word' id='word_1_855' title='bbox 3089 5828 3299 5885; x_wconf 83' lang='lat' dir='ltr'><strong>tabulas</strong></span> <span class='ocrx_word' id='word_1_856' title='bbox 3327 5824 3643 5882; x_wconf 78' lang='lat' dir='ltr'><strong>referretur.</strong></span> 
     </span>
    </p>
   </div>
  </div>
