4122 6346
362 309 454 367 Gil

1578 315 1937 374 EPISTOL/E
1983 318 2071 374 ΕΤ
2115 319 2456 376 DECRETA.

3556 335 3666 399 οη

357 421 529 507 altero
558 420 792 507 lapdatse
826 421 1168 507 bibliothecm
1198 440 1301 479 non
1335 425 1512 507 minus
1534 439 1957 507 vetustoexent-
1985 439 2035 498 Α
2064 433 2230 488 ltumo
2263 437 2307 489 si
2338 449 2577 490 canones
2599 437 2975 501 consulamus,
3001 453 3138 507 quos
3167 442 3396 499 Siricius
3440 447 3505 502 ad
3531 450 3662 505 Gal-

360 494 512 569 piari.
546 493 628 546 Ad
657 492 934 561 utriusque
965 495 1255 569 discrimen
1276 499 1511 569 primum
1535 499 1702 564 Arel.,
1729 504 1956 556 alterum

358 562 533 641 Coll):
563 580 966 641 nuncupaLnUs.
999 566 1243 641 Tertium
1277 562 1419 623 'vero
1453 571 1609 626 nobis
1648 562 1960 641 suppedita-

356 636 427 714 \;i_t
464 635 796 714 bibliotheca
828 635 994 714 Regia
1019 638 1264 694 codicem
1296 651 1411 714 not.
1429 641 1569 698 3989
1585 635 1798 697 duobus
1821 659 1960 714 pra:-

355 705 513 787 dictis
543 705 932 787 antiquiorem,
967 709 1168 787 in___quo
1206 711 1561 787 pra-mittitur
1603 716 1797 784 factum
1822 705 1958 787 '(seu

356 777 615 857 edictum)
667 779 734 857 a_d
791 780 960 832 virum
1011 777 1283 857 illustrem
1312 777 1626 857 Agricolam
1658 777 1957 857 praefectum

356 848 654 923 Galliarum
668 851 1028 923 Augustorum
1058 851 1284 908 Honorii
1308 848 1673 922 et'Tlieodosii',
1694 848 1829 910 infra
1857 872 1958 911 suo

355 920 475 995 loco
505 920 798 995 edendnui,
832 937 893 977 ac
918 924 1117 978 deinde
1159 937 1463 995 sequuntur
1508 920 1695 994 plures
1750 927 1952 982 Zosimi

354 992 696 1066 aliorumque
721 992 1086 1049 Romanorum
1115 992 1428 1060 pontiﬁcum
1461 992 1525 1050 ad
1568 997 1840 1066 Pelagium
1867 1015 1955 1052 ns-

356 1080 457 1133 que
490 1065 776 1130 epistolae,
826 1069 1132 1134 praesertim
1189 1069 1240 1121 in
1291 1068 1633 1122 Arelatensis
1690 1065 1954 1125 Ecclesiae

353 1138 587 1204 gratiam
612 1139 962 1204 conscriptae.
995 1137 1266 1192 Praeterea
1297 1139 1353 1192 in
1409 1139 1780 1196 Morbacensis
1837 1157 1955 1196 mo-

356 1207 583 1261 nasterii
633 1209 980 1275 exemplari,
1053 1211 1502 1278 compilationem
1557 1226 1829 1266 canonum
1884 1213 1954 1268 ab

353 1281 516 1332 annis
543 1281 773 1352 circiter
803 1279 913 1352 800
939 1280 1195 1350 scriptam
1227 1281 1542 1336 continente
1568 1323 1580 1345 ,
1633 1283 1742 1336 duo
1771 1293 1953 1352 poste-

355 1352 501 1405 riora
533 1351 783 1419 epistola:
827 1350 986 1420 hujus
1029 1352 1209 1417 capita
1237 1355 1548 1422 reperimus
1596 1350 1821 1412 Zosimo
1851 1370 1951 1408 no-

355 1432 472 1495 stro
498 1422 798 1490 adscripta.
827 1423 882 1476 ltt
911 1423 1103 1478 eodem
1130 1432 1309 1478 tamen
1346 1440 1448 1478 ms.
1468 1424 1794 1480 offendimus
1807 1427 1951 1495 ejus-

357 1494 481 1570 dent
532 1503 714 1570 {aput
742 1495 766 1548 1
797 1497 1054 1570 _uotnine_
1095 1495 1412 1570 inscriptum
1463 1495 1705 1551 Silvestri
1754 1494 1908 1570 papa:
1933 1539 1946 1560 .

361 1567 504 1619 velut
538 1564 752 1620 Reticio
781 1565 1254 1638 Augustoduneusi
1289 1569 1548 1638 episcopo
1610 1584 1705 1636 per
1739 1564 1948 1625 Gallias

357 1651 419 1690 ac
450 1648 660 1705 septem
697 1636 1004 1710 provincias
1039 1639 1376 1708 privilegium
1425 1636 1705 1708 largientis
1735 1682 1748 1703 ,
1783 1641 1945 1710 idque

358 1710 594 1778 regionis
665 1709 823 1777 hujus
890 1710 1212 1778 praesulibus
1266 1711 1646 1779 significantis.
1705 1709 1946 1768 Exhibet

357 1796 571 1849 quoque
597 1780 813 1853 vulgatu
833 1779 1208 1853 Floriaceusis
1238 1781 1562 1836 bibliotheca
1595 1783 1738 1836 idem
1781 1794 1944 1853 caput

359 1853 578 1906 nomine
611 1852 739 1907 item
787 1851 1042 1907 Silvestri
1080 1868 1227 1921 papa:
1269 1854 1620 1922 insignitum,
1664 1870 1770 1921 quo
1801 1851 1940 1908 idem

358 1924 695 1996 privilegium
730 1923 1020 1996 Paschasio
1073 1924 1368 1978 Viennensi
1403 1925 1740 1979 conceditur.
1779 1925 1946 1996 Hujus

356 2004 536 2049 autem
586 1994 805 2064 scripti,
863 1996 1003 2064 quod
1064 1997 1114 2048 in
1164 1997 1535 2065 Appendicem
1589 1994 1943 2065 rejiciendum

355 2065 642 2129 duximus,
679 2066 971 2120 falsitatem
1006 2068 1123 2121 loco
1163 2082 1263 2122 suo
1290 2069 1565 2135 probaturi
1601 2085 1808 2121 sumus.
1840 2069 1943 2124 Ne-

355 2154 460 2204 que
485 2140 648 2208 igitur
677 2139 790 2192 lucc
808 2140 1034 2208 scriptio
1061 2180 1076 2202 ,
1110 2139 1250 2194 sicut
1277 2154 1376 2194 nec
1408 2140 1540 2193 falsa
1568 2141 1769 2194 codicis
1797 2140 1943 2194 Mor-

357 2209 606 2265 haceasis
632 2209 839 2270 citatio,
867 2210 1111 2279 epistolae
1138 2213 1416 2277 sequentis
1439 2211 1678 2265 ofﬁciunt
1707 2213 1943 2266 veritati.

360 2280 494 2336 llinc
525 2292 730 2336 tantum
781 2282 1069 2336 conficitur
1114 2282 1379 2337 ecclesias
1403 2324 1417 2348 ,
1447 2297 1564 2352 quae
1597 2284 1817 2352 aliquod
1843 2285 1943 2338 sibi

354 2353 440 2416 jus
489 2357 538 2408 in
568 2354 704 2408 alias
733 2368 991 2423 arrogare
1037 2353 1364 2419 voluerunt,
1405 2354 1689 2423 privilegio
1721 2355 1788 2408 ad
1831 2356 1948 2424 epi-

356 2425 508 2478 stola:
541 2425 700 2494 hujus
732 2424 1093 2481 imitationem
1125 2426 1457 2480 concinnato
1491 2425 1624 2480 illud
1652 2425 1945 2483 obﬁrmare

354 2496 723 2551 contendisse.

424 2569 479 2621 2.
508 2567 762 2636 Epistolae
794 2568 1073 2638 sequentis
1102 2569 1387 2624 veritatem
1431 2584 1535 2624 non
1564 2568 1726 2623 modo
1755 2569 1946 2636 probat

355 2651 595 2696 veterum
625 2639 875 2694 codicum
905 2641 1238 2704 auctoritas,
1288 2641 1385 2696 sed
1444 2650 1500 2695 et
1552 2641 1810 2695 historica
1854 2657 1944 2698 ve-

353 2713 482 2766 ritas
509 2713 823 2766 conﬁrmat.
855 2711 1018 2766 Certe
1043 2712 1422 2781 episcotiorum
1449 2712 1790 2768 Arelatensis
1819 2729 1944 2781 pro-

354 2785 542 2838 vincia:
565 2784 632 2837 ad
656 2783 894 2838 Leonem
923 2798 1112 2852 papam
1141 2798 1329 2851 preces
1345 2787 1483 2853 apttd
1505 2785 1678 2853 ipsum
1707 2785 1942 2840 Leonem

353 2858 511 2919 epist.
535 2855 603 2910 40
631 2871 792 2908 nemo
813 2865 974 2923 queat
1002 2855 1190 2926 legere
1216 2898 1231 2920 ,
1278 2858 1408 2926 quin
1457 2856 1754 2925 epistolam
1785 2857 1941 2910 istam

354 2927 508 2995 plane
540 2929 609 2981 ab
636 2927 747 2980 illis
781 2925 1010 2980 iudicari
1034 2967 1049 2989 ,
1077 2934 1135 2981 et
1155 2943 1219 2981 ex
1249 2927 1366 2997 ejus
1396 2928 1580 2982 verbis
1606 2941 1798 2996 preces
1824 2928 1943 2982 illo-

351 3013 468 3052 rum
497 3012 786 3070 expressas
829 3011 1085 3070 essenon
1126 3003 1313 3052 statim
1347 3010 1624 3068 agnoscat.
1677 2998 1944 3070 Similiter

353 3085 541 3124 omnes
570 3069 701 3125 ’sive
743 3069 1175 3124 antecedentium
1204 3071 1319 3123 sive
1351 3069 1799 3138 subsequentimn
1837 3069 1944 3123 lto-

353 3157 631 3196 tnanortnn
657 3141 967 3212 pontiﬁcmn
994 3158 1116 3209 quae
1146 3141 1214 3194 ad
1249 3142 1621 3212 Arelatensem
1652 3139 1941 3197 ecclesiam

2063 507 2464 585 losnepiscopos
2503 509 2680 585 misit,
2713 508 2991 585 Zpsiutuut
3027 515 3077 585 in
3112 529 3200 581 eo,
3226 517 3369 585 quod
3398 519 3664 575 formatas

2062 578 2345 656 quibusvis
2379 580 2605 656 clericis
2631 580 2700 634 ab
2743 581 3050 656 Arelatensi
3084 578 3341 656 episcopo
3372 591 3661 647 tradendus

2061 663 2184 702 esse
2206 650 2474 714 decernit,
2500 651 2709 728 dejure
2731 653 3083 728 eorumquiin
3108 650 3298 712 Galliis
3320 671 3540 728 recepto
3571 663 3664 718 de-

2061 734 2283 792 rogasse
2309 737 2416 775 non
2448 722 2806 792 ambigemus.
2841 723 2942 779 Ubi
2974 727 3120 780 enim
3146 729 3406 785 observat
3429 722 3661 789 Siricins

2061 789 2255 866 (Epist.
2280 794 2367 866 10,
2399 811 2450 866 n.
2481 793 2575 866 l7)
2594 789 2858 848 clericum
2889 797 3216 866 quemlibet,
3253 818 3272 852 ‹
3309 803 3428 859 sine
3458 804 3661 862 litteris

2059 862 2304 944 episcopi
2328 865 2412 919 sui
2440 867 2525 922 vel
2549 862 2788 944 formata
2821 869 2871 944 ut
2901 862 3082 923 aliena
3103 862 3330 927 ecclesia
3360 892 3466 930 non
3496 891 3661 944 posse

2061 935 2398 1010 ministrare,
2457 955 2476 989 ι
2513 938 2750 1010 clericos
2799 938 2910 992 alio
2951 951 3244 1010 pergentes
3300 935 3513 1004 litteras
3562 963 3656 1004 seu

2061 1003 2350 1089 formatam
2392 1009 2622 1090 episcopi
2664 1009 2765 1074 sui,
2823 1003 3349 1090 nott_:Ar'ela_te_nsis,
3404 1003 3661 1090 accipere

2055 1078 2429 1160 eousuevisse
2459 1082 2595 1160 satis
2635 1092 2833 1160 aperte
2859 1082 3085 1138 indicat.
3134 1084 3215 1140 Ad
3250 1078 3658 1160 Metropoli-iani

2056 1148 2286 1224 quidem
2320 1151 2412 1224 jus
2461 1151 2567 1206 hoc
2600 1148 2930 1224 pertinuisse
2975 1170 3081 1210 non
3129 1148 3469 1224 negaverim,
3522 1172 3579 1218 ut
3606 1164 3656 1218 ei

2055 1219 2289 1295 subjecti
2315 1223 2564 1295 episcopi
2589 1219 2933 1294 aliquoditer
2957 1228 3149 1295 procul
3176 1219 3244 1284 ab
3269 1219 3658 1292 Ecclesiissuis

2055 1292 2435 1373 suscipientes
2459 1292 2752 1373 formatam
2791 1297 2858 1373 ab
2893 1292 3014 1365 ipso
3050 1301 3384 1371 acciperent.
3421 1306 3660 1373 Quamo-

2057 1361 2205 1415 bretn
2237 1365 2531 1418 concilium
2563 1361 2993 1435 Carthaginense
3024 1361 3301 1428 ann0'597
3315 1361 3654 1433 celebratum

2053 1436 2362 1517 constituit,
2396 1455 2414 1488 ‹
2438 1448 2503 1517 _ut_
2523 1438 2705 1517 nullus
2745 1439 3125 1517 episcoporum
3155 1446 3372 1517 naviget
3393 1450 3515 1504 sine
3544 1449 3660 1504 for-

2054 1515 2196 1591 mata
2235 1508 2530 1591 primatis:)
2561 1509 2714 1581 (Cod.
2746 1508 2863 1564 can.
2900 1511 3046 1591 Eccl.
3071 1514 3214 1585 Afr.,
3245 1508 3309 1591 εξ
3323 1519 3438 1591 56).
3463 1520 3655 1591 Neque

2056 1590 2196 1659 vero.
2232 1589 2485 1662 epusAenst
2529 1596 2870 1662 nioneamus,
2921 1585 3180 1662 primates
3219 1585 3487 1662 cujusque
3529 1585 3655 1661 pi‘o-

2052 1649 2247 1729 vincia-2
2278 1650 2330 1729 iu
2372 1649 2553 1729 Africa
2603 1653 2774 1729 vicem
2805 1649 3048 1729 gessisse
3075 1649 3650 1729 metropolitanorum.

2053 1720 2387 1799 Atsiugolos
2404 1724 2692 1791 episcOpos
2721 1720 2941 1799 clericis
2969 1729 3084 1784 suis
3109 1720 3370 1786 formatas
3393 1733 3514 1789 illas
3546 1747 3657 1790 tra-

2049 1790 2254 1874 didiss-e
2285 1794 2372 1849 vel
2404 1790 2467 1848 ex
2500 1790 2762 1874 copulet,
2799 1797 2942 1874 quod
2962 1800 3193 1874 alterum
3216 1802 3655 1874 Carthaginense

2049 1865 2641 1949 c0nciliunrannolllQ?
2665 1865 2907 1949 tlect'evit
2929 1887 2943 1924 :
2966 1890 2993 1949 ιΔ
3007 1869 3291 1949 Fortuatas
3309 1865 3513 1949 autevm.
3531 1893 3653 1949 qua:

2048 1949 2076 2020 a
2140 1936 2466 2020 primatibus
2519 1938 2861 2020 (tribuuntur
2909 1945 3210 2020 episcopis)
3241 1948 3324 2002 vel
3361 1963 3389 2002 a
3425 1936 3653 2020 quibus-

2047 2019 2280 2087 eumque
2304 2009 2880 2087 episcopisnprOpriis
2897 2009 3117 2087 clericis
3149 2009 3373 2087 dantur,
3411 2009 3654 2077 habeant

2048 2077 2191 2161 diem
2228 2079 2452 2134 Pascha:
2477 2077 2710 2161 3:_(!bid.
2737 2077 2785 2136 ὲ.
2821 2083 2970 2161 εο6).
3017 2086 3216 2161 Sauxit
3253 2077 3472 2161 quoque
3511 2093 3652 2148 Lao-

2048 2148 2298 2233 dicenutn
2321 2148 2625 2234 [corrc-ilionni
2667 2154 2889 2234 catt_.__40
2910 2148 3207 2234 secttudum
3238 2148 3648 2234 interpretatio-

2049 2235 2172 2274 nem
2224 2223 2277 2276 iu
2316 2221 2516 2302 (lodice
2542 2225 2823 2302 Quesnelli
2851 2242 2970 2302 cap.
3007 2228 3076 2302 58
3115 2221 3432 2302 vulgatam':
3475 2255 3493 2288 ε
3532 2237 3648 2293 Νοη

2048 2303 2266 2374 oportet
2290 2296 2606 2374 ministrqu
2633 2298 2839 2374 altaris,
2859 2299 2947 2353 vel
2977 2300 3140 2374 etiam
3167 2296 3392 2374 laicum,
3418 2308 3539 2364 sine
3558 2323 3650 2363 ca-

2049 2366 2259 2445 nonicis
2281 2366 2724 2445 _litteris,.i_d_est
2768 2368 3022 2445 formata,
3047 2373 3232 2444 aliquo
3261 2366 3540 2445 proﬁcisci
3566 2395 3582 2444 ;
3620 2398 3641 2433 ι

2047 2449 2110 2488 ac
2131 2436 2331 2521 deinde
2356 2453 2480 2522 catt.
2509 2438 2574 2492 41
2613 2440 2750 2522 hanc
2779 2436 3064 2522 formatam
3093 2436 3394 2522 _a'pro'pt_'io
3425 2436 3645 2522 episco-

2049 2520 2119 2587 p_o
2152 2509 2525 2587 accipiendam
2547 2525 2671 2567 esse
2694 2513 2852 2587 docet
2877 2513 2964 2587 his
2993 2509 3213 2574 verbis:
3238 2538 3257 2571 ι
3275 2509 3403 2575 ’Νοη
3429 2509 3650 2587 oportet

2047 2577 2236 2661 altaris
2275 2577 2623 2661 ;mi_ttistrum_
2652 2584 2737 2638 vel
2785 2586 3087 2661 quemlibet
3113 2601 3316 2660 praeter
3337 2577 3646 2661 jussionem

2047 2653 2290 2726 episcopi
2312 2653 2378 2708 ad
2413 2655 3017 2726 peregrinaproﬁcisci.
3080 2653 3306 2718 {Immo
3337 2653 3646 2721 'concilium

2046 2721 2446 2778 Antiochenum
2479 2721 2603 2780 cuin
2626 2721 2749 2782 can'.
2782 2728 2836 2781 7.
2869 2731 3165 2786 secundum
3199 2749 3325 2789 mox
3367 2736 3645 2792 laudatum

2046 2795 2400 2876 interpretem
2427 2797 2729 2876 prsecipiat,
2766 2817 2785 2850 ι
2815 2801 3022 2876 nullum
3053 2804 3461 2876 peregrinorum
3493 2807 3649 2864 cleri-

2046 2879 2234 2950 corum
2265 2869 2472 2950 absque
2496 2869 2723 2950 formata
2753 2871 2955 2950 suscipi
2979 2869 3257 2950 Oportefe,
3286 2894 3463 2950 neque
3486 2895 3644 2950 pres-

2047 2937 2268 3015 byteros
2320 2937 2395 3015 ad
2445 2942 2703 3015 regiones
2751 2937 3080 3014 longinquas
3134 2937 3431 3015 formatas,
3464 2937 3518 3005 id
3563 2960 3649 3007 est

2047 3011 2306 3078 epistolas
2335 3011 2495 3076 dare;
2530 3011 2681 3066 addit
2721 3011 2900 3069 tamen
2931 3011 3055 3072 can.
3077 3017 3109 3071 8
3136 3035 3151 3070 :
3200 3038 3219 3072 ι
3269 3011 3486 3078 Vicario
3513 3037 3643 3079 vero

2045 3081 2309 3160 cpiscnpi,
2339 3083 2511 3160 qui__a
2543 3083 2747 3160 Graecis
2795 3085 3224 3160 ehorepiscopus
3278 3092 3500 3160 dicitur,
3536 3094 3648 3149 for-

2049 3161 2225 3232 piatas
2249 3154 2423 3207 facere
2449 3154 2672 3232 liceat.)
2700 3155 2852 3232 Unde
2873 3154 3003 3212 ante
3026 3154 3227 3216 Zosimi
3253 3154 3498 3232 tempora
3521 3180 3647 3221 cum

349 3211 960 3302 atjtioentepistolze,lita
983 3213 1204 3302 interse
1226 3211 1508 3302 coluurcut
1525 3254 1541 3276 ,
1563 3212 1751 3302 ittthu‘i
1782 3228 1940 3302 linunt"
1969 3225 2013 3287 (ζ
2050 3223 2100 3276 in
2121 3222 2363 3288 Oriente,
2387 3229 2579 3302 tum-in
2602 3211 2921 3302 Occidente,
2945 3211 3358 3302 uana-Epit};
3371 3211 3646 3292 iiiissé'ti:

349 3285 666 3352 admiserit,
699 3285 786 3338 vix
823 3286 986 3338 ullam
1037 3284 1271 3352 rejicere
1315 3284 1512 3337 deinde
1563 3283 1760 3336 valeat.
1801 3283 1940 3348 Quo-

349 3357 668 3412 circaloan.
719 3357 960 3410 Mortuus
992 3356 1142 3410 Eccl.
1184 3357 1416 3410 exet-cit.
1469 3353 1539 3408 ‘24
1601 3355 1938 3424 Scaligerum

353 3431 546 3484 merito
576 3429 732 3493 ridet,
758 3429 900 3497 quod
928 3429 1088 3496 epist.
1123 3426 1252 3492 548,
1286 3439 1339 3480 et
1372 3428 1511 3481 hanc
1541 3428 1851 3495 epistolam,
1885 3436 1940 3482 et

350 3502 486 3554 alias
518 3500 856 3554 Arelatensis
884 3499 1035 3552 sedis
1063 3499 1234 3569 gratia
1261 3500 1494 3568 scriptas
1525 3498 1745 3553 Zosimo
1799 3499 1940 3554 indi-

350 3587 480 3638 gnas
509 3587 573 3626 ac
601 3570 979 3638 supposititias
1005 3571 1283 3639 judicarit.
1317 3571 1446 3638 Quae
1472 3582 1651 3624 autem
1677 3571 1938 3625 adversus

351 3645 469 3699 illas
490 3642 840 3712 objiciuntur,
876 3642 1070 3696 Pasch.
1104 3640 1432 3710 Quesnellus
1459 3643 1522 3696 ad
1553 3642 1758 3697 calcem
1809 3657 1940 3711 ope-

352 3731 468 3770 rum
494 3717 694 3770 Leonis
721 3716 940 3768 dissert.
968 3715 1020 3776 5,
1052 3714 1248 3783 part.l,
1282 3729 1401 3783 cap.
1428 3714 1482 3779 6,
1509 3713 1691 3768 diluit.
1712 3715 1934 3769 Demqu

351 3786 838 3841 Francofordieuse
862 3785 1158 3840 concilium
1178 3802 1322 3840 anno
1337 3787 1441 3842 794
1455 3786 1720 3852 habitum,
1736 3786 1937 3842 Carolo

349 3858 538 3928 Magno
558 3867 849 3928 praesente,
876 3871 998 3910 can.
1027 3858 1059 3912 8
1087 3859 1302 3912 illarum
1327 3857 1466 3912 haud
1490 3858 1722 3912 obscure
1746 3860 1936 3911 memi-

350 3930 450 3990 nit,
485 3931 573 3984 tibi
601 3929 799 3983 habet:
837 3947 855 3979 (
889 3929 963 3984 De
988 3929 1352 3984 altercatione
1385 3928 1633 3985 Ursionis
1664 3928 1938 3983 Viennen-

348 4002 422 4055 sis
443 4002 686 4068 episco'ii
724 4001 879 4055 lecta:
908 4009 1037 4056 sunt
1065 4001 1312 4068 epistola:
1345 4000 1488 4054 beati
1513 3999 1784 4070 Gregorii,
1832 3999 1935 4054 Zo-

347 4071 495 4138 simi,
515 4072 714 4127 Leonis
743 4083 800 4126 et
822 4071 1160 4142 Symmachi,
1191 4089 1311 4142 qua:
1339 4070 1689 4134 deﬁnierunt,
1715 4083 1856 4126 etc.»

419 4145 471 4199 5.
505 4145 587 4198 An
625 4144 871 4198 Zosimus
901 4146 1210 4199 Arelatensi
1251 4145 1508 4212 episcopo
1541 4144 1670 4198 nihil
1691 4143 1791 4198 hac
1819 4144 1936 4212 epi-

347 4218 483 4271 stola
512 4217 636 4270 novi
659 4215 1074 4285 tribuerit.’jute
1102 4214 1462 4285 disceptetur.
1483 4215 1682 4269 Censet
1713 4216 1930 4284 quidem

347 4288 538 4343 Pasch.
565 4289 892 4356 Quesnellus
923 4287 1044 4340 loco
1073 4287 1287 4342 laudato
1339 4287 1393 4340 in
1443 4302 1509 4340 eo
1566 4289 1752 4350 etiam,
1788 4286 1934 4354 quod

344 4362 591 4430 cap.tde
615 4360 840 4414 formata
874 4359 1204 4425 praecipitur,
1237 4359 1374 4430 nihil
1424 4359 1473 4412 ei
1500 4358 1762 4430 tributum
1789 4371 1931 4423 esse,

347 4428 446 4487 nisi
477 4433 621 4501 quod
650 4434 760 4500 jam
807 4447 836 4482 a
883 4430 1138 4500 Cypriani
1190 4445 1308 4485 aevo
1354 4429 1622 4485 habuerit.
1651 4428 1759 4485 Sed
1789 4430 1933 4498 quod

345 4520 408 4559 ea
429 4504 498 4558 de
528 4519 588 4559 re
612 4519 681 4558 ex
714 4503 941 4573 epistola
971 4508 1021 4570 t,
1057 4501 1124 4574 ad
1159 4502 1500 4574 Stephanum
1533 4501 1550 4555 l
1585 4516 1802 4574 papam,
1835 4515 1931 4570 pa-

345 4583 461 4631 tere
491 4576 588 4642 ait,
626 4572 782 4630 nobis
828 4588 1049 4643 prorsus
1088 4572 1278 4627 latere'
1300 4573 1445 4628 ultro
1477 4575 1708 4628 fatemur
1739 4589 1754 4625 :
1789 4572 1844 4626 iit
1869 4589 1930 4628 ea

2045 3304 2194 3376 quiet,
2249 3305 2306 3378 ut
2355 3297 2655 3378 przedictas
2696 3299 2958 3378 formatas
3014 3297 3218 3378 clerici
3257 3307 3326 3362 ab
3373 3308 3647 3378 episcopis

2043 3367 2165 3450 suis.
2190 3375 2456 3450 peterent,
2489 3371 2864 3450 ethepiscopiua
2905 3376 3340 3450 meti-epolitanis
3362 3394 3376 3431 :
3401 3367 3647 3450 adeoque

2044 3436 2291 3521 Zositnus
2326 3441 2447 3494 novi
2505 3436 2705 3521 aliquid
2752 3436 2946 3521 iribnit
3000 3436 3309 3504 Arelatensi
3361 3436 3642 3521 episcopo,

2041 3523 2163 3562 cum
2205 3513 2501 3591 episcopos
2545 3520 2601 3591 et
2631 3514 2864 3570 clericos
2889 3531 3264 3591 quoscumque
3291 3513 3644 3581 fortitatas'ab

2041 3595 2106 3636 eo
2136 3583 2384 3651 accipere
2418 3583 2612 3640 voluit.

2628 3679 2961 3737 EPISTOLA
3007 3681 3046 3736 ι.

2501 3790 2568 3828 AD
2619 3790 2898 3832 EPISCOPOS
2945 3794 3172 3839 ϐΔιιιιτΕ.

3534 3765 3630 3788 -..Ὦ

2303 3889 2375 3942 De
2407 3889 2705 3962 privilegiis
2735 3893 2985 3951 ecclesiae
3019 3894 3380 3958 Arelatensis.

2042 4000 2080 4053 Ι.
2118 4010 2142 4038 ⁸
2189 4000 2374 4085 Ut'qui
2400 4002 2621 4085 Romam
2643 4016 2737 4085 aut
2759 4008 2864 4062 alio
2884 4008 3108 4085 e_Ga_llia
3135 4015 3368 4076 veniunt,
3395 4015 3644 4085 formatas

2109 4074 2371 4145 accipiunt
2391 4092 2422 4126 α
2456 4075 2864 4143 Metropolitano
2889 4079 3202 4136 Arelatensi.
3233 4114 3308 4126 —
3333 4074 3406 4140 ll:
3439 4087 3508 4142 Ut
3537 4105 3646 4145 me-

2112 4144 2462 4231 tropolitau'us
2500 4145 2818 4231 Arelatensis
2853 4152 3122 4223 episcopos
3160 4155 3366 4231 ordinet
3405 4175 3495 4229 per
3523 4144 3646 4231 pro-

2109 4217 2330 4294 vinciam
2346 4215 2726 4294 _Yienitenseiti,
2752 4230 2800 4294 et
2822 4238 2910 4294 per
2938 4215 3208 4294 utramque
3228 4225 3282 4279 Ν
3286 4215 3648 4287 ανὺοήεηέεηι.

2109 4315 2178 4324 —
2209 4287 2295 4340 Ill.
2344 4285 2410 4341 Ut
2449 4289 2681 4344 ecclesia:
2729 4285 3027 4346 Arelatensi
3065 4285 3174 4349 au'w
3215 4299 3453 4367 parwcia:
3494 4285 3648 4356 τεαὶ-ἶ

2111 4367 2342 4412 ιιιαιιιωκ

2038 4450 2288 4507 Zosimus
2307 4453 2580 4510 universis
2601 4455 2874 4529 episcopis
2901 4473 2998 4528 per
3023 4459 3228 4517 Gallias
3249 4472 3305 4519 et
3332 4462 3360 4502 ι’
3388 4474 3599 4537 septem

2511 4547 2821 4617 provincias
2838 4552 3166 4609 constitutis.

345 4649 487 4704 enim
529 4636 760 4718 epistola
812 4636 995 4701 nullus
1044 4645 1285 4700 occurrit
1327 4645 1395 4701 de
1442 4643 1696 4700 formatis
1724 4658 1930 4701 sermo.
1960 4636 2015 4698 D
2110 4646 2238 4702 Car.
2272 4647 2312 4701 Ι.
2345 4649 2482 4704 -1.
2516 4648 2724 4706 Placuit
2750 4654 3073 4722 apostolica:
3098 4655 3238 4725 sedi,
3265 4668 3322 4715 ut
3349 4661 3396 4717 si
3427 4661 3552 4732 quis
3573 4679 3639 4720 ex

415 4801 439 4824 ίι
468 4788 873 4861 Subsequentes
898 4785 1046 4843 tituli
1074 4801 1104 4844 e
1126 4787 1440 4856 Sit-mendo,
1464 4801 1572 4843 non
1592 4802 1664 4844 ex
1690 4802 1823 4843 mss.
1849 4803 1942 4844 ex-

345 4861 665 4932 primuntur.
1250 4920 1256 4927 _

412 4933 439 4972 δ
463 4935 682 5004 Septem
708 4933 814 4988 illae
842 4935 1158 5000 provinciae,
1188 4949 1415 5001 quarum
1445 4944 1769 4990 conventum
1800 4933 1934 4990 civi-

341 5005 446 5062 lem
487 5007 783 5077 quotannis
818 5008 1041 5064 Arelate
1067 5006 1328 5063 celebrari
1373 5007 1645 5062 Honorius
1668 5007 1936 5063 constitu-

414 5125 428 5154 ¹
464 5122 682 5193 Septem
716 5123 1010 5190 provincia:
1045 5123 1148 5177 hoc
1172 5122 1388 5184 loco.et
1411 5123 1461 5176 in
1486 5122 1606 5177 aliis
1638 5120 1929 5186 similibus,

342 5195 736 5265 intelliguntur,
768 5211 902 5265 quas
921 5203 1081 5251 vetus
1100 5194 1300 5248 Notitia
1326 5195 1603 5250 civitatum
1629 5193 1820 5248 Gallia:
1841 5209 1931 5265 se-

335 5264 572 5337 junxita
625 5264 845 5337 reliquis
906 5266 1200 5335 provinciis
1243 5267 1576 5321 Gallicanis:
1611 5264 1936 5337 Viennensis

341 5336 619 5399 nimirum.
643 5336 929 5406 Aquitania
957 5339 996 5405 l,
1033 5338 1318 5407 Aquitania
1349 5337 1416 5401 ll,
1435 5336 1934 5404 Novempopulana,

340 5410 705 5466 Narbonensis
736 5409 774 5472 I,
807 5407 1178 5463 Narbonensis
1230 5407 1292 5473 ll,
1327 5419 1383 5464 et
1411 5407 1578 5476 Alpes
1626 5409 1933 5461 marititnze.

343 5482 489 5550 Quas
538 5482 756 5537 easdem
806 5480 1077 5535 intellexit
1134 5479 1406 5533 llouorius
1447 5479 1499 5532 in
1546 5478 1946 5550 constitutione

344 5548 588 5624 proximo
620 5553 688 5605 ab
718 5551 843 5606 hinc
863 5567 1005 5605 anno
1035 5550 1178 5624 edita
1211 5550 1601 5624 adAgt-icolam
1638 5549 1710 5624 Ρ.
1734 5549 1793 5605 Ρ.
1819 5548 1947 5604 Gal-

342 5620 565 5685 liarum,
597 5640 719 5678 cum
745 5625 1010 5677 statuitut
1035 5620 1249 5675 Arelate
1289 5620 1372 5674 bis
1404 5621 1692 5690 quotannis
1715 5635 1954 5674 cenven-

331 5705 440 5749 -lus
471 5701 661 5748 tierent
693 5711 724 5749 e
756 5695 976 5763 Septem
1013 5710 1043 5759 p
1064 5691 1343 5763 rovinciis.
1375 5691 1451 5746 De
1490 5691 1574 5746 his
1604 5692 1746 5745 enim
1781 5690 1953 5760 loqui-

350 5777 456 5834 tur,
495 5769 789 5833 lapsusque
811 5762 897 5818 est
925 5763 1193 5834 memoria
1224 5762 1567 5824 Hiucmarus,
1591 5763 1680 5830 qui
1705 5763 1844 5834 inter
1864 5777 1950 5817 se-

347 5853 491 5914 ptem
527 5837 834 5909 provincias
864 5851 962 5905 pro
998 5833 1289 5904 Aquitania
1321 5839 1490 5904 prima
1530 5843 1781 5891 numerat
1807 5833 1948 5904 Lug-

2053 4788 2220 4864 tione_
2242 4804 2385 4844 anno
2410 4789 2517 4864 {l8
2548 4790 2670 4846 data
2726 4793 3004 4864 praecepit,
3038 4795 3092 4851 in
3120 4798 3399 4858 veteribus
3427 4802 3646 4861 Nmitiis

2045 4861 2756 4938 3_[)pellallltII‘AVlellllenSiS,
2773 4861 3142 4924 Narbonensis
3171 4871 3346 4938 prima
3373 4884 3429 4930 et
3453 4891 3648 4932 secun-

2044 4933 2133 5018 da,
2168 4934 2449 5018 provincia
2480 4936 2700 5018 Alpium
2726 4933 3648 5018 maritimarum,Novempopulaua

2045 5015 2098 5060 et
2131 5015 2357 5076 utraque
2386 5007 2700 5078 Aquitania.

2040 5119 2360 5200 duuensetn.
2378 5120 2548 5202 Sicut
2574 5137 2704 5202 ergo
2732 5121 3030 5202 Galliarum
3077 5135 3132 5182 et
3160 5130 3401 5202 quinque
3425 5132 3646 5200 provin-

2041 5195 2248 5273 ciarum
2299 5201 2473 5273 autea‘
2501 5191 2724 5273 nomine
2749 5191 3062 5252 Gallicanas
3110 5191 3646 5273 omnes-provincias

2043 5262 2589 5343 conipleetebantur:
2624 5264 2696 5319 ita
2753 5281 2928 5343 nunc_
2952 5283 3078 5343 cum
3137 5262 3412 5329 Galliae'et
3437 5283 3646 5343 septem

2042 5333 2341 5411 provincite
2371 5333 2870 5411 dicuntur,_o_mnes
2897 5337 3276 5411 designantur.
3313 5344 3424 5398 Hoc
3467 5333 3646 5400 solum

2047 5406 2148 5462 fuit
2176 5406 2496 5472 discrimen,
2528 5407 2674 5476 quod
2709 5409 2760 5462 in
2792 5409 2883 5464 illa
2910 5406 3124 5467 ratione
3165 5414 3296 5468 solae
3326 5415 3646 5471 Narbonen-

2046 5478 2460 5548 ses'provincite
2481 5492 2510 5530 a
2542 5481 2816 5534 communi
2843 5479 3148 5537 Galliarum
3181 5485 3448 5539 vocabulo
3469 5500 3652 5541 secer-

2061 5547 2288 5612 nan’tur,
2345 5547 2704 5622 i_tt_hacuvero
2731 5551 2892 5606 etiam
2943 5553 3300 5622 Aquitanicae.
3348 5555 3650 5622 Aquitanos

2060 5629 2302 5698 antemna
2326 5618 2510 5698 Gallis
2551 5619 2824 5698 interdum
2858 5618 3050 5698 solitos
3085 5625 3366 5698 distingui,
3397 5618 3648 5698 Ausonii,

2059 5690 2274 5769 Sulpitii
2324 5689 2530 5769 Severi,
2562 5702 2615 5745 et
2662 5694 2892 5749 aliorum
2953 5695 3113 5764 hujus
3174 5689 3280 5750 aevi
3321 5689 3648 5769 scriptorum

2057 5761 2299 5832 exempla
2330 5761 2720 5819 demonstrant.
