4122 6346
520 271 628 327 645

1890 264 1928 322 S
1990 262 2211 320 ZOSIMI
2250 261 2456 320 PAPIE

3715 259 3816 319 6H

509 386 754 456 qualibet
782 382 1081 440 Galliarum
1115 391 1289 454 parte,
1328 382 1429 436 sub
1461 381 1704 451 quolibet
1735 379 2113 435 ecclesiastico
2148 393 2192 452 Α
2292 377 2422 432 CAP.
2452 377 2514 432 ll.
2549 407 2616 420 -—
2641 378 2698 432 ‘2.
2729 376 2996 432 Jussimus
3029 383 3210 431 autem
3263 375 3620 446 prmcipuam,
3664 374 3815 429 siculi

513 477 710 546 gradu,
745 477 809 530 ad
871 492 970 531 nos
1016 476 1242 528 llotnam
1294 474 1482 528 venire
1532 470 1834 535 cootendit,
1865 472 1953 525 vel
2010 473 2120 526 alio

517 567 674 639 [Ileg.
726 585 821 622 ms.
863 567 932 622 ad
965 567 1097 639 alia]
1129 577 1394 622 terrarum
1425 566 1504 620 ire
1534 565 1792 633 iliSponit.
1821 579 1927 618 non
1961 564 2122 620 aliter

515 662 940 732 proﬁciscatur,
976 661 1076 716 nisi
1127 658 1541 730 metropolitani
1578 659 1590 689 ¹
1626 657 1964 713 Arelatensis
2003 659 2119 727 epi—

523 755 678 825 scopi
721 754 980 812 formatas
1012 753 1308 824 acceperit,
1333 748 1528 822 quibus
1556 750 1918 806 sacerdotium
1943 765 2119 813 suum,

519 851 605 905 vel
645 849 820 904 locum
863 848 1303 903 ecclesiasticum
1358 861 1519 914 quem
1573 844 1757 909 habet,
1786 845 2121 912 scriptorum

522 941 641 1010 ejus
669 940 1092 1010 adstipulatione
1143 939 1455 1008 perdoceat.
1489 935 1643 1003 Quod
1695 951 1756 991 ea
1809 935 1979 1006 gratia
2012 945 2122 989 sta-

519 1033 743 1100 tuimus,
801 1031 1221 1102 quia‘pluritni
1274 1045 1334 1086 se
1384 1025 1696 1100 episcopos,
1748 1029 2124 1101 presbyteros,

521 1127 638 1180 sive
661 1124 1063 1181 ecclesiasticos
1092 1123 1432 1188 simulantes,
1451 1123 1574 1192 quia
1600 1123 1809 1178 nullum
1833 1123 2128 1177 documen—

522 1225 638 1274 tum
679 1217 1038 1273 formataruin
1075 1225 1259 1273 exstat
1282 1231 1380 1287 per
1403 1216 1551 1288 quod
1581 1217 1801 1272 valeant
1832 1217 2126 1281 confutari,

524 1311 578 1365 in
609 1325 805 1365 nomen
837 1309 1212 1366 veneratiOnis
1242 1313 1514 1381 irrepunt,
1543 1319 1598 1366 et
1642 1307 1941 1366 indebitam
1971 1325 2129 1366 reve—

527 1405 759 1460 rentiam
778 1404 1456 1474 promerentur.Quisquis
1480 1404 1668 1473 igitur,
1697 1405 1892 1459 fratres
1918 1403 2125 1458 charis-

523 1497 674 1564 simi,
698 1499 1066 1567 prietermissa
1087 1497 1385 1566 supradicti
1409 1499 1661 1561 formata,
1683 1497 1798 1552 sive
1820 1498 2129 1566 episcOpus,

525 1591 641 1645 sive
668 1591 979 1662 presbyter,
1013 1589 1133 1645 sive
1165 1589 1449 1655 diaconus,
1483 1595 1580 1643 aut
1603 1585 1856 1659 deinceps
1887 1587 2134 1644 infcriori

527 1683 696 1755 gradu
736 1683 830 1750 sit,
861 1684 928 1738 ad
978 1699 1078 1738 nos
1121 1686 1357 1748 venerit,
1387 1684 1524 1738 sciat
1554 1699 1613 1739 se
1656 1684 1882 1738 omnino
1930 1683 2130 1752 suscipi

2223 466 2248 504 ί¹
2274 485 2491 537 semper
2521 470 2731 536 habuit,
2753 468 3215 538 metropolitanns
3233 468 3527 538 cpiscopus
3545 467 3821 522 Arelaten-

2222 562 2362 616 sium
2416 563 2697 617 civitati-ﬂ
2748 563 2802 614 in
2851 560 3176 616 ordinandis
3216 559 3595 616 sacerdotibus
3648 565 3825 612 teneat

2224 655 2629 710 auctoritatem.
2658 652 3055 720 Viennensem,
3080 646 3490 709 Narbonensem
3517 651 3745 722 primam
3775 660 3827 704 et

2225 743 2638 805 Narbonensem
2677 739 2972 803 secundam
3026 747 3338 818 provincias
3392 746 3458 801 ad
3492 744 3824 816 pontiﬁcium

2227 857 2383 897 suum
2411 849 2649 898 revocet.
2692 842 2948 912 Quisquis
2987 851 3120 896 vero
3146 841 3375 912 posthac
3395 848 3586 895 contra
3613 846 3826 905 aposto-

2231 934 2350 990 lica:
2380 935 2527 990 sedis
2559 943 2758 988 statuta
2788 945 2842 989 et
2873 941 3145 1004 przrcepta
3182 932 3474 1003 majorum,
3496 925 3701 986 omisso
3721 941 3827 983 me-

2227 1025 2562 1098 tropolitano
2585 1028 2868 1097 episcopo,
2890 1026 2942 1080 in
2971 1025 3268 1096 provinciis
3296 1019 3627 1095 supradictis
3646 1037 3832 1092 quem-

2229 1135 2394 1190 quam
2441 1119 2697 1174 ordinare
2746 1119 3182 1188 prmsumpserit,
3214 1117 3295 1173 vel
3322 1118 3366 1171 is
3388 1117 3477 1188 qui
3506 1114 3747 1170 ordinari
3775 1128 3831 1170 se

2229 1213 2420 1269 illicite
2470 1215 2686 1279 siverit,
2734 1223 2964 1284 uterque
2995 1223 3018 1249 ο
3051 1212 3364 1269 sacerdotio
3418 1227 3478 1268 se
3517 1221 3708 1266 Carere
3744 1223 3830 1263 co-

2231 1315 2479 1379 gnoscat.
2509 1305 2794 1374 Quomodo
2829 1309 2974 1363 enim
3018 1315 3196 1379 potest
3225 1306 3609 1362 auctoritatem
3642 1303 3832 1360 summi

2237 1399 2512 1470 pontiﬁcis
2531 1400 2804 1465 obtinere,
2833 1401 2928 1471 qui
2961 1414 3085 1470 quin
3107 1409 3270 1456 erant
3296 1398 3572 1470 pontiﬁcis
3617 1411 3837 1454 servare

2239 1494 2615 1562 contempsit?

2306 1585 2435 1642 Car.
2472 1585 2885 1643 lli—Omnes
2936 1601 3066 1643 sane
3109 1585 3488 1655 admonemus,
3537 1589 3598 1641 ut
3645 1584 3837 1657 quique

2247 1681 2444 1734 ﬁnibus
2476 1681 2879 1750 territoriisque
2909 1681 3025 1736 suis
3053 1683 3298 1735 contenti
3333 1681 3443 1734 sint
3479 1678 3494 1716 ί
3529 1695 3540 1730 :
3575 1694 3701 1732 nam
3728 1677 3840 1732 bar-

527 1792 636 1831 non
664 1792 848 1846 posse.
876 1778 1049 1843 Quam
1077 1775 1104 1815 ι’
1136 1778 1519 1831 auctoritatem
1551 1776 1753 1845 ubique
1783 1787 1884 1830 nos
1919 1775 2134 1830 misisse
2166 1788 2209 1847 Β
2241 1776 2367 1828 hara
2409 1783 2465 1829 et
2506 1774 2667 1844 impia
2708 1773 2812 1827 ista
2854 1773 3105 1828 confusio
3135 1783 3216 1828 est
3260 1772 3439 1827 aliena
3486 1785 3835 1842 przesumere.

529 1871 883 1925 manifestum
935 1879 1019 1924 est
1051 1887 1063 1924 :
1099 1871 1158 1924 ut
1185 1871 1399 1924 cunctis
1446 1868 1762 1939 regionibus
1808 1867 2134 1935 innotescat,

526 1961 579 2016 id
612 1962 755 2032 quod
809 1964 1099 2016 statuimus
1144 1961 1479 2016 omnimodis
1519 1977 1643 2016 esse
1690 1961 2044 2016 servandum.
2079 1961 2134 2020 Si

527 2057 653 2126 quis
679 2067 859 2110 autem
893 2055 1009 2110 lucc
1036 2055 1328 2108 salubriter
1349 2053 1641 2107 constituta
1667 2061 1933 2107 temerare
1967 2062 2137 2106 tenta-

528 2151 690 2214 verit,
721 2159 917 2219 sponte
958 2164 1054 2204 sua
1107 2164 1168 2204 se
1217 2164 1245 2201 a
1278 2157 1464 2202 nostra
1504 2146 1712 2202 noverit
1755 2147 2136 2204 communione

529 2243 844 2299 discretum.
867 2243 977 2298 lloc
996 2255 1176 2299 autem
1201 2242 1544 2312 privilegium
1571 2239 1923 2297 formatarum
1945 2251 2133 2298 sancto

531 2328 786 2392 Patroclo
812 2336 962 2392 fratri
995 2347 1049 2392 et
1083 2338 1411 2406 coepiscopo
1440 2345 1628 2390 nostro
1659 2337 1978 2392 meritorum
2014 2339 2132 2408 ejus

532 2440 554 2468 ο
587 2430 900 2500 specialiter
926 2429 1392 2498 contemplatione
1417 2428 1813 2484 concessimus.

605 2644 631 2670 ιι
661 2633 799 2687 Editi
832 2647 953 2687 cum
990 2647 1094 2688 ms.
1129 2633 1282 2688 Arei.
1304 2676 1319 2700 ,
1352 2632 1524 2704 plures
1551 2634 1794 2705 episcopi,
1824 2624 2144 2705 presbyteri,-

529 2707 633 2761 siue
659 2705 997 2776 ecclesiastici
1023 2722 1040 2758 :
1068 2707 1417 2774 corriguntur
1437 2721 1540 2775 ονε
1572 2704 1705 2760 mss.
1733 2704 1866 2776 Reg.
1890 2704 2050 2763 Colb.
2080 2715 2136 2761 et

533 2776 790 2832 bibliotb.
825 2775 976 2830 Flor.

605 2847 634 2886 ι)
666 2848 762 2903 llic
794 2865 893 2902 vox
923 2847 1298 2913 auctoritatem,
1343 2862 1495 2903 more
1521 2848 1717 2918 priscis
1753 2849 2010 2905 Romana:
2042 2865 2134 2905 ee-

534 2921 718 2975 clesia:
743 2919 1088 2988 pontilicibus
1115 2918 1390 2983 familiari,
1417 2923 1702 2987 epistolam
1733 2933 1914 2975 sonat.

611 3003 632 3030 ε
666 2991 751 3116 illa
770 2991 940 3046 codex
965 2991 1167 3061 Regius
1187 3007 1311 3046 eum
1339 2991 1490 3047 Arci.
1511 3002 1566 3046 et
1588 2993 1829 3048 Morbac.
1854 2994 1959 3048 Alii
1979 3008 2134 3061 vero,

611 3079 710 3116 ιιτια
735 3081 772 3116 ι.

535 3079 772 3134 aperturi.

606 3133 633 3173 ἀ
662 3136 940 3191 Novumoe
967 3136 1058 3202 jus
1105 3149 1248 3190 nunc
1280 3135 1532 3191 Zosimus
1565 3137 1820 3193 Patroclo
1846 3136 2133 3201 concedat,

534 3207 811 3277 disputant
838 3208 1056 3263 eruditi.
1087 3206 1295 3262 Novum
1322 3208 1488 3263 tribui
1506 3223 1728 3264 censent
1767 3211 1912 3266 Petri
1943 3211 2137 3264 Mai-ere

530 3281 887 3335 continuator
907 3281 1095 3350 Stepb.
1117 3281 1365 3334 Balnzius
1390 3281 1488 3334 lib.
1505 3298 1532 3332 v
1557 3283 1625 3336 de
1646 3282 1943 3348 Coucord.,
1973 3292 2022 3336 e.
2043 3282 2134 3345 '50,

531 3368 595 3406 ac
628 3353 1011 3407 'l‘illemontius
1049 3365 1182 3405 tom.
1217 3352 1282 3417 Χ,
1323 3370 1372 3419 p.
1402 3353 1580 3408 681et
1623 3369 1776 3423 seqq.
1802 3353 2136 3422 Quosnellus

533 3439 664 3479 vero
691 3425 743 3479 iu
775 3423 992 3479 laudata
1016 3425 1400 3479 dissertatione
1422 3426 1474 3489 5,
1501 3442 1619 3495 cap.
1647 3427 1702 3487 ﬁ,
1727 3428 2005 3482 observat.
2035 3423 2138 3479 Zo-

531 3495 728 3551 simuiu
764 3513 867 3549 non
891 3513 1076 3549 novum
1096 3499 1185 3567 jus
1215 3496 1432 3549 condere
1457 3513 1547 3549 nec
1580 3498 1961 3551 nudiustertius
1985 3498 2136 3549 insti—

534 3577 696 3619 tutum
741 3568 970 3636 ﬁrmare,
1001 3568 1089 3621 sed
1135 3578 1270 3619 vetus
1318 3569 1642 3638 privilegium
1693 3584 1966 3636 asserere,
2000 3581 2054 3622 et
2086 3567 2134 3620 id

534 3638 750 3713 quidem
775 3642 826 3713 in
858 3639 1041 3713 nativis
1062 3639 1379 3713 Arelatensis
1392 3641 1978 3713 juribttspi-intwvi.~:quc
2007 3655 2135 3709 pra:-

535 3711 776 3781 rogrttiris
801 3710 1096 3781 fundatum.
1123 3709 1216 3762 Cui
1242 3709 1565 3766 nunc'latct
1589 3709 1858 3774 lusimus,
1884 3709 1974 3764 ubi
2008 3721 2138 3764 Are-

532 3779 725 3834 latensi
745 3779 1002 3850 episeopo
1025 3782 1076 3836 izl
1106 3783 1453 3835 committere
1479 3797 1538 3835 sc
1560 3793 1811 3849 testatur,
1843 3781 1978 3849 quod
2003 3799 2138 3834 scm~

534 3869 625 3922 per
649 3851 849 3906 habuit.
881 3851 960 3906 llli
989 3869 1206 3924 quoque
1225 3853 1590 3924 suil'ragantur
1607 3853 1869 3908 Gallicini
1891 3854 2135 3920 episcopi

536 3921 587 3976 in
615 3926 865 3992 precibus
893 3924 958 3977 ad
983 3921 1218 3979 Leonem
1252 3941 1352 3994 pap
1373 3921 1441 3977 liii
1469 3936 1587 3992 post
1608 3925 2006 3978 ordinationem
2032 3924 2138 3978 Ra-

536 3997 716 4050 vennii
744 3995 1082 4052 Arelatensis
1124 3997 1366 4064 episcopi
1414 3997 1593 4050 missis
1626 3997 1763 4064 apud
1789 3999 1965 4065 ipsum
1995 3997 2134 4050 Leo-

535 4082 656 4122 nem
689 4069 849 4136 epist.
874 4069 962 4122 4i.
989 4069 1094 4125 Sed
1129 4069 1432 4136 refragatur
1461 4070 1574 4136 ipse
1607 4068 1714 4121 Leo
1745 4071 1906 4136 epist.
1942 4068 2060 4133 9,c.
2081 4069 2134 4130 .i,

535 4139 628 4210 ubi
670 4140 957 4206 Hilarium,
987 4142 1077 4210 qui
1109 4142 1402 4208 episcopos
1426 4154 1578 4194 ertra
1613 4143 1952 4209 provinciam
1982 4153 2134 4193 suam

533 4205 836 4275 ordinarat,
869 4211 920 4266 id
948 4205 1243 4279 usurpasse
1273 4205 1540 4279 queritur,
1565 4205 1705 4282 quod
1730 4209 1905 4265 nullus
1955 4210 2135 4265 deces-

531 4301 704 4336 sorum
737 4286 899 4356 ipsius
919 4295 1036 4337 ante
1062 4283 1365 4356 Patroclum
1391 4282 1592 4356 habuit.
1626 4283 1798 4356 Minus
1825 4283 2135 4352 ambiguum

533 4364 638 4411 est.
685 4356 1062 4411 Arelatensem
1100 4355 1422 4424 episcopum
1464 4371 1491 4407 a
1524 4355 1738 4409 Zosimo
1769 4356 1855 4409 hic
1886 4369 1952 4408 eo
1974 4370 2136 4409 sensu

2246 1869 2319 1924 De
2348 1879 2453 1937 qua
2488 1886 2546 1923 re
2587 1885 2653 1922 ne
2682 1867 2745 1921 ad
2780 1882 2879 1922 nos
2909 1869 3130 1938 querela
3176 1867 3406 1922 ulterius
3438 1866 3622 1922 redeat
3659 1865 3841 1920 admo-

2242 1979 2457 2018 nemus.
2492 1963 2653 2017 Dedit
2691 1961 2838 2017 enim
2873 1961 3184 2031 exemplum
3217 1960 3558 2016 Arelatensis
3588 1956 3834 2023 ecclesia,

2238 2073 2359 2128 quae
2398 2055 2502 2110 sibi
2528 2056 2548 2087 ³
2587 2055 2940 2111 Citharismn
2972 2065 3028 2109 et
3070 2065 3094 2102 ε
3126 2054 3450 2125 Gargarintn
3497 2055 3764 2124 parteeias
3789 2054 3838 2106 in

2241 2151 2519 2205 territorio
2544 2161 2644 2202 suo
2674 2149 2809 2202 sitas
2838 2148 3178 2216 incorporari
3197 2147 3318 2213 jure
3342 2147 3623 2202 desiderat
3650 2163 3662 2202 :
3688 2161 3754 2201 ne
3778 2145 3842 2202 de

2238 2253 2439 2299 caetero
2467 2239 2607 2298 nllus
2627 2241 2885 2297 sacerdos
2909 2239 2961 2294 in
2987 2239 3212 2296 alterius
3238 2239 3538 2296 sacerdotis
3555 2248 3845 2308 praesumat

2241 2339 2521 2407 iniuriam.
2575 2338 2720 2393 Sane
2769 2336 3024 2406 quoniam
3070 2335 3511 2404 metropolitanae
3562 2333 3846 2390 Arelaten-

2243 2433 2381 2486 simn
2427 2429 2548 2485 urbi
2602 2441 2758 2485 vetus
2806 2429 3149 2500 privilegium
3200 2426 3423 2482 minime
3474 2425 3844 2499 derogandum

2239 2637 2526 2709 probaverit
2576 2653 2721 2689 suam
2776 2638 3030 2690 civitatem
3081 2651 3191 2709 esse
3220 2649 3584 2699 sterneretur,
3621 2639 3665 2692 is
3694 2639 3844 2691 totius

2241 2708 2516 2776 provincia?
2539 2709 2785 2762 honorent
2817 2711 3069 2779 primatus
3110 2708 3354 2781 obtineat,
3381 2719 3425 2762 et
3454 2710 3562 2780 ipse
3576 2713 3733 2781 juxta
3757 2725 3843 2762 ra-

2242 2798 2435 2852 nonmn
2489 2789 2801 2852 praeceptam
2835 2782 3241 2852 iordinntionum
3293 2780 3477 2834 habent
3523 2780 3840 2852 petestatem.

2242 2851 2399 2906 Unde
2428 2851 2600 2920 liquet
2620 2867 2744 2906 eum
2774 2851 2846 2905 ibi
2872 2854 3352 2921 metropolitanum
3376 2851 3609 2918 dici,rui
3643 2856 3693 2906 in
3720 2867 3845 2906 con-

2244 2927 2508 2978 troversis
2533 2924 2830 2993 provinciis
2865 2925 3136 2992 primatus
3161 2923 3335 2980 honor
3364 2933 3418 2979 et
3441 2925 3840 2979 ordinationum

2246 2997 2513 3063 competit
2547 3004 2809 3066 potestas.

2319 3071 2540 3133 eQuam
2592 3073 2642 3122 in
2704 3068 3013 3137 hujusmodi
3070 3069 3249 3123 causis
3298 3068 3591 3122 concilium
3655 3067 3844 3121 'l‘auri-

2245 3155 2416 3194 nense
2456 3153 2580 3194 can.
2626 3141 2660 3195 5
2701 3140 3029 3195 decreverat
3061 3139 3369 3194 ordinantis
3411 3151 3647 3208 panum,
3692 3139 3841 3192 Zosi-

2244 3228 2365 3265 tntis
2395 3211 2481 3265 bic
2515 3221 2698 3282 auget.
2745 3213 2869 3265 ilzrc
2907 3212 3106 3281 quippe
3132 3213 3375 3282 synodus
3402 3228 3560 3278 eum,
3587 3212 3677 3280 qui
3709 3211 3844 3263 ordi-

2245 3293 2396 3337 natus
2437 3285 2633 3348 fuerit,
2677 3285 2954 3337 sacerdotii
2992 3283 3178 3336 honori
3210 3282 3522 3354 privandum
3559 3282 3836 3351 judicans,

2243 3358 2384 3410 scire
2416 3356 2589 3408 voluit
2616 3365 2673 3409 et
2701 3372 2824 3409 eum
2853 3357 2940 3423 qui
2971 3355 3288 3408 ordinauerit
3319 3356 3682 3407 auctoritatem
3717 3356 3842 3407 sein

2243 3427 2656 3480 ordinationibus
2682 3428 2760 3478 vel
2792 3429 2842 3479 in
2872 3427 3106 3479 conciliis
3135 3427 3346 3479 minimc
3375 3437 3723 3490 retenturum,
3745 3425 3841 3479 sed

2245 3497 2556 3552 sacerdotio
2585 3499 2810 3552 minime
2842 3500 3040 3560 privat.
3075 3497 3302 3552 Zositno
3332 3507 3512 3551 autem
3543 3499 3840 3553 eoncincns

2243 3569 2567 3623 Arelatense
2598 3583 2632 3623 ιι
2661 3571 2982 3633 roncilinm,
3016 3579 3072 3622 ut
3101 3570 3188 3639 qui
3216 3569 3491 3624 Ordinatus
3521 3577 3596 3623 est
3621 3583 3738 3623 eum
3761 3583 3844 3622 or-

2241 3641 2568 3693 dinatoribus
2596 3643 2924 3706 excludatur,
2955 3643 3270 3695 constituit.

2320 3710 2414 3764 fln
2437 3728 2569 3765 mss.
2593 3711 2747 3766 (Jolb.
2777 3721 2832 3768 et
2865 3713 3008 3768 \rel.
3039 3723 3094 3768 ut
3124 3711 3176 3766 in
3207 3711 3444 3784 vulgatis
3473 3712 3839 3784 rententigim.

2246 3779 2320 3837 De
2347 3799 2560 3856 quare.
2605 3784 2955 3856 Sententiam
3001 3779 3385 3840 intermediam
3427 3799 3495 3840 ex
3529 3797 3664 3839 mss.
3709 3783 3839 3856 Reg.

2243 3864 2296 3909 et
2325 3855 2562 3910 Morbac.
2593 3855 2932 3923 supplemus.

2316 3936 2338 3973 ε
2359 3928 2412 3979 Ιιι
2436 3927 2689 3998 vulgatis,
2722 3925 3058 3998 Gai-geriem.
3090 3927 3300 3984 Melius.
3333 3943 3444 3982 mss
3499 3927 3674 3992 Arel.,
3705 3925 3838 3996 Reg.

2243 4009 2294 4052 et
2325 3999 2565 4072 Illorbac.
2602 3995 2955 4072 Gargariam,
2989 4002 3064 4054 uti
3107 4001 3394 4070 legendum
3443 4014 3565 4072 esse
3609 3995 3840 4053 meime-

2243 4083 2323 4124 rat
2357 4069 2688 4126 Sirmondus
2719 4069 3054 4127 auctoritate
3085 4069 3286 4127 veteris
3328 4071 3527 4126 tabulae
3563 4073 3844 4125 Arelaten-

2242 4143 2423 4230 sis,‘in
2456 4157 2563 4230 qua
2595 4151 2817 4230 exstat,
2855 4143 3057 4230 Pagpni
3094 4147 3217 4230 pagi
3256 4143 3612 4230 Lucretig'qni
3641 4152 3760 4230 sum
3791 4143 3840 4194 in

2241 4214 2431 4283 ﬁnibus
2489 4215 2908 4280 Arelatensium,
2937 4212 3071 4269 ’loco
3096 4212 3101 4214 ⁷
3129 4212 3408 4285 (Iugario.
3461 4212 3842 4269 Citharistantc

2244 4296 2371 4339 item
2408 4287 2662 4353 parmene
2692 4287 2745 4340 in
2777 4287 2972 4342 libro‘z
2999 4286 3138 4342 Vita}
3167 4288 3224 4342 S.
3254 4285 3478 4342 Cmsarii
3505 4285 3842 4340 Arelatensis

2243 4358 2582 4412 mentionem
2615 4358 2728 4412 ﬁeri
2765 4357 2908 4413 idem
2939 4357 3267 4414 Sirmnudus
3297 4358 3576 4412 observat.
3611 4355 3841 4410 Additur

534 4428 989 4510 metropolitanum
1021 4430 1350 4508 nutrcuiiat‘i,
1373 4428 1775 4510 quointelleitit
1807 4427 1914 4510 _boc
1940 4439 2138 4508 ttouien
2170 4451 2218 4510 ι)
2245 4437 2299 4482 et
2349 4430 2594 4510 innuptis
2630 4429 2762 4510 .cjus
2815 4431 3120 4510 posthpmis
3156 4443 3199 4510 _a
3237 4429 3474 4510 ‘Labbeo
3630 4430 3840 4510 falcem

535 4497 777 4568 synodus
819 4497 1370 4568 Tattt‘inensis,emn
1424 4499 1638 4552 urbium
1692 4499 2032 4552 Arelatensis
2088 4507 2143 4550 et

536 4567 866 4626 Viennensis
893 4570 1161 4638 episcopis
1198 4567 1265 4621 de
1303 4569 1570 4638 primatus
1605 4571 1656 4622 in
1707 4569 1818 4622 illis
1845 4569 2142 4636 provinciis

535 4640 746 4697 honore
777 4644 916 4696 inter
935 4637 999 4696 se
1018 4639 1356 4695 certantibus
1383 4637 1631 4695 deﬁnivit
1656 4659 1668 4694 :
1703 4642 1858 4710 utqui
1873 4656 1940 4694 ea:
1961 4641 2036 4694 eis
2054 4659 2146 4710 ap-

613 4801 945 4859 ‘Formatas
993 4813 1086 4854 seu
1133 4800 1646 4870 communicatorias
1702 4799 1981 4870 epistolas,
2015 4800 2132 4856 sine

538 4877 736 4949 quibus
766 4873 1057 4949 peregrini
1089 4867 1369 4949 clericiad
1411 4867 1852 4949 communionem
1901 4885 2006 4949 non
2037 4873 2132 4926 ad-

539 4943 916 5012 mittebantur,
947 4943 1193 5010 accipere
1223 4944 1490 5011 solebant,
1533 4955 1654 4999 cum
1685 4943 1793 4999 alio
1827 4944 2134 5010 proﬁcisce-

541 5023 756 5085 bantur,
791 5015 1114 5087 presbyteri,
1151 5014 1386 5076 diaconi.
1421 5026 1475 5070 et
1506 5015 1691 5071 czcteri
1748 5017 2028 5086 deinceps,
2066 5016 2133 5072 ab

539 5094 797 5161 episcoro
823 5105 942 5153 suo,
978 5087 1220 5154 episcopi
1253 5103 1281 5161 a
1337 5090 1783 5156 metropolitano,
1805 5089 2134 5161 metropoli-

541 5160 708 5220 lania
740 5162 966 5231 primate
995 5175 1090 5214 seu
1142 5160 1467 5228 patriarcha.
1491 5161 1646 5228 Quod
1686 5161 1745 5216 S.
1772 5160 2034 5215 Maximus
2079 5160 2132 5214 in

539 5235 908 5306 disputatione
937 5248 1059 5306 cum
1091 5231 1299 5306 Pyrrho
1322 5234 1422 5286 sub
1445 5235 1604 5306 linem
1635 5233 1814 5298 docet,
1846 5248 1966 5287 cum
2001 5233 2133 5303 Pyr-

537 5303 912 5378 rhi—synodum
945 5304 1103 5360 ullam
1131 5303 1303 5378 inisse
1325 5316 1506 5375 negat,
1533 5305 1786 5378 adquam
1811 5307 2134 5366 συστατικὰς

538 5377 748 5438 litteras
775 5394 874 5433 nec
902 5377 1140 5448 episcopi
1172 5391 1199 5427 a
1227 5377 1661 5435 tnetronolitanis
1683 5380 1795 5433 suis
1828 5379 2132 5443 attulerint,

538 5471 639 5510 nec
665 5450 1067 5517 metropolitani
1097 5447 1126 5500 7a
1159 5449 1502 5516 patriarchis.
1552 5452 1889 5510 Συστατικὰς.
1935 5447 2132 5517 inquit,

536 5529 584 5583 οἱ
609 5523 1040 5594 σννελθὸντεςλρύκ
1070 5517 1214 5594 εἶχον
1235 5563 1248 5585 ,
1273 5518 1388 5576 οὔτί
1416 5523 1462 5576 οἱ
1492 5522 1759 5579 ἐπίσκοποι
1785 5522 1888 5578 ἀτὸ
1914 5529 2012 5577 τῶν
2041 5544 2137 5594 μη-

536 5599 870 5677 τροζολιτῶν,
903 5591 1022 5677 eiii-5
1051 5596 1098 5677 oi
1116 5591 1492 5677 ’μητροποᾉῦι-αι
1512 5595 1614 5676 ἀπρ
1640 5602 1741 5677 χῶν
1766 5591 2132 5677 πτριαρχὼςδ.

536 5665 609 5726 Ᾱι
639 5667 890 5723 Zosimus
921 5667 1024 5718 hoc
1055 5667 1175 5720 loco
1203 5665 1483 5736 singulare
1518 5665 1860 5736 privilegium
1879 5665 2138 5720 Patroclo

536 5741 937 5796 Arelatensium
972 5739 1232 5805 episcopo
1254 5735 1443 5790 tribuit
1465 5737 1515 5790 in
1541 5735 1738 5800 Gallia.
1767 5749 1822 5792 ut
1847 5737 2140 5806 cujuslibet

534 5811 734 5884 gradus
785 5808 1169 5876 ecclesiastici,
1225 5807 1337 5863 sive
1387 5807 1638 5876 ltoniam,
1681 5810 1801 5864 sive
1830 5810 1941 5864 alio
1966 5815 2140 5864 terra-

2253 4508 2382 4553 tom.
2414 4499 2457 4554 ll
2477 4501 2684 4556 Concil.
2718 4516 2839 4569 pag.
2867 4499 3009 4556 18M
3037 4499 3481 4568 cditis,Plinium
3516 4501 3609 4554 lib.
3630 4501 3684 4566 5,
3707 4515 3762 4554 -c.
3787 4500 3840 4564 4,

2253 4570 2562 4626 Citharistte
2589 4574 2640 4626 in
2671 4587 2764 4626 ora
2799 4573 3222 4628 Maesiiiensinm
3255 4569 3622 4642 promantur-ii
3653 4571 3844 4626 memi-

2257 4643 2425 4698 nisse.
2463 4644 2704 4714 Uterque
2732 4645 2883 4700 locus
2909 4647 3204 4700 etiamnum
3232 4653 3317 4700 est
3348 4652 3533 4700 notus.

2240 4815 2358 4855 rum
2393 4797 2687 4868 profecturi
2722 4813 2873 4857 extra
2907 4801 3134 4858 Galliam
3161 4811 3356 4857 omnes
3393 4801 3462 4858 ab
3483 4811 3550 4858 eo
3581 4799 3840 4862 lbrmatas

2237 4873 2531 4955 accipiant,
2554 4883 2606 4927 et
2629 4873 2864 4955 sinebis
2883 4876 3008 4955 alibi
3043 4890 3148 4955 non
3171 4874 3556 4955 suscipiantur.

2311 4947 2329 4974 ²
2362 4942 2612 5017 Ζυεὶιιιιις
2649 4945 2909 5017 Ecc|c~ia3
2959 4946 3296 5002 Arelatensis
3321 4942 3602 5017 episcopo
3647 4957 3838 5015 vetus,

2240 5025 2298 5070 ut
2328 5018 2422 5081 ait,
2460 5015 2804 5084 privilegium
2836 5027 2890 5073 et
2945 5020 3323 5074 auctoritatem
3363 5015 3676 5083 conﬁrmat,
3711 5023 3838 5076 utin

2238 5086 2560 5162 ordinandis
2603 5090 2884 5162 episcopis
2935 5091 3338 5160 metropolitani
3377 5091 3468 5160 jus
3517 5092 3723 5162 habent
3743 5108 3838 5162 per

2239 5168 2350 5213 tres
2367 5161 2698 5229 provincias,
2731 5159 3096 5218 Viennensem
3117 5159 3179 5218 iet
3208 5159 3492 5229 utramque
3515 5159 3840 5219 Narbonen-

2242 5247 2391 5295 sem;
2424 5231 2493 5284 ita
2526 5241 2581 5284 ut
2611 5231 2818 5288 honore
2861 5245 3107 5294 careant.
3136 5236 3228 5304 qui
3285 5235 3335 5288 in
3393 5232 3477 5288 his
3518 5235 3836 5304 provinciis,

2245 5305 2446 5358 omisso
2481 5305 2921 5375 metropolitano,
2953 5306 3004 5358 id
3055 5313 3141 5360 est
3185 5306 3518 5375 Arelatensi,
3553 5307 3840 5375 episcopos

2244 5376 2574 5443 ordinarint,
2603 5378 2684 5431 vel
2716 5377 2956 5449 episcopi
2987 5377 3195 5434 fuerint
3221 5377 3482 5432 ordinati.
3537 5379 3654 5448 Qua
3681 5379 3750 5435 de
3781 5396 3839 5436 re

2243 5451 2436 5504 iterum
2467 5449 2602 5502 alias
2629 5450 2850 5516 smpius.

2315 5519 2334 5550 ⁸
2365 5517 2675 5575 Citharistm
2707 5521 2760 5573 in
2785 5537 2877 5574 ora
2899 5519 3316 5576 Massiliensium
3337 5526 3704 5590 promotorii
3727 5543 3842 5586 me-

2246 5592 2403 5646 minit
2427 5593 2589 5646 etiam
2623 5593 2827 5646 Plinius
2871 5593 2965 5646 lib.
2997 5609 3074 5658 nt,
3107 5607 3156 5648 c.
3191 5595 3244 5658 Ii;
3275 5591 3523 5663 Gargarii
3577 5612 3706 5652 vero
3731 5600 3837 5655 loci

2246 5674 2400 5719 vetus
2424 5665 2709 5732 inscriptio
2726 5663 2959 5734 antiquas
2984 5664 3206 5728 tabulae,
3229 5681 3348 5726 quin
3363 5676 3553 5720 exstat
3572 5671 3791 5726 Arelate
3819 5684 3838 5728 :

2245 5736 2448 5791 Paean:
2484 5751 2601 5791 νισι
2635 5751 2862 5790 wcne'rt
2896 5751 2986 5800 om
3017 5751 3150 5791 sum~
3183 5752 3388 5793 stamus
3419 5738 3836 5800 ABELATENSIUI

2246 5823 2385 5864 Loco
2413 5806 2712 5877 Caucasio,
2737 5816 2796 5864 et
2821 5823 2944 5880 quae
2970 5816 3295 5878 sequuntur.
