4122 6346
288 285 393 344 ϐι9

1493 278 1855 338 EPISTOLE
1898 277 1986 334 ET
2027 274 2348 334 DECRETA
2362 317 2375 332 .

3474 281 3580 341 650

285 397 523 474 creditur
573 394 799 474 dixisse.
856 395 1143 474 Patroclus
1192 404 1370 450 autem
1396 435 1411 474 ε
1456 405 1529 474 ut_
1560 396 1794 466 Prosper
1818 395 1873 450 in
1905 416 1953 474 Α
1984 390 2184 446 tudinis
2214 388 2549 446 abundantia
2575 387 2879 460 gratulatur
2911 404 2925 443 :
2951 402 3076 444 cum
3108 388 3152 443 si
3185 389 3313 458 quid
3343 391 3430 450 vel
3459 408 3582 451 sus,

282 469 554 527 Chronico
585 471 776 539 docet,
819 475 927 523 tam
959 466 1188 536 perditae
1230 466 1582 522 conscientiae
1631 476 1785 531 erat,
1817 476 1877 522 ut

291 560 311 595 ι
330 540 516 596 infami
536 549 779 597 mercatu
802 560 820 593 ι
841 539 1143 595 sacerdOtia
1155 539 1436 593 venditare
1455 554 1562 593 non
1582 540 1874 595 dubitaret.

284 612 435 682 Quod
461 613 590 669 dum
625 613 834 683 ignorat
852 611 1125 680 Zosimus,
1154 626 1223 665 ex
1250 624 1347 683 ore
1379 612 1540 683 trium
1564 611 1781 666 testium
1809 610 1878 683 de

283 681 485 741 Lazaro
507 694 562 740 et
585 681 786 741 Hercle
810 683 957 738 inter
982 697 1042 739 se
1061 681 1545 751 consentientium,
1573 697 1788 750 aequum
1809 682 1879 738 de

284 756 393 811 illis
413 755 681 826 judicium
715 755 964 826 proferre
995 769 1058 810 se
1086 753 1441 826 existimavit.
1475 754 1585 826 Nec
1616 754 1873 826 advertit,

284 824 541 884 absentes
587 844 655 883 ex
684 824 954 896 suspectis
984 825 1421 883 adversariorum
1468 825 1584 880 sive
1615 824 1877 881 manifes-

286 907 461 955 torum
502 900 618 954 sive
648 900 931 955 latentium
959 897 1286 953 testimoniis
1326 912 1395 952 eo
1424 897 1543 966 ipso
1573 907 1821 968 tempore
1846 912 1876 952 a

280 986 340 1028 se
369 971 639 1040 damnari,
665 986 774 1041 quo
802 969 963 1027 Afros
992 969 1154 1027 dictis
1184 970 1238 1024 in
1264 968 1522 1041 absentes
1542 968 1876 1041 credendum

279 1058 385 1099 non
408 1057 533 1099 esse
562 1039 807 1099 sedulius
833 1041 1182 1098 admonebat.
1219 1040 1367 1096 Adeo
1409 1056 1593 1095 verum
1635 1049 1720 1096 est
1751 1039 1879 1095 faci-

279 1113 384 1171 lius
404 1115 561 1170 cerui
603 1114 763 1187 quod
805 1113 929 1169 aliis
957 1112 1258 1187 cavendum
1283 1114 1372 1166 vel
1419 1111 1873 1187 facien‘dumrest,

278 1200 439 1257 quam
470 1186 617 1256 quod
637 1183 834 1251 nobis;
864 1202 928 1241 ac
951 1184 1101 1241 viros
1131 1185 1379 1257 oculatus
1429 1183 1703 1257 interdum
1736 1186 1789 1238 iu
1822 1184 1877 1238 id

277 1255 388 1312 labi
415 1274 476 1314 se
496 1255 615 1313 non
656 1257 969 1323 advertere,
1001 1255 1146 1327 quod
1174 1255 1228 1310 in
1275 1255 1395 1310 aliis
1442 1255 1870 1323 reprehendunt.

278 1331 349 1385 At
378 1345 539 1399 quam
573 1330 719 1385 nulla
748 1331 802 1385 in
834 1344 1076 1384 errorem
1105 1328 1468 1398 propensioue
1489 1327 1737 1399 Zosimus
1770 1328 1876 1396 pri-

277 1398 426 1456 mum
484 1400 770 1457 fallacibus
819 1400 1097 1456 haereticis
1133 1400 1290 1470 paulo
1357 1399 1630 1455 credulior
1679 1398 1872 1469 fuerit,

275 1473 627 1543 postmodum
656 1473 871 1530 detecta
927 1471 1157 1528 veritate
1188 1470 1459 1541 patefecit.
1493 1471 1602 1526 Nec
1647 1471 1767 1526 sine
1795 1472 1877 1527 di-

273 1545 402 1600 vino
461 1554 595 1600 nutu
647 1545 847 1601 factum
876 1553 993 1611 est,
1028 1554 1088 1598 ut
1114 1558 1143 1596 ιι
1175 1559 1281 1614 quo
1330 1559 1426 1613 per
1480 1552 1652 1598 totum
1685 1543 1872 1599 urbem

275 1616 667 1686 proscribenda
707 1629 891 1673 essent
932 1630 1191 1685 perversa
1225 1627 1533 1670 commenta
1560 1660 1574 1684 ,
1609 1617 1653 1669 is
1683 1631 1872 1670 eorum

272 1700 527 1759 auctores
550 1689 699 1757 prius
716 1688 977 1759 singulari
1004 1686 1377 1759 benevolentia
1398 1690 1870 1756 complecteretur.

270 1757 399 1816 Inde
438 1756 585 1815 enim
612 1756 933 1830 persuasum
964 1758 1216 1813 omnibus
1243 1756 1362 1825 fuit,
1393 1759 1735 1828 peSIileutem
1762 1759 1871 1814 ba:-

270 1832 437 1887 resim
472 1833 578 1888 soli
608 1823 851 1888 veritatis
886 1831 977 1898 vi,
1009 1845 1071 1887 ae
1117 1830 1249 1885 nulli
1289 1823 1497 1900 privato
1520 1829 1648 1886 odio
1684 1847 1877 1887 succu-
1907 1823 1954 1882 B

272 1901 478 1960 buisse.

856 1999 1194 2058 EPISTULA
1228 2000 1273 2056 ll
1289 2010 1337 2055 ⁸.

793 2105 871 2163 De
898 2120 1065 2163 causa
1089 2103 1352 2161 Cwlestii.

272 2223 417 2295 Quid
447 2225 738 2278 instaurata
789 2220 973 2295 Romae
1011 2219 1237 2277 Cwlestii
1285 2218 1492 2295 judicio
1523 2229 1721 2295 gestant
1786 2220 1876 2273 ait.

338 2295 507 2363 Eum,
541 2295 644 2349 nisi
666 2294 805 2348 intra
833 2293 967 2348 duos
993 2308 1192 2348 menses
1225 2293 1430 2363 veniant
1452 2293 1542 2363 qui
1575 2300 1879 2361 prwsentem

339 2369 687 2438 redarguam,
728 2374 773 2419 et
803 2366 954 2421 aliter
981 2367 1171 2419 sentire
1201 2362 1413 2434 probent
1431 2362 1592 2435 quam
1613 2364 1881 2435 professus

339 2441 452 2507 sit,
487 2435 783 2493 absolutum
811 2441 942 2509 fore.

263 2532 503 2593 Zosntus
527 2535 771 2588 Auaauo
799 2542 853 2588 et
887 2530 1166 2588 universis
1197 2530 1471 2602 episcopis
1506 2545 1603 2601 per
1630 2527 1874 2585 Africam

336 2629 658 2687 constitutis
687 2626 1064 2684 dilectissimis
1088 2625 1351 2682 fratribus
1380 2627 1435 2681 in
1470 2624 1703 2681 Domino
1734 2623 1879 2679 salu-

338 2732 475 2780 tem.

340 2818 394 2872 i.
427 2816 685 2889 Magnum
714 2815 930 2887 pondus
956 2816 1234 2873 examinis
1261 2831 1453 2887 magna
1478 2813 1507 2853 δ
1534 2813 1873 2881 desiderant,

264 2916 326 2965 ut
355 2924 466 2964 non
494 2908 567 2962 sit
599 2907 763 2963 rebus
794 2907 925 2979 ipsis
950 2953 964 2977 ,
992 2921 1113 2977 qua:
1141 2915 1449 2976 geruntur,
1483 2904 1709 2960 inferior
1742 2904 1876 2959 libra

259 3002 484 3075 judicii.
523 3002 618 3056 llis
648 3002 860 3058 accedit
890 3001 1214 3074 aposmlieae
1244 2999 1391 3056 sedis
1436 3001 1763 3067 auctoritas,
1790 2998 1877 3056 cui

261 3097 321 3155 in
366 3098 638 3153 honorem
668 3097 971 3153 beatissimi
1023 3095 1173 3152 Petri
1206 3103 1422 3166 patrum
1465 3095 1689 3151 decreta
1708 3108 1874 3164 pecu-

263 3188 461 3246 liarem
523 3188 817 3261 quamdam
868 3202 1105 3244 sanxere
1145 3186 1537 3243 reverentiam.
1588 3185 1872 3243 Urandum

264 3282 465 3354 igitur,
499 3292 551 3337 et
583 3282 922 3338 incessanter
948 3279 1219 3336 orandum
1247 3321 1262 3346 ,
1320 3289 1379 3335 ut
1406 3280 1668 3336 continua
1699 3282 1872 3350 gratia

263 3377 615 3449 pereunique
641 3375 918 3447 adiutorio
948 3376 1063 3442 Dei,
1094 3390 1161 3430 ex
1193 3374 1295 3430 hoc
1323 3372 1476 3429 fonte
1497 3373 1550 3428 in
1583 3383 1756 3429 totum
1783 3389 1870 3428 or-

264 3469 393 3528 bem
423 3486 531 3542 pax
551 3469 676 3526 fidei
701 3480 755 3526 et
789 3468 1077 3525 catholicae
1104 3467 1388 3524 societatis
1410 3467 1576 3523 nullis
1609 3483 1629 3505 ι·
1661 3467 1875 3523 nebulis

266 3565 624 3622 interfuscata
650 3563 1186 3620 mittatur.Charitas
1209 3564 1375 3629 enim,
1396 3580 1517 3635 quae
1541 3562 1875 3634 sicutserip—

267 3669 384 3718 tum
414 3671 500 3719 est
541 3660 562 3732 (
605 3660 623 3716 l
656 3660 820 3716 Joan.
852 3674 929 3729 Iv,
960 3660 994 3716 8
1017 3660 1065 3726 l,
1092 3658 1237 3716 Deus
1267 3668 1381 3726 est,
1411 3659 1651 3730 perfecta
1699 3658 1876 3731 pleni-

343 3919 369 3949 ι
422 3908 713 3977 Exemplar
761 3906 973 3981 Yatic.,
1015 3906 1207 3981 Incipit
1237 3907 1538 3981 exemptum
1582 3907 1819 3981 epistola:
1856 3923 1873 3962 ι

269 3981 469 4039 Zosimi
497 3976 725 4053 episwpi
755 3979 811 4033 in
838 3976 1187 4053 defensionem
1223 3976 1447 4053 leestii
1494 3987 1676 4053 contra
1710 3976 1870 4053 Pelu-

268 4055 450 4125 gianos
479 4050 796 4124 episwpos;
841 4066 961 4122 quze
1008 4050 1292 4121 inscriptio
1348 4050 1658 4120 imperitum
1708 4050 1876 4106 habet

270 4134 577 4180 auctorem.

345 4195 373 4234 1³
407 4200 441 4250 Α
457 4196 560 4266 pud
594 4195 819 4261 Baron.,
854 4193 1138 4249 desiderat.
1166 4192 1610 4266 RectiusiGarn”
1662 4191 1869 4266 deside-

269 4277 411 4322 rant.
447 4263 866 4323 (Ionstitutionis
907 4266 1283 4336 Honoriiimp.
1314 4280 1341 4318 a
1395 4263 1633 4336 Barouio
1660 4264 1726 4317 ad
1775 4280 1871 4320 an-

275 4356 404 4396 num
448 4340 556 4394 H9
604 4339 762 4395 Ctliltl’
809 4336 986 4393 simile
1018 4348 1102 4392 est
1129 4335 1450 4408 exordium,
1479 4352 1585 4404 quo
1617 4335 1869 4408 Symma-

275 4412 434 4467 chum
470 4410 633 4465 Urbis
671 4410 984 4479 praefectum
1014 4409 1092 4463 sic
1121 4407 1315 4463 affatur
1343 4426 1355 4462 ε
1392 4405 1710 4478 Magnarum
1740 4406 1873 4461 deli—

278 4483 603 4539 berationum
632 4498 733 4536 non
767 4480 912 4537 debet
938 4483 1095 4535 citum
1121 4496 1231 4553 esse
1251 4480 1540 4553 judicium,
1562 4496 1656 4533 nec
1688 4488 1875 4553 temere

275 4556 586 4627 proferendo
610 4563 750 4621 sunt,
773 4569 898 4627 qua:
917 4554 1170 4607 servanda
1213 4550 1268 4627 in
1297 4550 1877 4627 perpetuum‘sancinn—

280 4622 381 4680 tur.
418 4625 463 4694 Q
488 4622 549 4679 ιω
571 4622 838 4679 sententia
871 4626 994 4680 licet
1023 4639 1148 4679 vera
1181 4623 1290 4693 sit,
1324 4623 1416 4676 ubi
1443 4622 1650 4694 magnis
1680 4622 1749 4677 de
1789 4637 1877 4678 re-

278 4697 378 4752 bus
411 4693 644 4766 primunt
688 4696 1092 4750 deliberandum
1118 4705 1234 4761 est;
1268 4694 1357 4750 ubi
1401 4707 1581 4747 tamen
1609 4693 1872 4762 judicium

277 4784 469 4839 magna
499 4768 821 4823 deliberatio
863 4777 916 4822 et
946 4767 1259 4821 diuturnum
1287 4780 1522 4821 examen
1554 4769 1835 4835 prtecessit
1857 4807 1873 4832 ,

280 4856 370 4897 res
398 4841 667 4911 iudicatas
692 4840 756 4893 aal
794 4855 989 4893 novum
1021 4854 1246 4893 examen
1276 4840 1518 4893 revocari
1551 4852 1673 4911 uouj
1694 4839 1872 4894 decet.

279 4909 540 4980 Quocirca
574 4912 918 4965 Innocentius
946 4913 1104 4979 epist.
1136 4911 1201 4963 δι
1226 4926 1347 4965 cum
1396 4909 1763 4980 pertinacibus
1816 4925 1881 4964 ae

280 4984 566 5039 fallacibus
621 4983 915 5047 turreticis,
957 4982 1257 5051 cujusmodi
1292 4982 1542 5051 Pelagius
1586 4995 1650 5035 ac
1679 4984 1881 5039 Cares-

281 5055 388 5109 tius
413 5065 569 5110 eraut
596 5100 609 5117 ,
643 5066 849 5108 matura
881 5056 1056 5123 potius
1085 5055 1451 5122 correptione,
1485 5068 1645 5121 quam
1675 5052 1880 5108 diutur-

278 5142 343 5180 na
374 5128 653 5179 eolltttione
681 5124 949 5190 agendum
983 5134 1186 5180 censet.
1222 5125 1354 5181 Vide
1403 5136 1460 5181 et
1487 5123 1732 5195 ejusdem
1767 5125 1882 5196 epi-

277 5199 473 5254 stolam
502 5196 596 5266 ’29,
628 5216 682 5251 ιι.
717 5197 770 5252 7.

354 5281 376 5307 ο
408 5267 585 5335 Editi,
620 5268 860 5322 nubibus.
902 5268 1238 5323 Concinnius
1270 5283 1372 5322 ms.
1403 5265 1601 5333 Vatic.,
1656 5267 1876 5322 nebulis.

351 5337 378 5377 ἀ
410 5342 486 5395 lta
531 5340 887 5412 archetypum
914 5339 1114 5412 Vatic.,
1149 5340 1250 5394 nisi
1274 5339 1414 5412 quod
1438 5353 1600 5412 supra
1622 5348 1807 5412 Aesstat
1832 5341 1882 5392 in

279 5427 346 5469 eo
371 5428 475 5468 vox
516 5408 849 5479 intentionis,
886 5427 982 5480 pro
1017 5411 1329 5476 intentione,
1363 5408 1453 5463 ubi
1493 5410 1635 5478 apud
1677 5409 1875 5464 Baron.

279 5486 627 5538 contentione.
657 5483 854 5537 'l'otnm
881 5484 1022 5536 hunc
1050 5483 1224 5537 locum
1248 5480 1544 5536 Gornerius
1583 5479 1651 5534 de
1680 5494 1780 5534 suo
1806 5482 1877 5535 ita

279 5556 595 5626 castigavit.
616 5555 660 5607 si
676 5570 793 5609 cum
814 5552 1345 5626 aliquidsnspicionis
1360 5550 1600 5626 imbuerit
1630 5551 1707 5604 vel
1730 5552 1872 5626 ﬁdei,

279 5622 497 5682 intentio
526 5625 753 5681 sollicita
775 5666 791 5691 ,
821 5626 899 5680 vel
929 5622 1214 5694 iniungunt
1240 5622 1492 5689 producta
1517 5625 1795 5692 contentio,
1822 5623 1877 5676 id

280 5715 399 5754 vera
437 5698 802 5770 emendatione
847 5696 1195 5770 corrigitur_:
1230 5695 1296 5770 de
1323 5694 1717 5770 grammatica
1743 5709 1877 5770 con-

279 5774 583 5826 structione
615 5768 817 5838 magis,
843 5764 1094 5835 quattitle
1134 5765 1335 5820 Zosimi
1366 5772 1549 5819 tuente
1578 5764 1882 5838 exhibenda

281 5842 501 5900 videtur
522 5840 693 5896 fuisse
710 5835 996 5894 sollicitus.
1028 5838 1259 5893 Nitidior
1285 5838 1439 5894 fieret
1460 5839 1634 5892 oratio
1659 5838 1710 5894 in
1737 5835 1881 5894 hunc

600 5938 880 5999 ΡΑτιιοι.
932 5935 1081 5998 XX.

1980 485 2212 557 picionis
2271 483 2562 551 habuerit,
2618 482 2741 539 fidei
2777 483 3081 540 intentione
3130 484 3363 541 sollicita
3392 487 3479 544 vel
3527 488 3581 544 in

1981 579 2200 650 longum
2233 578 2498 649 perducta
2523 574 2548 616 ά
2579 578 2860 635 contentio
2906 588 3004 634 aut
3033 578 3422 637 emendatione
3465 597 3588 638 cor-

1980 672 2197 744 rigitur.

2050 767 2106 822 2.
2140 766 2432 824 Caelestius
2460 767 2744 839 presbyter
2763 777 2954 825 nostro
2981 784 3042 825 se
3072 768 3301 841 ingessit
3322 769 3584 839 examini,

1978 868 2247 929 expetens
2276 875 2338 916 ea
2368 876 2489 932 quae
2519 861 2589 917 de
2615 875 2676 918 se
2699 862 3019 932 apostolicae
3062 861 3182 918 sedi
3206 862 3389 929 aliter,
3420 878 3586 934 quam

1980 957 2253 1024 oportuit,
2298 962 2485 1011 essent
2513 954 2785 1011 inculcata
2811 996 2826 1020 ,
2870 956 3111 1028 purgari.
3144 955 3216 1010 Et
3245 955 3374 1012 licet
3398 958 3587 1013 multa:

1978 1047 2369 1115 occupationes
2388 1047 2689 1118 majoribus
2709 1032 2955 1104 vinculis
2970 1048 3468 1106 ecclesiasticarum
3497 1066 3593 1107 ue-

1979 1141 2250 1209 gotiorum
2281 1155 2467 1195 curam
2524 1150 2765 1196 nostram
2817 1142 3361 1216 sollicitudinemque
3389 1144 3588 1201 distra-

1978 1229 2175 1288 herent
2199 1251 2212 1286 :
2249 1244 2430 1289 tamen
2456 1249 2526 1289 ne
2550 1232 2914 1290 fraternitatis
2938 1235 3171 1308 [Baron.
3198 1237 3587 1313 pateruitatis]

1981 1338 2174 1382 vestra:
2223 1327 2292 1382 de
2340 1326 2582 1383 adventu
2612 1344 2675 1383 ac
2717 1328 3059 1385 discussione
3102 1331 3347 1400 prmdicti
3379 1331 3588 1389 diutius

1980 1420 2239 1487 penderet
2258 1420 2617 1489 exspectatio,
2642 1421 2969 1491 posthabitis
2993 1423 3268 1489 omnibus,
3290 1422 3380 1479 die
3402 1426 3584 1497 cogni-

1980 1509 2145 1566 tionis
2171 1510 2480 1567 resedimus
2512 1512 2568 1567 iu
2597 1513 2771 1568 sancti
2811 1512 3110 1569 Clementis
3154 1515 3402 1582 basilica,
3439 1528 3461 1554 °
3492 1518 3590 1587 qui

1982 1602 2221 1659 imbutus
2272 1604 2415 1659 beati
2451 1604 2597 1660 Petri
2625 1605 2858 1675 apostoli
2889 1606 3190 1678 disciplinis
3213 1648 3229 1675 ,
3264 1607 3358 1662 tali
3387 1609 3586 1680 magis-

1983 1706 2069 1752 tro
2131 1707 2351 1755 veteres
2393 1699 2744 1756 emendasset
2791 1715 3043 1769 errores,
3112 1711 3401 1772 tantosque
3454 1716 3584 1772 pro-

1982 1791 2155 1848 tectus
2186 1791 2503 1864 habuisset,
2535 1803 2596 1850 ut
2621 1793 2783 1850 fidem
2810 1811 2973 1866 quam
3001 1794 3270 1852 didicerat
3295 1807 3351 1852 et
3378 1796 3586 1854 docue-

1985 1896 2097 1954 rat,
2123 1885 2288 1943 etiam
2320 1886 2583 1960 martyrio
2608 1897 2963 1946 consecraret
2987 1906 3001 1943 :
3025 1887 3235 1945 scilicet
3266 1899 3324 1945 ut
3348 1890 3417 1945 ad
3440 1890 3589 1946 salu-

1985 1979 2198 2036 tiferam
2257 1982 2675 2052 castigationem
2730 1980 2864 2037 tanti
2913 1981 3217 2039 sacerdotis
3286 1984 3585 2041 auctoritas

1983 2075 2238 2144 praesenti
2257 2074 2559 2147 cognitioni
2589 2085 2735 2131 esset
2755 2077 3027 2146 exemplo.
3116 2124 3121 2131 .

2052 2167 2109 2222 5.
2151 2165 2342 2222 Omnia
2377 2166 2564 2237 igitur,
2599 2182 2720 2237 quae
2756 2167 2908 2237 prius
2941 2164 3160 2221 fuerant
3203 2177 3349 2239 acta,
3379 2169 3592 2224 discus-

1981 2258 2182 2328 simus,
2215 2261 2357 2314 sicut
2398 2268 2675 2329 gestorum
2732 2258 2858 2313 huic
2895 2259 3145 2328 epistola:
3190 2258 3587 2316 cohaerentium

1980 2349 2347 2408 instructione
2377 2350 2635 2419 discetis;
2668 2363 2723 2407 et
2757 2351 3076 2407 intromisso
3113 2350 3400 2424 leestio,
3434 2353 3591 2409 libel-

1981 2444 2091 2498 lum
2122 2445 2265 2515 ejus,
2301 2460 2461 2515 quem
2496 2444 2755 2512 dederat,
2791 2444 3020 2499 fecimus
3050 2445 3273 2502 recitari
3308 2463 3322 2500 :
3356 2461 3456 2502 nec
3486 2446 3591 2503 hoc

1980 2538 2252 2607 contenti,
2287 2546 2473 2592 utrum
2507 2538 2644 2608 hare,
2676 2553 2799 2608 quae
2830 2537 3166 2608 scripsisset,
3208 2538 3377 2595 corde
3405 2541 3592 2611 loque-

1978 2642 2151 2696 retur,
2205 2647 2275 2686 an
2329 2629 2517 2698 labiis,
2569 2644 2953 2701 saepenumero
2995 2630 3432 2699 exploravimus;
3466 2646 3590 2687 cum

1978 2725 2048 2782 de
2096 2725 2331 2782 occultis
2363 2724 2676 2780 animorum
2709 2724 2883 2779 solius
2918 2723 3012 2779 Dei
3056 2724 3232 2780 nostri
3268 2724 3441 2794 possit
3472 2736 3595 2780 esse

1974 2818 2270 2891 judicium,
2301 2817 2387 2874 cui
2439 2833 2549 2874 non
2597 2825 2809 2872 tantum
2863 2818 3124 2888 cogitata,
3160 2818 3255 2872 sed
3298 2817 3588 2889 cogitanda

1977 2913 2143 2969 etiam
2192 2922 2398 2983 praesto
2443 2920 2595 2968 sunt.
2648 2911 2789 2979 Quid
2841 2928 3004 2968 voces
3044 2909 3207 2982 ejusf
3240 2912 3584 2982 contineant,

1978 3004 2434 3076 compendiosius
2465 3004 2727 3060 duximus
2754 3020 2783 3058 a
2817 3003 3108 3059 sanctitate
3140 3013 3322 3059 vestra
3354 3003 3587 3076 legendo

1978 3100 2261 3171 cognosci.

2054 3191 2106 3247 4.
2148 3190 2330 3249 Unum
2356 3206 2489 3246 sane
2522 3199 2709 3246 movet
2739 3204 2862 3258 nos,
2899 3199 2955 3244 ut
2981 3206 3105 3246 cum
3140 3191 3192 3248 in
3222 3192 3477 3265 praesenti
3510 3193 3584 3251 ibi

1978 3284 2296 3342 Ccelestium
2351 3284 2686 3355 habueritis,
2719 3283 2855 3339 nihil
2908 3286 3111 3356 liquido
3143 3286 3449 3355 iudicatum
3491 3291 3586 3346 sit.

1982 3380 2062 3434 Ad
2094 3381 2308 3436 litteras
2351 3380 2575 3435 llerotis
2609 3386 2666 3436 et
2692 3379 2886 3434 Lazari
2915 3380 3086 3450 priori
3121 3383 3390 3441 relatione
3416 3385 3586 3442 desti-

1981 3480 2158 3543 natas,
2195 3471 2448 3543 equidem
2480 3472 2554 3528 ob
2591 3470 2867 3528 fervorem
2915 3470 3134 3545 [Baron.
3190 3475 3296 3533 hoc
3343 3476 3584 3555 fervore]

1982 3565 2106 3621 fidei
2128 3610 2142 3634 ,
2196 3564 2629 3635 lirmlestinatttni
2662 3579 2788 3621 esse
2817 3567 3290 3637 promptissimum
3334 3584 3441 3629 est.
3477 3574 3587 3633 Sed

1981 3674 2106 3715 eum
2137 3658 2208 3715 de
2240 3658 2325 3714 his
2357 3660 2813 3729 interrogaretur,
2866 3659 3103 3716 asseruit
3141 3662 3351 3719 nullum
3381 3648 3484 3723 sibi
3514 3668 3585 3726 de

1975 3906 2194 3963 modum
2230 3924 2243 3962 :
2273 3907 2398 3978 ﬁdei
2452 3909 2707 3979 contentio
2741 3905 2761 3979 (
2780 3907 2882 3963 hoc
2904 3918 2991 3963 est
3016 3914 3396 3970 controversia
3435 3919 3580 3976 circa

1978 3980 2173 4056 iidem)
2202 3977 2485 4056 intentione
2511 3977 2767 4056 sollicita,
2799 3989 2907 4034 etc.
2935 3982 3046 4034 Non
3079 3982 3421 4056 displiceret,
3455 3991 3583 4056 ﬁdei

1974 4051 2191 4105 intentio
2247 4051 2475 4104 sollicita
2513 4059 2562 4104 et
2618 4050 2671 4103 in
2704 4050 2917 4123 Iungunt
2966 4050 3222 4121 perducia
3247 4050 3579 4117 cunctatione

1973 4131 2086 4176 aut.

2051 4202 2073 4230 θ
2096 4190 2449 4270 Garner._hic
2468 4189 2614 4270 addit
2640 4192 2863 4270 quippe;
2894 4201 2949 4245 et
2988 4208 3112 4270 mox
3141 4196 3437 4270 magisterio
3480 4218 3579 4270 pro

1976 4266 2225 4337 magistro
2267 4262 2593 4337 substituit:
2629 4263 2771 4337 nulla
2806 4263 3153 4337 necessitate.
3185 4262 3422 4323 Felicius
3449 4262 3579 4328 sub-

1977 4332 2407 4415 itul'etatttosque,
2432 4333 2523 4415 ubi
2551 4334 2603 4387 iu
2638 4332 2784 4415 edita
2811 4334 3008 4415 Baro’n.
3042 4344 3098 4390 et
3118 4337 3317 4392 coucil.
3340 4350 3579 4415 ratesque

1976 4402 2309 4469 offenderat,
2343 4405 2639 4476 archetypo
2669 4402 2842 4479 valle.
2872 4404 3199 4479 suﬂ'ragante
3218 4402 3571 4479 reposuit.'S.

1976 4479 2233 4534 Ciemeus
2256 4494 2361 4532 non
2384 4474 2653 4551 Intereseos
2671 4474 2923 4551 alicujus,
2943 4474 3379 4551 sedceutilitatis
3399 4488 3576 4551 potius

1980 4560 2192 4606 veteres
2215 4564 2431 4605 errores
2446 4548 2769 4604 emendasse
2792 4548 2881 4603 hic
2899 4548 3275 4617 intelligendus
3297 4548 3409 4607 estf
3428 4556 3511 4612 An
3528 4562 3576 4614 si

1978 4621 2291 4687 Judtrus,ut
2317 4621 2558 4676 nonnulli
2586 4619 2913 4689 coniectant,
2937 4622 3255 4692 exstitisset,
3281 4625 3348 4680 ad
3371 4624 3575 4686 Christi

1982 4693 2141 4749 fidem
2165 4709 2462 4749 conversus
2485 4702 2676 4747 veteres
2705 4708 2902 4766 errores
2923 4693 3247 4750 emendasse
3268 4708 3391 4766 apte
3421 4699 3574 4759 dice—

1902 4740 1956 4801 D
1983 4768 2160 4821 retur?
2181 4767 2286 4821 Pro
2309 4766 2425 4835 ejus
2455 4766 2734 4837 martyrio,
2755 4764 2898 4835 quod
2919 4780 2947 4817 a
2978 4740 3252 4837 notinullts
3273 4740 3573 4830 it'i‘du‘liiit‘m

1979 4848 2237 4918 vocatur,
2285 4834 2614 4918 itisigtiisesi
2648 4836 2736 4892 hic
2768 4834 3082 4918 locus1‘1psi
3115 4853 3331 4907 quoque
3379 4857 3574 4918 marty-

1980 4910 2052 4963 ris
2085 4908 2299 4962 titulum
2332 4925 2453 4962 eum
2484 4908 2710 4962 Rufinus
2758 4906 2900 4977 apud
2926 4906 3211 4978 Origenem
3235 4952 3248 4973 ,
3301 4920 3415 4968 ttun
3469 4906 3573 4972 V5-

1981 4993 2143 5036 seuse
2177 4995 2191 5033 l
2241 4982 2531 5035 concilium
2579 4996 2722 5033 anno
2752 4980 2857 5033 ita
2887 4978 3130 5034 habitum
3181 4996 3303 5037 can.
3335 4983 3371 5038 2
3418 4994 3576 5044 attri-

1985 5053 2176 5106 buunt.
2202 5051 2335 5105 lluic
2361 5062 2537 5105 autem
2564 5051 2875 5116 conventui,
2927 5050 2979 5103 in
3009 5067 3114 5120 quo
3144 5051 3385 5108 Coelestii
3413 5073 3574 5115 causa

1986 5122 2199 5197 cognita
2228 5132 2330 5197 est,
2366 5121 2903 5197 praetersacertlutes
2938 5124 3051 5197 qui,
3083 5133 3141 5176 ut
3165 5123 3301 5197 infra
3342 5125 3569 5197 dicitur,

1987 5211 2017 5249 e
2058 5191 2302 5249 diversis
2360 5193 2670 5263 regionibus
2721 5191 2979 5263 aderant.
3014 5193 3333 5250 interfuerat
3370 5208 3426 5251 ct
3461 5191 3569 5255 ιιοέ

1985 5280 2176 5340 manus
2215 5262 2807 5340 cl_eru-.Qmamo_bretn
2864 5262 3142 5340 Belagiani
3189 5267 3327 5333 apud
3359 5268 3571 5340 Augus-

1988 5338 2177 5400 tinum,
2214 5338 2308 5391 lib.
2342 5351 2379 5389 ιι
2410 5334 2477 5389 ad
2507 5333 2751 5406 Bonifac.
2784 5349 2833 5389 c.
2867 5336 2930 5399 5,
2962 5333 3081 5403 ipso
3116 5338 3415 5406 Augustum
3442 5333 3574 5395 cou-

1983 5409 2252 5464 sentiente
2279 5452 2293 5477 ,
2337 5407 2390 5462 id
2431 5405 2692 5461 Romanis
2736 5406 2950 5461 clericis
2980 5405 3379 5476 attribuerunt,
3425 5413 3571 5478 quod

1982 5489 2093 5535 tum
2137 5481 2187 5533 iu
2243 5479 2377 5547 hoc,
2437 5486 2549 5533 tum
2609 5479 2659 5532 iu
2723 5479 3025 5549 posteriore
3046 5488 3315 5534 conventu
3370 5478 3570 5538 factum

1975 5561 2080 5607 est.

2055 5621 2076 5661 ί
2125 5622 2182 5677 lu
2234 5638 2338 5676 ms.
2385 5620 2587 5687 Vatia,
2639 5628 2862 5675 teneant.
2895 5622 3017 5677 Mox
3064 5620 3204 5690 apud
3235 5619 3461 5688 Baron.,
3504 5627 3575 5680 ad

1984 5695 2305 5749 sanctitatem
2354 5703 2574 5746 vestram
2626 5692 2863 5763 legenda.
2920 5692 3113 5748 Verior
3161 5692 3273 5746 visa
3311 5704 3395 5748 est
3453 5708 3576 5753 cor-

1987 5767 2160 5822 rectio
2187 5764 2461 5823 Garnerii.

2972 5932 3047 5997 21
