4122 6346
319 329 424 393 657

1517 339 1879 398 EPISTOLE
1920 341 2010 399 ET
2051 340 2405 400 DECRETA.

3510 343 3618 402 658

317 464 636 522 respersum
670 449 879 521 irrupit.
912 450 1186 522 Stetitque
1223 452 1278 507 in
1307 467 1375 508 eo
1421 453 1687 510 hactenus
1718 455 1909 511 umbra
1940 467 1993 526 Α
2016 465 2279 529 tamquam
2305 467 2353 512 te
2379 456 2791 531 ipsumwuttlt.
2818 471 2935 526 χιι,
2969 455 3081 530 19).
3109 458 3212 527 Qui
3264 458 3435 529 magis
3469 458 3612 513 alter

316 544 616 602 sacerdOtii
646 590 660 613 ,
702 544 952 601 doneciu
1009 553 1242 617 tyranno
1298 545 1695 620 (Constantino)
1742 549 1921 620 imago

320 649 498 698 staret
524 639 784 710 Imperii:
814 654 923 709 quo
946 639 1069 695 loco
1100 649 1223 709 post
1247 640 1688 700 internecionem
1707 641 1923 713 patroni

318 743 519 804 Sponte
548 749 611 790 se
640 734 816 800 exuit,
841 745 896 789 et
924 734 1151 804 propria
1191 736 1446 791 cessione
1492 735 1792 791 damnavit.
1845 734 1926 791 De

318 826 531 884 Herote
556 842 693 884 vero
723 828 906 882 omnia
934 828 1162 896 similia,
1190 828 1331 883 idem
1355 836 1622 902 tyrannus
1640 840 1926 900 patronus,

317 918 523 985 cazdes,
551 918 747 986 turbae,
774 921 1218 990 presbyterorum
1265 921 1760 977 contradicentium
1786 921 1909 977 vin-

317 1014 438 1070 cula
468 1023 526 1070 et
550 1013 839 1079 custodite,
871 1023 926 1070 et
955 1014 1120 1070 totius
1151 1014 1392 1071 civitatis
1421 1026 1447 1053 ιι
1476 1016 1739 1082 addicdo,
1773 1017 1926 1072 simi-

319 1107 386 1163 lis
413 1108 741 1178 poenitentia
772 1106 844 1164 de
888 1107 1237 1164 abdicatione
1268 1107 1580 1165 sacerdotii.
1613 1110 1807 1165 Mirum
1838 1119 1925 1165 est

318 1202 365 1258 si
405 1202 495 1257 isti
529 1201 727 1257 laicum
760 1202 939 1257 virum
968 1200 996 1241 h
1027 1203 1092 1257 ad
1129 1205 1327 1259 bonam
1360 1202 1568 1275 frugem
1598 1203 1757 1275 longa
1789 1218 1923 1275 erga

318 1294 492 1351 Deum
518 1295 787 1352 servitute
813 1295 1108 1364 nitentem,
1161 1294 1318 1353 falsis
1376 1297 1575 1353 litteris
1623 1297 1923 1366 percellere

320 1387 647 1456 noluerunt,
679 1389 771 1460 qui
800 1388 856 1445 in
882 1388 1081 1445 fratres
1111 1397 1169 1446 et
1190 1389 1555 1460 coepiscopos
1602 1398 1754 1446 tanta
1810 1405 1926 1444 ma-

317 1480 530 1537 chinati
562 1489 714 1550 sunt,
744 1482 841 1557 qui
872 1490 951 1537 tot
983 1490 1338 1553 tempestates
1370 1482 1622 1539 ecclesiae
1668 1482 1927 1539 reddide-

316 1584 468 1631 runt.
491 1573 613 1630 Non
640 1575 801 1630 decet
819 1575 1190 1647 episcopalem
1222 1576 1603 1632 auctoritatem
1630 1618 1645 1644 ,
1672 1585 1729 1631 et
1781 1591 1924 1647 prte-

317 1668 477 1738 cipue
503 1667 849 1739 prudentiatn
876 1679 1119 1724 vestram
1145 1711 1161 1738 ,
1205 1668 1273 1725 ad
1307 1669 1508 1725 levium
1556 1684 1923 1726 susurronum

317 1762 520 1833 scripta
552 1760 813 1832 pendere.
837 1761 979 1817 Ecce
1004 1761 1256 1831 Pelagius
1272 1760 1678 1833 Cuelestiusque
1701 1774 1925 1833 aposto-

321 1856 442 1912 licae
493 1856 613 1912 sedi
676 1857 730 1910 in
779 1856 981 1911 litteris
1030 1856 1145 1911 suis
1200 1864 1258 1912 et
1310 1855 1754 1912 confessionibus
1808 1858 1923 1913 suis

326 1958 531 2022 pratsto
556 1959 686 2005 sunt
716 1968 729 2004 :
757 1948 846 2004 ubi
879 1949 1090 2017 lleros,
1121 1949 1210 2006 ubi
1244 1950 1481 2006 Lazarus
1502 1992 1516 2017 ,
1546 1951 1924 2009 erubescenda

319 2044 480 2101 factis
498 2053 557 2100 et
586 2054 607 2082 ο
642 2052 722 2100 tot
747 2043 1192 2100 damnationibus
1214 2045 1483 2100 nomina?
1530 2044 1622 2100 ubi
1658 2044 1737 2100 illi
1790 2045 1920 2100 ado-

320 2136 618 2206 lescentes,
656 2136 708 2192 id
742 2145 829 2193 est
852 2137 1127 2194 Timasius
1155 2148 1210 2193 et
1238 2138 1511 2204 Jacobus,
1566 2137 1660 2210 qui
1717 2141 1922 2211 scripta

318 2229 594 2303 quaedam,
627 2238 687 2285 ut
714 2228 1068 2285 asserebatur
1097 2226 1162 2285 d?
1187 2228 1294 2286 Vos
1332 2229 1614 2301 conjieite,
1653 2231 1698 2286 si
1724 2231 1818 2301 qui
1849 2242 1931 2285 ta-

322 2324 389 2381 lia
413 2325 468 2380 in
493 2324 626 2380 sede
650 2324 948 2395 apostolica
971 2324 1325 2393 confitentur,
1359 2325 1449 2379 illa
1472 2342 1594 2396 qua:
1625 2325 1693 2381 de
1721 2326 1916 2382 iisdem

319 2433 350 2475 a
398 2420 584 2492 pravis
620 2436 686 2477 ac
731 2420 941 2477 levibus
976 2430 998 2457 ε
1028 2420 1342 2477 auctoribus
1380 2435 1445 2477 ac
1482 2420 1650 2477 dubio
1706 2434 1926 2475 rumore

316 2512 518 2585 jactata
549 2523 699 2580 sunt,
732 2522 984 2585 oporteat
1015 2514 1188 2570 credi.

389 2608 442 2663 4.
473 2605 670 2663 Amate
699 2621 908 2678 pacem,
930 2607 1136 2679 diligite
1165 2607 1488 2664 charitatem
1507 2649 1521 2674 ,
1554 2606 1771 2663 studete
1791 2622 1921 2662 con-

319 2698 541 2756 cordiis.
569 2697 707 2767 Nam
738 2699 998 2773 scriptum
1033 2709 1158 2758 est:
1190 2699 1389 2773 Diliges
1445 2700 1740 2771 proximum
1774 2711 1921 2755 tuum

2025 551 2183 607 alteri
2215 551 2448 623 proximi
2480 566 2700 617 sumus,
2729 566 2891 622 quam
2923 565 3116 607 omnes
3146 550 3238 623 qui
3291 550 3345 605 in
3390 549 3614 605 Christo

2026 660 2193 701 unum
2220 660 2344 702 esse
2375 645 2683 702 debemus?
2703 643 2822 700 Νοη
2853 644 3035 700 omnis
3075 645 3166 716 qui
3198 658 3385 716 -aures
3411 652 3624 700 vestras

2026 749 2221 794 ventus
2250 738 2574 811 ingreditur,
2600 741 2825 795 nuntius
2873 750 2959 795 est
2983 740 3097 797 veri
3124 757 3138 797 :
3167 739 3398 811 ideoque
3432 739 3620 794 animo

2025 834 2261 903 praesule
2285 833 2416 889 etin
2448 833 2695 889 excubiis
2726 833 3025 888 constituto
3054 847 3273 904 semper
3319 846 3463 903 opus
3511 841 3625 896 est,

2028 941 2096 983 ne
2124 936 2295 981 totum
2318 927 2496 995 famae,
2526 936 2700 983 totum
2733 926 2964 983 testibus
2995 926 3178 982 liceat.
3209 926 3515 982 Recensete
3538 938 3629 979 sa-

2027 1033 2151 1073 cras
2180 1018 2393 1075 litteras
2421 1030 2476 1075 et
2516 1018 2701 1074 divina
2742 1018 3008 1075 tabularia
3039 1037 3053 1074 :
3084 1018 3375 1073 maximam
3411 1025 3626 1087 partem

2026 1111 2145 1166 falsi
2174 1120 2338 1167 testes
2364 1126 2701 1183 occupavere
2722 1153 2738 1180 ,
2779 1112 2873 1168 ubi
2903 1119 3214 1167 sanctorum
3256 1120 3350 1166 aut
3397 1124 3622 1166 accusa-

2028 1206 2230 1262 tionem
2280 1217 2371 1261 aut
2428 1207 2677 1277 pericula
2728 1206 3036 1276 reperimus
3081 1204 3417 1260 :maximam
3470 1201 3617 1268 dico,

2029 1303 2195 1357 immo
2218 1309 2413 1369 totam,
2436 1316 2559 1357 cum
2589 1301 2641 1356 in
2666 1300 2843 1372 ipsum
2876 1300 3171 1356 Dominum
3216 1307 3462 1354 nostrum
3504 1296 3623 1353 Sal-

2027 1403 2273 1450 vatorem
2298 1395 2465 1465 totius
2494 1392 2682 1449 mundi
2707 1392 2939 1448 hostiam
2969 1402 3025 1449 et
3078 1390 3392 1462 pontificem
3420 1387 3627 1444 saluta-

2026 1505 2143 1547 rem
2174 1488 2297 1544 falsi
2321 1497 2493 1545 testes
2522 1488 2941 1544 iusurrexerunt
2969 1485 3157 1559 [ϐαι-η.
3181 1482 3624 1553 insurrexerint],

2025 1584 2118 1655 qui
2173 1598 2233 1639 se
2294 1583 2414 1654 ejus
2467 1581 2868 1654 blasphemiam
2937 1580 3158 1636 audisse
3221 1577 3621 1650 confingerent.

2028 1675 2320 1733 Estimate
2348 1673 2473 1745 quid
2497 1674 2607 1746 jam
2642 1672 2814 1744 possit
2839 1672 3123 1743 praeterire
3150 1668 3362 1726 fallacia
3381 1711 3396 1737 ,
3424 1684 3543 1740 quas
3570 1669 3626 1722 in

2027 1771 2198 1827 Deum
2230 1769 2384 1837 fidei,
2411 1770 2578 1824 immo
2608 1769 2662 1823 in
2690 1769 2861 1839 ipsam
2886 1765 3047 1823 fidem
3077 1781 3140 1821 ac
3167 1765 3478 1833 veritatem,
3503 1778 3629 1833 per-

2023 1865 2184 1937 juriis
2209 1865 2471 1935 impetum
2499 1862 2650 1921 fecit.

2101 1957 2155 2012 5.
2188 1957 2319 2014 Haec
2362 1956 2484 2013 ideo
2506 1956 2846 2027 scripsimus,
2882 1961 2939 2009 ut
2969 1953 3039 2010 de
3067 1960 3297 2023 caetero,
3327 1952 3374 2007 si
3400 1950 3494 2021 qui
3533 1948 3631 2003 ab-

2030 2062 2214 2110 sentes
2256 2053 2547 2122 miuusque
2590 2050 2704 2105 noti
2748 2049 2816 2106 de
2849 2048 3101 2120 quolibet
3146 2047 3273 2101 talia
3303 2060 3373 2101 ex
3404 2042 3633 2121 libidine

2033 2145 2388 2214 mentientur,
2423 2143 2515 2199 fixi
2543 2144 2653 2198 sint
2684 2142 2854 2212 pedes
2881 2141 3049 2195 vestri
3090 2140 3354 2195 adversus
3389 2137 3629 2192 arietem

2031 2237 2431 2295 fraudulentise.
2458 2236 2615 2293 Unde
2643 2245 2697 2291 et
2727 2235 3011 2290 lucernam
3050 2232 3283 2302 pedibus
3312 2231 3429 2287 suis
3457 2244 3523 2286 ac
3548 2229 3632 2284 lu-

2034 2348 2159 2389 men
2211 2331 2423 2388 seinitis
2462 2331 2575 2386 suis
2603 2330 2688 2385 vir
2727 2337 2948 2385 sanctus
2995 2334 3187 2383 exorat
3225 2324 3401 2398 (Psal.
3440 2339 3628 2391 cxvnt,

2034 2424 2162 2495 105)
2194 2443 2208 2478 :
2240 2424 2450 2479 scilicet
2494 2438 2562 2477 ne
2603 2422 2747 2478 inter
2793 2421 3018 2476 fallaces
3061 2418 3314 2474 tenebras
3343 2416 3453 2471 sint
3481 2428 3631 2472 eatea

2031 2517 2192 2572 nobis
2219 2525 2276 2571 et
2304 2513 2613 2572 errabunda
2638 2512 2893 2583 vestigia.
2919 2511 2987 2567 Et
3015 2512 3068 2566 in
3097 2508 3391 2578 Evangelio
3417 2526 3431 2563 :
3463 2505 3636 2560 Num-

2031 2609 2158 2681 quid
2182 2607 2271 2664 lea:
2295 2618 2472 2663 nostra
2489 2607 2698 2681 judicat
2725 2605 3008 2672 hominem,
3034 2603 3134 2658 nisi
3160 2604 3226 2657 ab
3256 2601 3372 2672 ipso
3408 2600 3633 2655 audierit

2032 2703 2201 2771 prius,
2231 2713 2277 2759 et
2304 2699 2322 2740 ί
2350 2701 2644 2773 cognoverit
2669 2698 2853 2774 (Joan.
2887 2714 2985 2764 vit,
3019 2695 3151 2768 5|)?
3172 2695 3350 2752 Etiam
3383 2694 3437 2750 in
3464 2692 3638 2749 veteri

324 2883 551 2957 llonorii
597 2884 976 2953 imperatoris,
1027 2897 1169 2957 quos
1211 2882 1604 2940 Constantinus
1649 2895 1917 2957 tyrannus

324 2958 464 3012 circa
488 2955 706 3012 initium
735 2958 860 3011 anni
890 2957 995 3013 409
1020 2955 1257 3027 jugulari
1304 2957 1549 3027 jusserat
1571 3003 1583 3022 ,
1617 2955 1913 3023 antequam

326 3029 608 3085 eunuchos
627 3028 694 3083 ad
718 3027 1016 3083 Honorium
1042 3029 1524 3100 mitteret,oeniam
1546 3044 1759 3100 poscens
1775 3027 1919 3098 quod

2020 2899 2128 2938 non
2158 2884 2313 2957 falsis
2353 2886 2540 2940 litteris
2572 2885 2751 2957 ipsum
2800 2884 3067 2941 infamare
3115 2883 3356 2957 voluisse
3408 2882 3637 2957 convin-

2020 2954 2244 3040 cuntur.
2276 2956 2387 3038 Qui
2411 2957 2573 3027 igitur
2613 2956 2829 3040 Zosimo
2886 2963 3246 3027 sugesserunt
3292 2954 3473 3020 aliud,
3535 2967 3633 3008 eos

2022 3041 2127 3098 tpSl
2156 3043 2488 3098 imposuisse
2520 3043 2870 3097 perspicuum
2902 3040 3008 3083 est.

328 3100 612 3172 Imperium
636 3100 865 3154 delatum
888 3100 1193 3172 accepisset,
1228 3099 1556 3153 utZositnus
1582 3101 1672 3154 lib.
1705 3116 1759 3160 v.
1793 3114 1915 3167 pag.

329 3171 453 3236 818,
485 3175 741 3242 loquitur.
773 3171 929 3240 Quod
972 3188 1015 3225 sn
1042 3171 1143 3239 ,ita
1188 3182 1310 3234 est,
1361 3172 1447 3225 hic
1490 3171 1753 3225 innocenti
1790 3186 1920 3242 pene

329 3241 589 3312 respersus
621 3243 1016 3298 restituendum
1039 3253 1165 3314 esti:
1189 3253 1240 3297 et
1263 3251 1421 3297 antea
1453 3243 1710 3314 tyrannici
1727 3241 1923 3314 judicii

2099 3110 2123 3168 ς
2155 3099 2489 3154 Vocabulum
2523 3108 2595 3153 tot
2623 3099 2941 3168 supplemus
2972 3114 3039 3154 ex
3078 3113 3183 3154 ms.
3219 3098 3395 3154 Vatic.

2098 3167 2125 3207 ιι
2159 3171 2276 3226 Νοη
2307 3171 2563 3241 displicet
2591 3167 2819 3226 verbum
2844 3172 3207 3239 protulerunt,
3241 3170 3385 3239 quod
3414 3168 3633 3226 Garne-

2031 3242 2143 3298 rius
2195 3242 2280 3298 hic
2316 3243 2385 3297 de
2433 3258 2534 3298 suo
2582 3242 2828 3311 adjecit:
2862 3243 2958 3296 sed
2986 3243 3218 3297 alterum
3266 3241 3630 3309 desideratur,

303 3372 308 3378 ,
333 3307 575 3396 defensor
605 3315 727 3370 ideo
746 3314 986 3396 _Lttzarus
1011 3313 1315 3396 estdictus,
1366 3307 1494 3396 quia'
1516 3314 1620 3369 hoc
1649 3307 1923 3396 Coitstan-
1953 3307 1998 3370 C
2030 3314 2174 3396 quod
2194 3314 2452 3396 supplere
2473 3307 2689 3396 licetﬂe}
2719 3313 3211 3396 epistolaqttinque
3243 3307 3633 3396 episcoporum

332 3385 426 3442 tini
459 3388 723 3443 adversus
746 3387 988 3441 insontes
1012 3386 1275 3455 judicium
1299 3385 1634 3454 approbasse
1652 3388 1921 3441 censeba-

335 3470 443 3514 tur.
474 3457 606 3514 Inde
634 3468 812 3513 autem
845 3467 1046 3528 quanta
1075 3456 1285 3512 Lazaro
1315 3455 1651 3512 conflaretur
1694 3458 1921 3525 invidia,

336 3530 462 3586 hinc
489 3531 761 3599 conjicere
788 3530 934 3596 licet,
964 3532 1105 3600 quod
1138 3529 1331 3583 .lovius
1380 3528 1724 3584 Constantini
1778 3530 1926 3598 lega—

338 3612 444 3669 tus,
495 3612 552 3657 ut
607 3600 708 3656 hoc
763 3603 963 3657 factum
1024 3612 1318 3671 purgaret,
1352 3600 1526 3672 ipsius
1578 3600 1926 3657 Constantini

338 3676 611 3729 voluntate
632 3675 987 3728 commissum
1017 3687 1218 3739 negare
1241 3674 1554 3742 compulsus
1580 3675 1670 3739 sit,
1699 3674 1773 3727 uti
1808 3689 1929 3728 rur-

338 3759 453 3800 sum
485 3746 734 3799 Zosimns
792 3744 945 3799 initio
980 3744 1104 3799 libri
1138 3760 1185 3798 vt
1242 3757 1448 3801 narrat.
1496 3745 1768 3800 Prmterea
1818 3759 1928 3814 quo

341 3826 580 3887 tempore
604 3817 841 3872 Lazarus
876 3817 1211 3885 Aquensium
1245 3821 1620 3887 episcopatum
1672 3830 1932 3885 suscepe-

340 3889 435 3951 rit,
464 3904 533 3944 ex
566 3890 757 3944 eadem
789 3887 1100 3957 conjectura
1133 3888 1390 3955 colligere
1419 3900 1519 3941 est.
1549 3888 1628 3941 Ex
1671 3903 1734 3942 ea
1786 3888 1930 3939 enim

343 3974 683 4031 consequens
711 3971 819 4024 est,
843 3972 899 4013 ut
933 3962 1176 4027 proxime
1206 3969 1329 4027 post
1365 3960 1652 4031 Vercuiaui
1679 3967 1734 4013 et
1761 3958 1933 4028 Didy-

345 4032 684 4099 tniicmdem,
715 4032 965 4100 adeoque
1001 4030 1143 4085 circa
1178 4032 1331 4085 initia
1367 4031 1494 4084 anui
1528 4030 1636 4084 409
1662 4076 1675 4093 ,
1734 4031 1933 4083 Solium

345 4102 651 4173 episcotiale
677 4103 1072 4158 conscenderit.

416 4183 442 4211 ⁸
473 4174 642 4230 Garn.
673 4175 911 4246 afﬂictio,
940 4175 1133 4246 Baron.
1161 4182 1213 4228 et
1239 4173 1532 4243 archetypo
1570 4171 1936 4246 Vaticaureni-

349 4248 607 4302 tentihus.
641 4242 772 4300 Cum
807 4246 949 4300 hunc
977 4244 1237 4300 llerutetn
1271 4242 1545 4299 insontem
1574 4258 1634 4296 ac
1664 4242 1828 4296 nullis
1853 4242 1936 4295 iu-

266 4358 273 4367 .
346 4318 791 4372 simulationibus
815 4319 1136 4378 obnoxium,
1162 4335 1189 4368 a
1225 4317 1423 4386 ponulo
1448 4330 1547 4367 suo
1580 4316 1793 4383 pulsum
1818 4328 1939 4368 esse

349 4386 583 4460 Prosper
607 4394 657 4443 in
687 4390 959 4444 Chronico
1015 4385 1232 4455 tradat,
1281 4385 1446 4460 facile
1483 4386 1807 4460 intelligitur
1838 4386 1939 4439 hoc

356 4456 518 4514 unum
544 4462 688 4516 illius
718 4462 920 4515 crimen
947 4461 1256 4520 exstitisse,
1308 4459 1451 4526 quod
1485 4458 1635 4510 illum
1668 4456 1936 4512 Constan-

351 4534 492 4586 tinus
525 4532 904 4587 benevolentia
958 4545 1053 4584 sua
1106 4540 1426 4599 prosccutus
1471 4536 1640 4584 esset.
1694 4527 1851 4599 llich
1890 4537 1944 4581 et

348 4602 699 4669 Constantio,
767 4604 857 4673 qui
933 4598 1150 4657 Honorii
1206 4600 1552 4671 imperatoris
1612 4598 1943 4655 exercitibus

352 4687 603 4744 prmerat,
633 4685 753 4743 post
782 4675 1111 4744 debellatum
1145 4673 1559 4729 Constantinum
1590 4714 1603 4738 ,
1653 4682 1941 4744 suspectus

354 4742 568 4815 evasit,
622 4742 678 4801 et
729 4747 978 4801 Patroclo
1016 4742 1323 4800 Constantii
1354 4743 1514 4813 hujus
1565 4744 1741 4798 amico
1776 4743 1946 4812 patuit

354 4817 552 4887 aditus,
588 4834 697 4885 quo
726 4819 776 4872 in
807 4818 1022 4872 lletotis
1050 4818 1224 4872 locum
1256 4817 1556 4877 invaderet,
1589 4831 1849 4884 eumque,
1882 4831 1949 4869 ne

354 4888 491 4945 forte
518 4900 884 4956 revocaretur,
920 4899 1179 4953 quantum
1206 4889 1257 4942 in
1291 4904 1348 4943 se
1375 4896 1512 4951 erat,
1541 4889 1847 4943 infamaret.

423 4959 451 5000 h
486 4962 761 5031 Pelagium
782 4960 1055 5021 videlicet,
1089 4976 1250 5030 quem
1282 4961 1443 5014 etiam
1472 4961 1697 5015 Orosius
1758 4958 1952 5014 lairum

353 5034 700 5103 cognominat
729 5033 889 5103 :quia
923 5032 1129 5086 nullum
1164 5032 1454 5087 clericatus
1493 5034 1720 5101 gradum
1767 5045 1956 5103 susce-

358 5102 533 5173 perat.
563 5102 814 5161 Monaelii
843 5103 1065 5158 nomine
1106 5104 1295 5159 donari
1327 5104 1465 5159 solet
1519 5106 1571 5159 in
1606 5104 1742 5158 actis
1785 5102 1956 5158 Palae-

356 5175 483 5229 stini
507 5176 722 5231 concilii
754 5175 895 5244 apud
934 5175 1294 5242 Augustinum
1342 5176 1432 5229 lib.
1463 5176 1533 5231 de
1559 5176 1726 5245 gestis
1756 5173 1956 5243 Pelagii

358 5261 407 5301 c.
434 5246 509 5302 25
528 5258 582 5301 et
603 5248 695 5302 25.
729 5248 872 5304 Falsi
900 5246 1284 5316 suspicionem,
1319 5264 1437 5313 qua:
1462 5247 1680 5302 Zosimo
1708 5262 1859 5316 papa:
1889 5247 1959 5299 de

361 5316 561 5375 Herote
587 5330 643 5373 et
670 5318 877 5374 Lazaro
908 5319 1092 5386 inique
1126 5318 1318 5385 injecta
1348 5329 1451 5383 est,
1475 5319 1702 5374 Orosius
1725 5318 1774 5371 in
1801 5318 1961 5370 Com-

363 5390 654 5445 monitorio
682 5399 867 5459 aperte
892 5392 961 5443 ab
992 5390 1107 5459 illis
1126 5398 1342 5442 amovet
1365 5430 1379 5450 ,
1403 5389 1495 5444 ubi
1517 5392 1592 5443 ait
1621 5406 1634 5442 :
1672 5387 1737 5442 In
1791 5386 1963 5442 Palat-

361 5461 503 5533 stina
529 5457 744 5533 degebat
780 5460 1052 5533 Pelagius.
1079 5457 1285 5533 Inventi
1316 5469 1434 5513 sunt
1479 5477 1511 5512 a
1542 5460 1849 5533 quibusdam
1882 5475 1959 5533 re-

365 5531 567 5614 ligiosis
596 5531 873 5614 episcopis
896 5531 1136 5614 ttllerote
1168 5539 1217 5583 et
1258 5532 1481 5614 Lazaro)
1532 5532 1678 5614 libri“
1701 5533 1812 5603 ejus
1840 5576 1853 5599 ,
1909 5531 1987 5584 in‘

365 5601 549 5672 quibus
580 5604 748 5658 multa
771 5601 986 5658 etruria
1020 5602 1270 5672 adversus
1298 5601 1453 5671 ﬁdem
1484 5601 1794 5655 catholicam
1839 5617 1966 5654 con-

364 5670 734 5748 scriptalesse
790 5676 1047 5728 videntur.
1079 5670 1175 5748 -Hi
1235 5687 1353 5723 cum
1404 5672 1685 5748 litterisin
1734 5673 1968 5748 Africam

370 5742 603 5815 patribus
650 5758 696 5800 et
734 5747 991 5816 episcOpis
1018 5742 1165 5796 missi
1197 5753 1328 5816 sunt
1359 5783 1372 5807 ,
1403 5743 1491 5816 _ubi
1523 5743 1685 5816 tribus
1729 5742 1967 5816 conciliis

372 5813 640 5873 memorati
664 5820 780 5872 lecti
802 5813 922 5871 sunt
950 5817 1087 5870 libri.
1109 5813 1209 5879 Qui
1233 5814 1378 5867 enim
1401 5814 1548 5882 ipsos
1576 5814 1776 5884 Pelagii
1803 5814 1968 5868 libros

372 5888 587 5945 mittere
619 5895 901 5951 curarunt,
931 5904 992 5941 ex
1025 5900 1181 5955 atquo
1212 5892 1265 5939 et
1308 5885 1454 5940 bono
1481 5901 1605 5940 cum
1650 5902 1715 5941 eo
1765 5885 1965 5952 egisse,

2027 3388 2169 3456 apud
2206 3386 2582 3441 Innocentium
2601 3386 2695 3452 ‘28,
2732 3401 2787 3440 n.
2825 3388 2894 3448 ti,
2919 3384 3011 3439 ubi
3037 3385 3267 3455 legimus
3316 3384 3384 3440 de
3434 3385 3626 3440 iisdem

2028 3455 2464 3529 adoleScentibus
2489 3457 2695 3529 dictum
2714 3497 2730 3521 ,
2763 3455 3086 3529 protulerunt
3118 3457 3354 3512 eumdem
3404 3456 3632 3516 librum.

2030 3528 2237 3601 Pelagii
2265 3546 2375 3584 esse
2401 3531 2645 3583 (licentes.
2678 3528 2892 3601 Integer
2914 3529 3075 3599 igitur
3101 3529 3206 3601 erit
3234 3529 3408 3601 locus,
3433 3530 3479 3584 si
3505 3542 3630 3593 post

2031 3598 2261 3656 verbum
2288 3602 2631 3664 asserebatur,
2691 3598 3093 3670 adjecerimus,
3156 3598 3361 3672 Pelagii
3404 3600 3637 3671 protule-

2032 3683 2175 3728 runt.
2214 3673 2292 3727 Ex
2345 3673 2573 3743 epistula
2630 3682 2811 3744 autem
2863 3672 3111 3742 proxime
3164 3672 3374 3727 laudata
3441 3673 3635 3744 liquet,

2038 3747 2099 3817 1ο
2126 3745 2322 3800 librtnn
2348 3746 2617 3815 prolatum
2654 3743 3247 3817 fuisseanonymum;
3272 3744 3337 3799 2°
3379 3743 3633 3817 traditum

2038 3816 2207 3872 fuisse
2233 3817 2564 3883 Augustino,
2597 3832 2705 3870 non
2747 3815 3049 3870 Palmstiute
3080 3815 3320 3885 synodo;
3378 3815 3441 3870 5ο
3475 3815 3637 3871 Pela-

2037 3890 2183 3960 gium
2228 3888 2466 3943 noluisse
2489 3902 2612 3960 eum
2637 3901 2798 3941 suum
2829 3886 3009 3943 fateri.
3040 3884 3196 3960 Linde
3242 3887 3483 3960 quinque
3521 3887 3638 3956 epi-

2038 3957 2191 4028 scopi
2222 3960 2276 4013 in
2301 3959 2490 4013 eadem
2529 3958 2757 4019 epistola
2800 3975 2856 4012 n;
2891 3960 2933 4023 7_
2966 3976 2979 4011 :
3026 3957 3086 4014 Si
3135 3957 3302 4013 autem
3357 3958 3493 4011 hunc
3529 3976 3639 4013 esse

2040 4047 2191 4084 suum
2221 4030 2411 4084 librum
2434 4039 2606 4099 negat.
2632 4028 2788 4096 Quod
2819 4044 2954 4083 vero
2979 4030 3080 4084 sub
3122 4029 3438 4084 Innocentio
3478 4044 3637 4083 suum

2043 4101 2281 4172 negavit,
2314 4102 2417 4155 hoc
2442 4115 2564 4155 eum
2597 4110 2652 4154 et
2680 4100 2781 4153 sub
2812 4099 3030 4154 Zosimo
3058 4115 3214 4153 suum
3262 4114 3489 4169 negasse
3537 4100 3638 4153 mi-

2044 4188 2148 4227 llllS
2170 4187 2364 4227 mirum
2387 4184 2493 4226 est.

2121 4252 2145 4281 θ
2188 4248 2448 4297 Auctores
2475 4257 2657 4314 pra_vos
2680 4240 3023 4314 Herotem_a_c
3046 4240 3333 4314 Lazarum,
3353 4243 3484 4296 leves
3510 4256 3644 4314 vero

2046 4324 2144 4369 aut
2164 4314 2406 4377 eosdem,
2434 4310 2529 4367 aut
2552 4310 2812 4368 Jacobum
2845 4320 2901 4365 et
2930 4310 3229 4367 Timasium
3262 4322 3486 4380 propter
3514 4312 3646 4367 ado—

2045 4384 2364 4441 lescentiam
2396 4393 2578 4439 vocat.
2615 4382 2817 4437 llorum
2854 4394 3030 4437 tamen
3060 4382 3424 4439 adolescentia
3458 4384 3646 4439 levita-

2047 4458 2116 4512 tis
2149 4456 2276 4511 nihil
2302 4455 2558 4519 habebat,
2587 4453 2679 4508 sed
2715 4453 3004 4521 plurimum
3034 4456 3288 4511 candoris
3314 4465 3372 4511 et
3402 4455 3647 4526 ingenui-

2049 4529 2192 4583 tatis.
2251 4526 2332 4583 Nil
2377 4526 2536 4584 etiam
2590 4526 2640 4579 in
2687 4526 2786 4579 hac
2811 4540 2975 4580 causa
3014 4526 3178 4582 dubio
3208 4527 3415 4581 rumori
3436 4529 3641 4582 datum.

2048 4600 2221 4670 Quam
2246 4599 2642 4669 circumspecte
2668 4613 2790 4651 cum
2826 4596 3048 4670 Pelagio
3077 4599 3247 4669 egerit
3281 4599 3644 4670 Augustinus,

1974 4698 2027 4757 D
2051 4672 2216 4757 epist.-
2247 4672 2381 4757 alias
2567 4683 2714 4757 nunc
2898 4685 2951 4752 u.
2982 4671 3011 4752 1
3037 4715 3051 4738 ,
3083 4670 3650 4757 ipse.ettplica‘t..t\'am

2053 4740 2168 4798 cum
2198 4744 2293 4816 hoc
2322 4745 2385 4816 de
2408 4744 2498 4816 illo
2527 4742 2678 4816 (scil.
2701 4756 2826 4795 eum
2846 4740 3055 4795 inimica
3083 4752 3130 4796 et
3156 4741 3371 4798 adversa
3403 4741 3500 4796 Dei
3528 4760 3651 4816 gra-

2057 4816 2143 4870 tia:
2168 4813 2375 4884 sentire)
2399 4814 2718 4887 aliquamdiu
2749 4817 2891 4885 fama
2913 4816 3138 4887 jactaret
3154 4832 3175 4881 ;
3201 4832 3302 4868 non
3333 4813 3544 4886 utique,’
3564 4816 3651 4868 in-

2056 4888 2192 4957 quit,
2226 4888 2377 4957 facile
2407 4885 2720 4940 credendum
2752 4887 2875 4956 fuit,
2906 4885 3033 4938 solet
3062 4887 3252 4957 quippe
3282 4887 3428 4958 fama
3461 4887 3656 4958 menti-

2059 4963 2106 5014 ri
2140 4974 2158 5013 :
2189 4959 2282 5012 sed
2298 4959 2512 5029 propius
2534 4966 2590 5011 ut
2619 4959 2945 5010 crederemus
2987 4959 3198 5029 accessit
3225 5002 3240 5024 ,
3284 4957 3431 5029 quod
3469 4957 3659 5011 librum

2060 5028 2336 5100 quemdam
2380 5033 2493 5102 ejus
2535 5046 2593 5081 ea
2639 5043 2870 5102 prorsus
2900 5028 3205 5102 persuadere
3259 5028 3658 5102 molientem...

2064 5097 2283 5172 legimus
2320 5097 2574 5172 traditum,
2608 5097 2757 5172 nobis
2785 5115 2815 5149 a
2842 5097 3052 5172 famulis
3075 5097 3291 5165 Christi,
3314 5100 3401 5170 qui
3431 5115 3547 5154 eum
3585 5108 3665 5172 ta-

2068 5169 2140 5228 lia
2163 5175 2427 5227 docentem
2442 5169 3128 5242 studiosissimeaudierant,
3146 5169 3453 5242 fueruntque
3463 5170 3665 5242 sectati.

2068 5246 2181 5313 Qua
2214 5255 2392 5300 autem
2417 5244 2708 5297 occasione
2740 5239 2941 5313 Pelagii
2974 5239 3170 5313 libtutu
3196 5242 3263 5297 ab
3284 5243 3349 5297 iis
3367 5239 3665 5313 acceperit,

2069 5308 2228 5387 Epist.
2255 5315 2386 5369 alias
2411 5315 2538 5387 252,
2564 5327 2705 5387 nunc
2744 5311 2870 5387 I79,
2896 5312 3250 5387 adJoanncm
3276 5314 3490 5387 Hieros.
3520 5326 3578 5364 n.
3604 5308 3660 5373 2,

2072 5382 2152 5442 sic
2182 5398 2420 5442 enarrat.
2457 5405 2470 5440 :
2499 5383 2723 5451 Quidam
2746 5398 2812 5456 ea;
2838 5383 3111 5456 discipulis
3138 5385 3265 5456 ejus
3313 5382 3663 5456 adolescentes

2071 5459 2429 5514 honestissime
2458 5444 2583 5519 nati,
2619 5465 2667 5507 et
2693 5454 2942 5509 institutis
2964 5444 3261 5508 liberalibus
3282 5452 3493 5519 eruditi,
3519 5468 3666 5519 spem

2068 5547 2232 5615 quam.
2244 5527 2499 5615 [iubebant
2524 5529 2575 5581 in
2599 5526 2789 5579 swculo
2811 5527 2923 5606 ejus
2951 5525 3304 5615 eah‘ortatiane
3332 5524 3663 5615 dimiserunt,

2071 5594 2121 5656 in
2150 5600 2333 5672 quibus
2363 5610 2530 5653 tamen
2559 5614 2674 5652 cum
2699 5594 3085 5672 apparuissent.
3106 5594 3345 5672 quaedam
3366 5608 3507 5672 sana:
3545 5595 3669 5647 doc-

2071 5664 2225 5726 trina:
2241 5672 2640 5725 adversantia...
2658 5677 2706 5721 et
2720 5664 3161 5720 admonitionibus
3176 5665 3362 5717 nostris
3383 5664 3669 5728 inciperent

2067 5744 2354 5810 emendari,
2369 5743 2624 5795 dederunt
2646 5735 2777 5790 mihi
2800 5734 3009 5803 librum,
3039 5751 3185 5810 quem
3210 5735 3438 5806 ejusdem
3453 5733 3670 5810 Pelagii

2069 5833 2173 5870 esse
2218 5813 2496 5879 dixerunt,
2551 5819 2790 5882 rogantes
2837 5817 2903 5882 _ut
2931 5812 2994 5882 _et
3040 5809 3209 5882 potius
3239 5809 3667 5882 respondentia,

2153 5884 2171 5923 τ
2200 5885 2257 5939 In
2286 5872 2539 5953 vulgatis,
2570 5872 2889 5949 cogitaverit.
2922 5872 3054 5932 (Iuni
3085 5872 3243 5933 sacro
3284 5872 3440 5931 tam
3467 5872 3671 5947 preciae;
