4122 6346
488 260 597 318 665

1853 247 1910 302 S.
1953 241 2180 299 ZOSIMI
2221 241 2423 296 PAPIE

3675 229 3784 287 064

491 379 750 434 simorum
801 374 1182 446 episcoporum
1233 369 1521 427 sententiis
1562 379 1661 437 pro
1691 362 2085 421 calumniatore
2112 361 2163 422 Α
2261 358 2314 412 5.
2347 357 2524 428 Atque
2559 358 2764 412 utinam
2798 356 2851 411 in
2885 354 3116 411 Tuentio
3145 353 3301 422 prasi
3337 362 3548 407 tantum
3588 364 3787 417 mores,

491 471 822 534 damnatus,
870 481 992 522 cum
1050 463 1207 518 Britii
1263 460 1566 517 innocentis
1623 456 1862 528 episcopi
1917 455 2084 506 vitam

490 561 649 617 falsis
679 559 1079 632 objectionibus
1117 554 1439 628 appetisset,
1475 559 1596 622 post
1625 563 1755 604 vero
1785 545 2084 602 indebitum

493 655 562 710 ab
604 653 795 709 eodem
843 651 1098 716 Proculo,
1140 649 1229 718 qui
1280 648 1419 701 inter
1465 655 1697 699 caeteros
1728 651 1754 678 ει
1784 641 1836 694 in
1877 637 2088 709 synodo

489 747 683 802 damna
693 745 854 802 tionis
865 743 984 814 ejus
998 739 1298 806 assederat,
1315 737 1680 793 sacerdotium
1696 742 2022 789 consecutus
2034 729 2084 800 δ,

496 854 524 892 a
555 853 666 910 quo
695 853 755 893 se
805 837 922 907 ipse
949 835 1074 889 vita:
1128 849 1238 887 sua:
1278 831 1612 886 conscientia
1639 870 1654 896 ,
1702 828 1842 883 datis
1894 826 2089 881 litteris

494 934 548 988 in
583 931 982 988 abdicationem
1025 928 1129 991 sui,
1162 934 1356 996 sponte
1402 924 1704 979 submovit.
1740 922 1820 977 Re
1851 936 1974 975 vera
2008 919 2091 973 in-

493 1040 796 1096 congruum
853 1022 973 1089 fuit,
1021 1033 1077 1075 ut
1127 1030 1150 1058 ο
1209 1020 1454 1073 illicitum
1511 1016 1843 1078 sacerdotio,
1889 1015 2092 1069 omisso

493 1116 932 1187 metropolitano,
980 1128 1076 1168 sua
1125 1113 1473 1169 confessione
1522 1111 1811 1183 Spoliatus,
1840 1107 2090 1164 sacerdo-

494 1220 605 1267 tem
633 1211 841 1280 pariter
869 1207 1170 1261 ordinaret.
1209 1206 1271 1260 Et
1306 1220 1374 1260 ne
1411 1204 1541 1259 nihil
1571 1221 1677 1258 non
1710 1203 2091 1272 intempestive

498 1302 677 1371 fieret,
716 1317 782 1356 ne
825 1300 942 1356 dies
983 1299 1198 1370 quidem
1245 1297 1522 1368 legitimus
1553 1294 1577 1332 δ
1608 1296 1962 1351 ordinationis
1994 1294 2089 1348 ad-

492 1394 786 1451 sciscitur:
821 1391 1036 1446 scilicet
1082 1400 1139 1446 ut
1176 1391 1372 1460 quibus
1416 1399 1606 1444 cuncta
1652 1389 1898 1456 deerant,
1924 1387 2092 1442 etiam

490 1489 793 1560 legitimum
815 1494 1027 1556 tempus
1054 1484 1445 1552 deesset.Quid
1479 1483 1562 1538 his
1590 1492 1667 1537 tot
1705 1484 1975 1554 tantisque
1994 1481 2096 1536 im-

492 1583 666 1654 proba
699 1583 1054 1652 usurpatione
1087 1579 1415 1649 posthabitis
1447 1578 1572 1632 addi
1605 1585 1800 1647 potest,
1832 1577 1934 1631 nisi
1963 1575 2092 1630 illud

493 1689 816 1740 extremum,
842 1672 986 1744 quod
1009 1682 1182 1727 totum
1210 1671 1545 1726 transcendit
1566 1685 1832 1736 errorem,
1853 1678 1913 1724 ut
1933 1680 1956 1706 ο
1990 1680 2095 1723 ter-

2195 464 2298 504 non
2341 450 2501 504 etiam
2539 445 2887 520 lPriscilliana
2944 447 3262 516 supersdtio
3309 443 3578 514 patuisset
3613 443 3626 497 l
3671 456 3791 511 qua:

2193 544 2339 599 sedis
2365 543 2529 612 hujus
2555 543 2760 598 dudum
2791 540 3102 596 humanitas
3132 549 3185 595 et
3211 537 3587 594 misericordia
3611 535 3663 590 in
3691 536 3791 591 hoc

2194 639 2270 694 illi
2316 639 2603 694 consulere
2643 636 2834 700 voluit,
2876 642 2938 689 ut
2971 633 3316 689 emendatior
3345 632 3412 686 de
3440 642 3640 685 caetero
3673 644 3792 697 per-

2193 740 2462 788 maneret.
2512 730 2666 799 Quod
2704 728 3030 785 beneficium
3072 727 3172 781 sibi
3207 742 3348 797 pone
3381 734 3582 795 prarter
3611 739 3792 778 exem-

2195 827 2342 896 plum
2386 825 2690 894 pr:.estitum
2731 824 2774 878 si
2819 821 3142 893 diligentius
3171 822 3476 874 observare
3510 819 3789 885 voluisset,

2193 921 2398 975 erroris
2417 920 2567 972 illum
2591 917 2829 972 anteacti
2852 915 3094 986 oportuit
3119 915 3405 984 pmttiterc,
3436 928 3548 966 non
3574 912 3645 964 ita
3667 925 3793 980 prte-

2195 1013 2344 1085 cipiti
2393 1013 2593 1082 impetu
2633 1010 2698 1064 ad
2747 1008 3110 1064 sacerdotium
3145 1006 3431 1074 festinare,
3477 1014 3533 1059 ιιι
3559 1018 3657 1058 nec
3687 1003 3792 1059 diei

2195 1119 2438 1163 veterem
2493 1105 2918 1170 solemnitatem,
2967 1119 3089 1174 quae
3137 1099 3408 1170 ντωεὶνυο
3437 1096 3796 1153 custodienda

2197 1201 2392 1266 fuerat,
2426 1201 2770 1263 observaret,
2803 1212 2905 1252 nec
2932 1196 3176 1251 indebito
3204 1195 3325 1249 loco
3350 1192 3602 1249 crederet
3627 1191 3797 1247 ahsti-

2199 1294 2455 1348 nendum.

2269 1389 2322 1444 4.
2356 1386 2475 1454 Qua
2507 1387 2574 1441 de
2599 1401 2658 1440 re
2686 1385 2752 1440 ad
2777 1385 3118 1440 sanctitatem
3151 1393 3392 1438 vestram
3418 1393 3470 1437 et
3499 1396 3594 1452 per
3627 1387 3793 1434 tolum

2198 1481 2411 1544 orbem,
2444 1479 2776 1550 ubicumque
2805 1487 2860 1533 et
2887 1479 3308 1549 infqnacumque
3336 1485 3600 1530 terrarum
3631 1489 3795 1530 sonus

2197 1574 2488 1630 catholica:
2517 1573 2801 1644 religionis
2823 1573 2975 1637 exiit,
3003 1573 3206 1641 scripta
3234 1571 3560 1639 direximus,
3597 1568 3796 1624 fratres

2198 1670 2523 1734 charissimi,
2555 1686 2620 1725 nc
2660 1669 2985 1724 fTuenlium
3018 1678 3070 1724 el
3101 1667 3299 1724 Ursum
3330 1669 3384 1722 in
3417 1667 3795 1722 communione

497 1771 704 1825 riloriiS
743 1767 1000 1822 indebilis
1028 1812 1041 1835 ,
1099 1766 1164 1821 ad
1194 1766 1596 1822 AI'CIMCHSiUIn
1623 1767 1904 1827 CiVilalcm.
1947 1765 2091 1817 διιιὶ·
2131 1771 2171 1829 Β
2201 1768 2482 1834 Ecclesiae,
2515 1768 2928 1838 inquocumqne
2960 1767 3332 1823 ecclesiastico
3361 1766 3528 1838 gradu
3560 1781 3588 1820 a
3616 1781 3717 1837 qua
3745 1765 3796 1821 in

505 1863 686 1933 quitus
726 1859 1138 1932 pertinentibus
1162 1901 1176 1926 ,
1232 1859 1584 1913 locarentur?
1615 1857 1788 1913 Utinm
1833 1858 2024 1912 vitium
2057 1858 2102 1911 si

498 1954 552 2008 in
587 1954 766 2008 causis
791 1953 989 2006 talibus
1016 1950 1309 2016 evenisset,
1340 1950 1657 2027 apostolicae
1685 1949 1831 2004 sedis
1859 1950 2097 2004 auctori-

499 2058 583 2102 tas
598 2047 765 2103 etiam
789 2055 989 2102 caetera
1017 2045 1396 2100 destruxissct.
1425 2043 1522 2099 ilic
1545 2045 1714 2099 multa
1739 2052 2094 2110 concurrunt,

499 2139 870 2210 improborum
895 2149 952 2195 et
973 2138 1353 2192 damnatorum
1383 2137 1675 2204 ordinatio,
1705 2137 2101 2207 praetermissio

501 2233 928 2304 metropolitani,
957 2247 1170 2288 necnon
1199 2241 1254 2287 et
1286 2232 1700 2303 provincialium
1732 2232 2095 2302 sacerdotum,

505 2327 858 2397 locorumque
907 2327 1212 2382 alienorum
1269 2326 1742 2396 impudentissima
1798 2328 2100 2397 usurpatio,

508 2438 608 2477 nec
639 2423 834 2478 saltem
873 2421 980 2477 diei
1010 2421 1279 2476 custodita
1313 2421 1658 2489 solemnitas,
1690 2430 1747 2476 et
1775 2420 2012 2476 Lazarus
2050 2421 2099 2474 in

515 2518 794 2574 consortio
824 2517 1026 2572 illicitae
1069 2515 1427 2570 ordinationis
1466 2515 1728 2570 adscitus.
1762 2516 1887 2571 llaec
1917 2515 2099 2570 omnia

511 2613 654 2683 apud
683 2625 782 2666 nos
809 2609 971 2682 gestis
1000 2608 1434 2678 testimoniisque
1465 2607 1712 2664 discussa
1746 2618 1889 2665 sunt.

584 2733 812 2788 siml-on,
829 2743 952 2784 cum
971 2743 1072 2783 ms.
1093 2726 1612 2800 Arcl.,synodo,sine
1627 2733 2097 2800 praepositionem.

516 2806 617 2878 Qui
639 2802 1043 2878 Floriacen‘sem
1083 2799 1374 2853 adornavit
1399 2799 1808 2878 bibliothecam,
1841 2804 1926 2859 hic
1950 2807 2098 2878 legit,

518 2869 844 2931 damnationi
883 2874 995 2943 ejus
1036 2881 1384 2943 consenserat.
1428 2869 1662 2939 Propius
1703 2889 1732 2927 a
1764 2885 1945 2930 nostra
1989 2869 2098 2934 1ch

517 2949 665 3020 tione
686 2942 1226 3020 abessctassenserat.
1261 2942 1596 3010 Quamquam
1624 2945 1676 2997 in
1699 2948 1968 3020 superiori
1992 2953 2104 3020 ιιι-»ῖς

521 3019 659 3074 stola
689 3017 742 3082 5,
776 3033 829 3069 ιι.
863 3016 918 3079 3,
953 3013 1215 3068 Proculus
1246 3030 1349 3066 non
1385 3021 1595 3068 tantum
1637 3027 1693 3069 ut
1723 3013 1906 3074 Lazari
1950 3013 2101 3077 doin-

513 3089 720 3146 nationi
761 3086 1139 3162 consentiens,
1181 3084 1472 3162 sed_etiam
1515 3087 1778 3155 utjndex,
1823 3106 1851 3143 a
1880 3108 1986 3162 quo
2015 3095 2109 3150 ille

513 3163 840 3218 sententiam
867 3156 1168 3226 exceperit,
1202 3155 1510 3210 exhibetur.

591 3233 618 3272 ι)
649 3232 848 3286 Baron.
881 3230 966 3281 hie
997 3227 1207 3300 addidit
1229 3228 1454 3281 verbum
1485 3239 1583 3295 est,
1617 3233 1759 3300 quod
1784 3235 1982 3290 melius
2009 3238 2106 3291 ab-

520 3315 604 3361 est
639 3305 706 3356 ab
741 3302 864 3356 aliis
897 3301 1066 3354 libris.
1109 3298 1200 3373 Sic
1237 3301 1439 3368 quippe
1483 3298 1867 3373 intelligendus
1898 3310 1984 3361 hic
2032 3309 2110 3362 lo-

521 3391 642 3444 cus,
690 3373 845 3448 quasi
878 3375 1138 3448 superius
1166 3371 1460 3439 legeretur,
1506 3372 1617 3425 Nec
1652 3371 1836 3448 saltem
1873 3395 2111 3448 compro-

523 3445 771 3521 ninciales
809 3443 1036 3521 episcopi
1083 3450 1422 3521 corrogantur
1465 3480 1479 3496 .
1505 3480 1518 3495 .
1550 3483 1562 3495 .
1598 3484 1612 3498 .
1667 3446 1758 3500 sed
1809 3443 2112 3521 corrogatnr

527 3517 780 3580 Lazarus,
821 3512 930 3570 etc.
973 3512 1110 3566 Hinc
1139 3512 1249 3566 duo
1285 3512 1542 3586 colligere
1571 3524 1690 3570 est:
1724 3512 2110 3586 prinium'Ursi

529 3587 928 3642 ordinationem
963 3596 1246 3653 postquam
1295 3583 1363 3636 ab
1389 3583 1978 3652 Aquensinmecclesia
2009 3593 2106 3646 La-

524 3675 681 3713 zarus
712 3658 996 3710 submotos
1019 3666 1125 3720 est,
1150 3655 1392 3723 adeoque
1417 3667 1696 3725 postquam
1720 3658 2112 3718 ConStantinns

518 3731 734 3785 deletus
764 3743 827 3781 ac
849 3733 1072 3780 necatus
1099 3728 1220 3791 luit,
1249 3728 1351 3778 hoc
1375 3735 1457 3778 est
1489 3738 1606 3794 post
1628 3744 1827 3783 annum
1855 3730 1955 3786 411
1983 3749 2111 3788 con-

522 3801 743 3870 tigisse;
777 3799 1031 3864 alterum,
1065 3797 1228 3850 etiam
1262 3804 1383 3870 post
1410 3797 1470 3870 id_
1496 3804 1755 3868 temporis
1785 3802 2048 3859 Lazarum
2082 3823 2110 3861 a

524 3868 756 3926 Proculo
774 3870 1252 3942 velntepiscopum
1273 3868 1439 3921 fuisse
1458 3868 1720 3926 habitum.
1745 3873 1924 3942 lpsum
1944 3877 2109 3932 etiam

523 3943 683 4014 longe
715 3951 835 4014 post
861 3941 1056 4014 Marius
1088 3939 1378 4006 Mercator,
1411 3939 1782 4014 Augustinus,
1803 3953 1858 3999 et
1879 3944 2109 4002 Cartha-

525 4010 767 4081 ginénsis
797 4012 1013 4066 concilii
1043 4017 1246 4081 patres,
1283 4021 1338 4065 ut
1369 4010 1630 4082 vidimus,
1664 4018 1984 4087 episeopum
2018 4036 2110 4074 no.

519 4088 731 4141 minare
763 4100 867 4139 non
900 4095 1132 4138 cessant.

599 4168 621 4196 ο
652 4157 832 4214 Codex
877 4156 1056 4217 Colb.,
1099 4152 1351 4220 illic-itus,
1397 4171 1520 4211 mox
1572 4173 1701 4213 vero
1743 4159 1943 4214 Baron.
1989 4177 2111 4217 cum

522 4229 696 4296 Arel.,
722 4227 1039 4299 spoliatum:
1067 4226 1347 4281 mendose.
1382 4226 1562 4283 Nitida
1586 4229 1690 4283 erit
1711 4231 1871 4286 lectio
1893 4234 1947 4287 in
1975 4237 2115 4289 hunc

525 4303 742 4354 modum
775 4311 1115 4372 constructa:
1161 4309 1214 4351 ut
1244 4315 1338 4352 sua
1376 4303 1697 4370 confessione
1737 4304 1991 4372 spoliatus
2031 4323 2116 4359 sa-

522 4373 772 4444 cerdotio,
803 4369 1044 4425 illicitum
1070 4372 1388 4444 sacerdotem
1415 4369 1612 4444 pariter
1641 4369 1930 4430 ordinaret.

2206 1873 2377 1918 totum
2423 1862 2760 1917 anathemati
2802 1872 2948 1927 sunt,
2998 1860 3376 1932 suscipiendos
3420 1874 3542 1914 esse
3566 1858 3793 1914 duratis.

2206 1956 2473 2011 Dicuntur
2513 1956 2657 2010 enim
2692 1956 3045 2011 circulatores
3084 1969 3229 2020 esse,
3281 1954 3426 2024 quod
3459 1967 3558 2009 nos
3591 1969 3654 2008 ex
3679 1969 3801 2007 sen-

2205 2051 2389 2106 tentiis
2425 2052 2744 2122 agnovimus
2787 2050 2837 2104 in
2869 2065 3057 2105 eorum
3087 2048 3440 2104 damnatione
3471 2047 3798 2103 sacerdotali

2203 2146 2525 2201 auctoritate
2549 2143 2800 2214 prolatis,
2824 2158 2961 2214 quas
2983 2144 3033 2197 in
3057 2141 3290 2198 diversis
3315 2140 3625 2211 regionibus
3645 2154 3801 2194 exce-

2209 2249 2424 2312 perunt.
2477 2238 2848 2294 llemovendte
2877 2247 3002 2291 sunt
3032 2253 3062 2290 a
3097 2246 3286 2291 sancto
3313 2250 3542 2305 corpore
3573 2233 3799 2305 putrida:

2205 2343 2498 2400 carnes,et
2525 2348 2552 2387 a
2580 2346 2756 2386 massa
2789 2327 3240 2385 sanctificationis
3269 2327 3486 2383 acidum
3519 2340 3801 2381 exsecran-

2205 2427 2445 2496 dumque
2478 2425 2830 2480 fermentum.
2865 2422 2943 2478 Dc
2966 2421 3164 2493 quibus
3187 2421 3338 2491 plura
3361 2420 3605 2476 scribere
3631 2418 3799 2488 pudo-

2206 2523 2284 2578 ris
2312 2522 2428 2588 fuit,
2462 2535 2588 2576 cum
2614 2501 2720 2573 illis
2748 2515 3091 2587 pudori_non
3126 2515 3195 2569 sit
3225 2523 3370 2569 tanta
3400 2514 3612 2570 fecisse.
3647 2523 3671 2560 Β

2277 2615 2331 2670 5.
2362 2613 2634 2672 Jussimus
2671 2622 2852 2666 autem
2887 2611 3246 2680 prmcipuam,
3279 2610 3434 2665 sicuti
3466 2623 3678 2678 semper
3704 2607 3797 2662 ha-

2203 2754 2267 2794 ac
2287 2737 2514 2792 Patrum
2539 2730 2886 2788 traditionem
2910 2740 3291 2785 consecratum
3312 2729 3479 2784 fuisse
3505 2728 3615 2783 Leo
3641 2731 3794 2799 epist.

2205 2812 2238 2866 5
2267 2825 2317 2864 c.
2352 2811 2406 2873 6,
2438 2807 2598 2875 epist.
2625 2803 2658 2858 9
2685 2821 2740 2857 ιι.
2767 2802 2856 2869 11,
2882 2810 2938 2856 et
2961 2802 3120 2875 epist.
3157 2803 3213 2856 11
3246 2804 3458 2855 asserit.
3491 2801 3571 2855 Ab
3598 2800 3797 2875 hacta-

2209 2897 2330 2937 men
2367 2874 2490 2950 lnge
2519 2889 2923 2950 nonnumquam
2951 2874 3258 2950 discessum
3280 2887 3402 2950 esse
3431 2874 3799 2950 prohatjillc-

2210 2943 2453 3008 montins
2477 2949 2566 3002 vel
2589 2945 2854 3016 exemplis
2876 2954 3187 3017 sanctorum
3213 2945 3423 2998 Martini
3447 2954 3610 3017 atque
3631 2943 3798 3017 Chry-

2212 3024 2465 3085 sostomi,
2499 3036 2728 3090 quorum
2769 3019 2998 3090 primum
3031 3016 3163 3070 feria
3193 3016 3346 3090 tertia
3372 3016 3466 3090 vel
3481 3027 3690 3086 quarta,
3725 3016 3798 3070 al-

2217 3107 2390 3152 ternm
2424 3087 2555 3148 feria
2584 3100 2735 3144 sexta
2761 3089 3073 3142 ordinatum
3102 3099 3273 3142 notat.
3306 3087 3564 3158 Cyrillum
3589 3105 3797 3158 quoilue

2212 3183 2354 3223 anno
2385 3165 2491 3219 412
2517 3162 2770 3217 Octobris
2803 3161 2872 3215 18
2901 3161 3006 3224 die,
3041 3159 3173 3214 feria
3207 3160 3797 3230 scxta,e|‘iiscopuntA-

2215 3237 2592 3296 lexandrinnm
2624 3241 2864 3287 creatum
2891 3230 3090 3286 ferunt.
3121 3231 3388 3285 Prmterea
3417 3231 3692 3286 Nestorius
3723 3233 3797 3288 fc-

2213 3315 2292 3367 ria
2325 3310 2480 3364 tertia
2512 3315 2870 3360 consecratus
2897 3310 3001 3366 est,
3036 3304 3078 3355 si
3109 3301 3348 3358 Socratis
3377 3303 3473 3358 lib.
3502 3319 3596 3365 vn,
3630 3319 3678 3358 c.
3713 3305 3795 3370 12,

2214 3398 2336 3438 eum
2365 3393 2508 3434 anno
2540 3376 2664 3442 412,
2696 3374 2989 3443 Aprilile
3011 3373 3118 3436 die,
3152 3375 3527 3445 inauguratum
3551 3391 3796 3430 asseren-

2215 3455 2280 3507 tis
2310 3467 2436 3505 vera
2465 3449 2531 3503 sit
2563 3451 2823 3501 narratio.
2855 3447 2960 3501 Sed
2991 3445 3293 3510 Liberatus,
3322 3462 3440 3514 cap.
3471 3447 3524 3512 Δ,
3553 3449 3795 3504 eumdem

2215 3525 2423 3594 Aprilis
2454 3519 2778 3594 ludie,‘_qu:e
2810 3520 2858 3570 in
2891 3518 3219 3594 dominicam
3256 3519 3548 3594 incidebat,
3582 3519 3796 3594 ordina-

2218 3590 2328 3649 ιιιίιι
2372 3592 2556 3646 tradit.
2603 3590 2872 3643 Observat
2909 3591 3155 3645 eruditus
3195 3591 3564 3645 l’lenaudotins
3604 3591 3793 3646 histor.

2215 3665 2515 3736 patriarch.
2568 3661 2861 3736 Alexandr.
2893 3660 3130 3736 Jacobit.
3170 3678 3288 3730 pag.
3312 3664 3447 3736 71,77.
3479 3679 3598 3736 cum
3630 3663 3798 3718 Geor.

2214 3732 2360 3808 gium
2394 3732 2680 3808 quemdam
2705 3741 2936 3808 exeunte
2965 3735 3172 3808 sarculo
3191 3750 3262 3787 vn
3292 3735 3377 3789 die
3404 3750 3506 3787 non
3531 3735 3798 3790 dominico

2217 3803 2585 3876 ordinandum
2609 3806 2659 3857 in
2683 3804 2970 3860 ecclesiam
2997 3803 3345 3861 introducere
3369 3816 3640 3876 pararent,
3667 3807 3799 3860 Mar-

2215 3895 2338 3936 cum
2372 3875 2812 3930 archidiaconnm
2841 3876 2921 3929 eis
2951 3875 3440 3943 intercessisse,’:~c
3467 3893 3713 3948 negasse,
3748 3881 3797 3931 id

2222 3954 2379 4005 moris
2420 3965 2529 4003 esse
2551 3948 3379 4022 autecclesiastica:disciplinas,
3413 3959 3468 4005 nt
3495 3952 3795 4022 episwpnlis

2220 4024 2483 4077 ordinatio
2506 4019 2612 4093 alio
2635 4019 2718 4072 die
2743 4035 2904 4093 quoin
2923 4019 3181 4074 dominico
3205 4019 3384 4091 ﬁeret;
3413 4019 3697 4093 arguitque
3719 4041 3799 4076 rr-

2221 4093 2361 4148 roris
2407 4091 2768 4155 Elmacinum,
2820 4091 2908 4164 qui
2951 4092 3092 4146 hunc
3123 4111 3327 4149 morem
3362 4091 3502 4164 apud
3531 4094 3798 4149 Jacobitas

2221 4176 2521 4233 receptum.
2568 4164 2687 4216 scil.
2737 4173 2789 4215 nt
2826 4162 3135 4217 Patriarc/ta
3178 4162 3504 4222 nonnisi—die
3549 4168 3798 4221 daminiro

2218 4238 2566 4298 ordinaretur,
2609 4234 2676 4288 ad
2721 4234 2887 4288 l~aaci
2923 4247 3042 4303 post
3089 4237 3402 4303 prtedictam
3444 4241 3606 4294 Marci
3637 4240 3798 4294 inter-

2217 4309 2524 4363 cessionctn
2558 4306 2789 4359 ordinati
2825 4306 3103 4361 decretum
3137 4309 3322 4363 refert.

2298 4390 2319 4415 ο
2355 4380 2551 4432 Baron.
2584 4393 2651 4431 ex
2686 4377 2790 4431 litle
2823 4395 2926 4431 tns.
2951 4378 3123 4444 Arel.,
3156 4381 3420 4437 territatia
3449 4384 3671 4437 indebita
3704 4426 3714 4437 .
3743 4425 3753 4438 .
3784 4423 3797 4436 .

593 4441 620 4481 ἀ
650 4443 972 4524 Legitimum
1006 4442 1369 4524 ordinationis
1394 4441 1538 4524 diem
1570 4445 1875 4524 neglectum
1909 4447 2114 4504 dixisse
2144 4445 2192 4504 D
2220 4452 2475 4524 ιοςςηηαςἱ
2516 4448 2616 4500 Ista
2660 4461 2840 4524 autem
2870 4450 3042 4504 aliena
3073 4441 3125 4505 et
3160 4453 3394 4509 indebita
3425 4455 3714 4524 territmin,
3751 4459 3797 4509 in

523 4512 811 4570 contentus
836 4512 1106 4578 Zosimus,
1141 4512 1260 4582 quis
1283 4513 1373 4584 ille
1406 4517 1476 4570 sit
1506 4512 1667 4580 tacet,
1697 4518 1818 4584 quia
1852 4536 1974 4572 eum
2011 4535 2106 4573 nsn

521 4585 772 4661 omnibus
793 4594 978 4661 notum
1005 4583 1406 4661 p_onit._Eadem
1431 4593 1642 4661 ratione
1666 4583 1722 4661 et
1747 4588 2108 4661 Symmachus

523 4656 683 4712 Urbis
713 4653 1002 4725 praefectus
1033 4656 1085 4725 in
1118 4655 1384 4725 relatione
1416 4658 1480 4710 ad
1516 4653 1816 4712 Honorium
1851 4667 1917 4715 de
1954 4662 2108 4714 linia-

525 4728 599 4781 lio
628 4723 748 4798 post
777 4736 1006 4780 mortem
1039 4723 1240 4798 Zosimi
1270 4724 1322 4778 in
1354 4725 1686 4798 locnmejus
1710 4731 1937 4786 suffecto
1967 4735 2107 4798 apud

526 4795 818 4853 Baronium
843 4798 904 4849 ad
938 4813 1065 4849 ann.
1090 4795 1196 4850 418
1221 4796 1485 4865 loquitur:
1516 4795 1644 4852 Cain
1668 4802 1742 4853 vir
1763 4812 1972 4857 sanctus
2000 4795 2106 4856 lin-

527 4868 681 4946 lalius
727 4869 794 4946 ad
831 4866 1100 4946 (celes-iam
1127 4865 1526 4946 Lateranensem
1549 4873 1611 4923 de
1637 4877 1890 4938 exsequiis
1920 4877 2106 4946 prioris

523 4939 749 5016 episwpi
779 4956 811 4992 a
838 4937 1028 5010 populo
1069 4946 1115 4991 et
1149 4940 1346 4992 clericis
1383 4941 1562 5011 fuisset
1601 4937 1876 5011 adductus,
1918 4937 1988 4999 ibi
2019 4965 2107 5016 per

524 5011 757 5064 biduum.
786 5049 798 5061 .
828 5049 841 5062 .
873 5019 1166 5063 remoratus
1200 5019 1301 5077 est,
1334 5023 1389 5065 ut
1420 5023 1802 5080 exspectaretur
1830 5033 1947 5072 uuas
1975 5011 2103 5073 cotv-

520 5096 740 5148 sumus,
771 5097 871 5150 quo
900 5093 1068 5152 posset
1113 5083 1410 5137 solemniter
1431 5085 1684 5138 ordinari.
1721 5087 1896 5143 Unum
1925 5101 2104 5144 autem

523 5153 862 5208 Dominicum
895 5154 1037 5206 diem
1078 5153 1250 5207 sacris
1278 5157 1714 5212 ordinationibus
1745 5176 1840 5230 per
1867 5177 2108 5216 canones

509 5269 816 5332 antistitem,
843 5277 1021 5321 contra
1043 5269 1210 5321 sancti
1231 5269 1533 5324 Innocentii
1566 5273 1850 5330 decessoris
1876 5277 1960 5330 sui
1984 5293 2100 5330 sen-

509 5341 744 5420 tfntimn,
759 5341 846 5420 qui
867 5339 1076 5420 primus
1087 5337 1432 5420 Pelagianam
1453 5341 1688 5398 haeresim
1720 5349 2098 5412 condemnavit,

509 5412 665 5490 [idem
696 5411 880 5490 ipsius.
895 5410 1118 5490 Pelagii,
1147 5410 1362 5490 ejusque.
1389 5415 1648 5490 complicis
1671 5417 1913 5487 Caelestii,
1948 5410 2098 5490 quem

502 5480 556 5536 in
581 5483 812 5563 Ecclesia
840 5480 1236 5563 Carthagincnsi
1258 5480 1544 5563 convictum
1568 5498 1718 5557 atque
1749 5480 2098 5563 appctlaiitem

504 5556 844 5624 apostolicum
865 5556 1059 5632 sedent,
1093 5565 1138 5609 et
1167 5556 1452 5632 ipsegestis
1474 5556 1806 5632 discusserat,
1819 5556 2097 5632 "tamquam

500 5641 672 5704 rerum
725 5635 770 5679 et
801 5624 1111 5704 catholicam
1159 5624 1478 5704 laudartteiii,
1510 5630 1720 5704 insuper
1750 5624 1798 5686 et
1822 5624 2096 5704 Africanos

503 5698 798 5764 culpantem
825 5698 1263 5771 episcopos,quod
1287 5697 1348 5751 ab
1379 5699 1482 5752 illis
1501 5697 1727 5755 hazretici
1743 5697 2092 5771 crederentur,

501 5782 639 5834 cuin,
656 5773 873 5822 necdum
888 5769 985 5834 ipsi
1007 5769 1266 5838 Africanis
1294 5771 1543 5840 episcopis
1568 5771 1714 5825 dolos
1736 5791 1910 5831 eorum
1936 5769 2096 5831 multo

2214 4523 2410 4598 quibus
2435 4519 2632 4598 ursum
2660 4537 2725 4598 ac
2745 4520 3041 4598 Tuentium
3066 4539 3091 4574 a
3117 4523 3349 4598 Proculo
3370 4528 3664 4598 episcopos
3679 4519 3802 4582 coii-

2213 4591 2433 4667 stitntos
2473 4591 2643 4667 fuisse
2668 4591 2941 4667 ‘Zosimus
2986 4595 3073 4649 hic
3103 4595 3372 4667 queritur,
3412 4591 3660 4654 nonnulli
3695 4600 3802 4667 cpi-

2215 4666 2349 4746 stola
2380 4666 2438 4746 .l,
2481 4679 2530 4718 c.
2564 4662 2784 4746 δηΐιιιιὶ
2829 4668 3101 4733 pattecias
3142 4665 3491 4724 Citharistatn
3524 4683 3578 4727 et
3606 4662 3803 4742 Garga—

2213 4745 2349 4790 rium
2379 4745 2830 4803 interpretantur.

2293 4806 2309 4844 ί
2350 4807 2486 4885 lluic
2534 4809 2975 4885 communionem
3028 4826 3148 4863 cum
3207 4811 3499 4883 episcopali
3547 4816 3800 4885 dignitate

2218 4879 2561 4960 postmodum
2585 4880 2856 4960 redditam
2871 4881 3033 4960 fni_.~se
3058 4879 3281 4960 necesie
3303 4879 3410 4950 est,
3431 4887 3499 4951 si,
3519 4879 3660 4957 quod
3683 4904 3800 4942 ern-

2217 4950 2327 5024 diti
2368 4950 2520 5024 mu|_ti
2560 4961 2792 5024 putant,
2846 4953 2889 5005 is
2942 4953 3057 5024 ipse
3090 4962 3175 5007 est
3222 4950 3507 5024 Tuentius,
3537 4950 3611 5014 ad
3655 4962 3799 5024 cujus

2222 5021 2423 5090 scripta
2456 5018 2789 5075 C(BIeSlinlls
2815 5018 2976 5092 epist:
3000 5023 3090 5086 20,
3130 5041 3182 5078 n.
3212 5023 3266 5089 2,
3301 5018 3559 5099 responsa
3593 5018 3800 5086 dedisse

2215 5108 2274 5148 se
2303 5102 2712 5147 commemorat.

2289 5174 2313 5211 ε
2347 5162 2401 5218 1η
2433 5179 2563 5217 mss.
2598 5172 2710 5219 tota
2744 5165 2832 5220 hic
2861 5165 3255 5224 subnccutntur
3284 5177 3578 5243 superioris
3605 5177 3688 5246 cpi
3725 5186 3799 5230 lo-

2207 5281 2535 5367 nianifestius‘
2557 5280 2932 5367 detegentibus,
2968 5299 3272 5367 mer-intratos
3316 5291 3586 5367 Pelagium
3617 5307 3664 5350 et
3692 5295 3797 5351 Cm-

2213 5353 2417 5423 lestimn
2449 5361 2652 5420 putaret
2676 5354 3009 5410 orthodoros.
3049 5357 3112 5411 Et
3143 5369 3309 5414 tamen
3338 5353 3794 5423 nervAthaimsinm

2201 5432 2250 5476 et
2299 5421 2603 5509 Damasum,
2635 5441 2725 5509 nec
2776 5427 2894 5509 illos
2948 5427 3259 5509 Pala'stinos
3289 5437 3558 5508 episcopos
3587 5421 3792 5509 (dehis

2201 5496 2455 5580 omnibus
2483 5497 2593 5576 jam
2623 5497 2956 5580 dixerat),_et_
2984 5499 3249 5554 Zosinmm
3276 5545 3289 5568 ,
3319 5496 3604 5564 'hazre'ticos
3635 5513 3786 5566 credit

2202 5564 2457 5649 Ecclesia,
2487 5567 2612 5636 quia
2635 5564 2981 5657 (lre'Itt'ei'eticis
3017 5574 3140 5625 bene
3165 5564 3476 5645 senserunt;
3506 5585 3597 5635 sed
3625 5564 3788 5657 potius

2199 5654 2296 5719 pro
2318 5639 2498 5726 merito
2517 5639 2775 5726 sure‘ﬁtlei
2799 5641 3079 5726 catholicos
3093 5645 3365 5726 judicatet
3393 5639 3640 5722 honorat:-
3667 5674 3792 5726 quo-

2207 5709 2345 5789 iiiam
2375 5725 2474 5762 non
2507 5711 2647 5789 debet
2676 5712 2881 5789 crimini
2902 5701 3141 5784 deputari
3161 5701 3789 5789 είνηρίῖέιὶὲιὶῖἱιῶἑ

2196 5779 2328 5834 lecta
2357 5781 2578 5834 versutia
2600 5779 2891 5849 malignam
2957 5823 2967 5834 .
