4122 6346
309 344 407 403 665

1526 353 1887 412 EPISTOLiE
1927 355 2017 414 ET
2058 357 2404 417 DECRETA.

3492 361 3598 420 666

303 467 417 523 buit
443 469 904 541 metropolitanus
937 471 1230 544 episcopus
1264 470 1667 530 Arelatensium
1701 472 1773 546 (et
1804 490 1904 530 cte-
1929 481 1984 543 Α
2007 477 2282 544 stulando,
2331 477 2456 533 huic
2503 478 2619 535 sedi
2665 477 2940 535 videretur
2987 478 3234 536 intulisse
3275 479 3602 550 convicium,

303 568 407 615 tera
437 563 580 628 utin
611 563 829 635 epistola
860 564 912 631 1,
941 565 1112 638 capite
1135 566 1212 639 2).

370 653 423 710 6.
453 655 666 713 Omnes
692 672 825 714 sane
848 658 1227 727 admonemus,
1262 672 1319 719 ut
1339 664 1541 735 quique
1568 664 1763 719 finibus
1784 664 1898 720 suis

300 751 543 806 contenti
592 751 743 808 sint:
796 769 920 808 nam
966 753 1196 811 batbara
1225 768 1280 813 et
1319 759 1481 828 impia
1514 760 1617 813 ista
1648 756 1898 814 confusio

301 854 402 913 est,
435 845 617 901 aliena
650 863 1001 917 prtesutnere.
1039 850 1114 905 De
1137 868 1242 921 qua
1271 869 1330 907 re
1362 869 1429 908 ne
1459 854 1523 908 ad
1553 869 1677 919 nos,
1708 863 1755 908 et
1781 852 1898 907 reli-

298 956 456 1011 quum
486 942 674 1013 capitis
711 944 747 1000 3
776 959 897 998 mox
929 943 1082 999 dicta:
1109 946 1364 1017 epistola'.
1416 948 1546 1003 Data
1588 948 1690 1003 sub
1732 947 1822 1003 die
1860 963 1896 1002 χ

296 1030 557 1088 kalendas
581 1033 839 1091 Octobris
867 1035 1040 1109 (Anno
1069 1038 1199 1110 417,
1240 1040 1505 1109 Septemb.
1532 1040 1624 1114 22)
1656 1041 1897 1098 llonorio

297 1136 528 1197 augusto
555 1144 607 1184 SI
638 1136 694 1185 et
721 1138 747 1168 ι
770 1128 1094 1188 Constantio
1119 1150 1158 1189 tt
1189 1136 1530 1192 consulibus.

847 1222 1186 1282 EPISTOLA
1218 1226 1263 1283 V
1290 1226 1341 1285 ι).

298 1309 365 1366 Ut
392 1313 832 1384 metropolitanus
859 1315 1176 1374 Arelatensis
1214 1320 1268 1373 in
1306 1321 1570 1392 provincia
1618 1320 1895 1378 Viennensi

363 1415 411 1462 et
432 1407 488 1462 in
510 1416 730 1479 utraque
754 1409 1084 1467 Narbonensi
1102 1412 1514 1470 ordinandorum
1534 1417 1892 1488 episcoporum

362 1500 551 1556 habeat
580 1511 885 1574 potestatem

293 1590 525 1650 Zosmvs
569 1596 849 1668 episcopis
876 1600 1175 1670 provincia:
1220 1604 1549 1661 Viennensis
1596 1614 1651 1661 et
1680 1603 1892 1662 Narbo-

724 1695 909 1749 nensis
938 1699 1214 1766 secundas,
1248 1717 1276 1754 τι
1306 1699 1445 1771 pari.

364 1784 380 1814 ³
396 1783 565 1839 Multa
586 1793 776 1841 contra
797 1796 1042 1844 veterem
1063 1790 1290 1848 formam
1314 1793 1576 1850 Proculus
1595 1810 1890 1865 usurpasse

2003 571 2211 627 socium
2240 570 2343 628 sibi
2376 573 2395 603 ²
2428 572 2765 643 Simplicium
2813 571 3142 630 Viennensis
3179 573 3429 629 civitatis
3460 575 3604 630 asci-

2004 664 2099 730 vit,
2133 663 2224 734 qui
2251 680 2359 719 non
2391 664 2645 720 dissimili
2679 665 3014 737 impudentia
3044 667 3369 737 postularet,
3410 674 3468 722 ut
3494 665 3601 722 sibi

2002 772 2219 826 quoque
2259 751 2318 813 in'
2352 757 2742 815 Viennensium
2781 760 3058 829 provincia
3097 760 3459 815 creandorum
3510 773 3599 815 sa-

2001 851 2284 906 cerdotum
2325 852 2735 921 permitteretur
2766 852 3079 908 arbitrium.
3116 854 3381 909 lndecens
3409 869 3591 922 ausus,

2000 955 2054 998 ct
2085 945 2135 998 in
2164 944 2281 1015 ipso
2309 946 2586 1002 vestibulo
2617 946 2970 1016 resecaudus,
3005 950 3107 1003 hoc
3128 948 3198 1003 ab
3220 948 3497 1019 episcopis
3525 947 3598 1003 ob

1999 1045 2180 1092 certas
2207 1051 2400 1092 causas
2420 1038 2709 1093 concilium
2733 1040 3063 1109 agitantibus
3076 1047 3428 1109 extomuere,
3452 1037 3598 1110 quod

2000 1138 2187 1185 contra
2229 1137 2428 1185 statuta
2477 1140 2689 1201 patrum
2727 1142 2783 1187 et
2823 1133 2994 1187 sancti
3029 1131 3595 1202 Trophimireveren-

1998 1225 2150 1289 tiam,
2196 1224 2288 1295 qui
2321 1225 2526 1294 primus
2554 1226 3008 1297 tnetropolitanus
3030 1226 3368 1282 Arelatensis
3398 1225 3595 1281 civita-

2002 1317 2068 1371 tis
2096 1332 2164 1373 ex
2205 1318 2307 1373 hac
2336 1318 2465 1373 sede
2497 1318 2745 1375 directus
2770 1331 2875 1386 est,
2917 1319 3345 1389 concedere,vel
3380 1330 3595 1376 mutare

1999 1428 2067 1469 ne
2098 1412 2261 1484 hujus
2291 1414 2513 1485 quidem
2545 1414 2692 1470 sedis
2723 1415 2894 1484 possit
2924 1414 3246 1470 auctoritas.
3300 1413 3458 1484 Apud
3492 1428 3594 1467 nos

1996 1505 2141 1561 enim
2172 1506 2283 1577 (25,
2309 1514 2493 1578 quiest.
2514 1522 2555 1574 ι,
2587 1523 2632 1560 c.
2662 1507 2733 1573 7;
2766 1506 2863 1561 luo
2893 1526 2945 1580 p.
2974 1523 3051 1574 tv,
3082 1522 3128 1561 c.
3153 1506 3284 1577 226)
3312 1505 3595 1561 inconvnl-

1995 1599 2072 1654 sis
2122 1598 2399 1654 radicibus
2427 1600 2560 1654 vivit
2616 1599 2935 1669 antiquitas,
2983 1600 3071 1653 cui
3113 1598 3335 1655 decreta
3368 1600 3589 1658 Patrum

1995 1706 2225 1747 sanxere
2242 1694 2625 1748 reverentiam.
2660 1692 2726 1748 Et
2741 1693 2867 1764 quia
2885 1692 3068 1749 redire
3090 1693 3144 1747 in
3167 1692 3415 1751 ordinem
3432 1707 3593 1747 suum

1997 1785 2309 1841 intermissa
2365 1786 2738 1857 przecipimus,
2772 1795 2794 1823 ε
2844 1784 3045 1841 fratres
3088 1784 3418 1855 charissimi,
3471 1800 3591 1839 mc-

286 1878 537 1937 detectus
568 1891 652 1939 est
679 1882 733 1938 in
757 1884 1201 1944 ordinationibus
1232 1891 1620 1947 nonnullorum
1643 1892 1887 1950 indebite
1916 1893 1964 1953 B
1995 1881 2362 1951 ιΐοΡοιίιίιιιυε
2389 1880 2733 1936 “mammis
2753 1880 2989 1939 ClVllalis
3011 1879 3304 1951 episcopus
3324 1878 3439 1949 iam
3461 1877 3593 1933 inde

285 1973 638 2031 celebrandis
660 2019 676 2045 ,
718 1992 857 2047 quas
889 1981 1139 2049 proxime
1179 1998 1470 2039 numerosa
1522 1996 1544 2023 ο
1576 1987 1891 2057 cognitione

286 2065 653 2124 discussimus
681 2085 695 2122 :
718 2068 849 2126 licet
868 2070 983 2141 ipse
1004 2072 1097 2127 diu
1119 2085 1485 2146 exspectatus,
1504 2077 1788 2134 fasridiose
1813 2079 1889 2136 fe-

285 2174 416 2217 rens
441 2160 550 2216 sibi
593 2160 837 2219 inducias
867 2167 1188 2235 attributas,
1229 2171 1525 2226 couvenire
1554 2169 1882 2228 dissimulet.

283 2253 545 2312 Attamen
576 2254 667 2311 illa
701 2260 1054 2331 praesumptio
1086 2277 1185 2319 nos
1209 2263 1500 2320 admodum
1523 2247 1724 2333 movit,
1739 2267 1882 2337 quod

284 2348 340 2405 in
371 2349 586 2421 synodo
611 2351 961 2422 Taurinensi,
998 2372 1120 2412 cum
1162 2358 1320 2430 longe
1347 2359 1491 2415 aliud
1522 2369 1793 2431 ageretur,
1827 2362 1880 2417 in

281 2444 600 2513 aposmlicze
637 2445 785 2500 sedis
813 2447 1066 2517 injuriam
1094 2451 1508 2522 subripiendum
1542 2454 1781 2522 putavit,
1826 2461 1885 2508 ut

280 2534 386 2591 sibi
413 2536 633 2592 concilii
664 2538 811 2594 illius
833 2540 1173 2597 emendicata
1194 2552 1479 2614 praestaret
1513 2547 1761 2615 obreptio
1789 2561 1883 2601 or-

279 2626 645 2684 dinandorum
663 2630 1014 2687 sacerdotum
1039 2634 1208 2690 veluti
1234 2637 1653 2705 metropolitano
1670 2637 1727 2705 in
1746 2637 1883 2691 Nar-

281 2719 511 2777 bonensi
541 2725 779 2779 secunda
798 2727 1077 2795 provincia
1096 2728 1122 2764 ά
1147 2740 1474 2799 potestatem
1499 2729 1744 2803 (Taurin.
1764 2748 1887 2786 con-

278 2812 364 2867 cil.
396 2831 443 2870 c.
474 2815 500 2870 1
531 2825 581 2871 et
607 2814 690 2889 2).
741 2817 811 2873 Et
835 2833 901 2875 ne
928 2819 1099 2885 solus,
1135 2821 1485 2891 impudenter
1514 2822 1755 2879 indebita
1785 2840 1889 2893 po-

278 2972 346 3027 ιω
370 2986 409 3036 t,
441 2969 620 3039 capita
649 2970 685 3025 2
716 2981 772 3027 et
803 2972 858 3037 5,
888 2972 1113 3027 scilicet
1142 2991 1167 3026 a
1208 2976 1389 3032 verbis
1416 2975 1678 3031 Jussimus
1718 2989 1891 3033 autem

280 3042 567 3119 precipue,
613 3042 679 3119 a_d
707 3045 1105 3119 consularem
1132 3062 1304 3117 usque
1345 3060 1547 3103 notam.
1600 3050 1785 3119 Neque
1818 3052 1888 3105 ab

280 3115 412 3176 alio.
460 3115 563 3168 nisi
608 3116 677 3171 ab
705 3115 760 3185 ip
781 3128 955 3171 soniet
988 3115 1230 3179 ZOsimO,
1263 3120 1442 3175 addita
1471 3115 1885 3177 existimamus:

280 3188 417 3243 adeo
435 3194 491 3259 ut
508 3187 800 3259 encyclicae
817 3188 978 3258 hujus
1001 3192 1252 3259 epistolae
1266 3194 1558 3248 occasione
1580 3208 1769 3248 ausam
1798 3211 1885 3247 ar-

280 3257 529 3343 ripuerit,
556 3257 702 3342 unde
720 3257 1086 3343 privilegintit,
1111 3263 1256 3332 quod
1279 3275 1406 3319 ante
1426 3281 1647 3343 incuses
1669 3266 1880 3343 aliquot

280 3330 582 3386 Arelatensi
624 3330 853 3386 antistiti
884 3330 1255 3398 concesserat,
1288 3337 1548 3392 omnibus
1577 3330 1775 3392 notum
1798 3337 1877 3392 fa-

278 3414 423 3459 ceret
433 3442 446 3455 .

352 3484 379 3549 fl
406 3474 558 3549 Mss},
591 3474 895 3549 Constantio
926 3478 1055 3547 (non
1088 3478 1274 3534 addito
1304 3481 1363 3549 ιι)
1396 3497 1539 3536 cons.

349 3545 376 3584 ι)
403 3547 468 3602 Et
507 3546 648 3602 hanc
687 3545 975 3618 epistolam
1024 3551 1255 3607 laudatis
1290 3545 1419 3607 mss.
1450 3552 1597 3609 Arel.
1630 3560 1685 3607 et
1718 3551 1871 3609 Colb.

278 3617 561 3675 debemus.

352 3701 375 3728 ε
406 3691 685 3765 iloc__est,
738 3692 789 3746 in
831 3692 1101 3765 frequenti
1144 3703 1302 3751 cmtu-
1330 3704 1536 3753 etcum
1571 3697 1879 3752 numerosis

277 3762 681 3870 cognitoribus.

410 3834 673 3870 Drnnnlnc

408 3834 675 3890 Proculus
713 3835 935 3906 quidem
986 3838 1036 3892 in
1060 3838 1383 3895 Taurinensi
1412 3840 1644 3895 concilio
1668 3855 1791 3896 sese
1819 3851 1876 3894 ut

278 3905 693 3982 Narbonensi"
728 3905 1026 3982 provincia:
1073 3913 1550 3981 metropolitanum
1581 3911 1872 3982 jactitavit,

279 3993 456 4053 eoque
500 3978 721 4053 nomine
758 3979 866 4035 duo
894 3983 1088 4050 petiit:
1138 3992 1196 4035 ιιι
1238 3978 1493 4037 nimirum
1525 3978 1876 4053 ct'pritnatns

278 4048 509 4119 honore,
556 4060 607 4105 et
639 4048 932 4123 episcopos
970 4053 1021 4108 in
1046 4053 1132 4107 illa
1157 4056 1430 4123 provincia
1464 4048 1754 4109 ordinandi
1783 4070 1877 4123 po-

279 4131 474 4194 teVState
493 4123 777 4194 gauderet.
813 4122 1115 4193 Utrntnqtte
1138 4122 1328 4180 rursus
1353 4126 1454 4180 hoc
1479 4126 1679 4194 duplici
1715 4122 1875 4181 titulo

277 4193 378 4249 sibi
428 4193 732 4268 vindicavit
759 4211 773 4258 ;
803 4197 928 4265 quia
959 4196 1213 4251 videlicet
1250 4198 1410 4268 hujus
1456 4193 1751 4265 provincia:
1780 4205 1877 4250 aut

277 4266 550 4334 parochim
578 4282 693 4321 suae
735 4277 943 4333 essent,
978 4280 1071 4321 aut
1104 4266 1343 4337 episcopi
1372 4283 1401 4320 a
1432 4283 1491 4322 se
1520 4268 1752 4323 fuissent
1779 4282 1872 4321 or-

276 4337 470 4393 dinati.
513 4336 587 4393 At
633 4353 760 4394 can.
785 4354 823 4408 ι,
855 4339 912 4392 id
946 4341 1242 4410 judicatum
1280 4336 1350 4395 est
1392 4357 1424 4392 a
1456 4349 1636 4393 sancta
1675 4342 1874 4409 synodo

278 4410 716 4480 contemplatione
743 4410 890 4479 pacis
916 4423 1069 4481 atque
1104 4413 1418 4472 conrordia’,
1454 4422 1508 4464 ut
1538 4427 1639 4465 non
1671 4422 1772 4465 tam
1801 4412 1872 4462 ci-

276 4480 423 4555 pitati
452 4481 588 4555 ejus,
625 4498 742 4551 quia
780 4483 835 4536 in
862 4480 1027 4537 altera
1066 4484 1332 4555 provincia
1358 4490 1456 4536 sita
1483 4494 1596 4537 est.
1716 4498 1871 4555 quam

274 4551 374 4624 ipsi
399 4554 727 4626 potissimum
754 4551 1145 4626 deferretur,'ut
1172 4565 1431 4625 tamquam
1454 4562 1601 4623 pater
1631 4551 1755 4622 ﬁliis
1780 4554 1871 4605 lto-

275 4640 398 4679 nore
435 4626 680 4695 primatis
728 4626 1019 4681 adsisteret.
1071 4626 1192 4695 Quo
1220 4628 1272 4680 in
1308 4628 1429 4681 loco
1454 4627 1672 4681 concild
1710 4628 1871 4691 hujus

1994 1993 2023 2029 a
2054 1975 2354 2047 Tr0pbitno
2398 1976 2765 2032 ordinationis
2806 1977 3006 2032 seriem
3047 1976 3395 2047 temporibus
3428 1974 3593 2029 robo-

1993 2077 2166 2124 ratam
2200 2068 2504 2124 inviolabili
2539 2069 2592 2124 in
2622 2080 2853 2140 utraque
2873 2068 3214 2125 Narbonensi
3238 2079 3293 2124 et
3316 2067 3592 2123 Viennen-

1991 2164 2035 2217 si
2068 2162 2393 2219 auctoritate
2426 2162 2726 2233 possideat.
2762 2162 2897 2217 Data
2923 2178 2984 2218 ιιι
3016 2160 3280 2217 kalendas
3310 2158 3587 2226 Octobris,

1991 2255 2231 2311 llonorio
2263 2263 2500 2325 augusto
2533 2271 2586 2309 ιιι
2628 2264 2685 2309 et
2711 2253 3037 2310 Constantio
3062 2269 3099 2309 tt
3130 2252 3472 2309 consulibus.

2529 2346 2865 2404 EPISTOLA
2898 2346 2965 2401 Vl
3002 2344 3021 2383 ί
3033 2387 3045 2401 .

1988 2439 2262 2496 Hilarium
2287 2442 2544 2497 nulloniti
2559 2444 2685 2514 jure
2697 2442 2766 2496 ad
2789 2440 3109 2496 ordinandas
3136 2440 3384 2513 inprima
3406 2438 3426 2469 ³
3447 2435 3594 2492 Nar-

2091 2534 2302 2590 bonensi
2331 2536 2621 2608 episcopos,
2647 2551 2708 2589 ac
2738 2551 2801 2589 ne
2823 2535 2949 2606 quid
2975 2533 3097 2588 inde
3125 2532 3222 2587 sibi
3248 2541 3484 2601 usurpet.

1990 2633 2223 2690 Zosntes
2265 2633 2491 2689 "ILARIO
2529 2632 2792 2704 episcopo
2836 2631 3212 2688 Narbonensis
3241 2628 3428 2701 primae
3460 2642 3591 2700 pro-

2698 2727 2913 2782 vinciat.

2066 2823 2122 2877 1.
2163 2820 2342 2878 Mirati
2385 2821 2677 2879 admodum
2700 2835 2909 2886 sumus,
2943 2819 3072 2876 dum
3101 2818 3259 2875 nobis
3285 2816 3592 2874 studiosius

1991 2978 2240 3047 ecclesiis,
2284 2996 2415 3049 quas
2454 2979 2532 3033 vel
2574 2996 2696 3033 suas
2742 2979 3040 3049 parochias,
3086 2981 3164 3032 vel
3191 2975 3432 3051 (quibus)
3466 2995 3589 3034 suos

1989 3050 2266 3121 discipulos
2298 3051 2460 3121 fuisse
2486 3051 2754 3104 ordinatos
2788 3052 3095 3104 constiterit.

2062 3069 2113 3103 ςει
2157 3069 2266 3104 ιιιοδ
2298 3069 2460 3121 [uisse
2486 3069 2754 3104 οταιηαιος
2788 3069 3095 3104 εοηειιιενιι.

2062 3131 2084 3160 θ
2118 3069 2327 3191 Q’erba,
2352 3122 2538 3191 fratres
2555 3122 2871 3188 citatissimi,
2901 3138 2928 3173 a
2955 3121 3118 3177 Sirm.
3138 3131 3187 3175 et
3207 3121 3338 3176 Lab.
3356 3123 3580 3190 omissa,

1984 3207 2050 3248 ex
2091 3193 2292 3249 Baroo.
2336 3203 2392 3249 et
2430 3209 2562 3248 mss.
2610 3206 2961 3248 revocantur.
3008 3194 3105 3248 llic
3136 3193 3413 3248 Zosimnm
3446 3194 3587 3250 inter

1984 3275 2038 3319 et
2059 3264 2401 3320 Taurinensc
2424 3265 2714 3320 concilium
2738 3266 2983 3334 qumdatn
3009 3265 3435 3333 deprehenditur
3458 3282 3585 3319 sen-

1984 3339 2276 3391 tentiarum
2311 3352 2484 3407 pugna
2514 3355 2526 3390 :
2557 3335 2650 3389 sed
2684 3338 2735 3389 itt
2774 3341 2873 3389 hoc
2909 3346 3087 3389 tamen
3119 3351 3307 3391 eorum
3343 3347 3427 3391 est
3452 3352 3584 3391 con-

1982 3410 2188 3471 sensio,
2223 3408 2366 3479 quod
2402 3410 2573 3462 illmsa
2598 3418 2649 3462 et
2675 3408 3000 3462 inconcussa
3025 3417 3239 3477 patrum
3265 3418 3464 3463 statuta
3488 3424 3582 3477 pa-

1982 3482 2113 3534 riter
2159 3480 2345 3535 velint.
2393 3479 2737 3535 Taurinense
2782 3482 2980 3548 quippe
3031 3482 3346 3546 concilium,
3384 3480 3581 3536 Arela-

1981 3555 2118 3607 tensi
2168 3562 2223 3607 et
2270 3552 2567 3607 Viennensi
2616 3552 2951 3605 antistitibus
2984 3551 3052 3606 de
3080 3556 3317 3620 primatu
3350 3555 3491 3608 inter
3523 3568 3582 3607 se

1978 3624 2433 3680 contendentibus
2480 3637 2602 3678 can.
2637 3624 2671 3676 2
2718 3622 2822 3679 hoc
2867 3623 3129 3687 decrevit,
3180 3633 3233 3678 ut
3278 3626 3366 3696 qui
3419 3641 3482 3679 ex
3510 3627 3582 3680 eis

1980 3696 2338 3765 approbarerit
2360 3712 2507 3749 suam
2538 3696 2795 3748 civitatem
2822 3711 2929 3748 esse
2965 3697 3315 3765 metropolim,
3346 3698 3388 3751 is
3415 3696 3571 3751 totius

1980 3770 2261 3834 provincia:
2299 3766 2543 3821 honorem
2593 3767 2848 3839 primatus
2898 3766 3137 3839 habent,
3164 3777 3209 3821 et
3251 3773 3360 3839 ipse
3403 3784 3577 3824 wxrs

1979 3855 2228 3913 canentur
2277 3854 2608 3894 peccamen
2658 3839 3061 3913 ordinationum
3120 3838 3303 3894 habent
3350 3849 3577 3913 potesta-

1979 3920 2098 3965 tem.
2142 3911 2253 3966 Nec
2275 3913 2539 3966 minorem
2567 3910 2832 3974 maiorum
2852 3913 3068 3965 statutis
3095 3910 3454 3966 reverentiam
3478 3912 3580 3965 Ζςτ-

1977 3984 2149 4036 sitnns
2184 3983 2488 4051 profitetur.
2544 3981 2659 4037 Utri
2702 3999 2828 4037 vero
2853 4024 2866 4042 ,
2914 3982 3199 4037 Zosimone
3230 4001 3296 4036 an
3336 3986 3573 4037 concilio

1982 4052 2334 4118 Taurinensi,
2388 4055 2439 4105 in
2482 4051 2689 4118 judicio
2723 4053 2865 4121 quod
2894 4055 2962 4108 de
2993 4056 3091 4108 hac
3121 4070 3283 4108 causa
3310 4057 3569 4119 tulerunt,

1979 4125 2267 4195 abreptum
2299 4124 2411 4177 sit?
2456 4122 2521 4179 Ut
2561 4128 2821 4177 canonica
2862 4135 3008 4179 esset
3039 4124 3239 4179 Zosimi
3274 4126 3571 4187 sententia,

1978 4211 2098 4250 cum
2132 4198 2387 4264 episcopo
2419 4196 2721 4249 Arelatensi
2750 4210 2854 4247 non
2882 4196 3042 4248 modo
3067 4196 3441 4259 Massiliensis,
3477 4197 3572 4249 sed

1979 4277 2032 4320 et
2066 4266 2388 4321 Viennensis
2417 4267 2644 4320 vocandi
2674 4273 2849 4319 erant.
2882 4266 3017 4318 Cum
3050 4267 3353 4321 Arelatensi
3388 4278 3565 4320 tamen

1978 4339 2126 4392 solus
2158 4335 2509 4390 Massiliensis
2537 4348 2763 4389 Vocatus
2793 4350 2843 4389 et
2877 4349 3219 4403 exSpcctatus
3252 4339 3338 4391 hic
3365 4352 3570 4391 memo-

1981 4421 2150 4462 ratur.
2204 4410 2409 4462 Contra
2449 4407 2503 4461 iu
2543 4406 2865 4462 Tanrinensi
2911 4410 3143 4461 CtlllClllO
3194 4409 3569 4472 Massiliensis,

1982 4480 2311 4536 Viennensis
2333 4490 2495 4546 atque.
2516 4479 2854 4534 Arelatensis
2876 4482 3045 4532 auditi
3062 4491 3207 4533 sunt.
3232 4480 3568 4549 Quamquam

1978 4552 2226 4607 Zosimus
2249 4553 2301 4605 itt
2327 4551 2556 4619 epistola
2582 4554 2828 4619 sequenti
2855 4550 2991 4605 lllhll
3020 4569 3047 4603 a
3071 4567 3130 4605 se
3160 4551 3288 4605 novi
3316 4553 3573 4621 episcOpo

1977 4623 2305 4689 Arelatensi,
2356 4623 2489 4677 nihil
2520 4623 2660 4693 quod
2699 4639 2802 4676 non
2834 4623 3007 4691 prisca
3038 4623 3147 4691 jam
3180 4623 3573 4679 consuetudine

275 4691 457 4766 patres
499 4713 624 4751 eum
657 4700 951 4767 provinciae
977 4691 1231 4752 secunda:
1264 4699 1633 4752 Narbonensis
1665 4707 1868 4751 tnetro-
1902 4691 1947 4749 D
1976 4697 2241 4759 obtineat,
2270 4695 2497 4751 concedi
2533 4691 2639 4748 non
2671 4697 2839 4751 semel
2875 4695 3128 4750 affirmat.

274 4769 575 4837 politanunt
608 4779 798 4839 aperte
831 4769 1165 4834 inliciantur,
1194 4785 1258 4824 ac
1289 4779 1479 4839 negata
1508 4769 1556 4822 ei
1578 4770 1863 4839 episcopos

274 4840 562 4911 ordinandi
592 4849 887 4909 potestate,
914 4841 1039 4910 ipsi,
1070 4858 1178 4897 non
1202 4843 1372 4911 ipsius
1398 4839 1628 4907 civitati,
1662 4843 1869 4910 prima.

276 4920 358 4967 tus
388 4910 653 4969 honorem
686 4911 905 4969 deferre
941 4915 1074 4968 satis
1105 4910 1334 4980 habent,
1377 4921 1432 4967 et
1466 4914 1517 4966 in
1551 4911 1616 4967 iis
1647 4912 1868 4983 quidem

344 5053 359 5083 ¹
384 5050 674 5108 Rescindit
696 5050 1074 5123 privilegium,
1100 5050 1245 5121 quod
1267 5050 1535 5106 Proculus
1557 5048 1861 5105 Massilien-

273 5123 348 5178 sis
374 5124 669 5193 episcopus
699 5139 1028 5194 perperama
1053 5124 1262 5192 synodo
1284 5124 1603 5177 'I‘aurineusi
1636 5137 1857 5190 expres-

275 5203 441 5261 serat,
469 5205 528 5250 ut
556 5193 848 5264 episeOpos
880 5197 931 5249 in
954 5193 1295 5249 Narbonensi
1320 5210 1381 5259 ll,
1413 5195 1562 5249 velut
1593 5203 1865 5261 metropo-

276 5266 476 5321 litantis
524 5266 824 5322 ordinaret.
876 5266 1435 5335 Simplicium‘etiam
1490 5266 1862 5321 Viennensem

276 5339 616 5408 perstringit,
634 5338 776 5409 quod
810 5336 1136 5393 Viennensis
1162 5338 1456 5406 provincia:
1485 5337 1861 5392 ordinationes

276 5409 481 5464 ambiat
515 5427 529 5463 :
559 5411 876 5480 statuitque.
912 5419 970 5465 ut
1014 5412 1467 5478 metropolitanns
1504 5410 1857 5472 Arelatensis,

276 5482 532 5550 priscam,
562 5493 618 5537 ut
644 5487 738 5543 ait.
777 5482 889 5551 jam
924 5481 1050 5536 inde
1080 5494 1111 5533 a
1138 5483 1197 5535 S.
1228 5481 1525 5549 Trophimo
1558 5481 1610 5533 in
1641 5489 1867 5551 utraque

277 5549 616 5608 Narbonensi
660 5562 718 5609 et
774 5549 1069 5609 Viennensi
1129 5552 1556 5607 ordinandorum
1588 5549 1869 5619 episcopo-

279 5640 400 5679 rum
424 5626 801 5681 auctoritatem
837 5625 1132 5693 possideat.

350 5698 372 5728 ³
406 5696 665 5750 Paulinus
697 5692 1146 5767 presbyterapud
1176 5694 1504 5765 Gregorium
1539 5693 1742 5767 Turno.
1769 5692 1864 5746 lib.

280 5785 318 5824 ιι
340 5768 478 5823 Hist.
503 5783 556 5823 c.
597 5767 660 5822 l2
685 5763 714 5819 .’
733 5768 794 5839 S_i
822 5763 959 5821 enim
988 5764 1080 5839 hos
1124 5763 1309 5839 videras
1324 5767 1507 5839 dignos
1537 5763 1866 5839 pernitiosa-

283 5840 555 5909 cerdotes,
602 5840 678 5893 vel
736 5835 1094 5909 Exsuperium
1141 5835 1868 5909 Tolosa-ari;Simplicium

253 5972 256 5974 γ
293 5902 552 5978 νὲὶνιιιιιε,’
580 5910 656 5966 rel
686 5902 976 5965 Atuanditm
1006 5904 1335 5981 Burtlegaltv‘,
1356 5902 1452 5963 rel
1491 5905 1865 5976 Diogeninnum

2051 4768 2067 4806 ί
2104 4768 2251 4823 Hauc
2282 4767 2570 4837 epistolam
2596 4784 2659 4822 ex
2694 4767 2885 4822 iisdem
2910 4767 3338 4837 exemplaribus,
3369 4782 3435 4822 ex
3456 4771 3574 4836 qui-

1972 4841 2071 4923 bus
2090 4839 2453 4909 superiOrem,
2480 4841 2762 4894 habemus.
2786 4840 3056 4895 Praeterea
3072 4842 3125 4895 in
3144 4850 3457 4910 pervetusto
3470 4841 3576 4897 Re-

1974 4921 2064 4982 gio
2095 4921 2432 4967 asservatur.

1972 5048 2190 5117 Albigte,
2238 5049 2315 5100 vel
2365 5047 2677 5119 Dynamium
2693 5046 3059 5119 _Engolismw,
3107 5053 3184 5104 rel
3228 5051 3573 5105 venerandum

1972 5119 2347 5193 4rvrrnis,grel
2372 5117 2949 5193 Alethium,Catlurcis,
2991 5120 3071 5173 rel
3118 5139 3255 5175 nunc
3297 5120 3573 5193 Pegasium

1975 5189 2306 5257 Petrocoriis,
2357 5201 2630 5255 utcumque
2673 5207 2726 5244 :e
2763 5190 2951 5245 habent
3001 5194 3176 5247 saeruli
3219 5189 3386 5258 mala,
3430 5193 3570 5245 ride-

1968 5262 2045 5316 bis
2074 5263 2304 5330 proferto
2330 5263 2660 5333 dignissimos
2709 5263 2865 5317 totius
2912 5264 3033 5331 ﬁdei
3073 5263 3441 5334 religionisque
3476 5281 3567 5316 ru-

1968 5337 2161 5388 stades.

2040 5405 2063 5437 ³
2093 5403 2417 5474 Exceptioni
2445 5420 2608 5472 quam
2664 5405 2899 5463 Hilarius
2944 5408 3245 5476 oltjeeerat,
3280 5408 3331 5460 itt
3387 5407 3563 5461 aliena

1975 5477 2249 5546 provincia
2281 5476 2350 5529 ab
2379 5479 2488 5531 alio
2518 5492 2623 5531 non
2670 5477 2876 5533 debere
2907 5480 3019 5533 lieri
3052 5479 3362 5547 episcopos,
3394 5492 3567 5547 oppo-

1977 5552 2056 5604 nit
2079 5550 2359 5620 autiquam
2390 5549 2839 5605 causuetudiuem
2867 5552 3247 5620 episcoporum
3273 5549 3563 5604 Arelaten-

1970 5625 2136 5682 sintn,
2172 5619 2271 5689 qui
2320 5635 2426 5674 non
2478 5620 2655 5676 Solum
2706 5623 2754 5674 in
2795 5619 3084 5676 Vtetmensi
3130 5620 3431 5688 provincia,
3463 5622 3557 5674 sed

1970 5707 2075 5763 per
2095 5694 2227 5745 duas
2278 5692 2437 5744 etiam
2492 5692 2871 5748 Narbonenses
2907 5734 2921 5756 ,
2966 5691 3255 5759 episcoitos
3297 5690 3557 5763 ordinare

1970 5760 2202 5819 Soleatttt.
2229 5763 2492 5829 Quocirca
2522 5765 2749 5829 inhibet,
2780 5779 2847 5820 ne
2874 5778 2935 5817 ea
2966 5770 3232 5831 potestate
3262 5765 3312 5815 in
3344 5760 3556 5816 Narbo-

1973 5833 2403 5899 nensilutatur,
2448 5849 2607 5903 quam
2664 5834 2981 5905 subreptitie
3011 5833 3199 5905 arsede
3258 5833 3553 5902 apostolica

1972 5909 2299 5961 obtinuerat.
2334 5906 2389 5960 Si
2423 5921 2579 5963 secus
2635 5906 2788 5972 faxit,
2822 5920 2928 5961 non
2981 5904 3158 5960 Solum
3207 5906 3555 5977 episcopatus
