4122 6346
503 363 534 417 ϐ
546 364 608 418 b7

1871 355 1927 411 S.
1970 346 2205 412 ZOSIMI
2243 350 2447 409 ΡΑΡΑΞ.

3691 346 3791 407 663

508 482 915 553 requirentibus
954 480 1149 535 relatio
1178 488 1264 533 tua
1286 478 1354 532 de
1385 474 1701 531 ordinandis
1729 476 1783 528 in
1818 472 2093 542 provincia
2124 476 2173 534 Α
2204 472 2408 525 ultione
2437 470 2660 526 deferri.
2694 471 2753 528 Si
2782 470 2907 542 quid
2948 478 3140 526 contra
3170 470 3306 533 haec.
3357 468 3524 524 frater
3546 468 3797 525 charissi-

509 576 851 633 Narhonensi
883 576 1056 645 prima
1082 570 1457 627 sacerdOIibus
1478 570 1774 639 legeretur,
1811 566 1951 635 quod
1974 566 2098 620 dum

508 670 799 725 assertioni
850 675 905 721 et
947 666 1237 721 desideriis
1282 664 1385 716 tuis
1430 662 1583 731 cupis
1616 675 1740 715 esse
1767 661 2095 725 consultum,

510 765 875 836 prmtermissa
927 760 1041 813 veri
1092 758 1215 823 title,
1270 756 1590 810 relationem
1626 763 1769 808 tuam
1802 753 1901 808 sub
1934 753 2104 807 hone-

511 856 667 911 Statis
700 855 885 922 Specie
931 852 1209 915 colorasti,
1247 864 1502 903 asserens
1534 848 1584 902 in
1617 848 1793 902 aliena
1827 846 2103 918 provincia

510 949 578 1004 ab
607 949 715 1002 alio
743 962 845 1001 non
879 946 1081 1000 debere
1105 943 1218 998 ﬁeri
1248 942 1571 997 sacerdotes
1599 961 1609 995 :
1642 956 1767 996 cum
1800 942 1984 1011 utique
2012 940 2105 995 de-

511 1043 719 1107 bueris,
747 1057 854 1095 non
885 1041 1013 1110 qttitl
1042 1040 1135 1091 tibi
1163 1047 1371 1091 rectum
1397 1036 1697 1101 videretur,
1731 1034 1823 1088 sed
1852 1034 1978 1104 quid
2012 1036 2104 1089 ha-

514 1136 689 1190 hucrit
740 1139 958 1203 antiqua
989 1131 1353 1195 consuetudo,
1397 1146 1714 1201 suggerere.
1750 1130 1984 1199 ideoque
2015 1145 2108 1183 va—

513 1239 673 1283 cuato
715 1245 780 1281 eo
811 1228 955 1298 quod
986 1227 1292 1282 obtinuisse
1323 1241 1351 1279 a
1385 1225 1518 1279 sede
1548 1224 1847 1294 apostolica
1881 1225 2108 1295 subrep-

512 1321 630 1376 titie
677 1319 1077 1389 comprobaris,
1124 1319 1245 1387 quia
1294 1318 1426 1371 satis
1474 1316 1719 1370 constitit
1768 1318 2109 1374 Arelatensis

515 1416 756 1471 ecclesia:
790 1413 1059 1468 sacerdoti
1094 1413 1267 1480 prisca
1300 1412 1354 1465 id
1384 1411 1729 1465 institutione
1760 1424 2105 1478 concessum,

515 1519 573 1563 ut
604 1526 709 1563 non
744 1510 919 1562 solum
957 1508 1005 1560 in
1040 1506 1311 1577 provincia
1346 1505 1664 1569 Viennensi,
1700 1506 1791 1559 sed
1823 1506 1985 1559 etiam
2012 1520 2109 1575 per

514 1603 648 1657 duas
698 1601 1103 1665 Narbonenses,
1158 1600 1447 1668 episcopos
1493 1600 1673 1653 faciat.
1726 1600 1856 1653 Nam
1908 1611 2109 1653 sanctae

518 1694 799 1748 memoriae
831 1693 1161 1761 Trephimns
1194 1691 1474 1756 sacerdos,
1518 1692 1789 1760 quudam
1822 1692 1885 1745 :ttl
1919 1692 2107 1746 Arcla-

516 1795 730 1843 tenscm
784 1787 975 1841 urbem
1016 1787 1083 1840 ab
1130 1786 1425 1854 apostolica
1461 1786 1588 1839 sede
1619 1786 1988 1851 transmissus,
2042 1786 2107 1841 ad

2206 580 2313 629 me,
2349 580 2466 633 qtttc
2493 580 2521 618 a
2559 566 2716 620 nobis
2744 574 2873 619 sunt
2894 564 2995 620 sub
3026 564 3123 619 Dei
3145 564 3352 635 judicio
3382 573 3605 628 statuta,
3634 571 3801 618 lenta-

2204 660 2381 714 veris:
2408 676 2512 713 non
2547 660 2722 713 solum
2759 674 2901 729 quos
2934 659 3209 714 faciendos
3241 657 3561 721 credideris,
3600 656 3804 726 episco—

2202 761 2390 821 patum
2439 753 2694 808 obtinere
2745 750 2769 788 d
2830 768 2934 806 non
3002 753 3250 821 possint,
3311 750 3405 805 sed
3460 749 3629 805 etiam
3696 750 3806 819 ipse

2205 845 2471 900 catholica
2521 845 2913 902 communione
2966 845 3255 909 discretus,
3306 858 3432 899 sero
3484 844 3553 897 de
3608 841 3809 897 illicitis

2208 940 2721 1010 pra-sumptionibus
2787 940 3135 1010 ingemiscas.
3194 940 3328 992 Data
3378 948 3403 973 ο
3453 952 3508 991 vr
3551 934 3809 989 kalendas

2206 1032 2459 1087 Octobris
2492 1032 2825 1102 (AnnoM'l,
2865 1033 3097 1101 Septem.
3154 1028 3265 1102 26)
3298 1029 3537 1084 Ηοιιοι-ἱο
3582 1036 3815 1098 augusto

2208 1143 2262 1181 ιιι
2295 1137 2347 1183 et
2368 1126 2687 1183 Constantio
2712 1141 2747 1181 ιι
2780 1127 3113 1181 consulibus.

2748 1216 3083 1275 EPISTOLA
3116 1215 3134 1255 τ
3162 1216 3279 1272 VH.

2214 1316 2607 1387 Metropolitani
2627 1314 2853 1387 dignitas
2884 1330 2916 1366 a
2948 1315 2962 1343 ¹
2994 1310 3231 1366 Proculo
3261 1317 3532 1379 usurpata,
3574 1305 3817 1361 Patroclo

2283 1413 2545 1465 tisseritur.
2576 1410 2754 1480 Ipsi-us
2777 1416 2847 1461 est
2876 1408 3034 1461 cuivis
3067 1408 3129 1461 de
3168 1405 3356 1461 Gallice
3394 1405 3529 1458 clero
3573 1404 3817 1474 famulas

2283 1505 2426 1557 dare.
2453 1502 2818 1557 Ordinationcs
2846 1503 3133 1573 prwcipites
3158 1518 3217 1553 ac
3246 1517 3335 1569 per
3354 1499 3547 1553 saltum
3565 1505 3814 1553 vetantur.

2433 1595 2661 1651 Zosmus
2688 1596 2975 1651 Parnocco
2992 1595 3250 1663 episcopo
3279 1594 3602 1647 Arelatensi.

2288 1692 2337 1744 l.
2390 1688 2527 1757 Quid
2563 1690 2628 1743 de
2658 1688 2878 1742 Proculi
2910 1687 3260 1742 damnatione
3298 1687 3628 1749 censuerim,
3676 1690 3821 1738 tenet

2218 1784 2551 1839 conscientia
2579 1792 2692 1850 tua,
2725 1797 2847 1837 cum
2880 1798 3003 1836 meo
3056 1782 3354 1836 interesses
3400 1779 3635 1834 examini
3670 1797 3682 1831 :
3728 1793 3821 1832 nec

517 1882 639 1936 illas
684 1881 936 1950 regiones
978 1890 1032 1933 et
1076 1880 1207 1933 tanti
1245 1879 1481 1931 nominis
1512 1880 1874 1934 reverentiam
1907 1881 2111 1949 primus
2143 1871 2189 1930 B
2220 1887 2268 1933 te
2296 1886 2582 1949 gestorum
2627 1888 2935 1931 nostrorum
2966 1877 3268 1930 auctoritas
3316 1876 3447 1928 latet
3477 1874 3559 1927 vel
3596 1871 3824 1940 scripto-

517 1974 785 2037 exbibuit,
821 1984 871 2027 et
908 1974 959 2026 in
990 1984 1011 2009 ει
1046 1973 1184 2025 alias
1224 1986 1327 2025 non
1363 1972 1637 2026 immerito
1668 1988 1731 2026 ea
1760 1989 1921 2042 quam
1954 1988 2111 2028 acce-

520 2078 676 2139 perat
708 2067 1031 2121 auctoritate
1066 2065 1393 2130 tran~fttdit;
1443 2067 1617 2135 adque
1652 2066 1788 2119 hanc
1820 2066 2113 2121 ordinandi

518 2160 1012 2217 consuetudinem,
1067 2170 1119 2211 et.
1171 2160 1548 2227 pontilicatum
1600 2159 1705 2213 loci
1756 2159 1903 2212 illius
1954 2175 2112 2229 quem

517 2254 827 2309 obtinuerat
876 2252 1081 2321 primus
1120 2252 1403 2319 ctjnstus,
1459 2252 1792 2305 custoditum
1843 2267 2013 2321 usque
2062 2254 2113 2305 in

523 2346 833 2415 proximum
879 2353 1116 2412 tempus,
1159 2343 1329 2413 gesds
1355 2344 1496 2412 apud
1531 2359 1627 2398 nos
1658 2344 1880 2410 habitis,
1912 2347 2115 2399 multo-

522 2454 641 2491 rum
675 2438 1131 2492 Consacerdotum
1164 2439 1491 2493 testimoniis
1514 2438 1540 2477 ι)
1571 2438 1925 2508 approbatur.

586 2531 640 2583 ‘2.
689 2531 829 2601 Ergo
858 2532 984 2586 licet
1013 2532 1152 2597 sola,
1187 2547 1307 2603 qtae
1338 2534 1391 2586 in
1439 2534 1568 2588 sede
1599 2534 1895 2603 apostolica
1932 2535 2115 2589 habita

519 2632 669 2688 sunt,
708 2625 1011 2691 potuissent
1057 2638 1205 2694 gesta
1238 2626 1518 2691 sullicere;
1575 2636 1753 2681 tamen
1800 2629 1969 2682 etiam
2018 2629 2123 2684 hac

518 2726 570 2771 te
615 2720 937 2772 aucmritate
976 2720 1421 2789 constringimus,
1462 2729 1518 2775 ut
1548 2722 1954 2790 praesumptioni
1990 2734 2114 2789 llltt',

519 2828 681 2879 quam
712 2814 973 2867 extulisse
1000 2822 1189 2867 contra
1214 2823 1445 2868 veterem
1495 2815 1945 2869 consuetudinem
1974 2816 2121 2871 vide-

522 2906 587 2959 ba
600 2907 697 2971 ris,
714 2908 930 2961 modum
951 2908 1331 2978 noverisjUstte
1355 2920 1375 2946 υ
1403 2910 2117 2979 praescriptionisindictum,

522 3015 698 3069 neque
728 3002 964 3056 testiines
996 3002 1088 3054 tibi
1114 3001 1348 3056 ulterius
1374 3001 1741 3070 pontiﬁcatum
1770 3003 1836 3058 de
1864 3003 2125 3059 ordinan-

523 3094 606 3147 dis
635 3096 1003 3151 sacerdotibus
1035 3096 1411 3150 vindicandum
1440 3116 1452 3150 :
1482 3115 1601 3153 cum
1634 3098 1736 3152 hoc
1761 3098 1945 3155 videas
1990 3100 2123 3155 Are-

519 3187 744 3243 latensis
774 3192 1025 3261 episcOpo
1056 3193 1284 3247 civitatis
1309 3206 1360 3247 et
1394 3209 1487 3265 per
1514 3194 1864 3263 apostolicam
1912 3192 2118 3261 sedem,

2216 1988 2333 2025 rum
2370 1986 2493 2041 qua!
2535 1969 2600 2024 de
2625 1969 2798 2038 ipsius
2826 1968 3176 2023 damnatione
3198 1982 3294 2037 per
3323 1976 3588 2020 terrarum
3613 1965 3827 2018 diversa

2220 2076 2242 2109 ιξ
2266 2066 2586 2120 direximus.
2622 2063 2775 2118 Unde
2808 2063 3217 2132 metmpolitani
3243 2062 3295 2116 in
3324 2068 3377 2136 te
3400 2061 3717 2131 dignitatem
3749 2065 3829 2112 at-

2217 2174 2321 2227 que
2371 2172 2659 2227 personam
2710 2160 2874 2212 etiam
2928 2156 3243 2226 aptistolicre
3296 2155 3445 2210 sedis
3504 2154 3828 2208 auctoritate

2218 2252 2507 2307 considera
2528 2272 2538 2306 :
2558 2253 2613 2303 in
2634 2267 2793 2319 quem
2825 2251 3021 2305 furtive
3045 2251 3221 2304 locum
3242 2246 3265 2284 ιι
3281 2264 3376 2318 per
3400 2247 3643 2302 indebita
3661 2262 3689 2299 τι
3705 2263 3826 2316 syn-

2217 2346 2321 2401 odo
2353 2347 2617 2400 Proculus
2649 2356 2966 2413 usurpatum
2998 2345 3316 2413 irrepserat.
3360 2342 3700 2410 Quicumque
3731 2340 3828 2409 igi-

2221 2452 2309 2495 tur
2330 2458 2396 2496 ex
2421 2440 2721 2496 Gallicanis
2762 2441 2904 2494 unde
2932 2440 3077 2494 unde
3110 2439 3427 2509 regionibus
3460 2438 3687 2493 veniunt
3731 2436 3831 2489 sub

2220 2534 2409 2603 quovis
2437 2534 2810 2587 ecclesiastico
2842 2534 3060 2586 nomine
3086 2532 3167 2586 vel
3210 2530 3404 2602 gradu,
3440 2530 3697 2584 formatas
3731 2546 3826 2598 per

2221 2637 2275 2681 te
2302 2627 2615 2681 commoniti
2675 2626 2689 2662 ἰ
2726 2628 2792 2679 ad
2824 2641 2921 2680 nos
2964 2625 3259 2680 mittendas
3291 2640 3412 2679 esse
3457 2631 3823 2694 cognoscant:

2221 2720 2461 2789 alioquin
2496 2719 2603 2773 sibi
2625 2720 2988 2789 iuqnttabunt,
3018 2720 3062 2773 si
3098 2718 3472 2784 inefﬁcaciter,
3500 2720 3599 2773 hac
3627 2717 3825 2771 solem-

2224 2816 2391 2869 nitate
2420 2816 2739 2885 pos‘posita,
2772 2825 2826 2870 te
2859 2815 3164 2869 inconsulto
3191 2814 3261 2867 ad
3293 2829 3390 2867 nos
3419 2814 3605 2868 venire
3650 2821 3824 2866 tenta-

2222 2912 2439 2966 vcrint:
2492 2910 2636 2980 quod
2668 2910 2736 2963 ab
2768 2910 3037 2979 episcottis
3086 2924 3255 2975 "Slllle
3286 2908 3351 2961 ad
3390 2906 3636 2961 ultimum
3673 2908 3686 2955 l
3741 2920 3826 2959 ec-

2224 3008 2656 3061 clesiasticarum
2704 3004 2935 3076 gradum
2966 3003 3244 3058 observari
3298 3001 3606 3068 conveniet,
3662 2999 3827 3054 frater

2225 3100 2564 3155 charissime.

2296 3193 2349 3248 2.
2396 3194 2461 3247 Ει
2493 3194 2617 3262 quia
2648 3189 2901 3245 nonnulli
2929 3206 2994 3244 ex
3042 3200 3380 3259 quacumque
3418 3184 3606 3240 militia
3658 3197 3715 3238 se
3761 3180 3825 3236 ad

522 3293 575 3336 et
606 3299 700 3353 per
726 3287 895 3339 sancti
930 3286 1209 3355 'l‘rophitni
1234 3288 1623 3355 reverentiam,
1662 3296 1717 3342 et
1754 3303 1847 3355 per
1878 3296 2118 3342 veterem
2147 3270 2197 3330 Ο
2229 3288 2530 3341 Ecclesiam
2575 3284 2919 3339 coofercnles
2968 3282 3073 3355 (γ.
3115 3282 3270 3353 epist.
3323 3279 3377 3345 9,
3424 3296 3477 3332 η.
3518 3278 3610 3348 Ι),
3647 3274 3825 3330 statim

524 3378 995 3445 consuetudinem,
1022 3389 1073 3434 cl
1108 3389 1292 3433 nostra
1318 3382 1521 3435 recenti
1554 3380 1955 3435 evidentissima
1986 3381 2123 3435 deﬁ-

599 3546 621 3569 ει
654 3535 815 3588 Sirm.
847 3546 898 3588 et
923 3536 1049 3589 Lab.
1084 3552 1203 3589 cum
1232 3553 1328 3591 ms.
1355 3538 1511 3606 Reg.,
1544 3540 1597 3591 in
1618 3537 1773 3593 alios.
1810 3539 1975 3607 Magis
2000 3540 2114 3607 pla-

530 3620 611 3659 cet
647 3623 765 3659 cttm
802 3608 995 3659 Baron.
1026 3618 1079 3661 et
1116 3626 1215 3660 ms.
1250 3609 1421 3668 Arei,
1446 3612 1497 3663 in
1531 3611 1682 3673 alios,
1718 3613 1909 3679 supple
1940 3614 2118 3677 regio-

531 3694 663 3731 nes:
706 3681 827 3743 quia
877 3683 1126 3732 nimirum
1164 3694 1445 3749 postquam
1478 3682 1803 3740 Trophitntrs
1840 3684 2121 3734 Arelatttm

533 3750 775 3803 directus
826 3764 927 3814 est,
969 3770 1029 3805 eat
1068 3757 1175 3822 ejus
1216 3766 1356 3817 [ante
1399 3766 1517 3806 tota:
1558 3753 1745 3806 Galliae
1778 3753 1903 3822 ﬁdei
1930 3755 2125 3806 rivulos

535 3834 859 3890 acceperant,
896 3834 950 3876 ut
976 3825 1025 3876 in
1052 3825 1275 3893 epistola
1307 3842 1343 3889 ι,
1376 3840 1425 3879 c.
1457 3830 1506 3891 5,
1540 3827 1654 3893 ipse
1676 3824 1927 3879 ZOsimus
1948 3825 2124 3893 loqui-

535 3904 660 3956 tur;
692 3902 743 3945 et.
765 3894 1055 3964 episcopos
1078 3898 1400 3961 ordinando,
1434 3897 1486 3951 in
1512 3899 1646 3950 alias
1675 3898 1837 3950 etiam
1869 3898 2124 3965 regiones

532 3964 768 4019 nominis
802 3968 960 4033 hujus
992 3968 1252 4022 honorem
1300 3970 1613 4022 transl'udit.

607 4035 632 4073 ι)
678 4039 733 4090 In
770 4040 937 4108 Regio
969 4057 1096 4107 ins.,
1129 4041 1488 4107 approbatum.
1516 4041 1647 4106 Quae
1672 4040 1829 4092 lectio
1854 4041 1897 4093 si
1929 4040 2124 4107 placet.

535 4110 785 4163 mutanda
841 4112 1090 4179 superior
1142 4114 1525 4181 interpunctio,
1570 4128 1633 4166 ac
1680 4111 2023 4165 retinendum
2074 4113 2124 4164 in

531 4182 681 4241 alios,
718 4183 923 4237 srilicet
950 4199 1317 4239 διιιοιρδδοιτυδ.

608 4264 628 4328 ί]
668 4254 805 4328 lieg.
838 4271 964 4328 ms.,
996 4258 1398 4328 permriptionia.

600 4320 626 4360 ἀ
668 4320 960 4381 Ιιιόυάειι
996 4320 1299 4395 ltcg.;'alii
1356 4342 1507 4387 vero,
1561 4342 1660 4378 non
1709 4342 1874 4393 posse.
1926 4325 2131 4381 Nicmni

532 4399 747 4452 Concilii
778 4416 987 4452 canone
1022 4400 1052 4452 6
1082 4400 1327 4453 δτιΙι(’ίΙιΙι“
1355 4418 1366 4449 :
1397 4399 1455 4451 Si
1479 4399 1592 4464 quis
1616 4409 1798 4466 printer
1816 4400 2128 4452 voluntatem

528 4481 576 4541 et
609 4471 974 4523 conscientiam
1008 4472 1390 4541 metropolitani
1414 4471 1638 4539 cpismpi
1663 4471 1817 4538 fuerit
1840 4471 2125 4538 ordinatus,

528 4540 662 4592 [tunc
693 4543 965 4594 concilium
999 4540 1237 4612 "mgnum
1272 4552 1313 4593 ct
1344 4552 1575 4595 sanctum
1608 4543 1801 4596 censuit
1830 4560 1933 4595 non
1953 4542 2134 4597 debere

532 4628 640 4664 esse
662 4614 830 4683 cpiam
838 4630 900 4681 pa
910 4630 979 4665 nt.

610 4692 631 4718 ο
673 4686 836 4736 Sirm.
858 4696 909 4737 et
937 4685 1095 4749 Lai»,
1125 4684 1216 4737 sub
1243 4686 1326 4736 die
1345 4702 1399 4739 ιιι
1421 4703 1433 4751 ;
1455 4687 1658 4740 Baron.
1690 4688 1782 4740 sub
1805 4688 1888 4741 die
1914 4703 1943 4741 ν
1963 4686 2132 4741 corri-

533 4765 733 4825 guntur
761 4773 823 4807 ex
862 4771 991 4809 mss.
1028 4756 1157 4825 Reg.
1188 4765 1242 4809 et
1270 4754 1417 4811 Arei.

612 4824 628 4861 τ
676 4827 750 4901 Ex
794 4827 967 4880 tribus
994 4844 1122 4881 mss.
1150 4829 1201 4880 in
1232 4829 1497 4898 superiori
1548 4831 1776 4901 cpistola
1822 4831 2136 4886 memoratis

532 4896 799 4963 ili-scripta
823 4908 925 4952 est.

612 4980 637 5015 ε
680 4970 875 5044 Baron.
927 4979 979 5023 cl
1009 4970 1175 5025 Sirm.
1234 4971 1321 5028 hic
1352 4974 1557 5029 addunt
1598 4976 1749 5029 lora:
1799 4993 1916 5044 qum
1962 4991 2063 5030 vox
2111 4991 2139 5030 a

539 5055 668 5120 m<s.
707 5043 881 5120 abest,
913 5045 1149 5120 satisque
1184 5045 1508 5116 intelligitur
1536 5050 1697 5101 etiam
1747 5052 1927 5102 tacita.
1962 5049 2135 5116 Supe-

538 5115 650 5165 rior
681 5115 905 5182 cpistola
939 5130 973 5166 v
1007 5116 1224 5171 nomine
1255 5115 1580 5189 scriptorum
1638 5135 1732 5189 per
1762 5131 2025 5175 terrarum
2046 5115 2136 5173 di-

539 5256 954 5329 honorcmiton
1013 5255 1290 5311 habituros
1337 5275 1472 5328 quos
1514 5260 1803 5323 ordinarit,
1830 5259 1922 5314 sed
1955 5260 2133 5329 ipsum

538 5332 699 5382 etiam
729 5326 989 5380 catholica
1020 5326 1398 5385 communione
1429 5334 1751 5387 cariturum.
1788 5326 1989 5385 Contra
2023 5330 2129 5382 hoe

542 5399 744 5473 losinti
778 5400 1142 5473 interdictum.
1189 5404 1311 5457 iacit
1345 5406 1571 5473 epistola
1605 5405 1843 5459 secunda
1873 5402 2133 5457 Bonil'acii

546 5471 609 5524 :ttl
654 5469 910 5523 Hilarium
944 5474 1211 5525 eumdem.

616 5543 978 5596 iDamnatum
1031 5555 1554 5613 ertattctoratumque
1604 5549 1791 5601 liomre
1846 5564 1871 5599 a
1919 5544 2138 5599 Zosiuro

548 5613 836 5690 Procul‘i'"
888 5617 1070 5677 “lisse.
1130 5619 1335 5671 litteras
1388 5621 1549 5671 t-tiatn
1588 5620 1895 5690 encyclicas
1926 5620 1992 5690 de
2022 5616 2139 5690 eius

548 5687 892 5743 damnatione
920 5690 1175 5758 scriptas,
1225 5690 1252 5740 lt
1277 5705 1335 5739 rc.
1370 5693 1593 5756 epistula
1628 5687 1875 5746 teitatnr.
1928 5688 2142 5743 Conﬁr-

548 5771 658 5815 mat
685 5770 862 5812 :tntetn
890 5761 1139 5813 Patroclo
1169 5761 1503 5827 privilegium
1540 5766 1911 5825 l'orntrttartttn,
1937 5769 1989 5813 et
2024 5774 2137 5812 me-

549 5831 863 5899 tr0po|itani
888 5833 936 5885 in
970 5832 1303 5885 Narbonensi
1331 5834 1367 5885 lt
1391 5834 1727 5903 dignitatem,
1755 5835 1987 5902 inquam
2010 5831 2139 5884 Pro—

547 5904 703 5955 culus
733 5906 1046 5971 irrepserat,
1086 5915 1196 5958 tum
1231 5906 1425 5960 deinde
1454 5907 1822 5961 ordinationes
1854 5905 2136 5974 episcopo-

2226 3384 2243 3412 ²
2264 3382 2405 3436 saltu
2429 3380 2661 3451 quodam
2688 3386 3011 3433 summatem
3032 3378 3210 3431 locum
3238 3372 3527 3443 religionis
3550 3370 3827 3433 allectat,

2223 3555 2377 3594 versa
2411 3541 2749 3593 directorunt
2776 3539 2864 3593 hic
2904 3551 3259 3593 memoratur.
3303 3538 3419 3592 Mox
3452 3536 3504 3590 in
3534 3536 3668 3606 Reg.
3701 3548 3828 3602 ms.,

2222 3622 2388 3682 θροεῖ.
2416 3611 2550 3663 srdis
2572 3612 2951 3665 auctoritatem.

2294 3681 2322 3719 ιι
2360 3682 2526 3736 Editi.
2558 3699 2651 3753 pro
2682 3684 2907 3735 indebita
2927 3685 3158 3753 synodo:
3191 3681 3536 3750 corriguntur
3562 3694 3664 3747 ope
3686 3691 3825 3753 mss.

2224 3756 2376 3807 Coll).
2410 3755 2461 3807 in
2501 3750 2695 3821 quibus
2734 3766 2910 3808 exstat
2948 3750 3163 3820 quidem
3204 3762 3431 3815 tantum,
3464 3770 3555 3823 per
3604 3750 3830 3803 indebita

2225 3829 2453 3897 synodo:
2488 3826 2579 3878 sed
2614 3828 3055 3895 prmpositioncm
3086 3844 3136 3889 (ι,
3170 3824 3828 3897 ιιι-οῐιῑριῇιιηιθοοιξθιιιθιιι

2226 3895 2413 3951 vocem
2448 3898 2499 3949 itt
2529 3915 2558 3949 η
2590 3899 2958 3963 desinentem,
2994 3899 3232 3952 librariis
3261 3896 3530 3950 exciditisc
3566 3895 3697 3949 nihil
3732 3908 3829 3948 n0-

2228 3985 2375 4021 vnm.
2414 3970 2525 4023 lloc
2550 3969 2647 4021 siin
2684 3972 2821 4034 vult,
2854 3971 3141 4024 Proculum
3172 3968 3364 4040 synodi
3396 3970 3722 4021 auctoritate
3752 3967 3827 4019 lo-

2227 4055 2355 4095 cum
2381 4043 2784 4110 metropolitani
2816 4056 2911 4110 per
2936 4042 3172 4096 indebita
3207 4039 3494 4094 territoria
3539 4039 3643 4091 sibi
3675 4051 3835 4091 usur-

2232 4129 2405 4182 passe.
2438 4114 2701 4183 Sttpt-rltts
2728 4117 2894 4179 epiSt.
2943 4116 2995 4176 4,
3034 4132 3086 4167 ιι.
3122 4115 3176 4176 2,
3211 4112 3487 4165 Z.o.~imnm
3534 4112 3835 4183 audivimus

2230 4181 2353 4238 Cum
2384 4181 2574 4239 eodem
2618 4186 2848 4238 Proculo
2879 4187 3336 4255 cxpostulantem,
3371 4183 3519 4252 quod
3548 4181 3831 4237 Tnentittm

2231 4266 2285 4311 et
2315 4256 2509 4312 Ursont
2545 4258 2813 4309 territoriis
2840 4257 3099 4321 inducitis,
3136 4256 3237 4309 hoc
3266 4263 3351 4309 est
3377 4255 3444 4308 ad
3471 4269 3529 4309 se
3561 4269 3668 4307 non
3716 4267 3834 4321 per-

2233 4329 2556 4387 tinentibus,
2600 4330 2857 4382 locasset.
2900 4328 3017 4383 Non
3040 4329 3289 4396 displicet
3316 4326 3460 4394 quod
3479 4328 3529 4380 in
3552 4343 3652 4379 ms.
3676 4325 3833 4393 Reg.,

2233 4417 2321 4471 per
2350 4400 2625 4453 indt'bitani
2651 4400 2906 4471 synodum
2933 4416 2950 4454 :
2980 4413 3246 4465 quatenus
3265 4399 3578 4468 praedictam
3602 4408 3834 4471 potestaf

2237 4466 2341 4527 tem
2378 4473 2642 4527 Proculus
2670 4466 2719 4523 in
2750 4472 2951 4542 synodo
2997 4466 3324 4533 Taurincnsi,
3361 4487 3473 4521 cum
3507 4471 3659 4539 longe
3697 4466 3843 4522 aliud

2234 4557 2470 4614 ageretur
2497 4545 2776 4613 (adeoque
2823 4545 3045 4615 furtive)
3094 4543 3477 4613 subripiatth
3517 4543 3741 4612 putavit,
3785 4548 3839 4592 nt

2235 4616 2393 4685 epist.
2428 4617 2479 4679 Pi,
2517 4633 2569 4669 n.
2602 4616 2653 4678 1,
2682 4616 2925 4686 legimus.

2314 4688 2330 4723 ί
2380 4688 2555 4741 Verba
2584 4689 2651 4741 ad
2674 4683 2785 4753 nos,
2824 4688 2875 4741 itt
2911 4686 3139 4757 vulgatis
3164 4686 3390 4751 omissa,
3425 4699 3489 4739 ex
3522 4699 3655 4738 mss.
3688 4683 3842 4739 resti-

2238 4769 2480 4813 tuunlttr.

2323 4833 2334 4881 ι
2386 4833 2476 4887 Sic
2510 4846 2637 4884 mss.
2678 4834 2744 4885 At
2768 4831 2917 4892 editi,
2950 4830 3368 4884 ecclesiasticum.
3416 4829 3553 4884 Vide
3589 4835 3840 4881 annotala

2172 4877 2305 4959 Din
2346 4906 2627 4971 epistolam
2658 4905 2713 4957 2.
2763 4904 2877 4958 Mox
2916 4905 3042 4972 Reg.
3088 4918 3224 4969 ms.,
3276 4904 3462 4972 fratres
3516 4900 3837 4972 charissimi,

2250 4969 2393 5042 quod
2416 4977 2482 5028 ad
2513 4992 2604 5028 eos
2638 4976 2825 5030 referri
2858 4969 3054 5045 potest,
3102 4975 3153 5027 in
3187 4969 3420 5042 quorum
3452 4974 3700 5027 notitiam
3734 4969 3844 5025 vult

2248 5047 2493 5100 Zositnus
2530 5052 2664 5101 hanc
2687 5050 2973 5117 epistolam
3010 5048 3313 5115 pervenire.

2243 5274 2363 5313 rum
2397 5275 2459 5311 ne
2494 5273 2589 5327 per
2621 5260 2819 5314 Saltum
2852 5260 2981 5313 ﬁant
3014 5258 3182 5314 edicit
3216 5260 3265 5313 in
3294 5268 3594 5327 posterum.

2318 5333 2337 5361 ²
2375 5330 2431 5384 In
2462 5333 2628 5384 sacris
2655 5333 3093 5385 ordinationibus
3116 5333 3222 5385 duo
3248 5334 3389 5385 inter
3408 5341 3609 5385 extera
3632 5344 3844 5400 semper

2242 5403 2509 5471 Spectavit
2559 5404 2821 5457 Ecclesia.
2852 5404 3049 5469 Unum,
3087 5417 3139 5455 ιιι
3173 5404 3436 5473 gradatim
3500 5404 3699 5457 licrcnt
3756 5417 3849 5470 per

2243 5476 2487 5543 singulos
2516 5475 2715 5543 gradm
2750 5476 2996 5527 ordinum
3028 5494 3040 5527 :
3074 5477 3145 5529 ita
3180 5489 3235 5529 ut
3272 5493 3376 5529 non
3410 5484 3532 5529 ante
3560 5476 3842 5543 quisquam

2245 5547 2311 5599 ad
2364 5552 2705 5613 snperiorem
2733 5548 3076 5611 ascenderet,
3132 5564 3292 5616 quatit
3343 5548 3628 5600 inferiores
3662 5561 3842 5599 susce-

2245 5618 2432 5686 pisset.
2468 5619 2619 5683 Quod
2665 5621 2754 5689 qui
2792 5638 2896 5672 non
2942 5620 3215 5683 servabat,
3254 5619 3401 5671 verbi
3450 5620 3621 5686 gratia
3654 5620 3743 5687 qui
3777 5632 3836 5671 ex

2248 5690 2579 5762 subdiacono
2614 5704 2857 5761 repente,
2914 5691 3283 5759 pra-termiSso
3336 5690 3649 5755 diacouatn,
3692 5705 3837 5762 pres-

2247 5760 2402 5831 byter
2430 5762 2613 5823 ﬁebat,
2645 5760 2739 5832 per
2770 5765 2970 5816 saltum
3000 5762 3307 5832 promoveri
3340 5762 3647 5817 dicebatur.
3681 5760 3842 5814 Alte—

2251 5848 2393 5904 rum,
2430 5844 2483 5885 ttt
2506 5836 2649 5902 jnsta
2678 5837 2907 5904 quisque
2936 5853 2998 5889 ac.
3034 5834 3270 5904 legitima
3307 5836 3356 5888 in
3404 5835 3634 5901 singulis
3666 5832 3843 5903 gradi-

2251 5903 2351 5960 bus
2379 5906 2641 5975 stipeatlia
2690 5907 2964 5977 expleret,
2990 5903 3320 5976 praeﬁxaque
3350 5904 3583 5976 singulis
3607 5914 3845 5977 tempora
