4122 6346
506 299 605 361 671

1885 307 1943 363 S.
1985 304 2220 364 ZOSIMI
2258 305 2467 364 ΡΑΡιΕ

3700 309 3810 368 0τέ

505 425 708 485 talibus
734 424 1198 495 ordinationibus,
1228 427 1435 484 obsiste
1463 426 1739 499 superbia:
1769 439 1826 483 et
1849 442 2111 500 arrogau-
2136 444 2190 504 Α
2215 428 2362 484 tendi
2392 429 2638 499 cupiunt,
2672 428 2778 485 aud
2808 428 3004 498 quibus
3031 428 3183 484 aliud
3228 436 3489 499 praestare
3528 444 3638 484 non
3682 444 3812 499 pos-

506 519 597 577 tia:
618 517 883 575 venienti.
909 518 1116 576 Tecum
1137 517 1350 575 faciunt
1375 527 1646 589 praecepta
1658 518 1902 587 Patrum,
1926 528 2106 576 tecum

507 614 829 688 apostolicae
856 614 1004 671 sedis
1040 613 1371 669 auctoritas.
1404 613 1463 669 Si
1493 612 1641 671 enim
1674 623 1701 651 ι
1728 613 1905 670 ofﬁcia
1934 629 2110 670 saecu-

510 708 648 765 laria
679 708 986 780 principem
1018 708 1220 773 locum,
1247 722 1357 762 non
1400 706 1726 763 vestibulum
1768 709 2002 764 actionis
2031 712 2113 764 in-

510 801 742 873 gressis,
767 800 866 856 sed
914 815 1009 870 per
1038 799 1306 870 plurimos
1335 798 1539 871 gradus
1571 798 1598 838 δ
1631 801 1945 856 examinato
1976 811 2113 856 tem-

515 892 742 964 poribus
768 890 1027 949 deferunt
1059 910 1073 947 :
1105 891 1228 963 quis
1252 890 1347 947 ille
1374 901 1483 947 tam
1530 906 1816 963 arrogans,
1846 903 1954 948 tam
1995 894 2116 949 im-

517 989 730 1060 pudens
766 987 1069 1055 invenitur,
1105 995 1161 1042 ut
1192 986 1248 1042 in
1280 986 1492 1045 cmlesti
1536 988 1751 1055 militia,
1779 1003 1900 1059 quae
1930 999 1951 1027 α
1987 1003 2117 1058 pcn-

516 1080 631 1137 sius
652 1079 1002 1151 ponderanda
1027 1089 1133 1149 est,
1164 1089 1220 1136 et
1239 1081 1381 1137 sicut
1410 1096 1604 1137 aurum
1632 1082 1882 1153 repetitis
1902 1082 2116 1154 ignibus

519 1172 1093 1243 exploranda,statim
1149 1173 1261 1229 dux
1309 1187 1435 1229 esse
1488 1173 1784 1239 desideret,
1826 1189 1947 1229 cum
1998 1183 2117 1246 tyro

519 1276 646 1325 ante
676 1284 782 1324 non
811 1268 1004 1336 fuerit,
1022 1278 1079 1326 et
1106 1270 1258 1341 prius
1282 1271 1414 1326 velit
1433 1270 1657 1339 docere,
1679 1288 1841 1343 quam
1864 1272 2120 1330 discere?

522 1359 823 1417 Assuescat
844 1362 901 1417 in
934 1362 1153 1418 Domini
1199 1364 1423 1430 castris,
1453 1365 1507 1420 in
1555 1365 1821 1421 lectorum
1867 1367 2123 1436 primitus

519 1453 693 1525 gradu
723 1454 893 1511 divini
920 1454 1231 1513 rudimenta
1259 1455 1446 1528 [MerL
1480 1458 1828 1531 rudimentis]
1868 1460 2078 1514 servitii
2104 1478 2116 1514 :

521 1547 718 1602 necilli
736 1547 845 1604 vile
867 1549 939 1604 sit
960 1549 1677 1622 exorcistam,acolythum,
1702 1551 2120 1620 subtliacouum,

522 1640 813 1699 diaconum
866 1660 967 1714 per
1020 1644 1271 1700 ordinem
1327 1645 1446 1702 fieri
1477 1664 1491 1700 :
1526 1662 1628 1703 nec
1682 1647 1786 1702 hoc
1833 1648 1993 1713 saltu,
2025 1649 2118 1703 sed

522 1735 550 1775 ά
571 1737 793 1792 statutis
815 1737 1087 1808 majorum
1117 1737 1462 1794 ordinatione
1497 1740 1853 1809 temporibus.
1885 1738 2003 1795 Jam
2032 1755 2127 1796 ve-

2212 532 2359 590 sunt,
2394 523 2617 579 divinos
2651 523 2876 579 ordines
2913 523 3243 594 largiuntur.
3275 523 3433 589 Quod
3464 532 3676 594 oportet
3722 523 3811 578 di-

2213 616 2392 672 stricti
2423 631 2643 688 semper
2675 632 2799 673 esse
2828 616 3041 688 judicii.
3073 615 3278 671 Rarum
3306 625 3395 672 est
3424 625 3447 652 ’
3479 615 3626 672 enim
3651 632 3813 674 omne

2214 709 2360 780 quod
2385 725 2635 781 magnum
2665 720 2771 767 est.

2286 804 2416 858 Car.
2443 802 2508 858 ll.
2537 803 2677 859 -4.
2714 804 2951 861 Proinde
2980 820 3104 873 nos,
3137 820 3205 860 ne
3236 805 3363 876 quid
3405 805 3615 861 meritis
3643 804 3819 862 dilecv

2218 896 2384 952 tionis
2431 907 2537 952 tum
2576 897 2991 969 derogaremus,
3021 897 3091 953 ad
3143 907 3194 953 te
3224 898 3567 968 potissimum
3612 898 3815 967 scripta

2218 991 2547 1061 direximus,
2575 1007 2701 1063 qua:
2729 994 2780 1047 in
2809 993 3055 1047 omnium
3107 991 3339 1048 fratrum
3382 1003 3438 1048 et
3467 993 3819 1062 coepiscopo-

2220 1103 2338 1142 rum
2368 1096 2679 1142 nostrorum
2710 1086 2881 1143 facies
2911 1086 2992 1143 ire
3042 1088 3314 1154 notitiam,
3344 1102 3452 1143 non
3490 1096 3700 1142 tantum
3725 1102 3819 1141 eo-

2219 1195 2339 1235 rum
2366 1181 2456 1251 qui
2497 1181 2551 1235 in
2583 1197 2648 1236 ea
2688 1181 2970 1251 provincia
3000 1190 3153 1247 sunt,
3179 1180 3276 1236 sed
3305 1180 3473 1235 etiam
3505 1180 3597 1251 qui
3624 1178 3818 1235 vicinis

2220 1272 2496 1329 dileCtioni
2522 1282 2631 1327 tute
2654 1273 2953 1343 provinciis
2982 1272 3378 1344 adiunguntur.
3397 1272 3550 1329 Sciet
3573 1272 3819 1343 quisquis

2222 1365 2326 1421 hoc
2354 1366 2655 1437 postposita
2681 1367 2901 1423 Patrum
2927 1376 2983 1423 et
3008 1367 3324 1439 apostolicm
3342 1367 3490 1423 sedis
3511 1367 3809 1423 auctorita-

2222 1467 2277 1515 te
2308 1460 2631 1530 neglexerit.
2662 1476 2691 1515 a
2742 1461 2899 1515 nobis
2946 1461 3252 1516 districtius
3297 1461 3716 1529 vindicandum;
3763 1471 3822 1517 ιιι

2222 1552 2328 1608 1οεί
2358 1552 2441 1608 sui
2473 1552 2698 1609 minime
2728 1553 2942 1610 dubitet
2966 1553 3072 1609 sibi
3106 1570 3210 1608 non
3250 1562 3506 1609 constare
3528 1554 3820 1622 rationem,

2227 1649 2271 1702 si
2319 1647 2421 1703 hoc
2449 1656 2621 1718 putat,
2661 1656 2786 1717 post
2816 1654 2898 1702 tot
2931 1646 3358 1718 prohibitiones,
3392 1648 3623 1717 impune
3652 1645 3671 1686 ί
3706 1657 3823 1703 teu-

2228 1741 2351 1796 tari.
2382 1740 2744 1797 Contumelias
2797 1742 2943 1796 enim
2974 1741 3158 1796 studio
3190 1742 3269 1807 fit,
3305 1741 3571 1812 quidquid
3601 1751 3626 1789 8
3657 1742 3824 1798 inter-

528 1846 592 1888 ro
610 1832 678 1888 ad
708 1832 1328 1906 presbyteriifastigium
1356 1835 1826 1905 talisaccedat,nt
1848 1844 1903 1890 et
1923 1850 2123 1891 nomen
2157 1843 2205 1903 Β
2231 1832 2435 1889 dictum
2487 1832 2649 1889 toties
2694 1840 2982 1903 usurpatur
3007 1831 3297 1905 (Nicotaus
3338 1831 3389 1901 1,
3422 1834 3574 1902 epist.
3630 1834 3706 1891 at.
3731 1834 3823 1901 40,

525 1935 659 1981 tetas
688 1927 935 1997 impleat,
957 1936 1013 1983 et
1043 1929 1300 1984 meritum
1333 1927 1626 1997 probitatis
1671 1927 1941 1998 stipendia
1971 1937 2125 1983 ante-

526 2027 650 2073 acta
701 2026 997 2074 testentur.
1031 2018 1162 2077 Jurc
1194 2019 1321 2075 inde
1363 2022 1558 2076 summi
1612 2020 1889 2092 pontificis
1944 2021 2122 2077 locum

527 2126 749 2183 sperare
778 2112 1020 2175 debebit.

601 2208 657 2263 ὅ.
687 2207 838 2265 Facit
868 2208 972 2265 hoc
1014 2210 1180 2267 nimia
1207 2211 1464 2267 remissio
1490 2212 1945 2268 consacerdotum
1998 2229 2127 2269 nos-

530 2309 767 2368 trorum,
792 2302 886 2373 qui
915 2318 1167 2373 pompam
1218 2303 1588 2360 multitudinis
1636 2314 1911 2376 quierunt,
1940 2315 1999 2361 et
2027 2322 2128 2376 pu-

530 2402 648 2451 tant
698 2409 766 2451 ex
812 2394 916 2451 hac
969 2396 1127 2452 turba
1171 2396 1377 2468 aliquid
1419 2398 1527 2453 sibi
1559 2397 1845 2470 dignitatis
1892 2400 2127 2470 acquiri.

528 2488 676 2546 Hinc
705 2492 911 2560 passim
942 2506 1240 2547 numerosa
1271 2491 1609 2562 popularitas
1635 2493 1801 2547 etiam
1848 2492 1934 2547 his
1973 2493 2129 2561 locis,

532 2580 622 2637 ubi
648 2582 886 2638 solitudo
913 2592 1018 2651 eet,
1053 2582 1243 2638 talium
1273 2581 1569 2653 reperitur,
1598 2582 1726 2639 dum
1750 2583 2020 2653 partecias
2045 2600 2131 2640 ex-

533 2748 654 2820 gio,
704 2744 922 2820 Tecum!
947 2747 1145 2817 faciant
1171 2756 1452 2820 praecepta
1485 2746 1746 2820 Patrum,
1793 2758 1961 2803 tecum
2018 2749 2128 2802 sit:

533 2817 715 2874 minus
770 2818 1319 2890 concinueaAdsunt
1379 2819 1561 2890 reipsa
1620 2817 1843 2875 decreta
1908 2821 2126 2875 Patrum

536 2890 878 2946 Nictenorum
920 2905 1046 2944 cau.
1076 2889 1113 2943 2
1157 2901 1212 2945 et
1244 2889 1649 2946 Sardicensium
1683 2906 1806 2946 can.
1840 2893 1908 2946 15
1948 2892 2128 2947 verbis

538 2961 672 3019 fulta
711 2961 985 3028 Apostoli,
1020 2963 1492 3034 quirneOpliytnm
1547 2963 1793 3017 ordinari
1849 2964 2127 3033 prohibet.

542 3034 743 3089 Eadem
776 3033 996 3087 firmant
1025 3042 1082 3105 et
1122 3033 1353 3089 Siricius
1378 3035 1540 3105 epist.
1560 3036 1624 3105 1,
1654 3051 1709 3088 ιι.
1740 3036 1841 3102 15ς
1876 3038 2038 3105 epist.
2072 3037 2127 3102 li,

542 3106 677 3234 2:75,
708 3106 954 3232 etsepist.
985 3103 1075 3171 l0,
1108 3120 1161 3160 ιι.
1198 3106 1286 3174 15,
1314 3103 1524 3161 necnon
1557 3103 1923 3162 innocentius
1960 3110 2124 3177 epist.

620 3219 633 3234 .
666 3194 721 3230 ιι.
787 3213 799 3227 .

581 3180 633 3244 7,
666 3194 721 3230 ιι.
746 3176 799 3232 6.

617 3257 642 3287 ι
674 3247 876 3321 Regius
915 3247 1110 3321 codex.
1147 3263 1256 3303 uno
1280 3249 1437 3306 Colb.
1468 3249 1708 3313 favente,
1734 3250 1994 3321 ofﬁciales
2036 3250 2139 3305 viri

543 3335 636 3394 per
660 3319 835 3391 ofﬁcia
856 3319 1130 3394 smcularia
1162 3323 1514 3394 principalem
1542 3322 1734 3394 locum,
1770 3319 1873 3375 non
1906 3339 1997 3394 per
2029 3340 2142 3376 τιέ-

543 3391 767 3465 libatum
786 3392 1004 3465 actionis
1036 3392 1253 3465 ingressi
1279 3409 1297 3447 :
1319 3407 1597 3465 corrupte.
1629 3393 1821 3463 Ofﬁcia
1864 3391 2142 3448 steculariu

552 3464 641 3518 hic
670 3463 1048 3532 intelliguntur
1082 3463 1389 3520 administri
1414 3476 1471 3520 et
1494 3464 1710 3532 judices
1741 3465 2067 3519 smculares.

624 3532 651 3572 δ
686 3535 832 3590 Edit.
863 3534 1023 3589 Rom.
1048 3546 1103 3590 et
1129 3537 1325 3592 concil.
1355 3550 1475 3603 post
1504 3536 1661 3600 lsitl.,
1690 3537 2000 3590 examinatis
2022 3546 2147 3589 tim-

544 3605 776 3680 poribus.
814 3607 934 3661 Duo
967 3621 1125 3680 niss.,
1154 3609 1450 3663 examinato
1499 3616 1745 3680 tempore.
1779 3606 2015 3662 Nilidior
2063 3618 2146 3661 est

551 3679 713 3732 lectio
743 3694 904 3746 quam
930 3677 1258 3734 exhibemus
1280 3695 1345 3735 ex
1370 3677 1746 3735 caeteris’mss.

624 3761 645 3788 ε
674 3752 727 3821 1η
756 3750 986 3820 vulgatis
1029 3760 1087 3805 ut
1124 3753 1174 3805 in
1210 3765 1311 3807 ms.
1354 3751 1503 3806 Pith.
1537 3759 1591 3805 et
1640 3750 1783 3819 apud
1838 3749 1995 3816 lsid.,
2029 3767 2147 3821 pro-

548 3819 781 3906 pensius.
812 3819 1166 3878 Praelerimus
1207 3838 1331 3877 cum
1365 3823 1526 3877 Dion.
1557 3822 1792 3892 aliisque
1834 3837 1994 3903 mss.,
2024 3819 2147 3893 pen-

546 3911 676 3948 stus.

622 3961 818 4040 dAReg.
843 3980 973 4036 ms.,
998 3967 1168 4040 statis.
1212 3964 1347 4040 Tum
1376 3966 1597 4040 Quosn.
1635 3969 1893 4040 majorum
1943 3967 2146 4040 ordine.

553 4036 623 4093 Ut
649 4036 703 4092 in
735 4037 965 4107 epistola
996 4040 1021 4094 l
1057 4036 1239 4093 Siricti
1273 4053 1328 4090 ιι.
1367 4039 1433 4092 l5
1453 4048 1507 4091 et
1542 4039 1627 4106 M,
1661 4036 1727 4092 et'
1759 4037 1812 4092 in
1848 4039 2148 4094 Innocentii

553 4107 780 4177 epistola
812 4111 880 4166 57
903 4128 959 4166 ιι.
986 4113 1039 4179 6,
1065 4111 1153 4164 ubi
1177 4109 1313 4163 varii
1333 4119 1690 4165 recensentur
1710 4110 1934 4181 gradus,
1956 4112 2153 4180 quibus

552 4181 619 4236 ad
650 4182 948 4237 sacerdotii
979 4183 1190 4252 apicem
1233 4182 1582 4248 ascendatur,
1629 4185 1701 4237 ita
1753 4192 1805 4237 et
1851 4182 1959 4252 hic,
2006 4182 2151 4237 nulla

554 4252 763 4308 ostiarii
816 4253 876 4310 lit
919 4256 1147 4309 mentio.
1180 4252 1247 4308 Et
1288 4255 1333 4309 is
1379 4254 1598 4322 quidem
1630 4253 1788 4320 ordo,
1819 4264 1875 4308 ut
1913 4271 1976 4309 ex
2008 4254 2154 4308 libro

551 4340 643 4379 vui
687 4325 921 4381 Constit.
956 4326 1207 4395 Apostol.
1240 4338 1289 4381 c.
1340 4326 1429 4391 15,
1462 4341 1529 4381 ex
1569 4326 1806 4382 concilio
1848 4327 2155 4381 Laodiccno

555 4412 682 4451 can.
704 4396 798 4465 22,
824 4406 878 4452 et
900 4413 966 4453 ex
992 4406 1181 4452 octava
1205 4398 1414 4467 synodo
1436 4408 1544 4452 act.
1570 4400 1604 4455 8
1630 4414 1751 4466 cap.
1776 4398 1831 4459 5,
1855 4398 2152 4467 colligitur,

554 4467 763 4523 Graecis
813 4469 1123 4539 incognitus
1155 4468 1276 4533 fuit,
1306 4469 1400 4523 sed
1432 4469 1553 4538 ejus
1600 4485 1832 4524 munere
1872 4471 2010 4538 apud
2061 4484 2155 4523 cos

2236 1943 2290 1980 ιι.
2324 1927 2406 1980 41.

2324 1927 2357 1980 4
2394 1967 2406 1979 .

2306 1926 2437 2075 Cir.
2474 2018 2563 2074 Ill.
2594 2049 2664 2060 -—
2690 2020 2746 2076 5.
2779 2016 2809 2056 ιι
2838 2019 2969 2075 llaec
3020 2026 3202 2075 autem
3237 2017 3400 2091 (Dist.
3426 2019 3516 2089 77,
3543 2036 3591 2073 ε.
3618 2019 3654 2073 2
3678 2035 3693 2085 ;
3721 2020 3829 2076 Ra-

2234 2109 2397 2165 banus
2418 2111 2482 2164 de
2507 2111 2672 2165 instit.
2705 2110 2876 2166 cteric.
2904 2110 2994 2165 lib.
3020 2126 3059 2178 ι,
3093 2127 3140 2165 c.
3176 2109 3264 2180 15)
3297 2110 3530 2182 singulis
3570 2110 3829 2181 gradibus

2233 2207 2572 2262 observanda
2601 2214 2730 2261 sunt
2778 2216 3047 2276 tempora.
3079 2205 3137 2261 Si
3167 2205 3236 2260 ab
3266 2204 3492 2261 infantia
3547 2205 3832 2261 ecclesias-

2198 2316 2208 2328 '
2236 2302 2355 2358 ticis
2373 2300 2691 2356 ministeriis
2716 2298 2730 2337 ί
2755 2315 2953 2355 nomen
2977 2298 3210 2365 dederit,
3231 2298 3376 2353 inter
3402 2300 3643 2355 lectores
3665 2312 3834 2368 usque

2233 2398 2299 2452 ad
2326 2396 2643 2452 vicesimum
2669 2394 2848 2451 aetatis
2868 2409 3072 2450 annum
3102 2392 3424 2450 continuata
3446 2390 3832 2448 observatione

2233 2491 2511 2563 perduret.
2555 2491 2610 2548 Si
2661 2491 2835 2560 major
2876 2489 2987 2561 jam
3028 2499 3084 2544 et
3128 2488 3455 2559 grandaevus
3504 2487 3828 2553 accesserit,

2238 2585 2251 2635 i
2284 2583 2357 2640 ita
2390 2593 2593 2654 tamen,
2627 2593 2686 2639 ut
2736 2592 2861 2653 post
2893 2582 3227 2652 baptismum
3283 2582 3494 2649 statim,
3528 2581 3576 2636 si
3626 2579 3824 2636 divina:

2236 2763 2340 2803 nou
2375 2762 2499 2804 esse
2546 2746 2798 2803 ordinum
2839 2748 3084 2804 omnium
3128 2756 3445 2804 accuratum
3496 2747 3832 2817 catalognm.

2232 2820 2434 2876 Notatu
2468 2820 2690 2891 dignum
2734 2829 2837 2882 est,
2866 2820 3009 2891 quod
3043 2820 3094 2875 in
3137 2821 3362 2891 antiquo
3389 2818 3701 2891 constituto
3728 2817 3833 2891 Sil-

2234 2893 2398 2947 vestri
2429 2889 2581 2963 papa:
2606 2892 2825 2946 nomine
2851 2889 3090 2963 vulgato,
3123 2901 3177 2946 et
3202 2907 3229 2943 a
3257 2889 3491 2945 nobisin
3519 2890 3833 2963 Appendice

2235 2975 2364 3019 tom.
2403 2963 2443 3019 ll
2474 2962 2688 3017 edendo
2721 2961 3230 3034 legiturIQuamvis
3260 2962 3405 3017 enim
3437 2978 3488 3016 c.
3522 2962 3582 3034 11
3610 3004 3625 3027 ,
3657 2978 3710 3015 ιι.
3747 2961 3830 3034 10,

2235 3037 2322 3090 ubi
2350 3035 2719 3106 praescribitur
2745 3046 2948 3105 quanto
2973 3036 3210 3105 quisque
3242 3044 3492 3101 tempore
3518 3033 3571 3087 in
3605 3033 3834 3101 singulis

2242 3105 2501 3179 gradibus
2529 3105 2843 3161 ministrare
2870 3106 3090 3169 debeat,
3128 3116 3185 3159 ιιι
3214 3105 3280 3160 ad
3307 3106 3687 3179 episcopatum
3716 3119 3839 3174 per-

2166 3167 2211 3229 C
2244 3167 2434 3234 venire
2460 3179 2651 3248 possit,
2682 3167 3134 3247 przetermittatur
3165 3167 3376 3231 ostiarii
3406 3167 3627 3248 gradus,
3658 3167 3837 3231 in'eo-

2241 3251 2369 3306 dein
2402 3246 2583 3304 tamen
2618 3246 2931 3305 GonSIituto
2956 3264 3078 3319 cap.
3108 3250 3165 3313 5,
3195 3266 3245 3301 ιι.
3273 3247 3327 3317 6,
3352 3248 3420 3301 de
3467 3247 3730 3302 SilveStro
3758 3248 3838 3301 di-

2242 3322 2387 3377 citur
2420 3338 2433 3375 :
2468 3319 2659 3376 Postea
2689 3329 2861 3375 autent
2891 3321 3009 3392 fecit
3037 3319 3228 3390 gradus
3251 3320 3303 3373 in
3325 3320 3520 3391 gremio
3552 3320 3762 3388 synodi,
3788 3328 3839 3371 ut

2243 3411 2343 3447 non
2367 3392 2629 3463 presbyter
2656 3392 2904 3447 adversus
2923 3392 3245 3463 episcopum,
3271 3408 3370 3463 non
3387 3392 3635 3443 diaconus
3664 3392 3841 3444 adver-

2245 3481 2335 3519 sus
2356 3462 2706 3534 presbyterum
2731 3507 2745 3531 ,
2772 3480 2874 3517 non
2895 3462 3243 3518 subdiaconus
3272 3462 3518 3516 adversus
3547 3462 3838 3523 diaconum,

2247 3552 2353 3589 non
2405 3535 2673 3607 acolythus
2707 3536 2955 3607 adversus
3003 3535 3404 3607 subdiacou‘um,
3431 3550 3534 3587 non
3583 3536 3839 3607 exorcistn

2246 3606 2493 3661 adversus
2526 3605 2865 3677 acolythum,
2897 3623 3000 3661 non
3042 3608 3205 3661 lector
3231 3605 3479 3660 adversus
3511 3606 3837 3671 exorcistant,

2249 3694 2350 3732 non
2384 3680 2626 3731 ostiarius
2653 3679 2897 3733 adversus
2927 3679 3170 3733 lectorem
3200 3678 3283 3732 det
3313 3679 3711 3732 accusationem.

2326 3759 2349 3787 ε
2384 3749 2536 3816 Apud
2560 3749 2764 3817 Qucsn.
2794 3760 2851 3803 ut
2884 3752 2936 3803 in
2968 3765 3070 3805 ms.
3101 3750 3267 3804 Corb.
3297 3750 3572 3802 omittitur
3601 3749 3758 3801 enim.

2329 3819 2346 3858 ί
2385 3820 2715 3875 Vocabulum
2746 3822 2960 3889 impune
2988 3823 3295 3891 suppressit
3309 3820 3515 3887 Qucsn.
3541 3821 3633 3891 qui
3654 3819 3844 3874 exinde

2251 3907 2372 3946 cum
2402 3892 2564 3947 editis
2592 3893 2734 3962 aliis,
2765 3908 2980 3947 necnon
3011 3890 3167 3947 Dion.
3200 3904 3254 3948 et
3290 3892 3425 3962 lsid.
3451 3890 3665 3962 przefert
3697 3907 3841 3962 posse

2253 3969 2462 4028 tentari,
2494 3965 2620 4018 licet
2671 3961 2727 4018 in
2769 3964 3048 4018 veteribus
3090 3963 3355 4031 exemplis
3398 3961 3642 4028 Codicis,
3688 3961 3843 4031 quem

2258 4035 2527 4104 vulgavit,
2559 4037 2793 4106 aliisque
2822 4038 3122 4104 potioribus
3146 4050 3277 4089 mss.
3308 4034 3455 4089 absit
3487 4049 3660 4100 posse.

2328 4118 2352 4154 8
2386 4108 2440 4162 In
2473 4109 2641 4177 Regio
2667 4108 2860 4162 codice
2891 4107 2979 4161 liic
3008 4106 3263 4177 adjicitur
3290 4106 3556 4173 particula
3581 4113 3717 4173 post.

2329 4176 2353 4215 ¹λ
2387 4179 2541 4247 Quod
2562 4176 2633 4234 ab
2662 4180 2786 4234 hinc
2806 4179 2872 4232 ad
2898 4178 3058 4232 finem
3082 4176 3268 4248 usque
3297 4177 3551 4246 epistola:
3580 4178 3739 4244 hujus
3767 4190 3847 4248 εςιτ

2256 4245 2464 4320 quitur,
2496 4251 2636 4320 apud
2685 4261 2930 4305 nostrum
2966 4245 3313 4305 Edmundum
3348 4248 3596 4303 Martene
3633 4257 3768 4320 tum.
3803 4245 3844 4299 ll

2256 4318 2325 4378 de
2350 4318 2603 4394 Antiquis
2633 4323 2779 4378 Eccl.
2812 4322 3028 4387 ritibus,
3056 4331 3169 4375 tum
3218 4334 3342 4389 pag.
3369 4320 3502 4394 550⁸,
3519 4335 3598 4394 ex
3631 4318 3846 4390 Egberti

2260 4391 2623 4450 Eboracensis
2670 4394 3068 4464 archiepiscnpi
3119 4392 3417 4462 pontificali
3472 4391 3640 4459 libro,
3692 4404 3847 4464 quem

2263 4467 2353 4521 ille
2379 4474 2505 4521 ante
2532 4481 2710 4522 annos
2737 4466 2842 4523 900
2863 4460 3161 4520 exaratum
3206 4473 3380 4532 putat,
3414 4471 3527 4516 tum
3569 4477 3694 4531 pag.
3726 4460 3846 4525 580,

555 4555 678 4618 cum
711 4535 1072 4595 diaconi'tnm
1105 4535 1838 4618 subdiaconijiirigebantur.
1871 4535 2153 4618 A'pudLa-
2180 4557 2235 4618 D
2260 4553 2327 4618 ex
2368 4538 2847 4618 Gaturcensi__item
2877 4536 3213 4618 pontificali,
3230 4549 3354 4618 cum
3390 4548 3498 4618 n_on
3522 4535 3729 4618 paucis
3760 4548 3851 4585 va-

554 4613 700 4667 tinos
723 4619 902 4665 tamen
930 4620 1210 4679 receptum
1240 4611 1406 4668 fuisse
1430 4612 1589 4666 ﬁdem
1614 4612 1816 4667 faciunt
1849 4611 2147 4667 concilium

554 4682 989 4748 Cartliagineuse
1015 4698 1088 4745 tv,
1112 4698 1238 4736 can.
1268 4684 1324 4749 9,
1358 4695 1411 4739 et
1453 4683 1788 4751 Augustinus
1835 4683 1969 4739 edit.
2017 4700 2143 4739 nov.

557 4751 860 4826 Serm.46,
885 4770 940 4807 n.
969 4755 1062 4826 '51.
1089 4754 1362 4826 Ejusdem
1396 4755 1476 4810 rei
1506 4755 1832 4826 locupletior
1864 4756 2015 4810 testis
2061 4767 2147 4809 est

557 4824 868 4891 Cornelius,
903 4825 993 4893 qui
1015 4824 1176 4894 epist.
1212 4826 1267 4892 9,
1296 4841 1349 4880 ιι.
1381 4828 1429 4887 ’5.
1459 4824 1706 4881 Romano
1736 4828 1787 4879 in
1820 4827 1972 4881 clero
1997 4844 2148 4883 exor-

555 4896 719 4951 cistas
747 4907 794 4950 et
827 4897 1040 4970 tectores
1070 4913 1185 4951 cum
1215 4899 1443 4953 ostiariis
1489 4898 1844 4970 quadraginta
1887 4899 2018 4953 duos
2062 4916 2147 4955 re-

555 4976 767 5023 censet.
812 4968 896 5022 An
946 4967 1067 5024 ideo
1108 4971 1423 5025 memoratis
1456 4967 1509 5024 in
1564 4967 1713 5025 locis
1740 4969 1977 5026 omissus
2025 4974 2142 5038 fuit,

558 5039 685 5113 quia
717 5040 921 5113 nonab
957 5057 1304 5113 unoquoque,
1336 5051 1389 5095 nt
1421 5058 1488 5098 eo
1529 5042 1869 5113 fungeretur,
1904 5058 2156 5098 necessa-

563 5112 647 5166 rio
674 5110 1026 5185 exigebatur?
1056 5114 1309 5182 Siricins,
1334 5119 1496 5185 epist.
1526 5132 1540 5171 ι
1565 5110 1746 5180 ιιξΗ,
1775 5114 1994 5170 Zosimo
2025 5131 2155 5170 nos-

565 5193 648 5258 tro
678 5183 781 5255 ipsi
806 5184 944 5258 infra
976 5203 1031 5241 ιι.
1056 5187 1089 5243 5
1112 5183 1465 5258 sull'ragante,
1491 5189 1754 5258 praecipit,
1785 5195 1841 5242 nt
1877 5189 1967 5255 qui
1996 5203 2155 5256 grun-

558 5255 747 5311 drevus
772 5257 1094 5329 baptizatur,
1122 5255 1306 5314 statim
1347 5255 1596 5315 lectorum
1646 5255 1735 5314 aut
1783 5260 2157 5313 exorcistarum

562 5344 778 5401 numero
804 5331 1050 5398 societur,
1080 5334 1232 5401 quasi
1257 5334 1587 5388 alterutrum
1620 5347 1650 5387 e
1678 5332 1891 5385 duobus
1916 5331 2021 5383 illis
2038 5346 2160 5397 gra-

562 5400 722 5456 dibus
765 5404 1074 5472 suscepisse
1102 5400 1252 5458 satis
1294 5415 1461 5473 esset,
1490 5420 1597 5474 quo
1623 5404 1690 5457 all
1738 5404 1988 5474 altiorem
2037 5402 2158 5469 quis

563 5484 1001 5538 promoveretur.
1026 5474 1289 5542 Quocirca
1339 5473 1515 5543 neque
1552 5475 1838 5530 exorcista:
1887 5473 2152 5527 Innocen-

558 5544 665 5598 tius
686 5547 845 5613 epist.
864 5548 956 5614 ‘57,
974 5563 1029 5602 ιι.
1048 5548 1103 5615 6,
1126 5548 1389 5601 meminit.
1410 5547 1610 5601 Eadem
1638 5545 1849 5599 ratione
1864 5560 1984 5598 cum
2013 5544 2148 5612 ipse,

561 5623 674 5688 tum
705 5619 821 5683 alii,
853 5619 1064 5673 ostiarii
1111 5619 1334 5688 gradum
1369 5619 1582 5673 silentio
1606 5624 1899 5688 potuerunt
1930 5623 2152 5682 practer-

560 5685 660 5743 ire.
694 5688 866 5744 linmo
897 5692 1039 5744 idem
1072 5685 1441 5749 Innocentius,
1468 5685 1626 5755 ibid.,
1657 5688 2068 5755 subdiaconuiu,
2099 5692 2155 5741 et

563 5761 855 5814 concilium
902 5761 1252 5823 Sardiceuse,
1277 5776 1397 5814 can.
1425 5761 1513 5826 1'5,
1552 5761 1735 5829 plures
1768 5760 1904 5813 alios
1950 5758 2153 5829 gradus

567 5836 763 5885 lacent.
799 5831 952 5899 Quod
978 5840 1294 5899 argumento
1323 5843 1399 5887 est
1427 5833 1478 5886 iu
1512 5828 1593 5883 liis
1626 5830 1759 5886 locis
1788 5845 1858 5900 qu
1878 5828 2141 5883 rrcudum

2261 4609 2543 4665 rietatibus
2586 4603 2893 4665 exhibetur“
2925 4608 3025 4661 sub
3068 4608 3173 4660 hoc
3204 4603 3613 4670 titulo,lucipit
3666 4604 3851 4659 Sermo

2253 4679 2546 4737 Innocentii
2568 4699 2717 4753 pupa:
2743 4683 2807 4735 de
2825 4689 3013 4753 septem
3042 4678 3296 4753 gradibus
3321 4675 3565 4753 Ecclesia:
3594 4677 3845 4753 ordinan-

2253 4753 2377 4809 dis:
2406 4757 2499 4809 sed
2549 4748 2678 4824 quid
2725 4763 2850 4807 sunt
2880 4748 2996 4805 duo
3043 4748 3123 4804 illi
3173 4748 3324 4824 libri_,
3355 4750 3501 4824 utde
3527 4750 3852 4824 auctoritate

2253 4826 2519 4897 derogare
2544 4819 2763 4880 valeant
2792 4820 3267 4897 cteterorum,__qui
3288 4819 3510 4897 Zpsimo
3551 4831 3721 4874 totam
3744 4819 3854 4889 cpi.

2251 4892 2446 4953 stolam
2476 4914 2692 4951 sumine
2722 4907 2990 4950 consensu
3018 4892 3334 4947 ascribunt?

2336 4969 2350 5005 ί
2387 4970 2639 5024 Prmdicti
2671 4966 3012 5033 pontificales
3036 4965 3158 5020 libri
3188 4964 3357 5018 Ebor.
3386 4972 3440 5017 et
3465 4961 3718 5021 Calnrc..
3745 4979 3854 5015 uos-

2257 5053 2339 5097 tm
2358 5042 2601 5096 didicerit
2626 5039 2885 5110 exempla.
2914 5044 2960 5089 et
2996 5037 3130 5089 inter
3152 5037 3438 5110 lectores,”
3474 5035 3851 5105 perdurarent.

2263 5113 2467 5169 Exinde
2489 5115 2532 5166 si
2555 5113 2743 5177 majori
2765 5105 2907 5165 aetati
2924 5108 3222 5161 accesserit.
3252 5107 3308 5161 ln
3340 5105 3424 5160 bis
3445 5111 3852 5174 corruptionem

2260 5200 2384 5242 esse
2412 5184 2575 5240 facile
2604 5181 3000 5248 deprehendet,
3026 5181 3115 5248 qui
3151 5178 3292 5232 hunc
3324 5178 3505 5232 locum
3536 5193 3659 5232 eum
3686 5177 3852 5231 altero

2261 5259 2555 5313 contulerit
2586 5247 2745 5324 epist.
2770 5256 2797 5309 1
2828 5251 3009 5324 Strieii
3040 5247 3094 5303 ιι.
3134 5251 3198 5304 15
3224 5261 3280 5304 et
3316 5247 3405 5324 ll,
3441 5265 3509 5304 ex
3537 5257 3763 5324 ιιιιοκιιι
3783 5249 3855 5302 ἱιιο

2263 5330 2437 5383 fantes
2463 5320 2712 5384 ecclesiae
2741 5323 3061 5379 ministeriis
3086 5321 3393 5376 consecrati
3426 5325 3494 5375 ab
3535 5320 3653 5388 ipsa
3680 5320 3854 5373 iulan-

2265 5402 2333 5454 tia
2390 5400 2653 5455 lectorum
2709 5414 2933 5452 munere
2978 5392 3366 5454 initiarentur,

2260 5471 2429 5527 fuisse
2460 5479 2695 5526 constat.

2335 5548 2348 5594 l
2390 5544 2539 5598 Meri.
2577 5552 2631 5598 et
2661 5542 2890 5609 Quesu.,
2915 5538 3004 5611 qui
3027 5548 3192 5611 tamen
3216 5544 3330 5606 post
3356 5533 3665 5611 baptismum
3686 5535 3852 5611 statim

2260 5615 2509 5688 (ριιεεδιι.Δ
2532 5618 2608 5684 se)
2637 5607 2825 5688 dicitur
2852 5607 3358 5688 militiwdesiderat:
3386 5607 3530 5688 Editi
3562 5610 3770 5688 ca-teri,
3796 5608 3858 5688 ita

2260 5677 2431 5740 tamen
2458 5677 2643 5754 (Crab.
2674 5687 2835 5756 quod,
2864 5685 2956 5756 alii
3007 5684 3085 5750 ut)
3125 5690 3255 5756 post
3327 5677 3646 5756 baptismum
3694 5679 3858 5731 statim

2259 5775 2314 5812 se
2356 5751 2545 5813 divina:
2584 5751 2784 5811 militiae
2811 5754 3085 5809 desideret.
3122 5751 3176 5804 In
3209 5752 3465 5803 omnibus
3512 5759 3696 5804 autem
3730 5765 3853 5804 mss.

2258 5837 2457 5893 exstat,
2489 5831 2557 5881 ita
2605 5839 2769 5882 tamen
2811 5836 2888 5894 ut,
2915 5842 2977 5880 ac
3019 5820 3251 5877 Subinde
3293 5820 3577 5875 desiderat.
3614 5820 3765 5877 Unde
3798 5830 3848 5878 ιιι

3430 5408 3531 5447 usu
3579 5403 3851 5461 receptum
