4122 6346
260 260 360 316 675

1463 260 1825 323 EPISTOLE
1869 262 1959 324 ET
1998 260 2318 321 DECRETA
2332 304 2344 321 .

3445 267 3555 329 674

255 376 454 434 militia:
484 376 767 432 desiderat
802 376 1127 449 mancipari,
1160 379 1278 436 sive
1302 379 1449 437 inter
1479 380 1742 448 lectores,
1771 383 1847 437 si-
1873 399 1926 459 Α
1951 395 2141 451 pressu
2166 393 2509 447 occurreres,
2536 381 2782 437 rcnitens
2805 380 2987 453 rigore
3012 397 3371 457 censuraque,
3392 400 3552 456 quam

255 487 319 527 ve
350 471 497 525 inter
542 472 851 527 exorcistas
899 473 1273 544 quinquennio
1325 483 1580 532 teneatur
1610 493 1624 533 :
1655 476 1852 533 exinde

257 562 532 634 acolythus
563 563 649 618 vel
693 563 1061 620 subdiaconus
1086 578 1314 635 quatuor
1350 570 1545 635 annis;
1578 576 1635 625 et
1664 568 1744 624 sic
1783 567 1852 623 ad

255 655 694 712 benedictionem
726 656 1069 726 diaconatus,
1111 660 1157 715 si
1213 670 1479 728 meretur,
1505 661 1766 729 accedat;
1798 662 1854 717 in

255 764 356 820 quo
386 749 587 806 ordine
627 750 874 823 quinque
910 752 1088 817 annis,
1118 762 1144 790 α
1175 752 1222 808 si
1252 754 1528 824 inculpate
1557 768 1617 809 se
1665 767 1855 825 gesse-

254 844 343 911 rit,
394 844 611 901 haerere
640 845 890 902 debebit.
924 845 1133 903 Exinde
1186 846 1611 918 suffragantibus
1644 848 1856 918 stipem

256 936 373 1003 diis,
402 955 507 1008 per
535 947 616 994 tot
642 938 845 1011 gradus
874 939 1015 995 datis
1056 940 1299 1011 propria:
1335 939 1459 994 ﬁdei
1486 940 1855 1007 documentis,

253 1033 580 1105 presbyterii
628 1034 997 1090 sacerdotium
1038 1036 1240 1105 poterit
1272 1035 1593 1105 promereri.
1627 1035 1704 1090 De
1750 1050 1857 1107 quo

255 1125 388 1192 loco,
418 1126 467 1181 si
494 1142 565 1182 eo
593 1128 748 1183 illum
776 1126 803 1166 ιι
826 1127 1074 1184 exactior
1095 1127 1162 1183 ad
1188 1128 1362 1184 bonos
1390 1143 1571 1185 mores
1601 1129 1710 1184 vita
1733 1143 1856 1199 pro-

255 1217 490 1290 duxerit,
516 1236 789 1276 summum
822 1220 1200 1291 pontiﬁcatum
1224 1234 1451 1291 sperare
1472 1220 1715 1277 debebit.
1745 1220 1860 1278 Hac

256 1322 429 1370 tamen
497 1315 622 1387 lege
681 1325 936 1379 servata,
970 1324 1030 1370 ut
1075 1328 1255 1385 neque
1300 1313 1571 1384 digamus,
1608 1324 1631 1353 ο
1682 1328 1858 1386 neque

254 1411 552 1481 paenitens,
586 1409 656 1466 ad
701 1410 801 1465 hos
850 1409 1053 1481 gradus
1103 1408 1279 1480 possit
1323 1408 1559 1463 admitti.
1595 1408 1758 1474 Sane,
1799 1416 1860 1463 ut

254 1506 416 1564 etiam
449 1507 773 1563 defensores
804 1506 1077 1573 ecclesiae,
1102 1504 1193 1576 qui
1223 1520 1290 1561 ex
1322 1504 1478 1560 laicis
1510 1505 1663 1571 ﬁunt,
1694 1519 1856 1578 supra

255 1600 396 1656 dicta
452 1600 843 1657 observatione
873 1609 1187 1667 teneantur,
1220 1599 1268 1655 si
1300 1599 1601 1653 meruerint
1633 1613 1756 1653 esse
1799 1597 1853 1653 iu

252 1692 445 1748 ordine
473 1693 790 1748 clericatus.
840 1694 973 1748 Data
1004 1689 1030 1729 ἀ
1060 1708 1115 1747 ιχ
1142 1691 1405 1747 kalendas
1435 1690 1655 1747 Martias
1683 1690 1857 1761 (Anno

1957 489 2056 543 pro
2124 475 2431 546 regularum
2483 475 2901 533 conlirmatioue
2946 491 3301 549 susceperas,
3351 480 3555 550 quippe

1956 581 2077 623 cum
2108 576 2165 624 et
2192 569 2287 624 tibi
2331 579 2579 626 nostrum
2613 569 2928 643 delegatum
2971 587 3163 629 nosses
3207 571 3469 641 ofﬁcium,
3504 579 3562 631 et

1956 660 2107 716 illum
2138 663 2310 719 scires
2336 678 2462 721 esse
2489 664 2803 721 damnatum
2835 683 2848 719 :
2880 665 3052 722 miror
3094 665 3224 738 quid
3275 676 3397 737 post
3446 666 3557 722 ista

1956 753 2191 811 Proculo
2217 756 2402 826 liceat,
2434 765 2530 813 aut
2557 765 2715 814 vacet
2750 758 2865 827 illa,
2896 775 3019 831 quae
3046 769 3436 828 consueverat,
3459 767 3557 815 ant

1957 847 2141 920 pejora
2174 850 2546 907 committere.
2577 861 2603 900 Β
2630 851 2741 909 Cur
2768 868 2874 908 non
2919 861 3074 924 putat
3096 853 3242 910 unde
3264 854 3424 910 istam
3455 852 3558 909 ha-

1959 944 2089 999 beas
2111 954 2437 1015 potestatem
2465 954 2635 1017 tuam,
2671 946 2838 1004 frater
2863 946 3213 1017 charissime,
3240 956 3298 1004 ut
3326 963 3561 1005 censue~

1959 1036 2155 1103 rimus,
2183 1051 2619 1109 censeamusque
2649 1081 2664 1107 ,
2696 1041 3026 1111 quicumque
3071 1055 3139 1097 ex
3187 1039 3298 1096 illis
3329 1040 3396 1095 ad
3428 1055 3559 1096 nos-

1959 1136 2072 1185 tras
2095 1130 2352 1201 regiones
2365 1132 2612 1199 veniunt,
2631 1132 2750 1189 sine
2775 1142 2865 1188 tua
2885 1150 2992 1189 non
3020 1130 3409 1206 Suscipiendos
3429 1148 3554 1191 esse

1961 1222 2213 1291 formata,
2244 1239 2348 1281 nec
2377 1224 2719 1295 probandum
2749 1242 2909 1298 quem
2934 1242 3042 1283 non
3076 1227 3128 1282 in
3159 1226 3436 1298 provincia
3463 1242 3563 1298 po-

1960 1319 2099 1374 situs
2129 1318 2245 1387 ipse
2274 1319 2628 1389 probaveris?
2654 1319 2786 1377 Post
2813 1321 2970 1377 istam
2996 1336 3120 1380 esse
3150 1321 3557 1395 delegationem

1961 1412 2026 1466 ad
2056 1426 2157 1467 nos
2180 1427 2367 1467 rumor
2391 1411 2633 1480 advenit,
2663 1414 2956 1469 Proculum
2988 1416 3143 1487 quasi
3173 1416 3453 1472 consuetis
3479 1416 3564 1471 lu-

1960 1505 2092 1562 dere
2135 1514 2189 1561 et
2236 1507 2313 1561 uti
2367 1505 2614 1563 moribus
2663 1507 2802 1575 suis,
2844 1506 3099 1579 jnnxisse
3144 1510 3249 1566 sibi
3295 1508 3560 1580 quosdam

1964 1599 2195 1657 idoneos
2222 1602 2629 1658 turbationibus
2659 1600 2939 1673 homines,
2963 1613 3018 1659 et
3046 1612 3175 1676 post
3205 1604 3295 1659 illa
3338 1620 3458 1676 qua:
3484 1602 3562 1660 illi

1963 1694 2347 1750 iuterdiximns
2370 1694 2679 1751 ordinasse.
2714 1695 2822 1751 Sed
2852 1696 3033 1752 sciant
3054 1696 3250 1767 quibus
3280 1697 3419 1752 lianc
3444 1695 3560 1767 epi-

252 1785 377 1855 418,
410 1783 671 1843 Februar.
695 1785 789 1860 2t)
824 1787 932 1841 DD.
968 1785 1081 1842 NN.
1116 1786 1361 1843 Honorio
1404 1802 1481 1840 xu
1524 1795 1580 1842 et
1602 1786 1856 1844 Theodo—
1889 1800 1933 1860 Β
1961 1788 2154 1842 stolam
2204 1787 2455 1843 volumus
2499 1788 2550 1843 in
2601 1788 2852 1844 notitiam
2901 1789 3216 1862 pervenire,
3245 1789 3448 1860 suscipi
3499 1804 3559 1845 se

255 1878 334 1935 sio
365 1896 459 1934 vm
494 1882 739 1952 angustis
772 1879 1127 1937 consulibus.

818 1974 1156 2033 EPISTOLA
1186 1976 1234 2032 X
1267 1988 1290 2016 ε
1304 2019 1317 2031 .

360 2069 618 2124 Aduersus
640 2068 861 2124 Proculi
883 2086 1041 2127 ausus
1063 2081 1110 2127 et
1134 2074 1347 2129 illicitas
1373 2072 1747 2130 ordinationes.

465 2161 693 2220 Zosnws
721 2162 1011 2220 Parnocno
1036 2164 1293 2237 episcopo
1325 2165 1657 2223 Arelatensi.

320 2256 460 2313 Cum
486 2265 540 2312 et
579 2257 631 2312 in
661 2259 918 2328 praesenti
959 2260 1306 2331 cognoveris,
1336 2268 1392 2316 et
1419 2259 1804 2332 frequentibus
1827 2274 1858 2313 a

250 2348 411 2403 nobis
429 2349 624 2405 litteris
640 2349 759 2420 ipse
775 2351 853 2406 sis
869 2353 1127 2420 monitus,
1151 2363 1212 2409 ut
1231 2355 1561 2410 auctoritate
1578 2363 1857 2426 metropo-

247 2438 428 2509 litani,
453 2458 615 2513 quam
649 2444 747 2499 tibi
773 2445 1097 2515 apostolicae
1129 2447 1280 2503 sedis
1303 2448 1750 2519 pronuntiatione
1767 2447 1856 2502 ﬁr-

248 2537 546 2606 mavimus,
575 2538 799 2595 Proculi
826 2540 1054 2597 ausibus
1082 2542 1478 2615 conatibusque
1506 2543 1638 2610 illis,
1661 2542 1857 2614 quibus

248 2630 432 2687 adhuc
452 2648 512 2687 sc
535 2641 687 2703 putat
716 2634 900 2706 aliqua
928 2650 1093 2707 posse
1127 2637 1371 2706 turbare,
1403 2639 1566 2708 hujus
1596 2637 1675 2694 rei
1709 2635 1729 2674 τ
1755 2651 1852 2707 op-

251 2756 307 2820 et
351 2763 433 2820 ex,
454 2748 684 2819 epistola
719 2748 746 2804 1
795 2747 975 2804 Siricii
1007 2767 1064 2804 n.
1090 2751 1124 2804 4
1152 2749 1239 2804 hic
1265 2766 1385 2804 cum
1417 2759 1735 2820 pervetusto
1762 2763 1857 2804 co-

253 2818 375 2875 dice
403 2818 722 2876 Corbeirnsi
754 2826 819 2876 e’t‘
855 2820 1267 2891 Langobardico
1289 2818 1611 2877 Collt'ertino
1639 2822 1683 2877 si
1718 2821 1857 2874 mili-

255 2892 343 2948 tia:
391 2891 819 2959 pra-ferendum,
854 2907 955 2947 nec
981 2909 1037 2947 se
1085 2894 1286 2948 militiae
1335 2893 1687 2950 retinendum
1729 2908 1856 2948 esse

1968 1881 2279 1936 nullatenus
2328 1895 2511 1951 posse,
2548 1879 2575 1917 ἰ
2604 1882 2694 1952 qui
2725 1892 2817 1937 aut
2845 1890 3038 1938 contra
3072 1882 3288 1955 regulas
3318 1890 3569 1953 repente,

1965 1983 2059 2027 aut
2089 1983 2375 2044 postquam
2412 1973 2488 2028 illi
2534 1973 2943 2042 interdiximns,
2968 1981 3096 2030 sunt
3130 1974 3394 2030 ordinati.
3424 1973 3567 2029 Data

1971 2066 1985 2102 ί
2025 2084 2084 2124 ιιι
2136 2083 2310 2123 nonas
2356 2067 2579 2123 Martias
2619 2068 2783 2142 (Ann.
2817 2069 2955 2135 “8,
2987 2069 3171 2125 Martii
3208 2066 3290 2141 5),
3320 2066 3568 2127 Honorio

1960 2175 2035 2216 xu
2069 2170 2124 2217 et
2150 2160 2464 2217 Theodosio
2494 2176 2588 2215 Vill
2619 2163 2865 2231 angustis
2897 2162 3237 2218 consulibus.

2508 2251 2843 2310 EPISTOLA
2876 2252 2948 2308 XI
2980 2252 3027 2309 i.

1966 2341 2214 2401 Patroclo
2249 2344 2578 2400 commissum
2605 2362 2731 2411 esse,
2761 2354 2818 2399 ut
2848 2344 3069 2400 Proculi
3098 2345 3213 2400 loco
3244 2345 3409 2401 alium
3454 2346 3570 2416 epi-

2517 2455 2730 2513 scOpum
2756 2439 3036 2513 accipiant.
3392 2511 3437 2518 Μ

1965 2536 2198 2592 Zosmus
2230 2536 2440 2603 ‘clero,
2467 2536 2673 2605 ordini,
2700 2546 2757 2592 et
2787 2536 2931 2607 plebi
2955 2534 3278 2592 consistenti
3300 2511 3578 2591 Massilia

2037 2631 2155 2688 Non
2182 2631 2354 2687 miror
2384 2630 2676 2687 Proculum
2707 2631 2761 2686 in
2786 2639 3044 2687 consueta
3066 2629 3244 2687 adhuc
3269 2629 3455 2685 fronte
3478 2628 3580 2684 dn-

1951 2745 2131 2800 ‘lnisse
2176 2758 2365 2815 operas
2408 2743 2646 2813 pretium
2702 2742 2866 2813 duxi,
2904 2759 3014 2814 quo
3054 2742 3306 2815 advertat
3342 2741 3578 2815 quisque

1961 2818 2052 2889 qui
2085 2813 2400 2889 sanctorum
2432 2818 2638 2885 scripta
2670 2813 2989 2889 depravari,
3015 2815 3206 2889 sicque
3233 2813 3578 2889 _fqadata_ni-

1961 2884 2075 2943 hilo
2121 2888 2305 2941 minus
2350 2902 2475 2942 cum
2521 2884 2852 2942 auctoritate
2911 2884 3247 2959 aliqua’legi
3295 2884 3576 2941 interdum

256 2958 453 3034 liquet.
490 2966 567 3018 Eo
611 2975 770 3034 pacto
807 2963 1053 3019 Zosimns
1099 2980 1202 3020 una
1248 2980 1373 3019 cum
1427 2965 1627 3021 Siricio
1674 2966 1755 3021 eis
1789 2965 1854 3019 ad
1884 2958 1929 3019 C
1962 2959 2269 3034 contillgat.

256 3035 470 3091 clerum
501 3035 715 3092 videtur
744 3036 948 3090 aditum
980 3051 1199 3104 negare,
1222 3035 1314 3107 qui
1346 3052 1451 3089 non
1473 3040 1654 3092 statim
1678 3053 1708 3091 a
1730 3038 1856 3107 bap-

253 3109 425 3161 tismo
451 3122 575 3162 sn‘se
602 3107 863 3163 Ecclesiae
897 3108 1122 3163 servitio
1157 3107 1542 3176 manciparint.
1574 3109 1858 3163 Vereban-

254 3187 350 3250 tur
374 3178 656 3248 nimirum,
678 3195 746 3234 ne
772 3180 853 3234 illi
874 3188 1065 3234 contra
1095 3178 1442 3245 munditiem,
1473 3196 1594 3250 quae
1624 3179 1860 3234 clericos

254 3249 440 3320 decet,
469 3252 519 3305 iu
546 3253 779 3323 negotiis
800 3252 982 3306 δείξουιὶ
1011 3252 1304 3321 quidquam
1325 3249 1697 3307 admisissent.
1714 3252 1863 3319 Quo-

256 3323 402 3378 circa
435 3323 701 3378 laudanda
743 3324 1007 3378 modestia
1038 3339 1250 3384 eorum,
1283 3323 1371 3394 qui
1404 3324 1587 3395 gravis
1630 3324 1862 3393 alicujus

259 3395 511 3450 criminis
556 3395 850 3465 aliquando
881 3411 909 3448 a
962 3410 1021 3452 se
1064 3396 1339 3451 commissi
1386 3397 1630 3459 conscii,
1664 3410 1695 3449 a
1754 3409 1861 3451 tam

261 3476 461 3522 sancto
505 3475 648 3521 statu
688 3467 792 3539 ipsi
835 3482 893 3523 se
927 3468 1259 3533 subducunt,
1294 3482 1470 3538 eoque
1499 3483 1559 3523 se
1607 3467 1864 3539 indignos

263 3540 626 3594 arbitrantur.

341 3619 368 3684 εξ
397 3608 452 3663 In
478 3625 592 3684 ms.
622 3608 815 3679 Corb.,
848 3609 946 3666 ista
977 3628 1029 3665 se
1062 3612 1293 3684 gesserit.
1324 3611 1382 3666 In
1415 3611 1650 3684 duobus,
1677 3611 1862 3677 Colb.,

267 3681 316 3756 si
344 3681 609 3756 inculpata
644 3683 878 3756 gesserit,
907 3684 1028 3756 sin_e
1057 3681 1132 3739 se.
1175 3683 1231 3738 ιιι
1267 3683 1499 3756 Eborac.
1532 3694 1585 3739 et
1615 3683 1864 3749 Catnrc.,

268 3754 316 3808 si
330 3753 722 3825 inculpabiliter
743 3755 947 3810 vixerit.
973 3754 1112 3810 Tum
1144 3757 1288 3821 apud
1313 3754 1519 3824 Quesn.
1553 3764 1613 3809 nt
1636 3757 1687 3809 in
1717 3756 1868 3811 codi-

270 3824 429 3881 cibus
461 3824 587 3879 coll.
629 3825 821 3895 Hadr.,
848 3825 1139 3895 adhwrere,
1173 3828 1262 3882 ubi
1306 3829 1512 3882 rectius
1545 3828 1599 3882 in
1644 3827 1769 3882 aliis
1802 3828 1869 3882 lio

269 3895 406 3965 bris,
439 3895 658 3952 Merere.

345 3967 372 4006 ι)
408 3969 565 4038 Apud
586 3970 1126 4043 illabanumgtuctior
1150 3986 1168 4025 :
1189 3980 1353 4043 atque
1385 3970 1458 4024 ita
1488 3970 1629 4026 forte
1652 3970 1703 4025 in
1737 3986 1869 4025 mss.

277 4039 443 4095 Ebor.
484 4052 540 4095 et
570 4042 790 4097 Caturc.
836 4041 1148 4110 legendum,
1184 4039 1292 4098 non
1333 4050 1395 4097 ut
1443 4043 1724 4112 vulgatum
1764 4052 1873 4107 est,

274 4113 498 4166 acutior.
529 4113 638 4170 Sed
665 4129 787 4169 cum
819 4114 943 4168 aliis
976 4114 1130 4168 libris
1158 4113 1506 4170 retinendum
1537 4113 1786 4168 exactior.

351 4194 372 4222 ε
409 4184 569 4240 Merl.
598 4194 656 4241 et
678 4186 883 4254 Quesn.
909 4202 1032 4240 cum
1057 4185 1209 4251 Isid.,
1242 4202 1403 4255 neque
1434 4185 1602 4238 vidua:
1640 4185 1874 4249 maritus,

286 4271 443 4325 neque
460 4259 731 4326 pamitens.
766 4257 1050 4313 Editioues
1074 4258 1196 4313 aliae
1229 4269 1350 4327 post
1378 4256 1536 4312 Rom.
1571 4256 1764 4327 ordine
1796 4257 1876 4311 in-

284 4342 463 4392 verso,
495 4345 658 4398 neque
689 4330 961 4397 peenitens,
988 4346 1154 4401 neque
1186 4326 1357 4384 vidule
1402 4329 1643 4401 maritus,
1680 4326 1877 4401 verba,

282 4414 444 4470 neque
474 4401 645 4455 vidum
684 4403 925 4468 maritus,
951 4399 1150 4456 absunt
1190 4417 1219 4454 a
1253 4401 1415 4456 Crab.
1444 4410 1499 4453 et
1540 4399 1881 4455 collectioni-

281 4469 385 4544 bus
413 4471 601 4538 Dion.,
640 4473 831 4537 Hadr.,
864 4474 1123 4544 HiSpana,
1156 4471 1401 4544 Langob.
1436 4486 1652 4544 necnon
1682 4486 1713 4525 a
1745 4486 1878 4526 mss.

283 4541 475 4613 Regio,
508 4545 699 4610 Corb.,
730 4540 977 4608 Fossat.,'
996 4544 1170 4600 tribus
1195 4540 1380 4608 Colb.,
1412 4550 1521 4598 etc.
1553 4540 1624 4597 At
1656 4543 1711 4597 in
1745 4558 1880 4598 mss.

285 4613 451 4688 Ebor.
484 4625 540 4670 et
566 4616 788 4672 Caturc.
815 4617 959 4688 quod
991 4624 1245 4688 superest
1285 4631 1351 4670 ex
1394 4614 1496 4688 hac
1525 4614 1783 4684 epistola,
1811 4615 1883 4669 ita

285 4686 680 4757 interpolatum
714 4701 777 4742 ac
809 4685 1076 4743 mutatum
1104 4687 1327 4742 eﬁ'ertnr
1358 4705 1371 4742 :
1405 4685 1592 4757 Neque
1623 4688 1882 4758 bigamus,

288 4774 450 4832 neque
475 4771 758 4825 revertens,
787 4776 948 4831 neque
967 4760 1218 4832 paenitens
1238 4776 1280 4832 7a
1304 4760 1563 4832 maximis
1584 4758 1887 4813 criminibus

287 4830 356 4905 ad
394 4831 707 4905 (tos‘gradus
734 4830 898 4905 possit
920 4830 1429 4905 admitti.‘Alioquin
1469 4830 1763 4905 defensores
1807 4847 1890 4884 ec.

288 4902 485 4967 clcsite,
513 4901 601 4971 qui
631 4919 695 4957 ex
720 4901 868 4956 [uicis
914 4904 1045 4974 ﬁunt
1075 4903 1227 4955 unius
1274 4902 1473 4974 uxoris
1493 4901 1611 4970 viri,
1647 4902 1690 4956 si
1722 4902 1776 4955 in
1799 4918 1891 4974 sn-

290 4975 531 5043 pradt‘cta
558 4972 922 5030 observatione
947 4981 1241 5038 teneantur,
1272 4986 1317 5027 et
1349 4975 1395 5029 si
1427 4973 1532 5028 vita
1574 4982 1623 5026 et
1662 4972 1892 5030 moribus

289 5052 340 5098 et
365 5045 584 5100 scientia
609 5044 1007 5111 Scripturarum
1034 5047 1340 5113 meruerint,
1373 5046 1428 5100 in
1453 5044 1640 5100 ordine
1669 5045 1891 5099 clerica-

292 5126 372 5170 tus
397 5119 673 5173 admittere
699 5116 904 5173 debent.
935 5118 1198 5187 Quadam
1245 5118 1346 5171 alia
1378 5117 1628 5172 codicum
1670 5115 1893 5172 illorum

291 5189 494 5244 menda
524 5197 790 5245 annotare
822 5191 999 5262 piguit
1033 5207 1044 5244 :
1079 5188 1177 5244 sed
1226 5189 1342 5244 haec
1391 5202 1622 5260 prorsus
1669 5202 1779 5242 non
1824 5192 1898 5243 si-

1909 4369 1963 4431 D

368 5303 693 5360 ‘lnvehitnr
722 5303 1129 5367 inProculum,
1160 5305 1251 5375 qui
1302 5304 1431 5359 licet
1487 5311 1897 5371 exauctoratus,

294 5382 481 5432 tamen
515 5391 612 5447 pro
641 5376 922 5446 episcopo,
949 5386 1001 5430 ut
1033 5384 1215 5447 antea,
1236 5391 1296 5430 se
1317 5377 1571 5447 gerebat,
1606 5384 1661 5430 et
1691 5375 1904 5447 inquie-

298 5456 478 5503 torum
511 5448 877 5518 quornmdatn
922 5447 1127 5502 auxilio
1157 5446 1331 5502 fretus
1373 5446 1681 5501 Ecclesiam
1715 5446 1905 5518 turba~

297 5520 410 5575 bat.
457 5516 739 5590 Signiﬁcat
773 5524 847 5590 sej
875 5519 1117 5589 ipsorum
1176 5533 1363 5590 curam
1416 5518 1671 5590 Patroclo
1712 5516 1907 5590 Arela-

302 5591 447 5646 tensi
469 5588 858 5655 detuandasse,
875 5600 930 5644 ut
948 5592 1092 5659 ejus,
1115 5589 1263 5659 velut
1288 5589 1533 5659 episcopi
1551 5588 1660 5657 sui,
1680 5589 1911 5644 c0nsilio

305 5673 362 5719 et
392 5664 620 5718 nutibus
660 5664 1132 5734 obtemperarent.
1174 5658 1493 5734 Cesseritne
1515 5660 1769 5734 Patroclo
1797 5668 1915 5714 tan-

308 5735 431 5789 dem
464 5735 754 5803 Proculus,
787 5729 1131 5801 exploratum
1181 5747 1293 5786 non
1322 5743 1426 5787 est.
1464 5732 1571 5789 Sed
1602 5731 1674 5786 de
1698 5729 1918 5786 Zosimo

314 5807 460 5865 Subit
491 5808 689 5863 iterum
717 5805 929 5868 mirari,
956 5805 1048 5875 qui
1083 5803 1287 5858 factum
1330 5804 1424 5873 sit,
1457 5813 1517 5860 ut
1568 5802 1805 5860 Proculo
1834 5805 1921 5858 in-

2037 3030 2063 3067 ά
2095 3028 2240 3084 Editi
2272 3045 2396 3086 cum
2429 3046 2536 3083 ms.
2588 3029 2732 3084 Pith.
2762 3046 2857 3084 vm
2905 3030 3008 3084 kal.
3044 3028 3274 3084 Martias
3316 3028 3580 3083 Honorio.

1969 3102 2047 3156 Ex
2079 3101 2199 3155 aliis
2230 3116 2364 3155 mss.
2396 3102 2748 3157 restituimns
2770 3117 2821 3156 Ix
2850 3111 2904 3157 et
2929 3116 3254 3156 revocamus
3277 3098 3399 3154 DD.
3436 3097 3575 3155 NN.

1969 3174 2073 3228 hoc
2108 3183 2193 3226 est
2223 3173 2450 3227 dominis
2491 3174 2723 3240 nostris,
2758 3189 2865 3227 non
2904 3182 2961 3227 ut
2999 3172 3053 3227 in
3093 3188 3196 3228 ms.
3230 3172 3448 3228 Fossat.
3481 3186 3586 3227 ex-

1969 3258 2221 3315 pressum
2256 3254 2362 3306 est,
2402 3245 2615 3317 domino
2659 3254 2854 3300 nostro.
2902 3245 3088 3317 Longe
3138 3244 3296 3317 pejus
3342 3244 3396 3299 in
3453 3245 3583 3317 (ξιπ-

1971 3314 2176 3372 beiensi
2211 3325 2446 3384 quatuor
2479 3316 2593 3372 illis
2634 3318 2839 3372 litteris
2865 3314 3164 3372 substitnta
3204 3314 3289 3372 est
3328 3332 3432 3371 vox
3469 3314 3586 3371 No-

1970 3405 2083 3443 nas.
2124 3386 2284 3456 Apnd
2316 3387 2613 3442 Baronium
2649 3389 2717 3443 ad
2747 3405 2949 3443 annum
2978 3388 3086 3445 H8
3123 3395 3307 3444 exstat
3355 3388 3584 3445 Honorii

1971 3461 2101 3530 imp.
2135 3460 2402 3515 adversus
2442 3458 2772 3530 Pelagianos
2814 3461 3151 3530 Constitutio
3199 3461 3392 3517 iisdem
3437 3462 3583 3517 notis

1970 3529 2229 3601 insignita
2271 3531 2326 3586 in
2369 3532 2516 3587 hunc
2547 3529 2769 3588 modum
2800 3550 2813 3589 :
2846 3529 2971 3587 DD.
3005 3531 3140 3587 NN.
3170 3531 3413 3588 Honorio
3431 3549 3505 3588 xtt
3538 3542 3588 3590 et

1974 3602 2260 3658 Theodosii
2293 3619 2383 3658 xm
2414 3604 2506 3658 AA
2533 3620 2680 3659 cons.

2050 3686 2072 3712 ιε
2103 3676 2183 3729 Ad
2206 3673 2587 3746 Colbertinum
2623 3676 2891 3746 codicem,
2924 3676 2978 3733 in
3005 3690 3113 3746 quo
3133 3677 3370 3735 collecta
3402 3693 3585 3737 asser-

1976 3758 2175 3802 vantnr
2203 3745 2547 3804 Arelatensis
2572 3748 2841 3805 Ecclesia:
2872 3745 3185 3820 priviiegia,
3218 3760 3274 3807 et
3303 3767 3372 3806 ex
3395 3767 3505 3820 quo
3531 3753 3586 3806 in

1978 3820 2287 3892 Annalibus
2329 3820 2545 3874 Baronii
2597 3822 2833 3891 primum
2876 3820 3102 3892 prodiit,
3129 3836 3344 3877 necnon
3379 3822 3446 3877 ad
3479 3822 3584 3878 alia

1977 3891 2087 3946 duo
2118 3891 2485 3961 exemplaria,
2519 3907 2689 3946 unum
2740 3891 2989 3961 ejusdem
3032 3892 3416 3959 bibliothecae,
3451 3896 3588 3951 alte-

1979 3962 2311 4033 rutnRegim
2341 3980 2372 4016 a
2402 3963 2559 4017 nobis
2591 3964 2874 4033 recognita
2909 3973 3013 4019 est.

2058 4031 2076 4071 ί
2110 4032 2183 4087 ita
2230 4034 2397 4091 Sirm.
2435 4033 2504 4087 At
2552 4050 2687 4088 mss.
2726 4031 2883 4089 ‘Arel.
2924 4045 2978 4089 et
3005 4034 3164 4091 Colb.
3203 4051 3327 4091 cum
3380 4035 3581 4093 Baron.

1982 4120 2284 4177 oppressus,
2310 4104 2444 4177 Reg.
2464 4122 2757 4175 oppressos.
2782 4104 2960 4161 Antea
2989 4105 3140 4160 solus
3162 4104 3322 4162 Colb.
3338 4106 3460 4161 huic
3484 4109 3581 4177 rei,

1982 4175 2037 4232 et
2080 4185 2199 4244 post
2226 4190 2351 4230 cum
2383 4175 2520 4246 Reg.
2544 4176 2772 4231 retinens
2797 4177 3022 4245 rigorem
3045 4193 3443 4246 censuramque.

2060 4256 2083 4296 ις
2116 4246 2172 4301 In
2204 4248 2459 4316 vulgatis,
2507 4247 2771 4318 Quidnam
2798 4256 3003 4318 putaret
3041 4247 3179 4301 unde
3216 4249 3392 4303 istaut.
3427 4248 3584 4305 Colb.

1990 4342 2119 4395 ms.,
2151 4325 2368 4399 Cuinant
2399 4337 2583 4398 putant
2611 4322 2692 4381 an
2706 4328 2881 4382 istam.
2916 4327 3076 4397 ch.,
3103 4327 3326 4382 Cuinam
3365 4322 3590 4399 putandi

1986 4399 2158 4481 istam.
2187 4397 2342 4466 Quod
2380 4397 2641 4471 eorrnpte
2678 4400 2940 4470 positum,
2970 4397 3384 4456 resarciendum
3427 4409 3587 4471 puta-

1986 4486 2187 4526 VllllllS.

2061 4538 2090 4579 ιι
2117 4542 2270 4614 Apud
2315 4542 2517 4597 Baron.
2549 4550 2608 4597 ut
2638 4542 2691 4598 in
2726 4558 2827 4598 ms.
2866 4542 3040 4612 Arel.,
3068 4544 3192 4612 quia
3216 4553 3328 4599 aut.
3358 4542 3481 4599 Mox
3509 4562 3592 4601 re-

1990 4617 2161 4687 pente,
2190 4614 2242 4668 id
2269 4624 2355 4670 est
2390 4616 2535 4686 quod
2565 4616 2622 4669 in
2657 4615 2929 4687 superiori
2959 4616 3190 4687 epistola
3235 4634 3290 4670 n.
3321 4616 3393 4683 2,
3426 4616 3589 4684 saltu,

1992 4696 2048 4742 et
2080 4686 2133 4741 in
2170 4687 2399 4756 epistola
2427 4688 2458 4742 7
2483 4705 2536 4741 n.
2565 4687 2622 4759 2,
2644 4686 2786 4743 saltu
2815 4686 3007 4760 subito.
3039 4686 3167 4743 Istic
3193 4688 3409 4760 quidem
3439 4688 3594 4745 Zosi-

1998 4774 2119 4814 mus
2146 4774 2368 4832 poenam
2393 4760 2540 4827 silet,
2569 4776 2734 4832 quam
2781 4760 2833 4832 in
2873 4759 3247 4832 ordinatorem
3293 4777 3401 4815 non
3436 4775 3597 4816 secus

1996 4841 2160 4901 atque
2189 4830 2556 4904 inordinatos
2590 4830 2646 4887 in
2673 4831 2885 4888 duabus
2915 4830 3194 4901 prazdictis
3218 4832 3474 4904 epistolis
3503 4832 3602 4888 de-

1997 4903 2193 4958 cernit.
2229 4902 2430 4958 Verum
2463 4904 2604 4959 hanc
2650 4904 2884 4959 Proculo
2931 4904 3158 4960 minime
3186 4902 3267 4959 ab'
3296 4920 3363 4962 eo
3405 4904 3602 4960 remis-

1996 4989 2112 5028 sam
2128 4972 2317 5046 fuisse
2346 4990 2414 5030 ex
2437 4977 2669 5045 epistola
2702 4976 2955 5046 sequenti
2986 4974 3168 5045 palam
3199 4974 3313 5032 ﬁet.

2078 5046 2093 5081 ί
2126 5044 2263 5116 Reg.
2293 5062 2424 5109 ms.,
2454 5044 2506 5101 tv
2533 5063 2718 5101 nonas.
2784 5044 2797 5046 ἡ
2991 5044 2999 5045 ί
3118 5108 3131 5111 ,,

2079 5117 2091 5167 i
2134 5116 2439 5190 Epistolam
2465 5119 2607 5178 hanc
2637 5134 2705 5174 ex
2731 5117 2800 5174 iis
2832 5119 2968 5189 ipsis
2995 5118 3265 5186 fontibus,
3296 5135 3363 5175 ex
3407 5117 3609 5190 quibus

2001 5189 2371 5258 superiorem,
2400 5191 2738 5260 accepimus.

2010 5304 2216 5361 feusior
2242 5304 2515 5381 videatur,
2542 5322 2702 5381 quem
2721 5320 2976 5381 sanctum
3001 5308 3316 5379 pontiﬁcem
3344 5308 3611 5381 Hierony-

2010 5391 2132 5450 mus
2157 5376 2402 5450 appellat
2427 5377 2587 5450 epist.
2622 5376 2675 5444 4,
2714 5378 2899 5435 faveat
2924 5376 3113 5436 contra
3144 5380 3416 5446 Patroclo,
3452 5376 3610 5450 cujus

2015 5447 2081 5503 ad
2131 5447 2502 5517 episeopatum
2543 5449 2921 5507 Arelatensem
2965 5451 3141 5508 fmdus
3177 5450 3381 5516 aditus,
3415 5447 3614 5507 foedior

2016 5518 2419 5589 administratio
2447 5535 2803 5578 memoratur.
2834 5523 2999 5578 Pulso
3039 5520 3312 5589 siquidem
3343 5537 3373 5575 a
3403 5522 3617 5578 civibus

2020 5588 2246 5663 Hetote,
2266 5601 2326 5646 ιιι
2356 5589 2592 5663 Prosper
2617 5593 2669 5648 in
2691 5590 2966 5650 Chronico
3020 5588 3235 5660 scribit,
3263 5592 3384 5647 viro
3428 5603 3620 5663 sancto

2021 5671 2078 5715 et
2109 5662 2353 5727 insonte,
2386 5662 2441 5716 in
2471 5662 2588 5731 ejus
2617 5664 2794 5721 locum
2820 5667 3108 5722 ordinatus
3129 5673 3214 5716 est
3243 5678 3387 5716 anno
3415 5662 3623 5721 Christi

2023 5732 2155 5799 512,
2192 5734 2336 5802 quod
2372 5734 2582 5790 amicus
2601 5747 2657 5791 et
2687 5736 2968 5792 familiaris
2989 5744 3135 5790 esset
3171 5732 3474 5790 Consuantii
3506 5752 3627 5792 ma-

2029 5806 2186 5875 gistri
2206 5805 2464 5875 militum,
2495 5807 2650 5878 cujus
2680 5825 2777 5880 per
2832 5809 3013 5878 ipsum
3060 5805 3235 5875 gratia
3262 5808 3633 5877 quaerebatur.
