4122 6346
584 280 691 343 675

1946 270 2006 327 Ξ.
2045 265 2277 329 ZOSIMI
2317 262 2525 329 ΡΑΡᾸΞ

3784 256 3886 318 676

587 406 729 455 rare,
766 397 819 445 et
860 398 886 427 δ
922 387 1149 442 oblitum
1206 386 1422 458 penitus
1462 382 1691 457 pudoris
1738 378 1979 453 quotidie
2022 378 2186 448 digna
2218 380 2261 443 A
2293 373 2529 439 Zosuws
2555 372 2802 437 Atlante
2826 383 2894 429 ac
2924 370 3163 437 exteris,
3193 367 3285 441 qui
3318 368 3372 424 in
3402 365 3636 427 concilio
3660 365 3889 423 Cartha-

584 485 933 542 damnatione
959 483 1324 551 committere,
1357 495 1457 539 nec
1486 476 1779 549 aliquando
1804 474 2097 541 desistere,
2126 479 2185 526 ut

582 580 747 643 toties
785 578 1151 635 commonitus
1200 574 1608 645 prohibitusque
1647 586 1752 633 non
1796 578 2000 631 cesset.
2046 569 2184 627 Ecce

586 680 787 728 coetum
818 679 1014 729 vestrae
1062 667 1371 729 dilectionis
1402 682 1496 727 Sua
1521 708 1535 733 ,
1562 681 1664 737 qua
1694 664 1812 725 sola
1862 674 2027 723 notos
2058 672 2136 719 est
2167 703 2182 731 ,

586 764 892 823 turbatione
933 762 1217 821 confundit
1251 779 1262 813 :
1299 775 1398 821 nec
1451 760 1753 821 Ecclesium
1804 758 2014 831 patitur
2052 771 2187 819 esse

586 856 938 923 concordem,
972 870 1093 915 cum
1129 853 1240 911 suis
1278 852 1331 911 id
1360 861 1483 925 agat
1527 866 1746 921 semper
1789 849 1985 911 officiis
2011 892 2025 914 ,
2057 864 2189 927 qua-

588 957 746 1003 tenus
776 961 1041 1018 aggerens
1072 954 1344 1021 postrema
1377 943 1675 1017 prioribus,
1706 943 1910 1005 malum
1942 940 2184 1012 aliquod,

587 1038 729 1111 quod
759 1050 883 1095 ante
911 1039 1283 1109 commiserat,
1312 1037 1363 1097 in
1396 1038 1551 1113 pejus
1581 1037 1855 1095 emendet.
1892 1036 2024 1095 Cum
2066 1036 2188 1111 ipse

581 1134 693 1206 jam
720 1149 826 1188 non
854 1133 923 1188 sit
948 1131 977 1171 ιι
999 1132 1315 1207 episcenos,
1345 1131 1638 1202 episc0pos
1660 1130 1811 1201 facit,
1835 1141 1890 1191 et
1920 1131 2187 1191 humanus

584 1224 807 1299 largitor
845 1225 965 1280 aliis
1013 1242 1073 1281 se
1112 1225 1245 1282 dicit
1276 1239 1441 1296 posee
1493 1233 1754 1299 prtestare
1783 1268 1798 1293 ,
1826 1222 1971 1297 quod
2002 1222 2185 1285 datum

584 1320 682 1375 sibi
721 1319 1016 1391 aliquando
1043 1320 1321 1379 immerito
1365 1329 1556 1381 tenere
1586 1333 1697 1383 non
1743 1320 1941 1391 potuit.
1967 1317 2187 1379 Addens

583 1412 687 1471 sibi
714 1412 1000 1485 jungitque
1029 1411 1284 1485 inquieta:
1328 1414 1526 1475 mentis
1561 1412 1843 1481 homines,
1870 1423 1924 1471 et
1960 1411 2051 1483 qui
2082 1411 2185 1469 soli

584 1514 814 1585 possunt
842 1506 1023 1561 lavere
1057 1506 1317 1569 damnato
1338 1550 1351 1573 ,
1376 1522 1475 1581 per
1504 1522 1644 1579 quos
1672 1521 2030 1578 qua‘cumqtte
2063 1514 2181 1565 tur-

587 1600 778 1657 barum
830 1599 1108 1655 studiosus
1159 1598 1362 1677 cegitat
1389 1645 1403 1666 ,
1432 1600 1532 1655 bac
1561 1615 1655 1659 sua
1715 1599 1885 1657 fidens
1924 1599 2188 1661 societate

582 1695 853 1753 conﬁciat.
872 1696 977 1751 Sed
1000 1695 1192 1757 habeo.
1212 1695 1409 1751 fratres
1429 1694 1764 1765 charissimi,
1785 1696 1953 1753 vestri
1974 1709 2182 1765 curam,

2360 468 2575 543 giuensi
2621 466 2957 537 adfuerunt,
2984 462 3357 525 dilectissimis
3385 461 3646 523 fratribus
3677 460 3733 517 in
3784 459 3887 518 Do-

2362 563 2510 621 mino
2531 561 2788 623 salutent.

2364 658 2417 712 Ι.
2438 655 2696 731 Quamvis
2716 653 2937 715 Patrum
2970 650 3188 711 traditio
3216 648 3536 723 apostolica:
3558 647 3676 709 sedi
3697 657 3885 708 aucto-

2288 751 2509 817 ritatem
2538 759 2741 811 tantam
2778 748 3052 816 tribuerit,
3078 757 3136 805 ut
3164 746 3235 811 de
3270 745 3393 817 eius
3424 744 3634 817 judicio
3669 744 3888 815 discep-

2292 852 2407 909 tare
2432 844 2621 907 nullus
2643 842 2892 915 auderet,
2921 841 3081 915 idque
3104 857 3202 913 per
3222 856 3465 901 canones
3484 856 3709 913 semper
3736 856 3891 912 regno

2289 938 2479 1012 usque
2500 936 2749 1010 βωμία,
2776 934 2971 993 eadem
3002 933 3191 1007 sedes]
3218 934 3548 999 servaverit.
3572 941 3633 995 et
3660 947 3890 995 curram

2288 1032 2467 1093 adbuc
2490 1033 2605 1091 suis
2633 1030 2844 1102 legibus
2874 1027 3245 1091 ecclesiastica
3280 1026 3565 1099 disciplina
3597 1026 3746 1089 Petri
3795 1040 3892 1081 uo-

2289 1122 2446 1195 mini,
2462 1138 2492 1181 a
2518 1138 2628 1192 quo
2646 1122 2763 1195 ipsa
2788 1135 3005 1193 quoque
3026 1119 3326 1189 demendit,
3348 1119 3712 1181 reverentiam
3732 1132 3888 1189 quam

2286 1215 2450 1279 debet
2468 1215 2751 1277 exsolvat:
2780 1223 2986 1273 tantam
3015 1213 3159 1277 enim
3183 1210 3313 1275 huic
3341 1212 3600 1285 Apostolo
3620 1210 3887 1271 canonica

2287 1309 2581 1382 antiquitas
2612 1318 2634 1343 ο
2664 1324 2761 1382 per
2787 1307 3090 1371 sententias
3132 1307 3378 1367 omnium
3412 1306 3587 1367 voluit
3634 1321 3761 1363 esse
3791 1320 3887 1377 po-

2290 1403 2511 1463 tentiam
2538 1443 2555 1475 ,
2580 1418 2647 1459 ex
2674 1402 2786 1473 ipsa
2809 1416 3026 1475 quoque
3051 1398 3253 1461 Christi
3294 1399 3390 1465 Dei
3435 1398 3609 1465 noetri
3653 1400 3886 1471 promis-

2288 1498 2463 1563 sione,
2495 1505 2551 1555 ttl.
2571 1504 2625 1551 et
2650 1495 2813 1573 ligata
2837 1495 3092 1559 solveret,
3122 1504 3179 1550 et
3203 1492 3386 1549 soluta
3417 1492 3645 1553 vinciret
3667 1491 3885 1564 (Matth.

2291 1608 2404 1656 xvi,
2441 1589 2562 1662 l9);
2589 1605 2688 1661 par
2716 1589 3001 1661 potestatis
3032 1588 3155 1649 data
3183 1588 3426 1647 conditio
3446 1586 3503 1649 in
3532 1603 3653 1656 eos,
3684 1587 3778 1658 qui
3804 1601 3889 1645 se-

2287 1684 2371 1743 dis
2400 1683 2795 1750 brereditatetn,
2823 1684 2939 1754 ipso
2974 1693 3275 1746 annuente,
3301 1681 3635 1742 meruissent
3668 1699 3682 1739 :
3729 1679 3889 1741 habet

584 1789 817 1844 moleste
849 1788 1032 1843 ferens
1073 1787 1333 1861 quidquid
1368 1787 1460 1845 ille
1498 1786 1824 1857 quotidianis
1854 1786 2078 1843 ausibus
2106 1787 2181 1841 la-
2212 1781 2259 1849 B
2287 1776 2429 1831 enim
2466 1773 2481 1813 τ
2512 1777 2648 1847 ipsc.
2676 1790 2801 1833 cum
2830 1774 3071 1830 ninnium
3116 1772 3491 1835 Ecclesiarunt
3516 1816 3532 1843 ,
3565 1782 3683 1835 illi)
3730 1771 3887 1843 huius

584 1880 699 1951 cit,
733 1882 783 1936 id
815 1897 911 1937 vos
939 1925 952 1947 ,
983 1879 1349 1945 Christianum
1392 1881 1682 1952 populum,
1711 1890 1761 1935 et
1789 1880 1878 1955 qui
1910 1880 1962 1937 in
1997 1890 2183 1939 nostra

582 1974 848 2035 cbaritate
877 1975 1151 2046 persislat,
1187 1989 1348 2046 posse
1377 1972 1644 2046 perferre,
1680 1988 1779 2029 nec
1807 1973 1924 2044 ejus
1955 1974 2185 2035 obviare

584 2066 760 2135 factis,
788 2080 877 2123 aut
901 2083 1206 2141 repugnare
1228 2067 1539 2127 conatibus.
1570 2066 1776 2129 Idcirco
1806 2082 1990 2127 curam
2018 2067 2186 2127 vestri

581 2161 709 2218 licet
744 2172 796 2218 et
837 2163 1107 2233 prioribus
1146 2162 1518 2226 commiserim
1553 2161 1751 2219 litteris
1784 2172 1806 2199 ε
1848 2171 2038 2219 ιὀειτςιι
2071 2177 2187 2225 me.

584 2256 912 2326 tropolitano
945 2255 1237 2326 provincia:
1266 2255 1420 2311 fratri
1446 2265 1501 2311 et
1522 2256 1851 2333 coepiscopo
1875 2266 2064 2311 nostro
2087 2256 2188 2311 Pa-

583 2349 977 2419 troclo,tamen
1011 2349 1208 2407 iterum
1238 2348 1523 2407 committo
1552 2356 1642 2404 :ut
1674 2348 1844 2418 ipsius
1875 2348 1973 2407 tuti
2005 2349 2184 2407 consi-

579 2440 654 2497 lio
684 2451 738 2497 et
767 2458 864 2512 pro
889 2440 1303 2512 disciplinarum
1329 2441 1543 2499 ratione
1570 2442 1807 2507 formati,
1837 2440 1954 2511 ejus
1975 2442 2186 2497 obtem-

584 2544 834 2606 perantes
877 2535 1100 2593 nutibus
1130 2578 1143 2604 ,
1178 2535 1402 2606 dignum
1448 2533 1670 2615 possitis
1718 2535 1967 2603 accipere
1998 2548 2185 2595 sacerv

580 2628 785 2683 dotem.
819 2629 950 2682 Data
996 2644 1052 2683 tu
1086 2642 1255 2685 nonas
1282 2628 1504 2683 Martias
1536 2626 1706 2699 (Ann.
1728 2624 1856 2693 418,
1890 2624 2044 2683 Febr.
2078 2624 2113 2681 5
2141 2624 2182 2695 ),

584 2723 825 2778 llonorio
857 2738 929 2777 xu
959 2731 1012 2777 et
1038 2721 1351 2777 Theodosio
1373 2736 1465 2776 vui
1498 2719 1742 2791 angustis
1767 2718 2107 2776 consulibus.

1115 2854 1450 2911 EPISTOLA
1476 2855 1570 2911 XII
1603 2853 1653 2909 ἀ.

583 2968 821 3025 Zosimns
854 2971 1161 3024 auctoritate
1189 2971 1324 3025 sedis
1352 2988 1459 3025 sua:
1489 2971 1721 3042 pluribus
1751 2973 2011 3038 explicata
2031 3015 2044 3037 ,
2072 2990 2183 3029 cer-

654 3043 810 3114 tiores
842 3044 1005 3114 Afros
1024 3043 1173 3114 facit,
1206 3059 1259 3099 se
1288 3060 1387 3098 non
1416 3060 1638 3111 omnem,
1668 3056 1721 3098 ut
1753 3045 1880 3114 ipsis
1904 3047 2175 3113 visuntcst,

650 3110 876 3173 Cwlrstii
903 3110 1065 3170 verbis
1092 3112 1246 3184 ﬁdem
1269 3110 1656 3185 commodasse,
1676 3110 1851 3173 aut'ea
1880 3110 2178 3172 immutasse

651 3202 768 3258 qua:
795 3185 855 3240 de
877 3185 967 3245 illo
989 3202 1020 3238 a
1046 3186 1309 3245 decessore
1332 3205 1426 3243 suo
1451 3197 1644 3243 statuta
1663 3198 1804 3245 sunt.

655 3318 680 3344 τι
707 3308 862 3377 Mss.,
895 3307 1286 3380 oblitoipenitus
1310 3310 1529 3380 pudore.

585 3391 831 3453 parasset
885 3379 1148 3437 Proculus
1191 3379 1496 3453 sanctitatis
1529 3382 1726 3435 famam
1761 3424 1773 3445 ,
1810 3382 2174 3453 llicronymus

579 3452 681 3504 sub
709 3452 874 3507 linem
904 3453 1148 3520 epistola:
1173 3453 1201 3503 λι
1228 3452 1291 3504 ad
1319 3452 1603 3507 Rusticum
1634 3453 1812 3522 prodit
1842 3452 1926 3507 bis
1951 3452 2132 3506 verbis
2160 3472 2169 3506 :

582 3522 756 3596 [Iabes
780 3524 895 3596 istic
919 3535 1152 3581 sanctum
1177 3522 1627 3587 doetissimumque
1655 3524 1945 3596 ponti/irent
1975 3523 2176 3579 Procu-

580 3592 817 3667 lmn,qtti
834 3595 943 3646 rivo
967 3604 1011 3647 et
1036 3597 1273 3664 prmsrnti
1297 3612 1415 3649 voce
1436 3607 1635 3650 uestras
1653 3592 1924 3651 scltrdulas
1946 3605 2173 3667 superet,

580 3665 995 3740 quotidianisquc
1024 3666 1327 3740 tractatibus
1360 3668 1455 3721 iter
1503 3680 1647 3722 tuum
1685 3667 1875 3740 dirigat
1904 3708 1918 3732 ,
1952 3665 2042 3740 nec
2076 3684 2170 3737 pa~

580 3738 735 3811 tiatur
756 3746 821 3803 te,
846 3739 896 3811 in
918 3739 1350 3811 partrm_alterant
1375 3739 1704 3803 drrlinando,
1728 3738 1861 3793 viam
1884 3738 2174 3811 relinquere

578 3810 793 3881 regiam.
837 3808 943 3881 sed
986 3809 1130 3881 quod
1174 3811 1311 3875 sibi,
1339 3812 1501 3864 etiam
1536 3812 1845 3879 prohibitus
1868 3856 1881 3877 ,
1915 3808 2177 3881 arrognt'e

581 3897 685 3934 nun
732 3879 979 3955 destitit,
1006 3879 1134 3951 quis
1161 3893 1381 3937 ctu-usui
1428 3884 1452 3935 ?
1485 3884 1743 3955 Quamvis
1798 3884 1941 3939 cnim
1978 3879 2173 3937 Tauri-

585 3966 753 4006 nense
775 3953 1064 4006 concilium
1094 3967 1215 4007 Can.
1242 3957 1294 4022 l,
1321 3956 1395 4008 uti
1423 3953 1673 4024 superius
1694 3966 1775 4009 cst
1801 3955 2173 4018 observatum,

584 4024 630 4076 ci
665 4025 1017 4089 concesserit,
1045 4033 1102 4078 ttt
1134 4024 1431 4096 episcopis,
1466 4023 1603 4097 quos
1637 4042 1662 4076 τι
1696 4041 1753 4075 Su
1778 4023 2065 4079 ordinatos
2098 4024 2150 4079 di

581 4106 756 4170 iterat,
791 4105 1054 4168 tamquam
1080 4098 1377 4170 pateriﬁliis
1402 4098 1596 4153 honore
1617 4097 1870 4170 prima'us
1893 4102 2176 4164 assistt‘ret,

579 4165 652 4240 illi
686 4179 877 4240 tamen
912 4165 985 4240 'ut
1012 4169 1395 4224 ordinationes
1428 4165 1856 4225 novas'fnct-rct
1905 4185 2014 4223 non
2049 4185 2176 4240 per-

578 4237 928 4317 misitqudeo
960 4239 1300 4317 difilcile_est
1328 4244 1470 4296 intra
1491 4255 1676 4317 arquos
1706 4241 1961 4317 legitima:
1998 4237 2182 4317 potes-

577 4311 700 4384 tatis
733 4312 932 4366 limites
962 4326 1020 4366 se
1052 4311 1370 4377 continere,
1398 4324 1489 4369 aut
1518 4311 1584 4367 eo
1615 4311 1887 4368 absistere
1919 4314 2062 4384 quod
2095 4327 2181 4367 se-

576 4382 680 4509 gtel
747 4395 1067 4454 usurpatum
1131 4385 1285 4455 longa
1345 4385 1690 4441 consuetudo
1752 4382 2047 4441 roborasse
2102 4384 2181 4439 vi-

617 4463 793 4509 eatur.

617 4463 793 4510 eatur.

582 4596 614 4651 b
646 4525 673 4650 ll)
704 4526 915 4599 Quippe
945 4526 1039 4597 qui
1070 4526 1361 4582 damnatus
1394 4538 1542 4598 erat,
1570 4540 1626 4584 ut
1668 4530 1720 4583 in
1751 4528 1988 4599 epistola
2014 4529 2044 4582 7
2088 4527 2184 4587 Ita-

617 4612 647 4651 e
677 4614 761 4651 ur.

617 4605 761 4652 ειυτ.

649 4678 672 4706 ο
708 4668 940 4724 Littera:
971 4669 1077 4723 illa:
1110 4685 1216 4723 non
1270 4680 1521 4734 exstant,
1555 4671 1757 4740 quibus
1787 4670 1918 4725 illttd
1980 4685 2179 4726 munus

580 4737 831 4815 Batroclo
859 4741 1157 4815 incoclesia
1179 4742 1505 4815 Massiliensi
1534 4737 1840 4815 delegatum
1870 4751 2008 4815 erat,
2032 4742 2177 4813 quod

578 4810 880 4880 Gregorius
910 4812 1294 4867 Visitatoribus
1322 4824 1443 4881 post
1465 4810 1709 4870 amotum
1735 4825 1827 4875 aut
1855 4810 2173 4871 defunctum

578 4883 896 4953 episcopum
926 4883 1184 4953 frequens
1223 4884 1539 4941 committit.

648 4950 686 5030 fl
709 4956 753 5007 A
783 4950 1079 5030 Baronioﬁ
1111 4954 1373 5030 Vaticano
1404 4959 1593 5030 codice
1646 4969 1799 5014 eruta
1828 5001 1841 5027 ,
1869 4968 2032 5030 atque
2062 4960 2173 5016 An-

581 5024 782 5079 nalium
812 5038 947 5103 tom.
972 5025 1068 5103 ιιι,
1094 5028 1159 5080 ad
1188 5044 1387 5103 annum
1413 5028 1540 5099 418,
1576 5031 1806 5102 primum
1826 5024 2040 5103 vulgata
2066 5042 2169 5099 est,

580 5103 637 5152 et
672 5114 700 5149 a
736 5100 893 5153 nobis
917 5099 983 5153 ad
1016 5102 1245 5156 alterum
1275 5101 1446 5157 Vatic.
1473 5099 1685 5159 exacta.

652 5179 675 5208 ο
706 5170 937 5246 Ga_rner.
993 5171 1062 5228 de
1092 5189 1190 5228 suo
1234 5175 1515 5231 substituit
1546 5192 1702 5246 super
1742 5177 2023 5232 sententias
2061 5194 2080 5242 ;
2110 5192 2174 5233 ac

578 5258 727 5313 mox,
762 5243 830 5297 Et
870 5246 983 5315 ipsa
1007 5263 1202 5318 quoque
1231 5246 1423 5302 Christi
1446 5247 1542 5302 Det
1567 5243 1727 5302 nostri
1752 5249 2048 5318 promissio.
2075 5248 2172 5303 llic

577 5335 756 5406 anue
786 5353 888 5414 res,
922 5338 1119 5414 inquit,
1144 5341 1276 5399 inter
1303 5342 1567 5414 episcopos
1604 5343 1832 5413 regionis
1861 5342 2008 5414 illius
2046 5358 2164 5397 ma-

574 5426 796 5482 gnarum
825 5410 1203 5470 discordiarum
1252 5410 1485 5469 materia
1525 5410 1752 5481 fuithe
1780 5413 2016 5467 venditis
2063 5429 2161 5468 au—

578 5490 685 5555 tem
716 5482 870 5539 abeo
894 5484 1236 5555 sacerdotiis,
1289 5487 1338 5539 in
1373 5488 1543 5541 altero
1592 5485 1845 5555 i’rosperi
1888 5484 2166 5540 Chronico

577 5552 860 5613 Pitltmano
912 5554 1235 5611 :Putroclus
1288 5557 1600 5627 Arelatensis
1644 5552 1920 5627 episcopus
1978 5557 2166 5626 infanti

575 5634 803 5681 mercatu
844 5627 1134 5683 sacerdotia
1180 5625 1455 5683 venditare
1487 5644 1667 5681 ausus.
1724 5625 2043 5683 Verisimile
2083 5638 2168 5682 est

617 5712 822 5761 rursus,
854 5694 908 5753 in
959 5698 1061 5753 hac
1104 5708 1215 5755 tota
1268 5699 1505 5755 Patrocli
1550 5714 1677 5753 cum
1707 5699 1939 5753 Proculo
1969 5699 2160 5754 Massi-

603 5767 1008 5839 iensitllilat‘io
1038 5769 1398 5838 Narbonensi,
1432 5769 1713 5839 Simplicio
1765 5769 2084 5837 Viennensi,
2114 5778 2171 5839 et

584 5853 706 5899 cum
737 5836 879 5909 aliis,
921 5842 1324 5911 controversia,
1352 5836 1408 5897 et
1435 5842 1486 5896 itt
1516 5836 1915 5911 ainplilicandis
1944 5836 2171 5899 honeri-

1573 3310 1842 3379 Quantam
1888 3308 1991 3362 sibi
2024 3324 2143 3363 cont

2287 1870 2519 1924 maxime
2557 1868 2651 1922 ubi
2694 1868 2945 1933 sederat,
2976 1883 3163 1923 curant
3208 1882 3225 1933 ;
3276 1881 3382 1927 nec
3430 1867 3636 1939 patitur
3686 1864 3886 1937 aliquid

2288 1964 2555 2036 privilegii
2612 1975 2703 2018 aut
2753 1964 2932 2035 aliqua
2986 1964 3221 2027 titubare
3268 1979 3403 2023 aura
3448 1960 3885 2047 sententite,cui

2289 2067 2313 2105 ts
2342 2059 2451 2128 ipsa
2478 2057 2560 2111 sui
2602 2056 2836 2117 nominis
2882 2058 3033 2119 firma
3066 2068 3119 2117 et
3166 2057 3331 2117 nullis
3361 2056 3617 2117 hebetata
3648 2056 3887 2115 motibus

2285 2151 2567 2208 constituit
2596 2150 2965 2221 fundamenta,
2996 2160 3050 2213 et
3078 2168 3199 2224 qua:
3229 2152 3350 2213 sine
3382 2166 3483 2213 suo
3524 2150 3774 2225 periculo
3807 2158 3886 2205 te-

2288 2260 2439 2307 mere
2464 2244 2646 2307 nullus
2676 2244 2912 2303 incessat
2954 2260 3115 2307 :cum
3159 2260 3291 2319 ergo
3333 2253 3495 2303 tian
3538 2242 3883 2305 attetorilatis

2288 2340 2482 2396 Petrus
2527 2349 2691 2410 caput
2719 2340 2789 2395 sit
2817 2382 2829 2403 ,
2872 2348 2926 2401 el
2992 2340 3274 2411 sequentia
3325 2337 3568 2401 eninium
3618 2335 3887 2406 majorum

2289 2431 2313 2469 ιι
2338 2432 2514 2491 studia
2546 2432 2870 2499 tirmaverit,
2906 2444 2958 2491 ut
2992 2441 3099 2487 tam
3127 2430 3380 2493 humanis
3410 2446 3572 2503 quam
3596 2428 3794 2487 divinis
3814 2427 3891 2490 le-

2286 2528 2444 2599 gibus
2473 2534 2529 2581 et
2556 2525 2855 2601 dist-ipliuis
2895 2524 3154 2583 omnibus
3200 2524 3449 2583 firmetur
3496 2523 3745 2579 Romana
3785 2522 3888 2585 Ec-

2287 2620 2638 2693 clesia,cujus
2668 2621 2847 2679 locum
2876 2634 2976 2677 nos
2999 2634 3214 2693 regere,
3238 2617 3251 2655 ί
3271 2618 3447 2696 ipsius
3472 2632 3691 2695 quoque
3715 2625 3889 2688 potes-

2290 2724 2448 2769 tatem
2496 2715 2734 2769 nominis
2779 2714 3031 2770 obtinere
3064 2729 3169 2768 non
3221 2713 3359 2771 latet
3389 2729 3487 2768 vos
3515 2755 3529 2779 ,
3554 2712 3651 2771 Sed
3696 2711 3883 2781 nostis,

2288 2811 2481 2867 fratres
2497 2806 2826 2877 cbarissimi,
2843 2807 3385 2881 et,quemadmodum
3404 2806 3889 2878 sacerdotes,scire

2286 2905 2499 2961 debetis
2524 2923 2536 2959 :
2564 2913 2744 2960 tamen
2771 2918 2894 2960 cum
2923 2913 3130 2961 tantum
3156 2903 3320 2960 nobis
3348 2912 3495 2959 esset
3521 2901 3883 2969 auctoritatis,

2287 3010 2343 3055 ut
2374 2999 2553 3053 nullus
2580 2999 2648 3053 de
2674 3006 2858 3053 nostra
2885 2998 3054 3068 possit
3077 3006 3376 3057 retractare
3404 2996 3682 3053 sententia
3710 3012 3726 3063 ;
3754 2994 3884 3053 nihil

2285 3094 2517 3164 egimus,
2548 3091 2690 3165 quod
2722 3108 2825 3147 non
2856 3090 2920 3147 ad
2954 3100 3191 3153 vestram
3223 3092 3471 3153 notitiam
3507 3091 3712 3151 nostris
3744 3089 3885 3149 ultro

2208 3180 2253 3243 C
2287 3188 2482 3247 litteris
2520 3185 2853 3245 referremus
2891 3203 2905 3252 ;
2936 3186 3128 3247 dantes
3168 3186 3288 3243 hmo
3334 3184 3667 3244 fraternitati
3695 3227 3709 3251 ,
3736 3193 3800 3239 ut
3834 3183 3887 3239 in

2280 3325 2371 3379 per
2400 3306 2685 3379 sententias
2714 3308 3099 3379 omnium,pro
3129 3322 3334 3379 suntmo
3368 3320 3621 3379 consensu
3649 3303 3888 3379 omnium

2278 3375 2569 3434 commode
2593 3378 2914 3462 intell_’gitur
2938 3377 3164 3461 dictum:
3197 3376 3245 3432 is
3274 3384 3423 3461 certe
3452 3375 3889 3462 .Z_osim_i‘scut_i_tts

2278 3462 2473 3575 esl.dut
2507 3466 2629 3521 qua:
2661 3445 2921 3504 sedisuze
2968 3448 3221 3509 canonica
3267 3449 3551 3521 antiquitas
3585 3445 3885 3517 tribuerit,

2280 3523 2372 3575 vin
2418 3524 2557 3575 icct.

2280 3523 2557 3577 vindicet.

2357 3591 2374 3630 ί
2405 3594 2572 3649 Garn.
2593 3594 2799 3648 omiSso
2828 3594 2968 3665 ipse.
3005 3593 3190 3651 subdit
3220 3593 3359 3665 inira
3383 3592 3516 3649 sedit
3536 3607 3636 3663 pro
3660 3591 3884 3665 sederat,

2282 3674 2335 3721 ct
2369 3682 2493 3738 mox
2525 3675 2653 3721 ante
2687 3662 2877 3738 vocent
2908 3666 3169 3738 privilegii
3210 3664 3362 3721 addit
3391 3662 3651 3738 amittere.
3680 3662 3890 3723 Ibidem

2281 3738 2333 3791 in
2391 3737 2565 3792 altero
2612 3752 2715 3792 ms.
2764 3734 2937 3793 Vatic.
2976 3734 3241 3809 adjicitur
3268 3739 3540 3794 sustinere.
3592 3734 3889 3809 Perspecta

2280 3809 2387 3863 erit
2442 3811 2735 3864 sententirc
2780 3809 2939 3879 hujus
2971 3806 3264 3880 integritas
3292 3851 3307 3874 .
3337 3810 3381 3863 si
3430 3806 3790 3867 construatur
3835 3806 3890 3880 in

2284 3881 2426 3935 hunc
2454 3881 2675 3934 modum
2706 3898 2718 3933 :
2754 3877 3066 3950 necpatitur
3092 3877 3268 3951 aliqua
3285 3898 3413 3935 aura
3437 3880 3661 3941 titubare
3691 3877 3890 3952 aliquid

2285 3952 2545 4023 pririlegii
2570 3962 2661 4006 aut
2690 3953 2979 4009 sentcntiae.

2357 4034 2381 4070 ις
2406 4022 2554 4079 ltlem
2584 4024 2778 4084 ϐαι-ιι..
2806 4025 2890 4077 (αἱ
2920 4024 2966 4077 ri
2989 4025 3104 4092 ipsa
3127 4024 3207 4080 sui
3232 4024 3460 4079 nominis
3481 4023 3636 4093 ﬁrma
3657 4032 3707 4080 et
3734 4023 3891 4083 nullis

2284 4095 2530 4149 hactenus
2548 4108 2668 4149 acta
2690 4095 2934 4153 motibus.
2966 4095 3224 4153 Romamn
3243 4096 3360 4153 sedi
3387 4095 3740 4155 fundamenta
3763 4102 3891 4155 sunt

2286 4167 2434 4222 Petri
2468 4169 2688 4223 nomine
2736 4166 2991 4241 insignita
3021 4213 3036 4237 ,
3067 4176 3339 4237 quatenus
3380 4167 3450 4225 ab
3493 4165 3599 4241 hoc
3639 4167 3887 4241 apostolo

2285 4241 2572 4307 apostolica
2626 4241 2770 4294 sedes
2806 4238 3184 4311 nuncupatur
3239 4256 3253 4294 :
3314 4254 3488 4311 eoque
3546 4239 3761 4301 firmior
3809 4238 3889 4311 vi:

2286 4311 2402 4367 deri
2477 4312 2641 4387 debet
2698 4310 2847 4367 sedis
2922 4308 3084 4387 hujus
3152 4308 3669 4387 setttentia_,_qttod
3739 4308 3888 4387 Petri

2287 4383 2559 4441 sententia
2640 4392 2955 4441 censeatur.
2998 4382 3136 4439 Hoc
3186 4383 3372 4454 itaque
3397 4382 3503 4441 sibi
3541 4382 3690 4441 'vult
3739 4382 3888 4441 Zosi-

2287 4472 2407 4510 mus
2439 4474 2450 4508 :
2485 4456 2677 4513 Petrus
2737 4466 2821 4510 est
2875 4455 3029 4527 tirnta
3083 4455 3170 4511 illa
3214 4466 3366 4527 petra
3398 4497 3411 4518 ,
3439 4454 3529 4511 cui
3580 4455 3724 4513 velut
3772 4458 3891 4527 tun-

2287 4527 2543 4583 damento
2581 4528 2820 4600 Romana
2861 4526 3023 4585 sedes
3056 4526 3334 4600 innititur,
3366 4542 3643 4600 quantque
3674 4542 3777 4584 nec
3804 4526 3888 4581 di-

2212 4635 2258 4695 Β
2288 4601 2365 4684 ris
2396 4600 2601 4695 inferni
2636 4599 2873 4659 motibus
2910 4597 3280 4671 superandam
3325 4613 3447 4660 esse
3475 4596 3728 4659 Christus
3765 4614 3890 4671 pro-

2288 4672 2458 4728 misit.

2356 4741 2383 4780 ιι
2411 4743 2686 4817 Alternis.
2716 4741 2918 4817 Vatia,
2942 4750 3154 4817 statuta.
3186 4740 3399 4817 Deinde
3426 4741 3717 4817 legendum
3741 4740 3888 4817 vide-

2286 4825 2373 4889 tur
2399 4857 2413 4882 ,
2445 4824 2491 4869 et
2536 4815 2661 4872 id...
2706 4815 3048 4889 ﬁrmaverint.
3099 4812 3203 4872 Pro
3252 4812 3534 4885 ﬁrmavth
3562 4859 3577 4885 ,
3609 4814 3889 4875 substituit

2283 4886 2451 4943 Gat'n.
2480 4886 2814 4945 servaverint.

2360 4958 2373 4995 ί
2414 4959 2576 5025 Ettiti,
2612 4968 2658 5013 et
2708 4967 3035 5030 potestatem.
3072 4954 3334 5026 Maiorem
3367 4958 3537 5030 habet
3578 4958 3885 5030 emebasim

2282 5030 2471 5097 lectio,
2496 5047 2656 5102 qnam
2684 5046 2747 5085 ex
2775 5046 2877 5087 ms.
2914 5029 3094 5089 Vatic.
3127 5044 3475 5102 revocamus.
3504 5029 3763 5089 Zosimus
3794 5030 3889 5085 ba-

2279 5104 2415 5163 bere
2447 5100 2667 5158 se'dicit
2697 5110 3023 5175 potestatem
3056 5100 3299 5175 nominis
3333 5101 3503 5171 Petri,
3538 5104 3689 5175 quia,
3720 5110 3780 5159 ut
3803 5117 3888 5159 su-

2280 5190 2372 5242 pra
2406 5171 2817 5247 observavimus
2843 5216 2857 5240 ,
2896 5172 3067 5245 ipsius
3111 5171 3274 5229 sedes
3307 5171 3604 5247 apostolica
3630 5218 3647 5245 ,
3675 5175 3778 5233 hoc
3807 5181 3888 5231 est

2283 5245 2426 5302 Petri
2448 5249 2593 5300 sedes
2623 5247 2956 5317 appellatur.

2276 5340 2377 5413 bus
2409 5342 2670 5413 Ecclesia!
2702 5337 3066 5413 Arelatensis,
3085 5338 3398 5413 plurimum
3439 5343 3711 5399 momenti
3745 5339 3886 5413 apud

2269 5412 2549 5468 Zosimnm
2579 5412 2858 5481 habuisse,
2898 5421 2956 5463 ut
2986 5410 3055 5465 de
3085 5408 3334 5469 Patrocli
3367 5414 3577 5470 artibus
3632 5408 3882 5470 niltil'tli-

2270 5501 2410 5549 eam,
2463 5484 2773 5540 Constantii
2811 5482 3058 5554 magistri
3092 5483 3357 5554 militum
3395 5528 3409 5551 ,
3443 5502 3569 5542 mox
3627 5486 3881 5553 Ciesaris,

2272 5558 2366 5626 qui
2395 5557 2648 5611 Patroclo
2672 5567 2727 5610 et
2771 5553 3195 5626 Arelatensibus
3226 5553 3467 5621 favebat,
3498 5561 3882 5617 auctoritatem

2271 5625 2326 5701 et
2356 5630 2611 5699 gratiam.
2648 5630 2722 5687 De
2747 5630 2962 5682 funesta
3004 5641 3140 5701 vero
3168 5625 3408 5701 Patrocli
3436 5629 3683 5701 ejusdem
3712 5630 3877 5697 crede,

2272 5697 2511 5777 Brosper
2562 5701 2705 5755 idem
2749 5700 2861 5772 agit
2892 5701 2947 5754 in
2986 5697 3272 5771 Chronico
3303 5697 3507 5777 vulgari
3568 5702 3634 5759 ad
3684 5716 3878 5761 annum

2270 5770 2473 5829 Christi
2504 5787 2787 5833 ccccuvr.
