4122 6346
322 271 425 343 685

650 289 1001 349 APPENDIX
1042 295 1133 351 AD
1174 296 1402 354 OPER.‘
1473 300 1528 357 S.
1572 300 1815 360 ZOSlMl.
1860 302 2136 363 NUTITIA
2178 307 2617 372 SCRlP'l‘URUM
2659 316 2795 373 NON
2837 319 3288 382 EXSTANTIUM

3516 329 3620 385 685

313 422 384 463 cu
414 410 616 467 audite.
645 413 778 481 Quid
804 416 979 482 vobis,
1006 427 1152 474 certe
1181 420 1455 493 indulgete
1485 426 1529 478 si
1560 425 1766 496 dicam,
1798 444 1918 484 cum
1950 444 2003 503 Α
2029 430 2170 485 ferre
2209 434 2295 501 qui
2349 438 2546 505 arguit.
2594 437 2747 494 Unde
2798 438 2901 497 hoc
2956 443 3185 500 invicem
3234 447 3496 518 scriptum
3551 451 3617 504 ad

304 505 599 574 judicaturi
623 524 747 563 cum
780 511 973 566 talibus
1002 515 1341 572 considelis?

382 596 435 651 2.
466 591 603 653 Illud
626 610 806 656 autem
836 620 941 658 non
977 607 1133 659 nobis
1188 613 1711 677 prmtermittendnm
1760 617 1911 673 vide-

311 697 419 755 tur,
450 693 754 757 praesertim
781 708 902 749 cum
937 696 1039 752 hoc
1070 700 1215 753 nulla
1244 704 1515 759 acerbitas
1546 707 1739 760 fecerit
1769 709 1915 777 judi-

309 783 542 851 eiorum,
574 785 759 842 nullus
797 788 932 843 ordo
966 792 1299 860 meminerit,
1327 806 1385 851 ut
1412 801 1690 867 quaerendi
1719 801 1912 858 adver-

315 876 518 962 sarium
569 892 725 933 suum
780 880 943 937 alicui
995 888 1296 942 necessitas
1345 890 1698 962 imponatur,
1745 906 1797 951 et
1847 898 1915 953 ad

306 958 573 1036 judicium
626 970 930 1029 deducendi
960 992 973 1038 ;
1018 992 1143 1033 cum
1187 979 1277 1036 ille
1307 958 1449 1037 ultro
1492 1000 1553 1040 se
1580 958 1742 1043 debet
1777 998 1800 1027 α
1831 991 1915 1045 in-

383 1123 613 1208 ‘lmmo
666 1128 790 1212 ipse.
820 1136 1125 1212 acensator,
1176 1126 1223 1212 si
1263 1138 1412 1212 intra
1445 1139 1657 1209 tempus
1698 1136 1909 1212 legibus

349 1201 902 1275 resscripturnadesse
943 1203 1263 1275 neglexerit,
1309 1201 1602 1266 mutuatur
1632 1201 1779 1267 Cod?
1807 1214 1915 1271 Th;

329 1266 506 1335 ib.tx,
537 1270 619 1323 tit.
650 1271 737 1337 '56,
767 1280 821 1326 et
847 1266 1139 1330 concilium
1165 1266 1605 1351 Carthaginiense
1633 1266 1913 1352 mimi]?

1502 1540 2474 1674 APPENDIX

2024 534 2256 581 vestram
2309 532 2713 588 transmisimus
2766 533 3087 593 eharitatem
3136 556 3231 610 per
3292 540 3514 598 fratrem
3567 557 3620 599 et

2012 622 2397 693 coepiscopum
2445 636 2693 682 nostrum
2739 628 3168 690 Numunianum.
3220 636 3367 691 Bene
3412 638 3615 704 valete,

2018 712 2236 783 fratres,
2288 727 2335 773 et
2367 720 2436 773 ad
2476 719 2611 776 latus
2640 739 2657 776 :
2686 736 2776 777 x-vr
2808 724 3073 784 kalendas
3097 731 3410 786 Decembris
3442 731 3618 801 (Anno

2017 807 2146 873 418,
2174 807 2426 866 Novemb.
2455 814 2570 885 t6),
2593 816 2843 873 Honorio
2862 836 2930 875 »ιι
2955 832 3013 877 et
3030 821 3347 878 Theodosio
3371 840 3465 879 vui
3489 838 3619 880 eon-

2016 902 2228 959 sulibus
2251 908 2513 976 angustis.

2021 1152 2727 1243 aliiscopi_accusa_to_reur,
2778 1166 2871 1235 qui
2928 1182 3108 1225 causae
3176 1172 3420 1228 dicenda:
3481 1189 3624 1243 pra:-

2018 1225 2238 1291 scriptis
2265 1225 2460 1283 diebus
2485 1225 2740 1303 defuerit,
2771 1225 2808 1289 η’
2829 1225 3223 1298 ceimnunione
3242 1225 3511 1301 ieiunet;

702 1759 953 1889 AD
1045 1758 1648 1894 OPERA
1734 1771 1864 1899 S.
1963 1766 2589 1909 ZOSIMI
2681 1782 3248 1921 PAPZE.

1716 1984 2191 2078 NOTITIA

802 2144 1206 2198 SCRIPTORUM
1243 2145 1373 2197 NON
1408 2146 1843 2215 EXS’I‘ANTIUM,
1882 2152 2029 2211 QUAS
2066 2157 2153 2207 AD
2188 2157 2477 2216 ZOSIMUM
2511 2168 2729 2221 PAPAM
2765 2168 3103 2228 ΑΤΤΙΝΕΝΤ.

1384 2272 1465 2341 (D.
1496 2274 1744 2330 Cmistant.
1772 2274 1927 2346 Epist.
1955 2283 2092 2337 Rom.
2121 2289 2263 2342 Pont.
2294 2302 2409 2345 tom.
2440 2296 2503 2361 Ι.)

1594 2416 2299 2445 ...ἣ-ξ,

1075 2548 1115 2604 l.

366 2634 463 2697 llic
493 2645 715 2697 recolere
745 2645 872 2697 satis
891 2646 966 2698 est
997 2634 1203 2719 Pelagii
1230 2646 1435 2702 litteras
1462 2666 1564 2702 una
1593 2664 1709 2703 cum
1730 2650 1909 2705 libello

293 2736 423 2807 ﬁdei
457 2738 646 2810 ipsius.
693 2754 888 2790 necnon
936 2740 1151 2810 epistola
1184 2739 1391 2811 Praylii
1432 2740 1909 2814 Ilierosolgmitani

290 2832 523 2900 episcopi
543 2832 609 2884 ad
641 2828 1007 2885 Innocentium
1042 2828 1254 2903 missas,
1289 2834 1464 2889 sedeo
1498 2835 1747 2907 defuncto
1781 2855 1905 2891 suc-

294 2926 490 2981 cessori
528 2918 671 2980 illius
698 2924 909 2981 Zosimo
942 2927 1173 2982 redditas
1197 2971 1209 2993 ,
1255 2946 1347 2983 nec
1376 2947 1503 3001 Opus
1539 2941 1613 2985 est
1646 2942 1904 3001 repetere,

292 3036 409 3092 qua:
454 3018 517 3073 de
549 3019 653 3074 illis
696 3020 768 3075 ad
794 3021 985 3075 calcem
1013 3022 1356 3091 epistularum
1396 3020 1696 3079 Innocentii
1736 3026 1901 3079 disse-

295 3114 521 3170 ruimus.

1071 3208 1137 3265 Il.

365 3303 419 3357 2.
446 3301 758 3359 Innocentio
774 3296 1019 3374 pontiﬁce
1037 3304 1261 3376 ,utijam
1284 3305 1683 3375 observavimus,
1716 3303 1906 3360 ϐωἰεδο

300 3397 403 3451 tius
416 3392 729 3470 Carthagine
755 3398 1235 3470 accusatus,ibique
1260 3402 1617 3453 communione
1636 3400 1910 3455 ecclesias-

302 3490 405 3544 tica
440 3492 705 3561 privatus,
744 3492 808 3546 ab
838 3492 934 3546 hac
963 3501 1216 3547 sententia
1254 3491 1474 3547 credidit
1510 3491 1905 3563 appellandum.

306 3580 413 3638 Sed
433 3584 786 3656 appellatione
818 3603 913 3640 sua
942 3586 1177 3659 neglecta
1208 3585 1370 3657 (Mar.
1409 3580 1573 3641 Merc.
1613 3584 1905 3655 Comatam,

302 3694 354 3735 c.
399 3677 462 3747 ι),
512 3676 780 3749 Ephesum
823 3682 1077 3747 primum,
1130 3678 1214 3734 ubi
1256 3680 1564 3753 presbyterii
1606 3680 1778 3735 locum
1821 3698 1910 3752 per

305 3770 655 3843 obreptionem
707 3773 889 3841 petiit,
930 3782 1037 3826 tum
1072 3771 1583 3846 Constantinopolim
1624 3774 1905 3829 contendit.

310 3855 645 3935 Tandemque
668 3856 771 3936 fere
798 3876 913 3938 post
933 3869 1231 3922 sexennium
1262 3867 1482 3923 Romam
1522 3886 1575 3923 se
1605 3874 1870 3939 conferens
1892 3910 1906 3932 ,

1942 2571 1987 2630 Β
2015 2564 2274 2620 conferri.
2306 2565 2457 2633 Quod
2482 2612 2494 2635 ,
2530 2572 2656 2639 quia
2692 2573 2842 2629 vires
2868 2586 3205 2633 uaturmnou
3231 2580 3455 2649 habent,
3490 2600 3622 2639 conc

2017 2656 2145 2713 ferri
2174 2676 2401 2718 necesse
2430 2673 2511 2716 est
2544 2679 2641 2734 per
2672 2667 2859 2737 gratiae
2885 2670 3213 2727 libertatem.
3249 2674 3302 2728 lu
3333 2679 3617 2733 remissio-

2016 2765 2139 2804 nem
2187 2762 2367 2808 autem
2430 2767 2777 2825 peccatorum
2829 2761 3188 2833 baptizandus
3227 2768 3463 2824 infantes
3513 2788 3619 2828 nou

2017 2844 2223 2901 idcirco
2268 2848 2541 2917 diximus,
2596 2864 2653 2906 ut
2699 2867 2985 2924 peceatum
3037 2876 3100 2915 ex
3135 2863 3361 2918 traduce
3404 2865 3628 2922 lii-mare

2015 2928 2338 3008 videamur;
2382 2944 2525 3012 quod
2576 2946 2739 3017 longe
2788 2964 2815 3003 a
2857 2951 3133 3008 catholico
3177 2971 3343 3009 sensu
3377 2958 3619 3014 alienum

2013 3038 2098 3084 est
2127 3050 2138 3084 :
2164 3032 2286 3102 quia
2320 3046 2601 3103 peccatum
2634 3055 2742 3092 non
2773 3058 2898 3095 cum
2928 3044 3150 3099 homine
3181 3048 3449 3119 uaseitur,
3477 3054 3621 3122 quod

2012 3129 2362 3195 postmodum
2394 3144 2687 3188 exercetur
2712 3134 2781 3191 ab
2816 3136 3035 3194 ltoinine
3064 3158 3075 3192 :
3114 3143 3245 3210 quia
3274 3158 3378 3196 non
3415 3156 3623 3201 natura:

2014 3218 2308 3289 delictum,
2344 3224 2438 3279 sed
2474 3225 2774 3282 voluntatis
2805 3246 2927 3284 esse
2963 3245 3329 3289 monstratur.
3379 3238 3445 3292 Et
3486 3239 3622 3295 illud

2014 3326 2147 3384 ergo
2190 3316 2443 3371 confiteri
2494 3333 2833 3389 congruum,
2898 3338 2965 3376 ne
3008 3323 3224 3379 diversa
3282 3328 3626 3399 baptismatis

2014 3423 2216 3479 genera
2248 3410 2431 3466 facere
2462 3412 2780 3482 videamur;
2815 3428 2867 3471 et
2913 3416 3015 3472 hoc
3060 3424 3394 3487 praemunire
3436 3444 3627 3483 neces-

2015 3502 2217 3558 sarium
2253 3515 2372 3573 est,
2424 3524 2491 3561 ne
2525 3524 2621 3578 per
2653 3512 2899 3582 mysterii
2933 3514 3315 3587 occasionem,
3352 3522 3420 3575 ad
3448 3520 3616 3578 Crea-

2018 3599 2152 3653 toris
2214 3599 2470 3668 injuriam
2516 3603 2717 3657 malum
2767 3614 3056 3676 antequam
3103 3608 3196 3664 fiat
3240 3611 3309 3667 ab
3361 3613 3618 3684 nomine,

2018 3691 2152 3745 tradi
2183 3691 2397 3747 dicatur
2431 3712 2525 3762 per
2554 3707 2826 3751 naturam.

2088 3782 2141 3839 5.
2172 3784 2395 3858 Reliqua
2420 3789 2583 3843 libelli
2613 3791 2768 3862 hujus
2791 3790 2943 3846 verba
2973 3796 3224 3851 excidisse
3258 3802 3579 3857 eruditorum
3602 3852 3614 3873 ,

2015 3875 2103 3945 qui
2141 3875 2397 3933 Joannem
2430 3880 2745 3936 Garuerium
2775 3899 3145 3954 pra’cesserunt
3167 3931 3180 3954 ,
3232 3897 3520 3950 ctmmunis
3547 3909 3621 3951 est

309 3946 518 4011 Zosimo
548 3950 909 4028 pontiﬁcatu»:
932 3960 1130 4013 ineunti
1154 3958 1385 4014 libellum
1410 3959 1624 4026 obtulit,
1657 3960 1718 4013 ab
1750 3976 1908 4030 eoque
1935 3972 1979 4035 ρ
2013 3966 2347 4025 sententiaJs
2374 3971 2777 4029 tamenDissert.
2810 3977 2842 4031 5
2862 3979 2911 4030 in
2933 3978 3068 4032 Mar.
3096 3979 3461 4049 Mercatorem,
3494 4006 3615 4060 pag.

311 4051 455 4119 petiit
476 4050 675 4105 audiri.
714 4048 822 4104 Hoc
848 4053 899 4105 in
922 4044 1094 4106 libello
1116 4069 1228 4105 cum
1252 4051 1410 4123 ﬁdem
1432 4070 1579 4107 suam
1606 4070 1633 4105 a
1658 4048 1912 4106 Trinitate

310 4143 459 4196 unius
491 4142 695 4197 deitatis
723 4138 797 4197 ad
816 4152 1132 4198 mortuorum
1156 4146 1613 4211 resurrectionem,
1644 4146 1811 4215 qualis
1833 4146 1913 4215 fu-

311 4250 425 4296 tura
451 4255 544 4308 est,
577 4244 909 4316 explicuisset
937 4289 951 4312 ,
976 4244 1063 4298 ubi
1093 4245 1236 4299 adid
1259 4288 1271 4310 ,
1304 4246 1366 4298 de
1388 4263 1489 4316 quo
1510 4244 1778 4315 agebatur,
1800 4250 1913 4315 ejus

312 4340 540 4408 pervenit
565 4356 732 4392 sermo
751 4380 767 4405 ,
796 4334 1045 4410 pra’misit
1073 4356 1091 4393 :
1123 4332 1181 4395 Si
1212 4355 1332 4406 qum
1367 4354 1497 4394 vero
1526 4347 1727 4408 prater
1753 4338 1911 4392 fidem

314 4431 646 4501 qiixstiones
672 4442 815 4487 nata:
847 4432 987 4500 sint,
1030 4432 1095 4487 de
1127 4432 1327 4503 quibus
1359 4443 1503 4488 esset
1532 4435 1676 4487 inter
1709 4432 1912 4501 pleros-

313 4540 419 4597 que
446 4527 749 4593 contentio,
777 4543 884 4581 non
910 4542 1011 4597 ego
1043 4529 1196 4597 quasi
1222 4536 1413 4581 auctor
1442 4526 1673 4594 aliCujus
1695 4526 1917 4597 dogma-

316 4621 383 4675 tis
408 4620 633 4677 deliuita
664 4628 764 4676 llOC
795 4622 1121 4676 auctoritate
1144 4614 1329 4689 Stului,
1349 4620 1443 4675 sed
1464 4636 1523 4675 ea
1554 4636 1672 4690 qua:
1698 4618 1765 4674 de
1786 4616 1917 4673 Pro-

316 4706 602 4786 phetarum
685 4725 739 4772 et
794 4716 1183 4786 Apostolorum
1252 4718 1400 4771 fonte
1446 4708 1697 4785 suscepi,
1750 4715 1913 4769 vestri

316 4809 661 4881 apostolatus
688 4808 973 4865 offerimus
1004 4802 1282 4880 probanda
1308 4824 1429 4864 esse
1456 4808 1703 4876 judicio;
1739 4819 1791 4862 ut
1819 4848 1835 4874 ,
1869 4807 1914 4861 si

316 4896 456 4961 forte
482 4912 541 4959 ut
569 4904 880 4959 hominibus
908 4903 1179 4974 quispiam
1202 4903 1521 4973 igntirantia)
1547 4916 1701 4956 error
1723 4901 1916 4968 obrep-

319 4996 419 5065 sit,
462 5006 645 5053 vestra
683 4996 959 5052 sententia
1000 4997 1328 5067 corrigatur.
1372 4995 1570 5051 Eodem
1619 4998 1668 5049 in
1704 4994 1913 5077 libello,

319 5103 443 5148 teste
473 5093 769 5164 Augustino
798 5088 887 5146 lib.
919 5093 980 5147 de
1013 5090 1201 5147 Gratia
1226 5084 1427 5147 Christi
1448 5109 1493 5145 c.
1522 5093 1613 5158 55,
1646 5089 1915 5145 Caelestius

322 5185 582 5256 parvulus
624 5196 677 5240 et
722 5184 980 5254 baptizari
1027 5185 1079 5239 in
1128 5185 1516 5240 remissionem
1567 5196 1913 5252 peccatorum

320 5281 588 5350 confessus
617 5287 709 5345 est,
760 5289 803 5332 et
834 5279 1038 5351 negavit
1065 5280 1236 5333 ullum
1269 5280 1468 5335 habere
1495 5277 1759 5349 originale
1792 5292 1911 5343 pcc‘

2017 4060 2121 4116 515
2149 4104 2161 4127 ,
2192 4065 2412 4135 primam
2452 4084 2512 4119 ac
2544 4069 2824 4121 maximam
2858 4074 2967 4142 ejus
3015 4083 3211 4143 partem
3254 4076 3433 4133 haberi
3469 4090 3617 4152 putat

2019 4152 2259 4209 Sermoni
2281 4156 2558 4228 Augustini
2581 4161 2713 4213 alias
2743 4162 2846 4216 190
2871 4162 2998 4235 (leg.
3028 4160 3151 4235 191)
3177 4168 3238 4220 de
3265 4168 3518 4239 Tempore
3540 4176 3615 4229 in.

2016 4255 2247 4311 scrtum;
2282 4248 2414 4301 adeo
2459 4258 2512 4302 ut
2545 4250 2588 4303 si
2632 4250 2752 4303 huic
2781 4255 2919 4323 parti
2947 4256 3331 4327 subjungantur
3371 4264 3519 4315 verba
3554 4282 3618 4320 ex

2018 4338 2306 4408 Augustino
2334 4344 2567 4413 proxime
2591 4345 2871 4412 descripta,
2905 4346 3033 4399 nihil
3060 4352 3167 4416 jam
3192 4352 3288 4421 ipsi
3310 4355 3378 4405 ad
3400 4355 3615 4426 integri-

2018 4440 2170 4487 tatem
2195 4435 2349 4487 totius
2377 4434 2538 4488 libelli
2569 4436 2967 4492 dcsiderundum
2992 4440 3245 4495 rideatur.
3276 4444 3380 4497 Alii
3409 4448 3617 4517 quidem

2019 4527 2317 4594 prazdictam
2344 4527 2491 4579 citati
2522 4526 2790 4583 Sermonis
2816 4540 3013 4599 partem
3043 4532 3113 4585 ad
3145 4531 3350 4604 Pelagii
3380 4536 3618 4593 libellum

2019 4620 2274 4689 pertinere
2312 4630 2517 4674 censent
2561 4637 2577 4675 :
2616 4621 2703 4675 sed
2736 4620 2827 4676 ille
2879 4624 3013 4677 inter
3056 4630 3189 4679 hanc
3226 4630 3513 4697 portionem
3559 4651 3619 4687 ac

2020 4710 2221 4787 Pelagii
2256 4713 2482 4768 libellum
2536 4732 2619 4770 eas
2665 4718 2998 4786 deprehendit
3030 4717 3368 4788 diversitates,
3413 4726 3617 4793 quibus,

2020 4827 2113 4863 nec
2143 4827 2297 4862 unum
2330 4826 2481 4879 opus,
2510 4828 2600 4864 nec
2630 4812 2782 4865 unius
2810 4814 3156 4885 esscjudicat.
3190 4813 3259 4868 Et
3288 4828 3339 4870 ut
3372 4818 3425 4871 id
3456 4821 3623 4892 ipsum

2020 4906 2139 4959 aliis
2168 4905 2493 4973 persuadeat,
2542 4906 2776 4959 libellum
2818 4905 3025 4979 Pelagii
3052 4910 3103 4962 iu
3136 4928 3239 4963 una
3269 4913 3535 4979 colunma,
3564 4926 3614 4968 et

2021 4998 2158 5070 quod
2181 4998 2455 5070 Augustini
2487 4999 2728 5051 Sermoni
2754 4998 2846 5053 191
2887 5000 2949 5052 de
2971 4998 3224 5073 Tempore
3266 5004 3510 5059 insertum
3542 5018 3616 5061 est

2022 5094 2074 5147 in
2118 5094 2281 5146 altera
2312 5109 2337 5146 e
2370 5094 2579 5163 regione
2615 5093 2783 5162 posita
2833 5104 3192 5163 repraesentat,
3241 5114 3300 5148 ac
3344 5100 3617 5153 varietates

2022 5185 2287 5254 utrobique
2332 5194 2655 5239 occurrentes
2714 5182 2910 5239 Italico
2966 5186 3263 5241 charactere
3321 5189 3613 5261 distinguit.

2030 5278 2217 5332 Verum
2248 5276 2327 5330 ha;
2352 5276 2483 5329 adeo
2524 5278 2653 5330 leves
2684 5294 2912 5347 rarazqtte
2957 5290 3074 5333 sunt
3097 5323 3109 5345 ,
3146 5291 3199 5332 ut
3228 5280 3279 5332 in
3325 5298 3426 5332 uno
3456 5284 3621 5351 speci-

321 5378 520 5427 Catum.
556 5359 683 5443 Ipsa
712 5360 893 5438 verba,
923 5371 1102 5441 quibus
1134 5366 1185 5425 id
1215 5373 1474 5442 professus
1504 5379 1601 5438 est,
1636 5370 1767 5424 idem
1789 5367 1918 5423 Doc-
1948 5380 1998 5440 1)
2027 5371 2159 5424 mine
2210 5386 2393 5439 purum
2426 5367 2629 5442 Pelagii
2656 5369 2918 5437 libellum,
2952 5372 3007 5425 in
3037 5374 3201 5424 altero
3231 5386 3347 5423 vero
3387 5372 3619 5426 eumdem

324 5473 404 5520 tor
434 5462 520 5519 lib.
547 5460 608 5519 de
632 5454 788 5518 Pecc.
828 5463 973 5535 Orig.
1000 5481 1045 5516 c.
1072 5460 1104 5517 5
1126 5475 1170 5517 et
1199 5465 1230 5518 6
1252 5469 1407 5534 refert
1438 5465 1490 5518 in
1524 5454 1659 5516 hunc
1678 5461 1887 5515 modum
1904 5478 1918 5515 :

323 5550 561 5613 Infantes
589 5568 769 5611 autem
792 5556 1055 5625 baptizari
1076 5557 1128 5611 in
1145 5557 1525 5612 remissionem
1546 5564 1921 5626 [)CCCJllOI‘Ull],

323 5644 626 5708 Secundum
654 5653 894 5721 regulam
923 5650 1248 5706 universalis
1264 5652 1526 5707 Ecclesiae
1551 5660 1603 5705 et
1628 5650 1927 5704 secundum

325 5736 605 5816 Evangelii
659 5745 991 5802 sententiam
1039 5740 1370 5802 cenlitemur
1416 5763 1428 5797 :
1480 5744 1606 5815 quia
1667 5743 1926 5797 Dominus

326 5834 518 5896 statuit
564 5856 790 5911 regnum
842 5839 1103 5896 oculorum
1156 5839 1374 5895 nonnisi
1428 5836 1714 5909 baptizatis
1771 5852 1930 5905 posse

2024 5462 2255 5516 libellum
2276 5461 2441 5513 minus
2471 5478 2678 5533 purum,
2709 5470 2755 5514 et
2792 5462 2855 5515 ab
2889 5479 2947 5515 eo
2985 5462 3072 5531 qui
3118 5461 3387 5516 Sermonis
3430 5479 3623 5516 memo-

2024 5557 2126 5609 rati
2154 5554 2415 5609 eirordium
2444 5556 2732 5625 ctnnposuit
2757 5598 2770 5621 ,
2798 5553 3162 5624 interpolatum
3191 5548 3419 5605 exhiberi
3444 5555 3626 5607 merito

2029 5653 2241 5721 quisque
2266 5648 2469 5702 sentiat.

2781 5738 2870 5793 lll.

2108 5835 2161 5891 4.
2197 5832 2328 5889 Cum
2361 5832 2495 5888 hunc
2525 5832 2745 5889 Ccclcstii
2781 5831 3009 5886 libellum
3048 5844 3109 5881 ac
3150 5825 3399 5897 praedicta
3436 5827 3635 5904 Pelagii
