4122 6346
537 321 645 382 687

1490 318 1837 377 APPENDIX
1876 319 1967 374 AD
2008 317 2239 376 OPERA
2278 320 2336 376 S.
2379 322 2607 381 ZOSIMI
2646 323 2871 382 PAPE.

3737 324 3837 382 688

533 437 731 509 scripta
758 433 998 490 Zosimus
1023 432 1325 504 accepisset,
1352 439 1630 485 convocato
1658 429 1799 484 clero
1819 471 1834 497 ,
1875 428 2142 496 accitoque
2169 439 2222 502 Α
2247 430 2453 498 vinciis,
2483 433 2689 489 ineunte
2720 449 2894 488 mense
2909 430 3191 488 Novembri
3217 433 3345 487 anni
3364 433 3471 489 M7
3488 434 3833 490 convenerint.

536 527 800 594 leestio,
832 527 995 600 ipsius
1018 543 1079 579 ac
1110 524 1311 596 Pelagii
1337 539 1549 577 causam
1578 521 1870 577 examinari
1898 531 2052 592 atque
2077 536 2139 576 ea

539 622 604 677 de
632 638 689 677 re
711 632 825 677 acta
853 622 1040 694 confici
1060 619 1325 693 praecepit.
1359 616 1518 672 Gesta
1545 614 1641 669 illa
1670 615 1861 670 exinde
1878 613 2138 670 Basilisco

537 717 731 771 tradita
754 759 768 782 ,
793 725 851 770 ut
879 732 937 770 ea
975 715 1197 782 deferret
1225 712 1279 767 in
1302 709 1558 782 Africam,
1587 725 1689 779 quo
1712 706 1849 762 hunc
1863 706 2140 762 subdiaco-

539 826 665 863 num
691 824 830 862 anno
873 807 999 871 M7,
1031 816 1151 860 ante
1177 804 1214 858 2
1245 802 1553 858 Novembris
1584 802 1721 856 diem
1758 801 2050 874 pert'euisse
2073 816 2139 856 ex

537 899 755 969 epistola
779 898 835 967 8,
860 916 914 953 n.
944 898 999 961 4.
1028 906 1225 951 certum
1253 904 1349 949 est.
1381 892 1457 948 De
1481 892 1565 948 his
1592 893 1746 964 gestis
1770 891 1974 947 Marius
1995 890 2140 946 Mer-

538 1003 681 1048 cator
702 991 995 1066 (Common.
1028 1007 1075 1043 c.
1108 988 1188 1059 1),
1219 990 1308 1058 qui
1331 1002 1513 1042 eorum
1553 985 1873 1056 exemplaria
1902 1001 2056 1057 penes
2085 1001 2139 1039 se

535 1089 696 1158 fuisse
725 1096 972 1152 testatur,
999 1085 1140 1140 istud
1176 1084 1380 1139 tradit:
1409 1082 1701 1138 Caelestius
1746 1081 2135 1154 interrogatus,

535 1196 657 1237 cum
698 1180 767 1236 ab
819 1180 911 1235 illo
938 1178 1224 1249 cognitore
1275 1175 1532 1250 (Zosimo)
1574 1175 1915 1245 aliquatenus
1961 1187 2138 1230 terre-

533 1284 726 1337 retur.
774 1273 983 1329 crebris
1031 1272 1488 1341 responsionibus
1539 1277 1597 1325 et
1648 1269 2138 1339 prosecutionibus

531 1367 645 1423 suis
674 1383 827 1437 spem
876 1365 1288 1438 praeseminavit
1336 1364 1706 1420 condemnare
1745 1379 1805 1419 se
1854 1362 2090 1433 capitula
2118 1403 2135 1429 ,

534 1462 604 1518 de
625 1462 823 1533 quibus
854 1460 994 1532 apud
1025 1458 1418 1531 Carthaginem
1450 1460 1507 1532 (a
1540 1458 1800 1532 Paulino)
1844 1459 2023 1515 luerat
2051 1474 2141 1514 ac-

530 1565 771 1623 cusatus,
804 1556 1156 1627 promittens.
1182 1554 1239 1609 ld
1263 1555 1413 1611 enim
1435 1563 1492 1609 et
1514 1554 2134 1626 instantiusjubebatur,

529 1650 600 1704 ab
650 1664 827 1720 eoque
858 1648 1242 1704 vehementius
1268 1648 1716 1716 exspeCIabatur.
1751 1646 2005 1704 Eumdem
2030 1664 2138 1703 rem

530 1742 766 1812 pluribus
781 1741 1106 1811 prosequitur
1124 1739 1548 1815 Augustinuslib.
1569 1741 1634 1795 de
1654 1739 1810 1796 Pecc.
1834 1742 1993 1815 orig.,
2010 1757 2057 1794 c.
2078 1741 2133 1796 7.

2253 523 2440 579 Verum
2489 527 2663 581 varios
2714 526 2996 599 Augustini
3051 525 3376 598 aliorumque
3406 525 3629 582 Patrum
3680 528 3836 593 locos,

2240 616 2421 682 quibus
2451 618 2755 672 sententiam
2777 632 2928 671 suam
2958 618 3146 689 fultam
3177 627 3381 685 putant,
3409 619 3455 673 si
3479 619 3595 682 quis
3625 617 3839 691 diligen-

2240 719 2317 763 ter
2347 710 2648 777 excusserit,
2674 710 2897 771 nullum.
2932 709 3019 779 qui
3043 712 3090 765 ei
3128 710 3299 781 reipsa
3328 709 3529 780 faveat,
3559 709 3842 778 deprehen-

2241 804 2345 858 det.
2397 803 2463 857 Et
2508 820 2571 859 ea;
2617 804 2680 858 iis
2718 803 2948 875 quidem,
2976 820 3106 876 quos
3138 802 3210 857 ad
3243 804 3527 859 concilium
3564 819 3704 858 anno
3736 802 3837 858 H7

2240 895 2472 950 habitum
2499 898 2910 961 accommodant,
2945 897 3120 952 nulltts
3143 905 3242 965 est,
3285 897 3376 969 qui
3416 915 3519 953 non
3565 898 3636 952 ad
3667 898 3839 952 conci-

2240 991 2370 1046 lium
2396 1006 2534 1044 anno
2561 991 2794 1061 sequenti
2815 989 3052 1045 kalendis
3094 988 3252 1045 Maiis
3281 989 3592 1045 celebratum
3618 1006 3841 1046 conmm-

2240 1087 2357 1142 dius
2380 1088 2638 1159 referatur
2665 1086 2864 1157 (Epist.
2899 1085 2973 1141 al.
3006 1085 3097 1153 47,
3130 1103 3270 1141 nunc
3289 1085 3419 1154 215,
3447 1104 3504 1142 n.
3535 1087 3618 1158 2).
3651 1085 3838 1142 Nomi-

2242 1185 2406 1239 natim
2429 1201 2545 1239 vero
2595 1182 2729 1239 illud
2775 1192 3063 1238 memorant
3105 1183 3438 1256 Augustini:
3485 1182 3645 1253 Quod
3691 1198 3840 1253 papa:

2242 1274 2466 1329 Zosimo
2496 1274 2564 1331 de
2592 1276 2854 1331 Alricano
2891 1276 3125 1332 concilio
3154 1276 3423 1345 scriptum
3455 1286 3541 1331 est
3567 1320 3582 1345 ,
3614 1274 3841 1345 ejusque

2241 1368 2570 1439 rescriptum
2614 1369 2681 1424 ad
2714 1370 3001 1426 universos
3041 1370 3213 1424 totius
3241 1369 3395 1424 orbis
3421 1370 3746 1440 episcopos,
3789 1377 3843 1426 et

2239 1463 2387 1534 quod
2415 1464 2713 1534 posteriori
2739 1462 2977 1519 concilio
3012 1462 3258 1533 plenurio
3288 1463 3459 1518 totius
3486 1461 3690 1519 Africae
3716 1477 3842 1518 con-

2242 1565 2326 1611 tra
2357 1558 2538 1626 ipsum
2570 1571 2816 1612 errorem
2861 1556 3100 1612 breviter
3128 1554 3543 1623 constituimus,
3589 1555 3834 1627 legimus.

2245 1647 2346 1704 Ubi
2386 1650 2681 1721 negandum
2726 1667 2830 1705 non
2866 1646 2939 1706 est
3002 1648 3109 1703 duo
3148 1649 3214 1703 ab
3259 1649 3551 1721 Augustino
3592 1649 3839 1721 distingui

2242 1744 2463 1800 concilia
2484 1786 2499 1811 ,
2545 1761 2763 1817 quorum
2806 1761 2965 1798 unum
2993 1744 3312 1799 Africanum
3334 1785 3351 1811 ,
3382 1744 3607 1799 alterum
3653 1744 3839 1815 plena-

530 1838 638 1893 Sed
663 1838 777 1906 ipsa
795 1847 1053 1910 gestorum
1084 1835 1240 1891 verba
1268 1877 1285 1903 ,
1328 1837 1397 1889 ad
1420 1850 1535 1906 qua:
1562 1843 1774 1906 uterque
1812 1835 2054 1903 respicit,
2102 1851 2135 1888 a
2164 1844 2211 1905 Β
2239 1837 2378 1892 rium
2434 1847 2600 1893 vocet.
2656 1836 2763 1894 Sed
2811 1854 2877 1893 ea:
2928 1837 3006 1892 his
3050 1854 3112 1892 ne
3141 1854 3301 1893 unum
3356 1837 3600 1908 quidem,
3651 1840 3836 1892 nedum

528 1928 760 1985 Paulino
784 1930 1003 1984 diacono
1022 1930 1075 1982 in
1102 1928 1360 1998 superiori
1389 1928 1613 1998 epistola
1634 1928 1692 1993 8,
1720 1946 1775 1982 τι.
1808 1928 1865 1993 2,
1899 1931 2133 1998 referun-

528 2036 631 2090 tur,
677 2024 768 2080 ubi
792 2042 912 2080 cum
934 2025 1220 2097 unicuique
1244 2025 1342 2080 illa
1370 2026 1638 2081 consulere
1664 2024 1821 2094 facile
1845 2026 1934 2090 sit,
1961 2042 2020 2079 ea
2048 2026 2133 2080 hic

526 2127 752 2192 repetere
772 2118 1185 2190 supersedemus.

1287 2211 1377 2268 IV.

596 2303 651 2359 5.
697 2302 936 2359 Hilarius
991 2302 1351 2359 Narbonensis
1407 2309 1685 2378 episcopus
1734 2306 1914 2373 iniquo
1953 2306 2133 2360 animo

527 2400 699 2469 ferens
727 2400 869 2471 quod
896 2398 1142 2455 Zosimus
1166 2398 1419 2455 Patroclo
1460 2401 1756 2456 Arelatensi
1778 2401 2003 2456 antistiti
2028 2418 2131 2456 non

522 2495 578 2548 in
616 2492 896 2549 Viennensi
921 2503 1124 2549 tantum
1156 2495 1446 2565 provincia,
1478 2495 1570 2549 sed
1594 2505 1645 2551 et
1676 2498 1728 2550 in
1755 2496 1957 2552 duabus
1988 2496 2134 2552 Nar—

522 2586 828 2642 bonensibus
846 2590 1111 2660 episcopos
1143 2587 1423 2642 ordinandi
1453 2596 1759 2658 potestatem
1784 2590 2127 2659 attribuisset,

525 2677 832 2732 relationem
864 2678 934 2732 ad
964 2694 1079 2732 eum
1112 2678 1253 2732 misit
1286 2675 1490 2750 (Epist.
1525 2679 1577 2746 6,
1616 2696 1669 2732 n.
1718 2680 1794 2748 1),
1836 2697 1938 2751 qua
1978 2697 2131 2736 suum

523 2785 633 2824 esse
659 2769 991 2835 obtendebat,
1027 2771 1083 2824 in
1112 2768 1450 2825 Narbonensi
1491 2769 1520 2824 l
1545 2772 1815 2844 provincia
1840 2775 2131 2829 sacerdotes

525 2868 795 2923 ordinare.
830 2866 1016 2937 Neque
1043 2877 1215 2923 tamen
1248 2867 1344 2921 hoc
1362 2870 1454 2940 jus
1484 2869 1640 2923 veteri
1666 2914 1681 2938 ,
1708 2879 1763 2922 ut
1791 2870 2127 2943 exigebatur,

524 2961 898 3016 consuetudine
939 2962 1038 3015 sibi
1082 2960 1409 3028 vindicabat,
1440 2960 1531 3014 sed
1571 2962 1799 3031 quadam
1837 2961 2037 3017 decoris
2081 2974 2130 3017 et

524 3054 832 3111 honestatis
881 3054 1098 3125 specie,
1140 3068 1401 3111 asserens
1433 3059 1485 3108 in
1525 3054 1705 3110 aliena
1739 3056 2013 3126 provincia
2061 3056 2130 3112 ab

525 3148 635 3201 alio
674 3164 784 3202 non
834 3147 1041 3203 debere
1085 3145 1201 3202 ﬁeri
1243 3145 1580 3204 sacerdotes.
1624 3146 1777 3203 Hanc
1822 3147 2128 3205 relationem

2234 1931 2406 2001 ambo,
2461 1932 2530 1986 ad
2578 1949 2775 1987 annum
2803 1934 2909 1989 417
2946 1933 3128 2003 referri
3174 1943 3345 2003 queat.
3384 1930 3455 1986 Id
3484 1941 3659 1999 certe,
3700 1933 3834 2004 quod

2232 2028 2525 2097 plenarium
2552 2037 2843 2098 nuncupat,
2873 2028 3059 2084 celebri
3086 2028 3179 2083 illo
3217 2028 3417 2083 Zosimi
3447 2026 3515 2084 ad
3549 2028 3718 2082 totius
3749 2041 3836 2081 or-

2232 2119 2319 2177 bis
2353 2123 2648 2192 episcopos
2675 2123 2927 2195 rescripto
2952 2122 3215 2193 posterius
3256 2122 3420 2194 fuisse
3447 2129 3628 2190 aperte
3666 2121 3829 2175 docet.

2236 2210 2416 2283 Neque
2443 2214 2741 2285 ambiguum
2777 2223 2888 2280 est,
2918 2215 3042 2286 quin
3085 2213 3330 2270 Africani
3360 2210 3585 2269 concilii
3630 2213 3833 2268 nomine

2233 2308 2489 2380 synodum
2518 2324 2657 2362 anno
2677 2306 2785 2363 418
2816 2306 3053 2363 kalendis
3093 2306 3253 2362 Maiis
3273 2306 3527 2371 habitam,
3553 2322 3671 2379 quce
3698 2321 3831 2380 prat-

2236 2401 2430 2455 dictum
2471 2398 2670 2455 Zosimi
2715 2400 3025 2472 rescriptum
3076 2402 3391 2469 antecessit,
3448 2400 3584 2455 idem
3646 2398 3833 2454 Doctor

2232 2492 2515 2567 intelligat.
2567 2493 2721 2559 Quod
2769 2496 3080 2564 conﬁrmare
3104 2495 3222 2549 licet
3251 2511 3368 2549 cum
3410 2511 3474 2551 ea:
3514 2495 3595 2550 his
3634 2493 3726 2549 lib.
3771 2495 3832 2549 de

2234 2587 2387 2643 Pecc.
2425 2587 2628 2659 Origin.
2682 2605 2804 2660 cap.
2845 2590 2878 2645 7
2925 2608 2940 2644 :
2998 2591 3194 2645 Postea
3224 2604 3393 2659 quam
3440 2604 3511 2645 ex
3556 2589 3831 2645 AFRICAXO

2232 2679 2618 2749 episcoporum
2651 2680 2889 2735 concilio
2922 2681 3192 2751 rescripta
3241 2680 3447 2737 directa
3478 2691 3653 2749 sunt,
3702 2680 3830 2751 quid

2234 2773 2395 2830 fuerit
2451 2782 2807 2831 consecutum
2859 2784 2920 2830 ut
2957 2776 3263 2846 justissime
3306 2776 3358 2831 in
3400 2791 3525 2832 eum
3562 2775 3830 2832 sententia

2232 2867 2601 2935 proferretur,
2643 2876 2839 2923 cuncta
2911 2867 3101 2938 legite,
3147 2877 3256 2923 tum
3319 2884 3381 2923 ea:
3430 2869 3545 2923 istis
3601 2866 3830 2941 ejusdem

2232 2957 2351 3013 libri
2379 2975 2495 3029 cap.
2536 2958 2601 3013 21
2642 2976 2655 3013 :
2709 2959 2840 3014 Post
2881 2961 3150 3031 rescripta
3180 2961 3383 3032 quippe
3404 2960 3670 3016 AFRICAN!
3696 2975 3829 3016 con-

2230 3051 2466 3106 cilii.....
2499 3066 2630 3106 cura
2664 3050 2909 3108 lidelium
2940 3061 3236 3123 patuerunt
3274 3070 3396 3124 qua:
3438 3054 3646 3109 litteris
3674 3053 3786 3109 suis
3809 3095 3823 3120 ,

2231 3161 2369 3215 quas
2395 3144 2726 3216 conscripsit
2758 3161 2854 3215 per
2876 3146 3063 3202 orbem
3097 3145 3478 3218 perferendas,
3518 3162 3657 3218 papa
3681 3146 3827 3203 Zosi-

523 3239 757 3295 Zosimus
774 3240 992 3311 epistola
1015 3240 1069 3307 6,
1089 3256 1231 3294 anno
1252 3238 1382 3307 417,
1414 3239 1736 3309 Septembris
1764 3241 1834 3298 9.9
1866 3244 1951 3297 die
1971 3243 2118 3310 data,
2148 3236 2196 3301 C
2227 3253 2347 3293 mus
2403 3237 2740 3294 exsecranda
2785 3238 3050 3296 atltexuit.
3101 3241 3392 3313 Augustino
3433 3242 3657 3296 concinit
3698 3241 3829 3297 Pro-

526 3335 740 3406 refutat.

1288 3427 1352 3483 V.

595 3522 649 3576 6.
682 3520 924 3575 Aurelius
946 3520 1140 3590 aliique
1166 3520 1358 3591 Africae
1384 3520 1635 3591 episcopi,
1661 3537 1797 3575 anno
1830 3522 1957 3589 M7,
1985 3523 2123 3577 circa

526 3616 713 3670 mensis
762 3613 1070 3669 Novembris
1126 3614 1280 3668 initia
1322 3612 1640 3685 Carthagine
1685 3619 2014 3689 congregati,
2060 3603 2141 3671 de.

528 3708 766 3764 Caelestio
794 3708 863 3763 ad
891 3707 1157 3763 Zosimum
1177 3725 1371 3781 papam
1397 3710 1791 3781 rescripseram,
1818 3728 1931 3765 cum
1964 3730 2022 3766 eo
2048 3714 2125 3769 sic

526 3801 935 3872 expostulantes,
969 3802 1115 3872 quasi
1143 3802 1383 3856 ltwretico
1420 3803 1540 3855 huic
1568 3803 1623 3857 in
1657 3805 1893 3860 omnibus
1921 3823 2126 3862 accom-

526 3893 785 3948 modasset
838 3894 1027 3963 fidem,
1057 3902 1209 3964 atque
1236 3894 1384 3949 illius
1428 3894 1593 3949 verbis
1629 3913 1733 3951 non
1776 3899 2027 3954 discussis
2058 3901 2125 3954 ad

526 4002 730 4040 onmem
758 3985 1013 4058 syllabam
1042 4002 1316 4042 assensum
1346 3988 1672 4059 prtebuisset.
1708 3988 1809 4044 His
1837 3991 1891 4043 in
1931 3992 2125 4047 litteris

526 4079 656 4148 sibi,
686 4087 864 4151 utpote
888 4077 1030 4151 apud
1059 4095 1188 4151 quos
1218 4088 1492 4134 accusatus
1524 4079 1588 4134 sit
1624 4077 1890 4136 Cwlestius
1914 4123 1928 4149 ,
1972 4094 2123 4139 notas

525 4188 635 4227 esse
661 4170 1014 4225 memorabant
1058 4171 1203 4226 illius
1234 4180 1392 4225 artes.
1440 4169 1569 4226 Tum
1613 4184 1988 4241 prcemonentes
2018 4176 2128 4230 sin-

525 4280 695 4319 ceram
732 4280 836 4318 non
859 4278 965 4317 esse
994 4262 1135 4317 illius
1163 4262 1316 4328 ﬁdem
1337 4304 1352 4329 ,
1386 4261 1654 4318 Zosimum
1690 4264 2081 4321 obtestabantur
2107 4308 2123 4335 ,

528 4375 590 4412 ne
615 4356 764 4411 illum
788 4370 1116 4428 pra'propere
1144 4354 1449 4424 absolveret,
1476 4357 1567 4410 sed
1592 4373 1671 4411 res
1699 4357 1751 4412 in
1778 4374 1839 4412 eo
1865 4360 2125 4431 relinque-

528 4459 605 4504 ret
642 4458 804 4516 statu,
829 4448 882 4502 in
900 4463 1002 4518 quo
1022 4456 1141 4502 ante
1182 4448 1512 4504 novissimam
1540 4452 1887 4521 cognitionem
1932 4464 2121 4519 erant,

529 4545 627 4597 hoc
657 4553 766 4611 est,
799 4561 831 4597 a
857 4544 1247 4611 communione,
1288 4559 1391 4615 qua
1429 4543 1659 4615 privatus
1706 4544 1770 4599 ab
1819 4543 2125 4603 Innocentio

2226 3346 2343 3402 sper
2372 3329 2462 3383 lib.
2490 3339 2668 3384 contra
2693 3328 3026 3396 Collatorem,
3051 3347 3100 3386 c.
3122 3332 3213 3398 10,
3228 3349 3319 3388 seu
3343 3333 3400 3399 5,
3424 3350 3481 3388 η.
3509 3332 3599 3389 15.
3629 3335 3829 3407 Quippe

2224 3423 2364 3494 quod
2393 3424 2463 3478 ibi
2493 3425 2626 3479 velut
2655 3425 2710 3479 in
2754 3424 3004 3497 Africano
3035 3429 3257 3483 concilio
3287 3430 3629 3485 constitutum
3650 3431 3827 3485 laudat

2225 3516 2281 3570 in
2306 3514 2446 3569 hunc
2476 3516 2687 3571 modum
2716 3533 2733 3570 :
2772 3518 3119 3576 Erraverunt
3153 3519 3408 3578 Africana
3442 3524 3827 3595 episeoporum

2226 3609 2486 3673 concilia,
2519 3626 2639 3681 qua:
2667 3610 2904 3668 decretis
2935 3613 3048 3669 suis
3079 3615 3495 3671 constituerunt
3536 3625 3827 3689 utrumque

2226 3702 2323 3758 Dei
2353 3703 2559 3757 donum
2597 3719 2744 3772 esse,
2776 3715 2831 3761 et
2858 3706 3004 3763 scire
3044 3707 3173 3779 quid
3201 3708 3383 3764 facere
3412 3709 3739 3776 debeamus,
3773 3718 3828 3765 et

2226 3796 2454 3868 diligere
2485 3808 2541 3851 ut
2578 3797 2868 3865 faciamus,
2921 3801 3136 3857 totidem
3168 3802 3332 3857 verbis
3357 3804 3637 3874 deﬁnitum
3665 3806 3829 3876 legere

2226 3902 2300 3946 est
2346 3892 2398 3946 in
2425 3892 2627 3965 synodo
2669 3891 3071 3968 Carthaginensi
3098 3914 3237 3951 anno
3266 3898 3369 3953 418
3399 3896 3637 3953 kalendis
3668 3897 3861 3969 Maiis,

2228 3983 2425 4050 habita,
2462 4001 2580 4040 can.
2619 3984 2676 4053 4,
2706 4004 2796 4042 seu
2838 3988 2895 4045 5.
2944 3988 3059 4043 Nec
3086 4005 3287 4046 movere
3326 4008 3640 4064 quemquam
3685 3992 3827 4048 debet

2225 4078 2365 4149 quod
2391 4078 2583 4135 ibidem
2613 4081 2823 4152 subjicit
2867 4081 3097 4156 Prosper
3124 4099 3142 4139 :
3175 4085 3515 4142 Erraverunt
3544 4102 3706 4144 ccxrv
3744 4103 3827 4144 sa-

2225 4171 2502 4237 cerdotes,
2532 4173 2620 4245 qui
2653 4173 2706 4229 in
2734 4175 2988 4246 epistola,
3017 4193 3177 4249 quam
3211 4179 3324 4235 suis
3345 4182 3827 4239 constitutionibus

2228 4266 2611 4334 praetulerunt,
2639 4274 2775 4336 etc.,
2806 4269 2961 4340 quasi
2976 4272 3094 4342 jam
3124 4270 3272 4325 aliud
3297 4270 3603 4337 concilium,
3636 4290 3827 4329 memo-

2228 4376 2346 4414 rare
2392 4360 2631 4432 incipiat.
2694 4361 2820 4416 Non
2847 4364 2984 4418 enim
3025 4364 3107 4419 Itis
3143 4365 3312 4421 verbis
3337 4366 3486 4422 aliud
3516 4369 3824 4434 concilium,

2227 4452 2319 4508 sed
2362 4453 2597 4521 eiusdem
2648 4457 2857 4511 concilii
2888 4458 3037 4512 aliud
3078 4460 3361 4533 scriptum,
3393 4472 3520 4533 puta
3558 4461 3827 4537 epistolam

2230 4549 2465 4620 praedicti
2489 4551 2702 4604 concilii
2723 4551 2943 4607 decretis
2988 4554 3260 4626 prce/imm
3291 4567 3681 4612 commemorat.

528 4639 697 4708 fuerat
740 4636 1031 4703 Caelestius,
1071 4636 1299 4690 alienum
1342 4651 1606 4690 remanere
1656 4637 1863 4691 interim
1909 4639 2119 4695 sineret.
2152 4639 2205 4698 D
2300 4640 2354 4696 8.
2388 4642 2494 4698 Sed
2516 4654 2562 4697 et
2592 4643 2731 4698 intra
2757 4646 2892 4700 illud
2920 4658 3138 4719 tempus,
3166 4658 3266 4717 quo
3285 4649 3487 4707 Zosimi
3509 4651 3575 4706 de
3594 4651 3825 4709 Cwlestio

535 4728 689 4796 Quod
719 4746 835 4784 cum
864 4729 1225 4784 edisseruerint
1256 4736 1362 4781 tam
1391 4727 1599 4793 copiose
1631 4737 1687 4780 ut
1718 4744 1890 4782 eorum
1926 4730 2125 4785 litteras

533 4820 804 4877 roluminis
828 4821 1035 4874 nomine
1064 4819 1258 4873 donare
1281 4816 1523 4872 Zosimus
1567 4834 1669 4871 non
1708 4819 1995 4889 dubitarit,
2028 4821 2126 4878 hoc

532 4930 705 4971 tamen
724 4915 947 4968 modeste
969 4912 1098 4967 adeo
1135 4912 1519 4981 praestiterunt,
1553 4920 1608 4964 ut
1641 4911 1800 4986 hujus
1836 4931 1983 4987 papa:
2010 4919 2124 4972 ani-

532 5025 673 5063 munt
722 5009 775 5062 iu
826 5004 1047 5060 Caelestii
1098 5005 1322 5076 gratiam
1364 5005 1689 5075 quantumvis
1737 5023 2047 5081 prapensum
2091 5028 2124 5065 a

533 5107 885 5173 ptaeconcepta
914 5098 978 5150 de
1004 5097 1097 5150 illo
1117 5097 1359 5169 opinione
1387 5107 1685 5163 avocarent,
1722 5108 1780 5152 ut
1814 5115 1878 5155 ea:
1905 5103 2124 5172 epistola

534 5200 623 5263 15,
647 5213 749 5266 qua
777 5193 901 5265 ipsis
922 5191 1206 5262 rescripsit,
1231 5189 1413 5261 liquet.

605 5293 657 5345 7.
711 5284 991 5351 Nonnulli,
1042 5299 1265 5355 quorum
1308 5284 1589 5341 eruditioni
1637 5287 1914 5359 deferimus
1956 5290 2126 5363 ριιινί-

536 5399 696 5450 mum,
719 5380 809 5434 uni
835 5376 1031 5434 Zosimi
1052 5375 1283 5447 epistola:
1312 5379 1552 5434 secunda:
1572 5378 1706 5435 duas
1735 5381 1798 5435 ab
1827 5380 1972 5452 Afris
2004 5383 2124 5437 red-

531 5479 665 5531 ditas
709 5489 819 5529 esse
848 5473 1146 5543 apinantur,
1181 5484 1341 5521 unam
1381 5470 1612 5525 videlicet
1659 5490 1685 5528 e
1725 5471 2125 5545 Carthaginensi

527 5567 768 5635 concilio,
792 5565 931 5639 quod
956 5565 1222 5630 Aurelius,
1252 5580 1314 5618 ne
1341 5565 1564 5619 duorum
1585 5569 1832 5622 mensium
1859 5586 1892 5623 a
1911 5567 2120 5623 Zosimo

529 5662 887 5732 praescriptum
925 5658 1256 5714 intervallum
1292 5659 1403 5714 sine
1446 5658 1668 5731 epistola
1712 5661 1847 5715 elabi
1893 5662 2125 5731 sineret,

528 5754 770 5825 festinato
798 5753 1123 5825 congregarit
1149 5769 1168 5819 ;
1194 5751 1411 5808 alteram
1436 5767 1553 5807 vero
1578 5770 1642 5808 ea:
1668 5753 1834 5810 altera
1862 5756 2081 5810 concilio
2105 5799 2120 5822 ,

526 5846 578 5902 in
608 5859 707 5918 quo
735 5844 854 5898 item
884 5842 1203 5919 Carthagine
1239 5844 1414 5916 plures
1443 5847 1669 5919 episcopi
1701 5863 1728 5903 e
1755 5848 1970 5905 diversis
1995 5865 2119 5919 pro-

2231 4732 2418 4789 littera:
2444 4734 2587 4806 Afris
2626 4736 2833 4792 traditte
2872 4749 3027 4807 sunt,
3068 4750 3114 4795 et
3155 4758 3259 4813 quo
3295 4740 3374 4798 illi
3415 4746 3825 4817 conscripserunt

2232 4842 2341 4895 eas,
2375 4828 2561 4897 quibus
2606 4829 2743 4884 idem
2779 4848 2917 4904 papa
2951 4835 3100 4901 epist.
3143 4832 3211 4887 12
3240 4836 3535 4907 respondet,
3582 4838 3672 4893 via:
3713 4847 3827 4893 octo

2231 4921 2434 4975 dierum
2465 4924 2758 4995 excogitare
2788 4926 2907 4981 licet
2936 4925 3289 4982 intervallum.
3325 4928 3524 5003 Nempe
3549 4930 3825 4987 Basiliscus

2231 5015 2577 5070 subdiaconus
2606 5034 2692 5071 cas
2721 5016 2923 5073 Zosimi
2950 5019 3172 5087 litteras,
3206 5021 3393 5092 quibus
3418 5022 3641 5078 Caelestii
3668 5040 3825 5078 accu.

2231 5119 2424 5165 sutores
2452 5110 2655 5180 Romae,
2689 5121 2747 5166 ut
2775 5129 2891 5167 eum
2920 5113 2990 5167 ibi
3023 5126 3333 5186 prazsentem
3363 5129 3659 5191 arguerent,
3690 5119 3825 5172 intra

2225 5204 2509 5258 secundum
2553 5222 2775 5263 mensem
2814 5209 2990 5264 sistere
3026 5227 3080 5264 se
3115 5210 3457 5283 jubebantur,
3500 5215 3557 5269 in
3595 5216 3824 5287 Africam

2227 5296 2559 5366 perferendas
2575 5300 2821 5369 suscepit.
2849 5300 2963 5356 Nec
2981 5302 3196 5358 dubium
3216 5305 3342 5376 quin
3362 5306 3460 5360 iste
3478 5306 3823 5362 subdiaconus

2226 5390 2402 5442 statim
2431 5388 2494 5442 ab
2528 5392 2750 5445 adventu
2782 5410 2876 5449 suo
2912 5396 3187 5465 specialem
3224 5396 3450 5454 Caelestii
3475 5410 3823 5456 accusatorem

2227 5477 2519 5536 Paulinum
2562 5486 2832 5540 convenire
2879 5505 2980 5543 non
3025 5488 3306 5544 distulerit.
3358 5492 3513 5562 Atqui
3563 5492 3820 5550 Paulinus

2227 5590 2335 5627 sese
2360 5573 2397 5627 2
2431 5572 2737 5633 Novembris
2771 5579 2855 5634 die
2890 5599 2922 5634 a
2951 5580 3212 5639 Basilisco
3238 5597 3545 5642 conventum
3580 5605 3642 5643 ac
3676 5588 3820 5645 verba

2226 5673 2374 5720 tenus
2407 5666 2624 5723 Romam
2653 5672 2871 5727 citatum
2902 5684 3146 5743 testatus,
3178 5689 3323 5732 sexto
3350 5690 3464 5752 post
3490 5680 3597 5752 die,
3629 5682 3725 5737 hoc
3747 5690 3819 5737 cst

2229 5755 2537 5815 Novembris
2566 5764 2624 5833 8,
2667 5762 2906 5822 libellum
2946 5770 3016 5824 ad
3042 5768 3308 5826 Zosintum
3334 5789 3426 5845 per
3455 5773 3819 5831 Marcellinum

2229 5850 2655 5926 Cartliaginensis
2683 5859 2914 5916 ecclesia:
2934 5863 3308 5920 subdiaconum
3329 5868 3483 5923 misit.
3514 5868 3645 5926 Cum
3667 5871 3818 5944 igitur
