4122 6346
311 322 410 380 689

695 323 971 384 NOTITIA
1010 325 1456 390 SCRIPTORUM
1498 332 1636 391 NON
1675 333 2123 395 EXSTANTIUM
2164 339 2332 409 QUAE
2371 341 2463 397 AD
2502 341 2812 402 ZOSIMUM
2851 345 3222 409 ATTINEN’I‘.

3491 352 3595 411 690

305 439 543 498 Zosimus
584 444 801 516 epistola
849 444 935 511 15,
988 462 1042 498 n.
1086 445 1142 514 ‘2,
1188 449 1498 518 respondere
1545 467 1598 505 se
1643 450 1901 522 signiﬁcet
1932 455 1981 515 Α
2011 454 2471 524 cognoscendam,
2501 474 2685 514 verum
2716 459 2878 515 etiam
2901 461 2967 516 ad
2994 462 3290 519 faciendam
3311 463 3596 536 justitiam,

303 535 550 605 Afrorum
584 534 766 590 litteris
799 537 896 591 sibi
938 554 1029 607 per
1067 540 1299 594 eumdem
1341 541 1702 598 Marcellinum
1732 545 1896 615 datis,

302 644 618 697 consequens
661 630 807 685 nobis
842 631 1068 699 videtur,
1116 640 1173 686 ut
1202 632 1283 687 hae
1306 634 1552 705 Afrorum
1577 637 1762 695 littera:
1796 654 1901 693 una

300 738 419 776 cum
447 720 622 778 libello
647 722 862 779 Paulini
882 724 1063 779 eodem
1088 725 1123 780 8
1147 724 1450 782 Novembris
1475 729 1561 782 die
1588 726 1900 784 Marcellino

301 814 507 869 tradin
528 813 744 884 fuerint.
768 815 893 869 Jam
916 832 1034 870 vero
1054 816 1193 870 intra
1215 834 1405 888 paucos
1425 817 1545 874 illos
1567 819 1694 883 dies,
1717 820 1899 893 quibus

297 915 346 961 et
373 904 662 961 Basiliscus
698 906 750 961 in
786 908 1024 979 Africam
1057 907 1287 976 advenit,
1330 921 1377 963 et
1417 910 1754 967 Marcellinus
1780 912 1902 968 inde

296 999 523 1055 Romam
549 1005 811 1075 profectus
838 1012 932 1068 est,
976 1004 1032 1057 in
1067 1005 1244 1057 eadem
1276 1004 1483 1060 civitate
1510 1006 1641 1062 duas
1679 1005 1899 1062 celebres

295 1094 541 1164 synodos,
583 1110 615 1147 a
641 1093 825 1164 quibus
862 1095 1076 1150 seorsim
1111 1095 1302 1151 litterae
1338 1095 1407 1150 ad
1434 1096 1699 1152 Zosimum
1730 1100 1900 1154 missa:

293 1184 415 1251 sint,
446 1184 647 1240 habitas
673 1202 781 1241 esse
801 1186 918 1255 quis
938 1186 1038 1242 sibi
1064 1187 1414 1261 persuadeat?
1435 1188 1504 1243 Et
1528 1191 1666 1244 istud
1690 1191 1897 1262 quidem

296 1277 591 1334 observasse
610 1280 841 1352 juverit,
875 1298 976 1336 non
1004 1282 1162 1337 modo
1190 1292 1244 1337 ut
1274 1283 1520 1338 historica
1548 1283 1899 1339 illustraretur

294 1371 507 1442 veritas,
537 1371 629 1426 sed
661 1372 887 1428 maxime
923 1391 987 1429 ne
1024 1374 1318 1430 crederetur
1355 1375 1598 1431 Zosimus
1643 1378 1707 1432 de
1746 1377 1897 1432 rebus

293 1464 484 1517 summi
512 1464 802 1532 momenti,
835 1464 899 1520 de
924 1465 1112 1535 quibus
1155 1465 1258 1520 duo
1298 1469 1522 1524 concilia
1552 1470 1759 1539 copiose
1794 1470 1897 1540 ipsi

292 1558 638 1627 scripsissent,
661 1562 847 1634 jejune
876 1564 1088 1618 omnino
1116 1579 1177 1617 ac
1203 1581 1306 1618 non
1332 1567 1443 1620 sine
1466 1565 1692 1638 quadam
1723 1565 1891 1639 negli-

291 1653 480 1725 gentite
515 1663 607 1708 aut
637 1655 793 1710 etiam
821 1656 1076 1727 superbia:
1106 1673 1167 1711 ac
1209 1658 1372 1727 fastus
1401 1670 1524 1714 nota
1552 1661 1893 1729 rescripsisse.

290 1741 374 1799 Ea
411 1746 552 1800 enim
592 1749 820 1820 suspicio
856 1764 1067 1821 prorsus
1096 1751 1368 1821 evanescit,
1411 1751 1499 1805 ubi
1536 1768 1644 1808 una
1691 1762 1891 1807 tantum

2008 560 2107 600 nos
2134 562 2234 616 per
2262 557 2416 604 actus
2442 550 2685 622 singulos
2708 552 2953 623 adjuvari
2986 571 2999 607 :
3030 554 3104 609 ita
3131 565 3183 609 ut
3207 556 3327 612 sine
3347 556 3434 612 illa
3463 556 3596 612 nihil

2004 657 2147 696 vera:
2194 653 2509 715 sanetteque
2546 647 2761 716 pietatis
2800 646 3040 716 habere,
3071 649 3312 721 cogitare
3334 693 3348 718 ,
3377 651 3595 722 dicere,

2003 749 2163 805 agere
2192 735 2493 793 valeamus.
2532 757 2551 792 s

2075 827 2162 881 11.
2206 826 2284 881 De
2329 830 2508 884 eadem
2561 832 2777 901 epistola
2831 832 2976 905 loqui
3023 833 3224 890 videtur
3277 836 3597 908 Augustinus

2001 920 2092 975 lib.
2136 937 2174 975 ιι
2200 922 2267 975 ad
2297 919 2567 994 Bonifac.,
2606 942 2654 979 c.
2686 925 2741 993 5,
2776 926 2865 980 ubi
2892 928 2965 982 ait
2992 943 3012 982 :
3044 926 3128 983 Ea:
3155 928 3336 999 Africa
3372 929 3595 986 Romam

2002 1013 2186 1068 littera:
2216 1027 2391 1084 postea
2427 1027 2678 1072 venerunt
2705 1018 2759 1073 id
2792 1022 3112 1077 continentes
3143 1039 3163 1077 :
3192 1021 3309 1079 Non
3343 1024 3596 1080 sufficere

2002 1105 2316 1162 hominibus
2365 1109 2700 1165 tardioribus
2746 1122 2804 1166 et
2852 1112 3295 1181 sollicitioribns,
3343 1115 3486 1186 quod
3536 1130 3596 1171 se

1998 1202 2328 1269 generaliter
2380 1201 2681 1259 Innocentii
2730 1205 2973 1276 episcopi
3030 1206 3228 1263 litteris
3280 1208 3596 1265 consentire

2001 1296 2312 1366 (leestius)
2336 1296 2644 1353 fatebatur:
2672 1299 2767 1354 sed
2792 1310 2981 1370 aperte
3004 1317 3128 1356 eum
3155 1301 3356 1359 debere
3379 1302 3595 1358 anatbe~

2001 1388 2266 1445 matizare
2288 1405 2412 1461 quae
2438 1390 2491 1445 in
2521 1407 2621 1447 suo
2648 1391 2834 1448 libello
2863 1409 3025 1465 prava
3048 1406 3302 1465 posuerat
3326 1412 3342 1463 ;
3375 1411 3442 1452 ne
3468 1396 3513 1451 si
3540 1396 3595 1451 id

1999 1498 2106 1538 non
2148 1481 2398 1552 fecisset,
2444 1482 2597 1538 multi
2643 1499 2833 1554 parum
2880 1486 3279 1556 intelligentes,
3324 1488 3496 1560 magis
3538 1488 3590 1543 in

1998 1574 2184 1632 libello
2212 1577 2330 1644 ejus
2353 1575 2445 1631 illa
2469 1576 2593 1632 fidei
2618 1593 2829 1632 venena
2859 1594 2888 1633 a
2920 1577 3049 1634 sede
3075 1579 3375 1650 apostolica
3404 1580 3594 1635 crede-

1998 1679 2121 1724 rent
2146 1670 2444 1739 approbata
2473 1714 2487 1738 ,
2521 1679 2814 1741 proriterca
2842 1672 2985 1741 quod
3025 1672 3094 1729 ab
3122 1673 3206 1728 illa
3236 1674 3439 1729 dictum
3476 1683 3593 1729 erat

1997 1777 2120 1818 eum
2151 1762 2391 1817 libellum
2418 1778 2542 1819 esse
2572 1763 2902 1820 catholicum
2920 1805 2935 1831 ,
2961 1780 3122 1836 quam
3154 1766 3441 1822 emendata
3464 1782 3593 1838 pru-

289 1839 590 1894 admittitur
610 1839 857 1913 Afrorum
889 1843 1129 1914 epistola,
1160 1844 1245 1897 cui
1272 1857 1513 1900 accurate
1543 1863 1635 1917 pro
1666 1857 1893 1918 tempore
1923 1846 1969 1907 Β
2001 1865 2120 1926 pter
2146 1855 2279 1910 illud
2304 1898 2318 1919 ,
2348 1857 2493 1926 qttod
2526 1873 2585 1912 se
2618 1873 2767 1928 papa:
2796 1857 3096 1913 Innocentii
3136 1859 3332 1915 litteris
3361 1874 3593 1915 consen-

288 1935 588 2006 respondet.
633 1932 782 1990 Fieri
813 1937 1018 1991 demum
1046 1938 1216 2010 potuit
1237 1984 1251 2007 ,
1280 1946 1336 1992 ut
1365 1939 1513 2010 Afri,
1553 1940 1640 2008 qui
1676 1941 1896 1995 concilia

288 2031 581 2101 frequenter
606 2028 955 2097 celebrabant,
988 2030 1297 2103 Carthagine
1315 2035 1433 2104 jam
1459 2035 1776 2107 congregati,
1805 2044 1894 2089 aut

288 2122 665 2193 prapemodum
695 2127 1045 2198 congregandi
1075 2133 1261 2193 essent,
1312 2142 1429 2179 cum
1467 2127 1749 2182 secundam
1784 2126 1892 2182 Zo-

285 2222 405 2275 simi
449 2221 725 2293 epistolam
764 2230 1092 2293 acceperunt.
1147 2219 1299 2277 Unde
1339 2221 1538 2293 factum
1572 2232 1644 2278 est
1689 2235 1743 2278 ut
1793 2226 1893 2298 ipsi

282 2313 434 2368 citius
465 2314 825 2384 rescriberem,
858 2315 1292 2387 quemadmodum
1319 2333 1460 2373 anno
1494 2329 1736 2388 sequente
1761 2336 1888 2375 con-

280 2404 424 2480 tigit.

625 2560 630 2565 .
1083 2501 1170 2559 Vl.

348 2593 404 2649 9.
443 2593 592 2649 Tunc
622 2604 913 2665 opportune
934 2598 1144 2661 accidit,
1181 2607 1236 2653 ut
1265 2598 1464 2654 Zosimi
1490 2600 1713 2674 epistola
1737 2600 1805 2655 12
1825 2603 1888 2656 ab

280 2687 424 2760 Afris
472 2703 533 2743 IlI
574 2686 821 2745 kalendas
864 2689 1035 2746 Maias
1071 2692 1199 2747 anni
1241 2693 1347 2748 418
1388 2695 1729 2767 acciperetur.
1775 2691 1889 2764 Ipsi

278 2781 418 2836 enim
444 2781 621 2835 triduo
641 2791 776 2851 post,
802 2783 899 2838 hoc
925 2794 997 2838 est
1026 2784 1155 2854 ipsis
1180 2782 1416 2840 kalendis
1450 2784 1632 2851 Maiis,
1663 2784 1887 2840 Cartha-

278 2874 402 2948 gine
427 2875 481 2928 in
522 2873 739 2931 basilica
770 2874 958 2931 Fausti
985 2876 1372 2932 celeberrimum
1408 2878 1590 2933 eadem
1623 2878 1688 2933 de
1728 2895 1888 2933 causa

277 2966 562 3022 concilium
600 2966 909 3026 habuerunt.
951 2967 1018 3024 In
1053 2986 1114 3025 eo
1141 2970 1479 3025 consederunt
1508 2971 1749 3027 Aurelius
1779 2972 1886 3040 epi-

277 3077 465 3133 scopus
497 3062 948 3135 Carthaginensis,
978 3061 1309 3118 Donatianus
1333 3061 1654 3136 Teleptensis
1676 3066 1889 3135 provin-

277 3156 377 3209 cia:
404 3153 693 3226 Byzacenae
729 3156 923 3226 primas
957 3167 1003 3211 et
1043 3155 1136 3212 alii
1174 3172 1310 3225 ceu,
1361 3166 1469 3211 tam
1507 3172 1574 3212 ex
1609 3158 1884 3227 provincia

280 3245 564 3318 Byzacena
591 3288 606 3314 ,
637 3263 798 3319 quam
830 3248 1151 3304 Mauritania
1182 3248 1462 3316 Sitifensi,
1505 3248 1836 3319 Tripolitana
1866 3292 1881 3315 ,
1914 3235 1960 3297 C

278 3337 559 3407 Numidia,
589 3340 909 3397 Mauritania
936 3343 1265 3398 Caesariensi
1294 3352 1350 3400 et
1379 3343 1637 3413 llispania
1662 3360 1883 3419 congre-

281 3433 393 3504 gati
416 3477 431 3502 ,
468 3442 528 3486 ut
557 3434 611 3487 in
655 3434 1038 3507 exemplaribus
1076 3434 1282 3492 Codicis
1310 3454 1343 3491 a
1384 3437 1659 3506 Quesnello
1691 3441 1888 3511 vulgati

282 3543 329 3581 c.
374 3526 438 3582 15
466 3525 706 3601 legimus.
739 3526 975 3584 Concilio
1002 3530 1122 3584 huic
1149 3528 1375 3604 Prosper
1404 3529 1493 3586 lib.
1521 3542 1660 3587 cont.
1693 3530 1883 3587 Collat.

283 3635 332 3674 c.
373 3620 427 3683 5,
460 3637 514 3674 n.
558 3619 648 3685 15,
679 3630 726 3675 et
752 3638 888 3695 resp.
930 3622 999 3677 ad
1027 3623 1211 3696 object.
1245 3628 1278 3680 8
1310 3623 1603 3695 Gallorum,
1640 3624 1888 3699 Prosperi

280 3712 407 3766 item
459 3710 719 3767 Chronico
751 3716 1133 3783 consentiente,
1189 3718 1457 3790 episcopos
1502 3719 1887 3788 quatuordecim

282 3821 448 3875 supra
477 3803 751 3874 ducentos,
787 3804 1006 3861 Phatius
1032 3823 1150 3863 vero
1174 3810 1350 3864 codice
1380 3810 1449 3865 55
1475 3821 1705 3882 quatuor
1729 3827 1888 3884 supra

283 3896 535 3951 ducentos
561 3898 742 3968 viginti
768 3898 1062 3970 interfuisse
1094 3901 1324 3955 tradunt.
1360 3901 1605 3969 Quamvis
1632 3912 1803 3956 autem
1837 3904 1889 3958 in

287 3988 464 4045 codice
492 3990 690 4057 Quesn.
719 3991 1019 4061 plenarinm
1050 3993 1380 4063 inscribatur,
1414 4011 1517 4048 non
1548 3995 1693 4048 aliud
1719 4007 1889 4051 tamen

286 4082 352 4138 ab
380 4100 439 4138 eo
484 4100 595 4139 esse
622 4085 738 4156 jam
765 4085 1118 4159 probavimus,
1162 4088 1300 4158 quod
1344 4087 1662 4161 Augustinus
1703 4090 1792 4144 lib.
1828 4092 1892 4143 de

290 4173 447 4231 Pece.
481 4178 641 4249 orig.,
681 4195 728 4232 c.
760 4178 793 4234 8
821 4188 869 4233 et
907 4181 999 4246 21,
1022 4197 1222 4235 necnon
1252 4180 1339 4235 lib.
1375 4196 1413 4235 ll
1455 4180 1524 4234 ad
1553 4179 1891 4253 Bonifacium

287 4284 335 4323 c.
363 4268 397 4324 5
420 4269 733 4326 Africanum
760 4283 1043 4346 nuncupat.

362 4364 450 4420 10.
485 4361 743 4434 EpiscOpi
779 4366 889 4420 illic
934 4368 1235 4441 congregati
1281 4377 1395 4422 octo
1436 4383 1682 4433 canones,
1716 4368 1891 4438 quales

290 4454 466 4511 Codex
509 4455 708 4521 Quesn.
751 4474 799 4511 c.
850 4459 917 4513 15
954 4459 1178 4524 exhibet,
1240 4460 1542 4515 Milevitana
1587 4476 1625 4515 ιι
1669 4459 1892 4514 concilio

292 4566 563 4622 perperam
591 4549 747 4604 tribui
774 4552 984 4618 solitos,
1019 4552 1393 4621 condiderunt,
1427 4569 1612 4624 eosque
1637 4552 1706 4607 ad
1743 4547 1893 4607 Zosi-

1998 1947 2103 2000 tire
2132 1946 2245 2013 ipse
2278 1944 2664 2015 responderat:
2693 1945 2892 2003 Eodem
2922 1959 3152 2021 spectare
3173 1950 3429 2004 credimus
3452 1952 3590 2020 quod

1993 2037 2132 2090 idem
2163 2036 2357 2091 Doctor
2384 2038 2511 2092 ibid.
2554 2055 2672 2111 cap.
2702 2039 2757 2103 4,
2791 2041 2860 2093 ad
2887 2041 3081 2094 calcent
3109 2042 3311 2096 numeri
3337 2040 3391 2108 6,
3424 2042 3589 2108 docet,

2000 2128 2152 2198 Afros
2180 2128 2414 2184 videlicet
2445 2130 2512 2182 ad
2549 2128 2815 2184 Zosimum
2854 2130 3186 2186 rescribentes
3211 2132 3496 2206 ﬂagitasse,
3532 2142 3590 2187 ut

1996 2220 2262 2276 Caelestius
2293 2222 2407 2291 ipsa
2436 2224 2663 2278 mnuino
2705 2225 2774 2279 de
2802 2224 2903 2280 hac
2939 2226 3242 2296 quastione
3285 2226 3592 2301 (originalis

1994 2313 2213 2387 peccati)
2243 2316 2407 2371 verba
2431 2331 2861 2372 commemorare
2882 2324 2939 2373 et
2960 2318 3444 2384 anathematizare,
3469 2335 3590 2389 quae

1996 2411 2048 2463 in
2080 2408 2263 2464 libello
2294 2424 2391 2464 suo
2424 2410 2605 2480 posuit
2646 2410 2883 2481 (quaeque
2908 2409 3118 2482 supra§
3148 2411 3200 2476 1,
3231 2427 3286 2465 n.
3323 2411 3379 2478 2,
3408 2412 3589 2466 retuli-

1993 2500 2174 2572 mus),
2203 2513 2513 2573 cogeretur.

2067 2596 2154 2654 12.
2199 2597 2365 2652 Natat
2392 2597 2612 2668 denique
2647 2596 2971 2668 Augustinus
3010 2596 3104 2652 lib.
3145 2598 3209 2651 de
3249 2595 3404 2653 Pecc.
3438 2597 3586 2671 Orig.

1992 2705 2039 2743 c.
2081 2689 2147 2758 8,
2195 2690 2333 2744 istud
2369 2691 2424 2745 in
2460 2688 2543 2745 Itis
2585 2689 2772 2744 litteris
2797 2731 2813 2756 ,
2860 2689 3044 2762 quibus
3092 2690 3391 2747 venerabili
3437 2705 3590 2761 papa:

1993 2780 2213 2836 Zosimo
2243 2782 2484 2854 synodus
2512 2779 2776 2837 Africana
2818 2781 3146 2851 respondit,
3192 2796 3590 2838 commemora-

1994 2882 2104 2930 tum
2123 2917 2139 2942 ,
2163 2875 2290 2946 quid
2324 2875 2574 2929 nimirum
2601 2874 2669 2929 de
2696 2874 3002 2931 Palmstinte
3028 2874 3221 2947 synodi
3243 2876 3444 2947 gestis,
3472 2875 3593 2945 qui-

1995 2973 2092 3026 bus
2129 2985 2187 3024 se
2233 2968 2485 3039 Pelagius
2519 2969 2831 3024 absolutum
2873 2984 2996 3025 esse
3029 2968 3315 3039 gloriatur,
3365 2980 3589 3024 sanctus

1995 3079 2129 3134 papa
2162 3062 2511 3117 Innocentius
2535 3061 2808 3132 iudicarit.
2844 3060 2997 3117 Unde
3032 3071 3081 3116 et
3116 3062 3379 3131 Africanae
3403 3061 3591 3132 synodi

1994 3166 2165 3226 patres
2189 3170 2404 3224 operam
2432 3154 2639 3208 dedisse
2667 3153 2959 3227 colligitur,
2992 3163 3048 3207 ut
3075 3153 3298 3209 latebras
3325 3170 3389 3208 ac
3414 3154 3588 3219 dolos,

1989 3247 2174 3320 quibus
2211 3248 2482 3303 Inereticus
2510 3247 2603 3302 ille
2633 3247 2923 3320 impietates
2961 3263 3084 3301 suas
3124 3248 3329 3319 operire
3356 3246 3588 3314 solebat,

1991 3351 2294 3417 retegerent.
2342 3341 2548 3397 Marius
2579 3342 2844 3397 Mercator
2881 3347 2944 3397 de
2979 3341 3169 3396 litteris
3196 3341 3314 3414 illis
3343 3340 3442 3397 hoc
3476 3351 3593 3397 tan-

1993 3446 2103 3490 tum
2134 3436 2368 3490 indicare
2400 3437 2526 3491 satis
2551 3436 2726 3502 habet,
2755 3436 3049 3505 episcOpos
3084 3450 3150 3490 ex
3181 3434 3364 3491 Africa
3394 3437 3592 3492 rescri-

1990 3532 2187 3587 bentes
2221 3545 2436 3587 omnem
2464 3545 2717 3594 causam,
2750 3545 2873 3602 qua:
2900 3529 3043 3599 apud
3080 3543 3178 3587 eos
3209 3529 3297 3604 (de
3326 3529 3589 3603 Ctelestio)

1993 3623 2136 3679 faeta
2169 3623 2380 3693 fuerat,
2425 3623 2609 3679 missis
2638 3622 2802 3679 etiam
2846 3622 3017 3693 gestis
3054 3636 3178 3693 quae
3218 3621 3434 3678 fuerant
3463 3626 3591 3679 tunc

1990 3734 2113 3775 eum
2145 3717 2236 3774 illo
2264 3719 2351 3773 vel
2381 3716 2449 3773 de
2481 3717 2573 3773 illo
2598 3716 2873 3787 confecta,
2903 3715 3245 3786 exposuisse.

2740 3810 2855 3867 VII.

2068 3906 2156 3961 15.
2190 3904 2441 3959 Omnibus
2466 3903 2665 3959 Zosimi
2693 3902 2924 3974 epistolis
2946 3902 3199 3958 celebrior
3226 3912 3305 3957 est
3329 3918 3413 3971 ea,
3436 3917 3593 3973 quam

1991 3997 2131 4051 idem
2164 3994 2366 4050 Marius
2407 3994 2668 4050 Mercator
2694 3995 2820 4049 edit.
2856 3993 3041 4048 Baluz.
3070 4011 3193 4068 pag.
3227 3992 3331 4049 158
3368 3993 3594 4048 Tracto-

1994 4088 2134 4143 riam
2158 4089 2475 4157 nuncupari,
2502 4104 2563 4141 ac
2590 4103 2686 4157 per
2708 4096 2878 4141 totum
2906 4088 3095 4143 orbem
3126 4088 3346 4141 missam
3369 4101 3480 4140 esse
3501 4087 3593 4140 ob-

1992 4189 2182 4235 servat.
2232 4179 2314 4234 De
2363 4180 2545 4234 eadem
2593 4180 2814 4251 epistola
2854 4178 3174 4249 Augustinus
3222 4179 3292 4232 ad
3343 4177 3593 4250 Optatum

1993 4273 2147 4342 epist.
2191 4271 2317 4341 190,
2369 4288 2424 4326 η.
2466 4271 2561 4340 22,
2603 4272 2679 4325 sic
2713 4269 2890 4326 scribit
2920 4286 2940 4324 :
2983 4270 3242 4339 Exempla
3286 4270 3589 4325 recentium

1994 4365 2299 4419 litterarum
2325 4408 2339 4432 ,
2369 4363 2485 4418 sive
2512 4378 2632 4432 qua:
2660 4361 2970 4432 specialiter
2997 4361 3063 4416 ad
3097 4360 3256 4416 Afros
3278 4402 3296 4428 ,
3327 4361 3442 4417 sive
3471 4376 3592 4430 qua:

1995 4457 2377 4514 universaliter
2408 4456 2472 4512 ad
2499 4471 2693 4512 omnes
2721 4457 3013 4527 episcopos
3039 4454 3107 4510 de
3133 4463 3431 4511 memorata
3462 4453 3594 4510 sedc

1995 4558 2311 4617 manarunt,
2348 4564 2417 4604 ne
2448 4548 2586 4604 forte
2612 4548 2679 4603 ad
2709 4556 2942 4602 vestram
2972 4548 3319 4602 sanctitatem
3350 4544 3591 4601 nondum

290 4660 429 4699 mum
475 4645 698 4717 prae/ira
740 4644 847 4699 illis
895 4648 1114 4720 epistola
1165 4648 1434 4702 miserunt.
1495 4646 1731 4703 Canones
1772 4648 1893 4702 illos
1919 4622 1974 4684 Ῑ)
2003 4641 2389 4714 pervenerint,
2422 4640 2575 4696 VObiS
2607 4640 2916 4696 ευΐῖινίῐηηε
2943 4638 3103 4694 mim-
3151 4638 3282 4705 Ωυιε
3319 4638 3600 4708 Augustini

291 4740 403 4808 ipse
429 4739 695 4811 adoptavit
716 4737 973 4794 Zosimus.
1001 4739 1146 4795 Certe
1168 4741 1224 4795 in
1248 4740 1540 4806 Tractoria,
1565 4742 1630 4795 de
1644 4758 1748 4814 qua
1776 4758 1896 4797 ntoa‘

294 4831 486 4886 dicturi
502 4832 717 4895 sumus,
753 4834 978 4902 tertium,
1006 4845 1246 4905 quartum
1274 4845 1321 4889 et
1348 4834 1587 4906 quintum
1613 4835 1746 4889 velut
1774 4852 1896 4908 pro-

295 4925 407 4996 pria
436 4924 574 4979 sedis
600 4925 903 4995 apostolica:
948 4925 1154 4980 decreta
1194 4926 1371 4981 haberi
1408 4925 1588 4980 voluit.
1640 4924 1897 4997 Ερὶδιοιιε

294 5030 465 5075 autem
514 5021 587 5073 eis
640 5018 904 5092 adjuncta
946 5021 1290 5095 fragmentum
1338 5017 1565 5095 Prosper
1616 5021 1705 5075 lib.
1753 5031 1892 5078 cont.

294 5113 483 5171 Collat.
525 5131 574 5169 ο.
624 5115 680 5179 5,
725 5131 778 5169 η.
816 5116 903 5184 15,
946 5116 1095 5170 nobis
1138 5118 1408 5171 asservavit
1445 5128 1493 5171 et
1524 5115 1896 5170 commendavit

294 5208 372 5263 his
398 5210 563 5264 verbis
593 5225 612 5264 :
646 5227 666 5261 ‹
702 5208 1017 5265 Erraverunt
1044 5226 1202 5268 ccxxv
1240 5212 1550 5276 sacerdotes,
1585 5213 1675 5283 qui
1700 5213 1752 5267 in
1783 5214 1889 5285 epi-

290 5303 425 5357 stola
469 5319 624 5374 quam
667 5304 775 5358 suis
822 5306 1273 5360 constitutionibus
1310 5303 1666 5375 pra'tulerunt,
1716 5308 1790 5361 ita
1829 5307 1896 5361 ad

291 5397 596 5468 apostolicae
637 5396 773 5450 sedis
813 5398 1096 5451 antistitem
1137 5397 1202 5451 B.
1241 5396 1508 5453 Zosimum
1537 5409 1656 5453 sunt
1693 5400 1850 5453 locuti
1877 5418 1896 5455 :

290 5488 687 5545 Constituimus
710 5489 763 5543 in
790 5488 1066 5558 Pelagium
1095 5500 1256 5560 atque
1278 5491 1590 5545 Cretestium
1617 5507 1713 5561 per
1734 5507 1898 5548 vene-

292 5582 526 5638 rabilem
560 5582 882 5652 episcopum
921 5582 1296 5637 Innocentium
1336 5584 1404 5638 de
1431 5584 1733 5640 beatissimi
1766 5601 1895 5656 apo-

293 5675 420 5730 stoli
453 5674 600 5729 Petri
631 5674 763 5729 sede
787 5675 1053 5745 prolatam
1079 5689 1301 5730 manere
1326 5676 1654 5730 sententiam
1673 5718 1688 5740 ,
1721 5676 1898 5732 donec

293 5767 643 5839 apertissima
692 5767 1043 5823 confessione
1089 5766 1382 5834 fateantur,
1434 5772 1610 5840 gratia
1663 5771 1753 5825 Dei
1801 5786 1899 5841 per

294 5849 482 5916 leuam
522 5855 800 5913 Christum
844 5857 1133 5913 Dominum
1183 5868 1427 5915 nestrum
1467 5876 1575 5915 non
1621 5858 1793 5914 solum
1832 5863 1896 5915 ad

1999 4736 2153 4792 verba
2191 4734 2385 4807 duplici
2427 4735 2627 4788 ratione
2668 4730 2957 4805 intelligere
2993 4740 3070 4785 est
3116 4746 3134 4785 :
3182 4746 3288 4783 una
3324 4730 3595 4798 nimirum,

2001 4852 2106 4906 qua
2133 4834 2315 4887 litteris
2347 4849 2379 4885 a
2406 4830 2614 4886 Zosimo
2642 4829 3000 4885 universaliter
3028 4829 3099 4883 ad
3128 4843 3304 4882 omnes
3330 4828 3600 4903 episcOpos

2002 4928 2198 4993 missis,
2230 4928 2469 4998 quaedam
2491 4924 2738 4998 speciales
2766 4925 2835 4978 ad
2866 4924 3021 4994 Afros
3053 4925 3315 4995 adjuncta:
3342 4924 3488 4987 sint;
3518 4922 3603 4976 id-

2002 5038 2098 5091 que
2141 5036 2230 5093 per
2266 5036 2322 5074 se
2349 5028 2534 5073 sonant
2561 5019 2726 5072 allata
2755 5017 2912 5087 hujus
2951 5013 3189 5069 Doctoris
3223 5014 3401 5080 verba,
3448 5023 3603 5086 atque

2001 5115 2250 5169 historica
2272 5115 2462 5167 veritas
2488 5112 2759 5179 conﬁrmat
2782 5125 2801 5164 :
2828 5109 2990 5163 altera
3011 5124 3150 5172 vero,
3189 5125 3293 5180 qua
3320 5123 3438 5179 quin
3462 5107 3604 5179 Afris

1998 5205 2294 5277 specialiter
2334 5206 2599 5273 inscripta:
2640 5205 2845 5275 fuerant
2888 5202 3052 5277 (quia
3090 5201 3220 5272 ipsis
3261 5200 3545 5256 scribendis
3574 5215 3603 5252 e

2000 5301 2643 5378 Carthaginensisynodo
2697 5298 2934 5354 kalendis
2993 5296 3151 5352 Maiis
3198 5296 3378 5351 habita
3416 5294 3603 5348 rescri-

2000 5395 2171 5450 bentes
2200 5395 2519 5448 occasionem
2549 5389 2846 5461 dederant).
2881 5390 3208 5454 postmodum
3237 5383 3603 5440 universaliter

2001 5496 2070 5543 ad
2110 5502 2286 5541 omnes
2330 5485 2597 5554 episcopos
2644 5484 2816 5539 missae
2861 5484 2985 5538 sint.
3032 5481 3130 5536 Rei
3176 5480 3407 5533 ordinent
3456 5475 3600 5531 Mar.

2006 5580 2283 5639 Mercator,
2310 5593 2430 5648 pag.
2462 5578 2587 5643 151,
2618 5586 2798 5632 narrat
2828 5578 2907 5631 his
2929 5576 3093 5630 verbis
3122 5589 3133 5601 ν
3164 5572 3446 5641 Episcopis
3469 5585 3603 5627 vero

2001 5692 2068 5733 ex
2095 5673 2276 5729 Africa
2308 5672 2418 5742 (ubi
2439 5671 2670 5726 kalendis
2703 5670 2865 5726 Maiis
2895 5664 3261 5736 convenerant)
3289 5666 3601 5720 rescriben-

1998 5769 2174 5834 tibus,
2202 5780 2530 5830 omnemque
2556 5780 2776 5819 caiisam
2805 5778 2925 5834 quas
2957 5761 3098 5831 apud
3130 5776 3224 5814 eos
3251 5757 3389 5812 facta
3420 5757 3599 5825 fuerat

2001 5859 2434 5929 esponentibus,
2471 5863 2654 5918 missis
2700 5859 2864 5914 etiam
2901 5855 3067 5925 gestis
3099 5851 3300 5909 exinde
3334 5858 3457 5923 (tua:
3487 5850 3611 5910 fuci
