4122 6346
277 362 383 422 693

660 358 937 420 ΝΟΤΙΤΙΑ
973 358 1413 419 SCRIPTORUM
1456 359 1591 417 NON
1633 359 2087 419 EXSTANTIUM
2125 358 2294 428 QUAE
2334 359 2425 416 Al)
2466 356 2769 419 ZOSIMUM
2809 356 3181 417 ATTINENT.

3473 358 3580 419 69b

275 476 595 553 apostolicae
638 475 792 532 sedis
833 473 1085 547 adjuncta
1116 475 1452 547 prwdit‘attq.
1483 474 1540 530 Si
1570 474 1769 540 anima,
1801 475 1881 529 in-
1911 493 1965 552 Α
1990 482 2180 531 natura
2218 479 2530 545 praesumat,
2575 473 2847 535 clamante
2880 470 3150 542 Apostoio
3178 490 3192 529 :
3221 472 3341 530 Non
3365 481 3454 530 est
3480 489 3582 531 no.

274 573 407 645 quit,
450 586 519 629 ex
562 571 789 627 traduce
825 584 931 622 non
972 578 1074 636 est,
1124 568 1219 624 sed
1250 568 1366 624 sola
1392 582 1522 624 cato
1550 576 1758 623 tantum
1788 566 1880 622 ba-

274 668 367 724 bet
396 665 679 722 traducem
712 662 944 736 peccati,
972 662 1087 720 sola
1113 679 1242 735 ergo
1266 678 1482 735 pteuam
1511 675 1772 720 meretur.
1800 662 1885 721 ln-

269 759 475 830 justum
505 772 592 815 est
620 759 790 825 enim,
822 767 883 813 ιιι
905 757 1065 815 hodie
1090 767 1216 813 nata
1245 761 1446 825 anima,
1474 771 1581 813 non
1612 772 1680 813 ex
1705 770 1885 815 massa

274 852 433 921 Adae,
468 862 580 917 tam
606 854 893 924 antiquum
922 862 1200 923 peccatum
1234 862 1413 922 portet
1438 852 1678 907 alienum
1712 870 1726 906 :
1759 851 1885 922 quia

275 946 425 1002 nulla
469 945 686 1001 ratione
722 944 1068 1009 conceditur,
1101 956 1156 1001 ιιι
1185 945 1349 1015 Deus,
1382 946 1471 1014 qui
1506 945 1726 1018 propria
1757 959 1884 1019 pec-

276 1047 395 1093 cata
423 1036 675 1106 dimittit,
710 1037 945 1108 imputet
969 1037 1230 1091 alienum.

352 1131 440 1187 18.
483 1128 641 1187 Hanc
679 1128 886 1203 Pelagii
918 1129 1413 1206 argumentationem
1444 1128 1560 1184 ideo
1592 1128 1886 1201 referimus,

275 1223 397 1296 quia
432 1223 759 1296 pracipuum
797 1239 823 1276 e
866 1220 1029 1275 tribus
1069 1221 1301 1290 epistolae
1337 1219 1534 1276 Zosimi
1564 1221 1886 1292 fragmentis,

276 1333 393 1390 qua:
423 1326 731 1389 supersunt,
765 1316 819 1369 in
849 1332 960 1370 eam
1004 1316 1224 1370 maxime
1255 1313 1415 1370 cadit.
1452 1313 1652 1385 Nempe
1683 1313 1888 1384 Augus-

279 1412 415 1465 tinus
457 1411 513 1464 in
556 1413 734 1464 eadem
774 1408 999 1481 epistola
1042 1408 1163 1476 i90,
1209 1427 1264 1465 η.
1298 1409 1392 1475 25,
1431 1407 1541 1463 haec
1585 1409 1886 1478 pi'wfatus:

278 1504 396 1561 Non
431 1513 517 1559 est
550 1503 697 1558 enim
733 1501 867 1557 falsa
901 1504 1067 1558 etiam
1098 1504 1153 1558 in
1189 1502 1537 1574 parvulorum
1566 1501 1891 1573 baptianate

280 1597 539 1654 remissio
582 1606 959 1668 peccatorum,
1005 1610 1105 1651 nec
1144 1595 1311 1651 verbo
1353 1606 1510 1650 tenus
1539 1594 1759 1662 dicitur,
1793 1593 1889 1651 sed

279 1691 554 1748 veraciter
577 1692 778 1761 agitur,
797 1689 990 1742 subdit.
1017 1687 1151 1744 Nam
1179 1698 1235 1741 ιιι
1258 1689 1369 1761 jam
1397 1688 1583 1745 verbis
1601 1698 1743 1755 utar,
1769 1700 1891 1761 quae

277 1787 333 1843 in
386 1784 625 1856 epistola
674 1783 983 1840 beatissimi
1031 1782 1301 1838 antistitis
1348 1783 1552 1840 Zosimi
1600 1781 1889 1853 leguntur;

279 1896 442 1953 eaque
470 1878 623 1937 verba
653 1877 852 1950 profert
880 1878 932 1931 in
960 1877 1095 1930 [tunc
1125 1878 1360 1932 modum.

871 1986 1231 2029 FBAGMENTUI
1259 1988 1273 2026 1

821 2063 1112 2119 Tractoriw
1137 2063 1359 2120 Zosimi.

356 2159 565 2215 Fidelis
589 2159 850 2215 Dominus
882 2159 932 2213 in
963 2159 1142 2214 verbis
1170 2159 1308 2227 suis,
1332 2159 1561 2231 ejusque
1588 2158 1893 2231 baptismus

281 2268 340 2308 re
362 2261 470 2308 acll
494 2252 698 2317 verbis,
726 2251 777 2309 id
801 2260 887 2307 est
913 2267 1102 2322 opere,
1127 2250 1472 2309 confessione
1495 2260 1549 2307 et
1570 2250 1894 2309 remissione

282 2361 411 2403 uera
456 2355 831 2419 peccatorum,
879 2347 930 2400 in
970 2347 1118 2401 onmi
1157 2362 1312 2414 sexu,
1354 2356 1539 2415 aetate,
1579 2347 1895 2407 conditione

282 2441 500 2512 generis
545 2440 770 2495 iuunaui
803 2440 1050 2497 eamdem
1080 2441 1471 2511 plenitudinem
1503 2450 1670 2498 tenet.
1700 2441 1897 2500 Nullus

281 2534 469 2601 enim,
518 2534 621 2589 nisi
667 2532 758 2604 qui
800 2534 1009 2603 peccati
1054 2549 1247 2591 servus
1286 2544 1395 2604 est,
1444 2535 1579 2591 liber
1625 2534 1887 2603 eiiicitur,

282 2643 388 2683 nee
418 2625 738 2698 redemptus
774 2626 879 2681 dici
912 2636 1111 2697 potem,
1144 2629 1246 2683 nisi
1280 2632 1369 2693 aui
1400 2643 1532 2685 vere
1570 2643 1669 2701 per
1699 2643 1894 2699 pecca-

284 2728 396 2773 tum
428 2718 595 2774 iuerit
622 2726 748 2772 ante
776 2719 1052 2790 captivus;
1085 2720 1227 2775 sicut
1252 2719 1519 2792 scriptum
1547 2732 1632 2775 est
1663 2738 1677 2774 :
1704 2720 1763 2778 Si
1797 2736 1895 2782 vos

282 2812 456 2869 Filius
484 2811 820 2880 liberaverit,
856 2828 985 2869 vere
1016 2813 1171 2870 liberi
1203 2814 1401 2887 eritis(
1432 2812 1589 2871 Joan.
1624 2830 1737 2881 vni,
1773 2814 1890 2886 56).

282 2907 387 2964 Per
430 2912 607 2977 ipsum
648 2908 795 2962 enim
843 2908 1188 2963 renascimur
1212 2909 1556 2979 spiritaliter,
1589 2924 1685 2979 per
1712 2910 1892 2980 ipsum

281 3003 655 3074 crucifigimur
696 3002 918 3057 mundo.
959 3003 1137 3073 ipsius
1181 3014 1360 3058 morte
1395 3005 1586 3059 mortis
1617 3004 1685 3059 ab
1714 3004 1887 3059 Adam

280 3097 533 3153 euntibus
556 3096 712 3155 nobis
739 3096 1086 3163 introductae,
1109 3108 1271 3166 atque
1302 3098 1636 3153 transmissa:
1660 3097 1884 3153 univer-

281 3206 357 3245 sae
380 3192 599 3253 animae,
624 3188 757 3243 illud
783 3189 1077 3259 propagine
1101 3198 1437 3246 contractum
1464 3188 1890 3261 chirographum

1985 567 2068 624 bis
2110 567 2422 624 colluctatio
2456 567 2726 627 adversus
2768 583 2992 625 carnem
3022 578 3077 624 et
3114 569 3459 640 sanguinem.
3487 569 3585 626 sed

1987 670 2178 719 eontra
2222 661 2495 731 principes
2536 670 2591 717 ct
2634 669 2935 731 potestates
2977 662 3119 719 aeris
3164 660 3352 732 hujus,
3395 670 3589 718 contra

1987 752 2250 823 Spiritaiia
2293 753 2553 824 nequitia:
2591 753 2645 809 in
2676 754 2989 812 eteiestibus
3015 753 3239 827 (Epirus.
3271 770 3347 821 vr,
3377 753 3491 827 12).
3525 753 3597 811 Et

1987 844 2129 899 sicut
2169 845 2286 910 ipse
2325 847 2522 900 iterum
2566 845 2697 900 dicit
2726 864 2737 899 :
2769 845 2962 902 infelix
3007 864 3107 918 ego
3135 847 3323 915 homo,
3352 849 3475 919 quis
3502 862 3591 904 me

1991 936 2240 993 liberabit
2273 938 2344 994 de
2383 954 2614 1010 corpore
2656 942 2850 999 mortis
2894 941 3055 1012 hujus
3092 941 3270 1015 (Rom.
3310 959 3412 1010 vn,
3452 940 3590 1014 24)?

1990 1027 2178 1086 Gratia
2219 1030 2319 1087 Dei
2362 1047 2456 1104 per
2496 1033 2681 1089 Jesum
2708 1032 2985 1091 Christum
3017 1036 3313 1092 Dominum
3339 1048 3589 1092 nostrum

1991 1119 2035 1194 (Ι
2064 1119 2187 1178 Cor.
2214 1139 2303 1191 xv,
2336 1123 2450 1197 i0).
2485 1126 2550 1179 iit
2576 1125 2774 1182 iterum
2805 1143 2819 1179 :
2846 1124 3033 1183 Gratia
3070 1126 3170 1184 Dei
3209 1142 3331 1183 sum
3364 1128 3418 1183 id
3445 1127 3591 1198 quod

1992 1231 2137 1281 sum,
2177 1227 2232 1272 et
2274 1219 2445 1290 gratia
2487 1219 2581 1275 Dei
2624 1219 2675 1275 in
2726 1235 2815 1279 me
2853 1235 3022 1276 vacua
3053 1237 3162 1277 non
3191 1220 3310 1290 iuit,
3342 1222 3437 1279 sed
3470 1222 3595 1292 plus

1991 1310 2100 1367 illis
2132 1311 2387 1366 omnibus
2430 1311 2705 1380 laboravi;
2753 1329 2864 1371 non
2904 1330 3006 1385 ego
3046 1324 3255 1383 autem,
3286 1316 3383 1372 sed
3417 1316 3589 1387 gratia

1994 1405 2089 1461 Dei
2124 1420 2359 1461 mecum.
2398 1405 2532 1465 illud
2570 1407 2752 1476 etiam,
2797 1408 2946 1478 quod
2972 1409 3114 1465 intra
3138 1410 3587 1481 Carthagineusis

1994 1499 2188 1571 synodi
2240 1500 2464 1557 decreta
2515 1501 2875 1558 constitutum
2926 1513 3053 1571 est,
3110 1505 3267 1575 quasi
3314 1507 3593 1578 proprium

1994 1594 2308 1667 apostolica:
2350 1594 2496 1651 sedis
2542 1596 2943 1668 amplectimur,
2997 1598 3140 1669 quod
3180 1599 3393 1656 scilicet
3429 1602 3597 1658 tertio

1996 1688 2233 1761 capitulo
2284 1688 2593 1745 definitum.
2637 1688 2737 1746 His
2779 1690 3103 1766 adjiciuntur
3135 1691 3373 1765 ejusdem
3409 1693 3596 1765 synodi

1998 1782 2226 1854 capitula
2264 1781 2299 1837 4
2342 1790 2391 1836 et
2429 1781 2464 1838 5
2503 1782 2639 1839 velut
2682 1782 2921 1855 ejusdem
2966 1783 3266 1853 apostolica:
3303 1785 3440 1840 sedis
3478 1801 3598 1856 pro-

1923 1892 1971 1952 B
1996 1876 2132 1946 pria.

2064 1967 2156 2023 20.
2198 1965 2494 2027 Generatim
2539 1987 2658 2027 vero
2703 1971 2879 2027 omnia
2916 1971 3127 2027 concilii
3170 1969 3594 2044 Carthaginensis

1994 2062 2227 2118 kalendis
2266 2061 2427 2120 Maiis
2463 2064 2588 2118 anni
2631 2062 2737 2121 418
2777 2062 2941 2118 habiti
2980 2065 3184 2120 decreta
3221 2064 3293 2118 ad
3331 2063 3601 2121 Zosimum

1997 2157 2216 2226 perlata,
2258 2164 2309 2211 et
2353 2155 2416 2210 ab
2455 2173 2513 2215 eo
2556 2159 2612 2212 in
2658 2155 2927 2213 Tractoria
2962 2158 3121 2229 fuisse
3150 2158 3440 2229 approbata
3467 2157 3604 2213 Pro-

1997 2271 2117 2323 sper
2154 2255 2207 2309 in
2232 2253 2489 2311 Chronico
2518 2257 2783 2312 memoria
2810 2255 3079 2310 mandauit
3110 2254 3193 2309 his
3222 2256 3387 2313 verbis
3412 2272 3432 2312 :
3455 2257 3605 2311 Con-

1995 2350 2124 2405 cilio
2164 2350 2307 2418 apud
2352 2348 2740 2421 Carthaginem
2787 2349 2977 2405 habito
3017 2365 3176 2406 ccxtv
3219 2351 3600 2422 episcoporum

1997 2441 2063 2495 ad
2100 2457 2294 2513 papam
2327 2442 2606 2501 Zosimum
2646 2442 2927 2515 synodalia
2956 2442 3179 2503 decreta
3208 2442 3456 2513 perlata;
3490 2458 3606 2506 our-

1998 2550 2092 2589 eus
2121 2550 2401 2599 PROBA'I'IS,
2424 2550 2524 2605 per
2552 2545 2724 2593 totum
2752 2534 3017 2590 mundum
3049 2534 3278 2592 haeresis
3308 2535 3602 2606 Pelagiana

1997 2627 2251 2685 damnata
2296 2640 2402 2687 est.
2438 2628 2768 2702 Quapropter
2806 2629 2879 2683 ad
2917 2630 3155 2684 eamdem
3189 2628 3515 2685 Tractoriam
3550 2640 3607 2686 ut

1998 2717 2433 2792 Carthaginensia
2462 2720 2670 2777 decreta
2690 2721 3063 2795 approbantem
3089 2722 3414 2797 Augustinus
3444 2722 3535 2778 lib.
3567 2725 3605 2781 it

1996 2814 2059 2871 de
2090 2815 2280 2872 Anima
2304 2825 2354 2871 et
2386 2817 2500 2886 ejus
2533 2816 2771 2888 Origine,
2803 2834 2851 2872 c.
2885 2817 2978 2885 12,
3007 2834 3063 2872 n.
3096 2818 3188 2888 17,
3221 2818 3476 2890 respicere
3501 2833 3606 2872 non

1999 2910 2252 2967 immerito
2293 2911 2551 2977 videatur,
2592 2910 2683 2966 ubi
2721 2911 2901 2966 scribit
2947 2927 2965 2967 :
3005 2911 3269 2966 Novellus
3310 2910 3606 2966 lmreticos

1999 3002 2324 3072 Pelagianos
2366 3002 2673 3071 iustissime
2714 3003 3076 3059 conciliorum
3110 3002 3513 3058 catholicorum
3550 3013 3609 3058 et

1997 3095 2148 3151 sedis
2186 3094 2507 3165 apostolica:
2552 3096 2832 3151 damnavit
2861 3095 3185 3161 auctoritas,
3213 3108 3281 3149 eo
3311 3093 3456 3165 quod
3489 3093 3606 3149 ausi

1999 3187 2201 3243 iuerint
2227 3205 2335 3243 non
2366 3187 2657 3259 baptizatis
2682 3189 2922 3259 parvulis
2947 3188 3079 3243 dare
3102 3185 3307 3256 quietis
3332 3194 3385 3243 et
3407 3185 3607 3242 salutis

282 3289 575 3358 rumpitur,
600 3288 651 3341 in
684 3303 794 3358 quo
826 3286 1008 3343 nullus
1036 3286 1263 3343 omnino
1291 3296 1565 3355 natorum,
1594 3296 1886 3357 antequam
1917 3288 1961 3351 C
1997 3280 2176 3337 locum
2207 3279 2369 3337 etiam
2404 3290 2609 3351 praeter
2634 3295 2864 3350 regnum
2890 3280 3185 3335 caelorum.
3210 3277 3312 3332 His
3333 3279 3468 3333 enim
3497 3294 3609 3334 uer-

285 3397 384 3453 pcr
414 3381 742 3452 baptismum
775 3381 1064 3451 liberetur,
1106 3398 1213 3439 non
1248 3390 1462 3439 tenetur
1490 3383 1784 3438 obnoxius.

366 3474 561 3545 Quibus
604 3476 752 3529 dictis
799 3475 1119 3549 Augustinus
1165 3475 1306 3529 istud
1344 3475 1412 3528 ad
1450 3476 1717 3531 sententia:
1742 3476 1900 3549 hujus

290 3571 500 3626 laudem
539 3580 590 3626 et
630 3572 932 3641 apostolica:
971 3571 1109 3626 sedis
1148 3571 1647 3629 commendationem
1676 3572 1897 3644 subjun-

292 3664 364 3737 git
406 3680 425 3718 :
470 3663 528 3718 in
574 3663 660 3717 his
690 3663 872 3717 verbis
903 3663 1219 3735 apostolica:
1246 3664 1394 3722 sedis
1424 3674 1532 3721 tam
1557 3664 1783 3737 antiqua
1812 3676 1898 3723 at-

292 3772 400 3829 que
429 3755 649 3811 fundata
679 3768 830 3811 certa
862 3767 914 3812 et
943 3756 1087 3812 clara
1116 3767 1201 3812 θει
1226 3756 1495 3815 catholica
1528 3756 1686 3825 ﬁdes,
1716 3770 1777 3814 ut
1806 3776 1900 3816 nc-

294 3850 374 3905 ias
404 3850 474 3905 sit
498 3848 567 3906 de
593 3849 684 3907 illa
711 3848 962 3906 dubitare
990 3850 1327 3906 Christiano.

874 3961 1234 4003 FRAGMENTUI
1261 3962 1317 4001 ll.

372 4036 457 4094 19.
506 4036 746 4093 Alterum
789 4042 1141 4113 fragmentum
1173 4039 1226 4094 in
1263 4038 1486 4112 epistola
1512 4039 1576 4097 2i
1612 4039 1896 4106 Calestini,

300 4148 412 4206 cap.
459 4133 513 4202 9,
550 4132 696 4189 nobis
723 4143 1045 4191 asservatam
1082 4145 1184 4198 est,
1219 4135 1305 4191 ubi
1332 4135 1473 4189 idem
1502 4133 1699 4192 Doctor
1728 4134 1903 4207 (Zosi-

301 4228 435 4297 mus)
469 4243 587 4283 cum
627 4228 698 4282 ad
738 4228 897 4285 totius
938 4228 1075 4284 orbis
1105 4228 1379 4298 episcopos
1411 4229 1473 4282 de
1503 4226 1695 4285 diuina:
1722 4229 1903 4299 gratiae

302 4319 638 4390 opitulatione
666 4320 981 4393 loqueretur,
1017 4328 1329 4374 memoratur
1354 4319 1625 4390 scripsisse
1655 4335 1673 4376 .'

372 4413 525 4482 Quod
558 4428 689 4483 ergo
719 4420 934 4483 tempus
973 4412 1290 4480 intervenit,
1323 4427 1429 4484 quo
1456 4410 1576 4483 ejus
1604 4427 1710 4467 non
1737 4426 1900 4481 egeao

305 4523 424 4563 mus
455 4508 704 4565 auxilio?
745 4507 801 4564 in
831 4507 1087 4564 munibus
1114 4506 1280 4578 igitur
1309 4506 1541 4574 actibus,
1576 4507 1779 4573 causis,
1813 4521 1906 4562 co-

304 4602 654 4674 gitationibus
676 4642 692 4669 ,
734 4602 971 4659 motibus
1010 4600 1227 4674 adjutor
1263 4610 1320 4657 et
1354 4611 1633 4672 pretector
1661 4599 1903 4657 orandus

1998 3373 2106 3440 bis,
2143 3390 2259 3441 quin
2296 3376 2618 3448 Augustinus
2656 3375 2750 3430 sub
2791 3375 2918 3429 anni
2956 3372 3063 3430 419
3104 3373 3295 3427 exitum
3331 3372 3607 3445 scribebat,

1999 3472 2169 3529 notari
2196 3488 2324 3543 pene
2350 3489 2455 3527 non
2480 3470 2792 3542 ambigimus
2815 3472 2915 3525 hoc
2940 3467 3223 3533 decretum,
3251 3468 3391 3539 quod
3417 3467 3608 3524 Binins

2000 3565 2133 3619 inter
2173 3574 2358 3618 uetera
2398 3561 2692 3618 Milevitani
2728 3562 2938 3618 concilii
2975 3561 3174 3627 edidit;
3206 3561 3322 3616 licet
3350 3562 3526 3633 paucis
3551 3562 3608 3617 in

2002 3660 2264 3715 codicibus
2305 3661 2600 3715 inveniatur
2643 3676 2661 3715 :
2709 3660 2956 3725 Placuit,
3008 3670 3068 3714 ut
3113 3659 3159 3714 si
3204 3659 3332 3730 quis
3372 3659 3604 3731 dixerit,

2005 3752 2127 3809 ideo
2150 3752 2355 3810 dixisse
2381 3753 2705 3810 Dominum:
2732 3752 2789 3808 in
2820 3752 2987 3808 domu
3018 3752 3200 3808 Patris
3227 3753 3338 3809 mei
3368 3754 3607 3809 mansio-

2005 3861 2104 3901 nes
2143 3846 2327 3902 multae
2366 3856 2518 3913 sunt,
2559 3856 2695 3910 εις..
2742 3856 2802 3902 ιιι
2834 3844 3170 3917 intelligatur
3197 3847 3323 3918 quia
3354 3847 3408 3901 in
3436 3861 3609 3917 regno

2003 3938 2267 3995 etelorum
2306 3939 2412 3997 erit
2437 3939 2632 4008 aliquis
2663 3939 2815 3995 locus
2847 3939 3081 4006 medius,
3112 3939 3198 3994 vel
3230 3939 3375 3993 ullus
3404 3938 3607 3994 alicubi

2005 4032 2181 4097 locus,
2224 4031 2321 4087 ubi
2362 4033 2522 4088 beate
2568 4033 2755 4087 vivant
2795 4033 3031 4103 parvuli,
3063 4032 3154 4103 qui
3187 4033 3306 4087 sine
3333 4032 3607 4101 baptismo

2006 4139 2073 4183 ex
2116 4124 2217 4183 hac
2260 4124 2368 4181 vita
2412 4124 2744 4195 migrarunt,
2793 4126 2914 4181 sine
2945 4141 3054 4196 quo
3081 4126 3135 4179 in
3170 4140 3399 4195 regnum
3431 4127 3606 4181 coelo-

2006 4235 2149 4286 rum,
2191 4218 2333 4289 quod
2374 4228 2462 4273 est
2507 4218 2617 4273 vita
2665 4228 2895 4287 arterua,
2945 4218 3154 4272 intrare
3197 4232 3304 4271 non
3351 4224 3603 4287 possunt,

2006 4311 2296 4369 anathema
2323 4311 2417 4367 sit.
2440 4309 2572 4367 Nam
2590 4325 2716 4366 cum
2743 4310 3006 4365 Dominus
3028 4310 3173 4364 dicat
3196 4328 3208 4362 :
3235 4309 3350 4365 Nisi
3373 4310 3497 4380 quis
3519 4324 3609 4366 re-

2009 4415 2167 4465 natus
2198 4402 2368 4463 fuerit
2404 4418 2474 4461 ex
2501 4418 2639 4471 aqua
2674 4413 2729 4459 et
2759 4402 2968 4473 Spiritu
2996 4410 3206 4470 sancto,
3243 4418 3350 4459 non
3381 4396 3608 4458 intrabit

2009 4503 2063 4561 in
2104 4519 2332 4575 regnum
2361 4502 2631 4559 caelorum
2661 4500 2848 4574 (Joan.
2889 4516 2975 4570 ιιι,
3018 4499 3074 4573 5)
3106 4542 3119 4565 ,
3154 4500 3275 4566 quis
3303 4500 3606 4557 catholicus

2010 4598 2222 4656 dubitet
2266 4598 2588 4670 participem
2635 4596 2844 4653 diaboli
2891 4596 3009 4653 fore
3048 4611 3196 4665 eum,
3229 4596 3320 4668 qui
3364 4596 3612 4653 cohmres

306 4704 409 4751 est.
452 4694 760 4767 Superbum
801 4703 887 4753 est
916 4695 1099 4760 enim,
1130 4704 1186 4750 ut
1212 4692 1506 4765 quidquam
1534 4692 1640 4748 sibi
1670 4691 1903 4749 humana
1932 4686 1986 4748 D
2013 4710 2121 4751 non
2153 4694 2415 4750 meruerit
2439 4709 2564 4750 esse
2594 4691 2841 4749 Christi?
2867 4690 2970 4761 Qui
2999 4693 3145 4748 enim
3176 4691 3405 4748 dextera
3435 4699 3609 4762 intret,

378 4920 405 4951 ⁸
434 4910 573 4967 Hinc
603 4910 879 4979 colligitur
906 4924 1029 4965 cum
1061 4908 1114 4964 in
1146 4907 1391 4963 Romam
1424 4917 1536 4962 tum
1569 4906 1620 4960 in
1653 4905 1906 4979 Africana

307 4982 535 5041 ecclesia
579 4998 700 5039 eam
738 4978 864 5038 tunc
892 4981 1154 5052 temporis
1180 4979 1436 5038 usitatam
1468 4979 1635 5052 fuisse
1660 4978 1913 5052 baptismi

308 5053 575 5119 formam,
623 5053 798 5127 qualis
840 5054 891 5107 in
939 5048 1161 5127 aniiquo
1230 5052 1430 5127 Missali
1479 5048 1913 5127 Gaurion-Galli—

308 5141 474 5194 cano,
523 5121 668 5196 quod
715 5126 1040 5179 Thomasius
1072 5121 1357 5196 'vuigavit,
1410 5121 1911 5196 praiscribiturﬂhis

308 5191 493 5253 verbis
537 5191 553 5252 ἐ
600 5197 819 5265 Baptizo
859 5206 908 5251 te
948 5198 1026 5250 ill.
1071 5196 1127 5251 in
1163 5191 1375 5249 nomine
1422 5194 1595 5249 Patris
1624 5203 1673 5249 et
1705 5191 1837 5265 Filii
1866 5202 1913 5247 et

312 5267 547 5336 Spiritus
576 5263 745 5325 sancti
772 5271 828 5324 in
864 5268 1216 5324 remissionem
1250 5277 1604 5334 peccatorum,
1637 5275 1691 5320 ut
1721 5263 1913 5319 habeas

313 5340 469 5394 vitam
509 5349 779 5396 aeternam.
826 5340 985 5405 llinc,
1035 5350 1091 5392 ut
1132 5338 1470 5410 Augustinus
1511 5336 1608 5410 lib.
1651 5340 1719 5391 de
1748 5336 1908 5410 Pecc.

314 5410 488 5481 Orig.,
534 5429 584 5467 c.
631 5410 683 5472 5.
720 5412 932 5475 scribit,
965 5418 1188 5465 coactus
1214 5408 1295 5463 est
1322 5408 1608 5464 Cmiestius
1641 5408 1910 5474 coniitt-ri,

313 5480 540 5553 infantes
584 5484 763 5539 debere
803 5482 1056 5553 baptizari
1096 5481 1151 5534 in
1191 5480 1911 5553 remissionempeccatorum

315 5550 597 5628 secundum
622 5550 1190 5628 regulam—universalis
1216 5550 1487 5605 Ecclesiat.
1520 5551 1666 5628 idem
1700 5561 1761 5628 et
1773 5565 1908 5628 pro—

318 5625 461 5682 ﬁteri
490 5621 806 5698 compulsus
839 5624 1205 5698 estiPeiagius
1240 5642 1253 5680 ;
1285 5638 1444 5698 quem
1479 5621 1695 5683 quidem
1724 5621 1915 5698 Pinia-

320 5713 443 5763 nus,
488 5693 703 5762 Albina,
749 5707 804 5751 et
843 5696 1069 5751 Melania
1111 5709 1230 5748 eum
1274 5693 1555 5747 audissent
1583 5693 1918 5758 responden-

321 5778 451 5841 tem,
483 5771 622 5841 quod
651 5770 861 5828 eisdem.
902 5767 1085 5841 quibus
1115 5775 1161 5819 et
1192 5766 1312 5833 tua];
1331 5780 1436 5831 res,
1465 5764 1777 5841 sacramenti
1807 5780 1917 5817 vcr-

322 5838 396 5893 bis
421 5833 691 5909 (adeoque
718 5843 773 5895 in
800 5833 1158 5894 remissionem
1186 5834 1562 5909 peccatorum),
1594 5833 1919 5909 baptizan‘tur

320 5905 565 5983 infantes,
599 5905 704 5971 non
746 5909 1098 5969 mediocriter
1130 5905 1193 5965 se
1222 5908 1434 5964 laetatos
1463 5905 1609 5976 esse,
1642 5914 1780 5961 teste
1811 5905 1921 5962 Au-

2012 4907 2232 4977 gustino
2258 4905 2354 4962 lib.
2376 4905 2446 4961 de
2477 4905 2635 4961 Pecc.
2667 4905 2845 4976 θήρη
2867 4919 2917 4960 c.
2944 4906 2995 4973 i,
3015 4904 3374 4977 scripserunt.
3408 4903 3608 4977 Verum

2013 4974 2245 5034 Subinde
2283 4978 2428 5033 idem
2461 4979 2660 5033 Doctor
2687 4992 2740 5032 c.
2771 4974 2840 5031 21
2870 4974 3141 5032 observat
3161 4976 3265 5031 hoc
3294 4990 3420 5031 eum
3451 4974 3608 5030 {alia-

2013 5051 2151 5105 citer
2176 5049 2545 5117 respondisse,
2572 5060 2831 5120 tamquam
2858 5047 3143 5116 infantibus
3170 5048 3402 5104 remissio
3426 5063 3610 5115 pecca-

2015 5131 2134 5175 toru
2157 5138 2184 5172 ιι
2220 5121 2488 5174 verborum
2528 5119 2698 5190 sonitu
2731 5119 3007 5190 diceretur,
3045 5136 3151 5175 non
3177 5136 3349 5175 rerum
3374 5128 3615 5190 ageretur

2014 5192 2217 5258 eﬂectu.
2250 5191 2351 5247 Cui
2384 5191 2614 5246 fallacia:
2642 5188 3072 5260 Carthaginense
3100 5188 3426 5257 concilium,
3460 5188 3613 5260 Mile-

2017 5264 2193 5319 vitaui
2234 5279 2271 5318 ιι
2314 5265 2533 5318 nomine
2574 5259 2875 5333 vulgatum,
2920 5262 3074 5332 cujus
3112 5262 3354 5333 decreta,
3398 5262 3474 5333 uti
3500 5259 3610 5327 jam

2018 5336 2457 5403 observavimus,
2490 5331 2741 5392 lusimus
2774 5331 3117 5403 approbavit,
3156 5336 3208 5386 in
3240 5332 3373 5386 Cod.
3406 5331 3613 5403 Queen.

2018 5422 2136 5477 cap.
2164 5408 2249 5463 'i5
2287 5407 2366 5462 sic
2404 5400 2640 5463 occurrit
2675 5424 2685 5460 :
2726 5400 2935 5463 Placuit
2963 5414 3018 5461 ut
3044 5405 3345 5477 quicumque
3369 5400 3614 5477 ραι-ιυξζίιε

2016 5471 2238 5533 recentes
2264 5478 2326 5530 ab
2358 5478 2517 5531 uteris
2544 5486 2766 5532 matrum
2793 5476 3132 5545 baptizandus
3165 5471 3471 5545 negats’aut
3488 5471 3615 5526 dicit

2020 5566 2072 5606 ιι(
2101 5563 2455 5621 nouissimam
2484 5549 2693 5621 quidem
2725 5562 3074 5621 peccaronuu
3111 5561 3197 5597 eos
3225 5544 3608 5621 baptizari,_s_ed

2020 5620 2151 5676 nilul
2189 5638 2273 5675 eus
2311 5638 2374 5677 ea:
2409 5612 2577 5675 Adam
2604 5621 2805 5674 trahere
2828 5618 3097 5688 originalis
3124 5612 3337 5688 peccati,
3368 5616 3510 5684 quod
3535 5612 3615 5667 la-

2018 5709 2169 5749 vacro
2210 5694 2612 5762 regenerationis
2655 5686 2929 5762 expietur,-
2964 5689 3097 5742 unde
3126 5686 3186 5754 ﬁt
3221 5700 3528 5755 consequens
3560 5694 3617 5739 ut

2020 5765 2075 5817 in
2104 5764 2176 5817 eis
2208 5767 2370 5831 forma
2401 5764 2750 5834 baptismatis,
2782 5778 2834 5815 ιιι
2863 5771 3211 5834 aestuamus!
3244 5769 3615 5834 reccaronpu.

2022 5852 2125 5889 non
2167 5826 2281 5888 vere
2309 5835 2401 5887 scd
2436 5826 2568 5905 false
2608 5826 2949 5905 intelligatur,
2993 5828 3267 5905 auat/tenta
3311 5827 3393 5879 sit.
3431 5826 3621 5905 Eidem

2023 5904 2253 5961 fallacia:
2275 5895 2657 5978 huncquoque
2676 5895 2926 5958 lusimus
2938 5895 3157 5957 omnem
3171 5895 3374 5953 aditum
3397 5897 3620 5956 claudit.
