4122 6346
471 200 577 255 695

1427 204 1767 260 APPENDIX
1810 205 1901 260 AD
1940 206 2169 260 Ol’l'LRA
2211 206 2267 260 S.
2313 204 2542 261 ZOSIJII
2585 205 2807 262 1³ΛΡΕ.

3672 202 3772 259 6‘36

471 322 747 379 sinistram
781 322 968 393 procul
1000 321 1164 377 dubio
1194 322 1457 377 incurret.
1486 323 1639 391 Quod
1660 325 1706 377 si
1732 325 1806 379 ita
1834 333 1929 392 est,
1960 341 2069 377 mu-
2098 326 2146 386 Α
2178 324 2268 379 illa
2316 327 2610 392 necessitas,
2661 327 2825 379 nihilo
2846 324 3013 398 magis
3055 325 3195 379 idem
3225 322 3419 378 Doctor
3463 324 3513 377 in
3562 323 3777 395 epistola

473 416 666 470 tandus
696 422 771 469 est
799 416 947 482 ordo,
979 431 1132 486 quem
1162 415 1301 469 idem
1348 430 1517 468 canon
1566 417 1710 487 apud
1743 416 2073 483 Quesnellum

477 509 607 565 Cod.
636 525 754 581 cap.
789 509 859 564 15
886 510 1023 563 inter
1052 507 1483 578 Carthagiuenses
1515 508 1721 564 obtinet.
1747 508 1901 582 Apud
1926 510 2075 564 illum

478 600 619 656 enim
660 600 841 654 tertius
877 607 985 666 est;
1026 600 1259 671 quamvis
1297 597 1435 652 alius
1474 600 1540 654 sit
1579 600 1643 654 ab
1682 616 1763 668 eo,
1793 618 1941 673 quem
1969 603 2080 675 ipse

478 694 721 751 Zosimus
770 691 1196 765 Carthaginensis
1250 692 1461 747 concilii
1512 694 1737 750 tertium
1783 695 2079 765 capitulum

477 797 651 842 υοοαε.

1040 893 1400 935 FBAGIENTUI
1438 895 1515 935 HL

552 974 647 1030 2|.
691 973 926 1029 Tertium
962 974 1194 1043 eiusdem
1231 971 1516 1029 Tractorice
1564 977 1911 1048 lragmentum
1949 976 2084 1033 Pro-

481 1083 599 1139 sper
642 1065 735 1121 lib.
777 1080 956 1120 contra
993 1064 1189 1120 Collat.
1217 1082 1267 1121 c.
1300 1066 1387 1135 10,
1419 1085 1508 1123 seu
1538 1068 1593 1137 5,
1627 1087 1679 1123 n.
1715 1068 1802 1134 15,
1836 1087 1898 1123 ac
1924 1068 2089 1125 Caele-

485 1159 610 1214 stini
653 1157 875 1227 epistola
915 1157 1018 1227 2i,
1063 1174 1111 1213 c.
1151 1159 1207 1225 5,
1240 1160 1600 1232 suppeditant.
1650 1161 1803 1216 Istud
1828 1161 2089 1217 relaturus

484 1249 712 1323 Prosper
742 1253 817 1305 ita
847 1252 1100 1323 prcefatur
1131 1269 1152 1310 :
1186 1252 1395 1307 Errarit
1426 1264 1755 1309 sacrosancta
1783 1256 1915 1310 beati
1948 1255 2090 1310 Petri

481 1347 646 1409 sedes,
692 1361 809 1416 qua:
831 1346 899 1399 ad
928 1346 1225 1401 universum
1266 1346 1438 1402 orbem
1483 1365 1635 1419 paptv
1675 1348 1871 1403 Zosimi
1904 1365 1991 1404 ore
2017 1351 2091 1404 sic

484 1440 739 1512 loquitur.
775 1438 958 1495 Eidem
990 1440 1044 1495 in
1079 1441 1305 1513 epistola
1335 1440 1595 1496 Caelestini
1627 1442 1956 1509 prccmittitur
1984 1444 2092 1497 lucc

482 1531 591 1587 alia
628 1534 870 1606 praefatio
915 1550 933 1588 :
974 1531 1042 1588 In
1079 1551 1234 1605 quam
1266 1550 1359 1588 nos
1387 1534 1698 1588 sententia»:
1728 1536 1907 1607 dirigit
1938 1535 2095 1589 beatw

480 1625 855 1681 recordationis
896 1641 1049 1697 papa:
1091 1624 1288 1681 Zosimi
1328 1626 1584 1699 regularis
1628 1628 1937 1693 auctoritas,
1978 1643 2094 1681 cum

2179 416 2303 484 195,
2336 417 2387 470 in
2414 434 2517 485 qua
2554 433 2670 471 eam
2685 433 2862 471 rursus
2892 427 3285 483 commemorat,
3317 416 3512 486 aperit.
3543 413 3777 470 Meminit

2179 518 2227 563 et
2252 508 2525 564 Possidius
2551 510 2822 582 legationis
2843 510 3021 584 hujus,
3052 519 3207 581 atque
3254 508 3551 563 collationis
3576 506 3778 577 Augus-

2183 602 2347 657 tinum
2368 605 2504 657 iater
2521 615 2570 657 et
2609 601 2897 657 Emeritam
2917 599 3250 656 Donatistam
3280 600 3532 656 Ca'sarea:
3554 602 3606 654 in
3631 598 3783 653 Mau-

2184 695 2373 750 ritania
2402 710 2538 748 anno
2559 695 2664 749 418
2696 693 3010 765 Septembris
3030 693 3102 749 20
3126 694 3210 749 die
3241 710 3305 749 ea:
3334 694 3609 766 legationis
3631 692 3783 757 huius

2187 787 2455 841 occasione
2476 786 2666 841 habitw
2697 803 2716 840 :
2746 787 2835 841 sed
2853 802 2969 859 quae
2992 784 3140 842 illum
3188 788 3462 841 necessitas
3484 785 3588 839 huc
3616 796 3786 838 traxe-

2188 882 2272 944 rit,
2304 881 2499 946 pariter
2516 888 2667 934 tacet.
2696 880 2788 935 Sic
2815 896 2967 949 porro
2996 897 3103 934 rem
3128 896 3245 949 cap.
3275 878 3342 933 14
3374 890 3583 933 narrat:
3612 876 3789 933 Omni-

2190 974 2426 1046 potentis
2450 973 2544 1029 Dei
2580 975 2840 1044 praestitit
2865 974 3153 1035 auxilium.
3188 983 3243 1026 nt
3287 982 3478 1042 pnslt'a
3507 971 3560 1025 in
3607 967 3791 1026 Caesa-

2192 1066 2361 1122 riensi
2409 1064 2749 1121 Mauritaniae
2787 1066 3010 1121 civitate
3055 1067 3384 1121 constitutus
3411 1062 3525 1136 (sit)
3565 1076 3792 1117 venera-

2192 1158 2314 1214 bilis
2340 1157 2617 1214 tnetttoritc
2644 1156 2999 1229 Augustinus,
3027 1175 3133 1229 quo
3150 1173 3275 1212 eum
3298 1158 3489 1212 venire
3517 1170 3642 1210 cum
3671 1154 3790 1210 aliis

2193 1251 2534 1322 coepiscopis
2571 1252 2719 1307 sedis
2771 1252 3086 1322 apostolica:
3138 1250 3338 1305 litterae
3388 1248 3790 1319 compulerunt,

2195 1347 2266 1401 ob
2298 1345 2671 1402 lerntinandas
2719 1346 2974 1400 videlicet
3027 1344 3165 1399 alias
3196 1342 3457 1398 Ecclesia
3489 1342 3787 1397 necessita-

2199 1448 2299 1493 tc-s.
2332 1439 2445 1494 llac
2472 1455 2603 1510 ergo
2631 1439 2922 1495 occasione
2945 1438 3220 1511 provenit,
3250 1449 3307 1491 ut
3337 1438 3638 1493 Emeritum
3663 1434 3796 1504 ejus-

2198 1532 2323 1587 dem
2351 1533 2456 1588 loci
2486 1533 2888 1587 Donatistarum
2922 1535 3239 1605 episcopum
3260 1573 3274 1586 .
3294 1573 3309 1588 .
3334 1572 3345 1584 .
3374 1530 3609 1586 videret.
3648 1528 3798 1599 Atqui

2198 1633 2318 1679 ante
2336 1623 2447 1679 lucc
2477 1642 2593 1679 cum
2622 1623 2852 1679 Emerita
2900 1634 3043 1697 gesta
3076 1625 3394 1697 Augustinus
3436 1626 3488 1676 in
3522 1621 3795 1677 Retracto—

485 1719 710 1774 scribens
747 1719 816 1775 ad
845 1721 1004 1774 totius
1042 1721 1179 1774 orbis
1220 1721 1483 1793 episcopos
1510 1722 1602 1775 ait.
1644 1721 1775 1775 Tum
1802 1722 2092 1796 subjiciun-
2127 1727 2176 1787 Β
2202 1717 2425 1773 tionibus
2440 1717 2531 1772 lib.
2556 1734 2615 1784 tt,
2636 1735 2682 1773 c.
2717 1716 2809 1784 50,
2837 1716 2995 1771 libros
3017 1720 3252 1789 proxime
3272 1716 3491 1769 collocat
3519 1713 3588 1768 de
3614 1713 3798 1768 Gratia

488 1821 573 1867 tur
617 1811 814 1868 Zosimi
852 1813 1001 1867 rerba
1035 1829 1054 1868 :
1094 1813 1204 1877 Nos
1243 1824 1426 1869 autem
1469 1814 1725 1870 instinctu
1758 1815 1850 1870 Dei
1883 1814 2087 1887 (omnia

491 1906 638 1961 ettim
676 1906 821 1962 bona
857 1907 922 1963 ad
963 1918 1240 1963 auctorem
1274 1923 1433 1963 suum
1478 1907 1765 1964 referenda
1795 1921 1919 1965 sunt
1945 1909 2090 1966 unde

494 2001 819 2070 nascuntur)
846 1999 913 2054 ad
947 1998 1179 2055 fratrum
1211 2012 1264 2056 et
1297 2000 1747 2071 coepiscoponum
1778 2015 2089 2057 nostrorum

490 2093 858 2149 conscientias
882 2094 1136 2149 universa
1160 2096 1467 2150 retulimus.
1495 2094 1627 2162 Quae
1654 2098 1905 2150 sententia
1928 2113 2092 2165 quan-

497 2197 604 2241 tum
632 2186 777 2256 Afris
812 2187 1085 2258 placuerit,
1116 2187 1297 2242 eadem
1324 2188 1547 2257 epistola
1574 2187 1700 2242 ibid.
1731 2188 2053 2259 testiﬁcatur.

563 2278 655 2334 22.
684 2279 796 2334 Nec
840 2280 987 2334 siluit
1019 2279 1186 2346 Man;
1216 2281 1476 2335 Mercator
1521 2297 1623 2351 qua
1678 2281 1880 2335 ratione
1926 2291 2089 2336 totum

508 2373 644 2428 illud
664 2371 867 2428 Zosimi
887 2373 1137 2446 scriptum
1184 2373 1238 2427 in
1283 2374 1521 2429 universa
1565 2374 1802 2429 Ecclesia
1827 2387 2096 2443 exceptum

502 2471 627 2542 fuit.
654 2469 856 2533 Beatze,
901 2470 1067 2541 inquit
1095 2469 1223 2524 edit.
1257 2467 1444 2525 Batus.
1477 2487 1596 2541 pag.
1647 2469 1772 2537 158,
1822 2472 2100 2526 memoriae

502 2563 746 2633 episcOpi
797 2561 1002 2616 Zosimi
1049 2561 1311 2632 epistola,
1365 2577 1486 2633 quae
1544 2562 1830 2617 Tractoria
1876 2562 2099 2631 dicitur,

502 2654 623 2727 qua’
649 2654 937 2711 (Icelestius
982 2655 1341 2725 Pelaginsque
1380 2655 1622 2710 damnati
1663 2664 1811 2724 sunt,
1853 2664 1906 2711 et
1954 2655 2101 2712 Con-

507 2748 946 2818 stantinopolim,
976 2758 1033 2805 et
1061 2765 1159 2821 per
1192 2759 1367 2805 totum
1385 2751 1576 2806 orbem
1604 2752 2107 2823 subscriptionibns

505 2853 820 2900 sanctorum
875 2852 1090 2915 patrum
1145 2855 1231 2900 est
1277 2845 1554 2901 roborata.
1626 2845 1780 2912 Quod
1849 2848 2107 2919 eleganter

510 2935 743 3008 Prosper
772 2936 827 2990 in
876 2936 1009 2991 libro
1051 2947 1232 2992 contra
1283 2935 1499 3003 Collat.,
1529 2955 1582 2991 n.
1627 2937 1719 3002 57,
1749 2940 1996 3009 expressit
2026 2938 2108 2993 his

512 3029 677 3084 verbis
731 3044 751 3084 :
794 3028 1179 3085 Africanorum
1231 3031 1587 3086 conciliorum
1649 3030 1889 3088 decretis
1933 3031 2109 3088 beata:

2180 1809 2395 1865 Christi
2425 1820 2470 1863 et
2495 1810 2563 1865 de
2592 1810 2824 1864 Peccato
2858 1808 3133 1879 originali,
3166 1809 3229 1862 de
3251 1806 3435 1879 quibus
3453 1808 3565 1860 [uec
3595 1804 3748 1859 habet
3776 1819 3797 1859 :

2202 1902 2587 1973 Posteaquam
2614 1902 2899 1973 Pelagiana
2932 1902 3157 1957 haeresis
3190 1916 3313 1956 eum
3343 1902 3458 1956 suis
3484 1900 3799 1955 auctoribus

2196 2000 2268 2052 ab
2295 1997 2572 2069 episcopis
2624 1998 2875 2053 ecclesia:
2928 1995 3215 2059 Romamn,
3274 1995 3424 2066 prius
3454 1994 3793 2061 innocentia,

2203 2094 2408 2150 deinde
2433 2091 2685 2159 Zosimo,
2738 2092 3163 2162 cooperantibus
3204 2091 3560 2146 conciliorum
3594 2089 3805 2144 Africa-

2203 2205 2395 2246 norum
2426 2187 2645 2255 litteris,
2675 2186 2921 2240 convicta
2948 2195 3112 2255 atque
3136 2182 3389 2238 damnata
3442 2194 3560 2247 est,
3602 2180 3793 2249 scripsi

2205 2284 2341 2337 duos
2374 2282 2544 2336 libros
2566 2280 2831 2334 adversus
2862 2293 2982 2345 eos,
3035 2293 3203 2332 unum
3254 2276 3323 2332 de
3357 2276 3541 2331 Gratia
3568 2274 3798 2345 Christi,

2198 2376 2436 2429 alterum
2465 2371 2534 2428 de
2562 2372 2797 2428 Peccato
2828 2369 3102 2442 originali.
3130 2367 3215 2424 Ex
3234 2385 3336 2440 quo
3356 2368 3609 2434 sequitur,
3642 2376 3698 2421 ut
3723 2366 3812 2423 lit-

2203 2477 2325 2522 tera:
2345 2467 2451 2520 ill-e
2465 2465 2737 2537 speciales,
2751 2464 2939 2533 quibus
2956 2464 3242 2534 Augustino
3257 2479 3316 2516 ac
3327 2463 3479 2517 sociis
3494 2462 3551 2515 in
3564 2461 3813 2517 Maurita-

2205 2560 2347 2614 niam
2366 2558 2553 2632 legatio
2568 2556 2881 2613 demandata
2897 2556 3185 2623 est,litteris
3198 2556 3384 2629 quibus
3399 2553 3650 2629 Pelagius
3658 2566 3811 2627 atque

2205 2651 2469 2709 Caelestius
2493 2668 2527 2707 a
2546 2651 2754 2707 Zosimo
2787 2652 3023 2708 damnati
3061 2663 3203 2720 sunt,
3230 2668 3333 2706 non
3362 2653 3465 2706 sint
3507 2653 3806 2706 anteriores.

2209 2744 2323 2800 Nec
2341 2745 2597 2817 quomodo
2645 2746 2959 2816 posteriores
2988 2746 3187 2802 censeri
3217 2756 3427 2818 queant,
3480 2744 3593 2801 ulla
3613 2746 3811 2802 ratione

2208 2852 2442 2914 apparet.

2975 2938 3041 2993 Χ.

2284 3031 2378 3087 2’s.
2419 3029 2671 3104 Episcopi
2700 3032 2910 3105 Africae.
2940 3034 3028 3102 qui
3076 3043 3194 3105 post
3221 3031 3495 3085 concilium
3534 3029 3809 3101 Carthagi-

510 3121 912 3179 recordationis
965 3137 1100 3194 papa
1151 3122 1407 3178 Zosimus
1457 3125 1745 3178 sententia:
1776 3140 1889 3179 suae
1942 3125 2110 3180 robur
2136 3115 2180 3178 C
2215 3142 2373 3181 nense
2411 3125 2643 3181 kalendis
2672 3124 2830 3180 Maiis
2868 3128 3121 3191 habitum,
3154 3126 3312 3197 ipsius
3338 3125 3547 3179 concilii
3588 3126 3807 3190 decreto,

511 3218 796 3284 annexuit,
840 3228 896 3273 et
938 3217 1004 3273 ad
1059 3218 1349 3289 impiorum
1396 3218 1872 3275 detruncationem
1925 3220 2110 3290 gladio

516 3309 664 3366 Petri
695 3310 957 3366 dexteras
988 3311 1229 3367 omnium
1278 3313 1529 3366 armavit.
1586 3309 1800 3376 Verum,
1851 3323 1905 3366 ut
1948 3314 2114 3368 verbis

511 3412 723 3458 utamur
748 3401 908 3457 Marii
938 3402 1248 3459 Mercatoris
1274 3404 1508 3458 eamdem
1528 3405 1781 3458 rationem
1800 3421 2112 3474 prosequen-

515 3498 626 3564 tis,
668 3499 715 3551 ei
764 3496 1011 3553 Julianus
1073 3498 1367 3567 easterique
1436 3498 1736 3567 eomplices
1789 3500 1910 3567 ejus
1982 3498 2112 3553 sub-

516 3588 767 3644 scribere
794 3589 1184 3654 detrectantes,
1239 3599 1747 3659 consentaneosque
1774 3606 1833 3644 se
1866 3590 2114 3645 nolentes

517 3681 716 3737 iisdem
750 3680 1004 3736 Patribus
1034 3680 1235 3746 lacere,
1268 3697 1378 3736 non
1430 3682 1606 3736 solum
1635 3681 2006 3751 imperialibus
2036 3682 2114 3737 le-

518 3774 701 3844 gibus,
729 3775 825 3831 sed
859 3783 917 3831 et
957 3775 1395 3830 sacerdotalibus
1423 3777 1642 3831 atatutis
1688 3776 1922 3847 depositi
1954 3787 2116 3849 atque

520 3867 884 3934 exauctorati,
918 3884 986 3924 ex
1014 3868 1163 3924 omni
1186 3868 1340 3924 Italia
1369 3870 1582 3941 expulsi
1615 3882 1765 3926 sunt.
1808 3870 1963 3939 Quod
1999 3873 2116 3928 licet

518 3960 742 4016 maxime
784 3960 876 4015 sub
905 3959 1103 4015 Zosimi
1159 3977 1463 4031 successore,
1494 3960 1776 4032 Bonifacio
1819 3964 2115 4035 contigerit,

520 4056 599 4110 uti
624 4056 807 4110 suadet
836 4055 973 4110 illud
1002 4054 1255 4125 Prosperi
1276 4056 1436 4110 citato
1466 4056 1605 4123 loco,
1634 4057 1783 4128 Papa
1810 4059 2120 4116 Botiitaeius

522 4148 897 4221 piissimorum
926 4148 1322 4219 lmperatorum
1351 4149 1621 4207 catholica
1668 4152 1935 4224 religione
1991 4169 2121 4225 gau-

520 4243 706 4309 debat,
739 4254 794 4299 et
829 4251 1021 4298 contra
1080 4242 1332 4299 inimicos
1388 4244 1581 4314 gratiae
1629 4245 1725 4300 Dei
1779 4262 1884 4301 non
1934 4248 2117 4304 solum

517 4334 860 4405 apostolicis,
909 4334 1005 4390 sed
1054 4335 1217 4391 etiam
1268 4336 1434 4406 regiis
1484 4337 1742 4391 utebatur
1769 4337 2122 4394 edictis:hoc

519 4439 691 4483 tamen
715 4431 909 4498 factum
941 4445 1051 4483 esse
1068 4439 1288 4495 constat,
1330 4439 1386 4483 ut
1432 4427 1629 4484 Zosimi
1686 4429 1971 4486 Tractoria:
2015 4444 2121 4487 tota

2217 3218 2349 3273 terni
2373 3234 2437 3273 ea:
2463 3217 2684 3292 singulis
2727 3219 3005 3291 prouinciis
3046 3216 3358 3291 Carthagine
3407 3227 3807 3287 permanserant,

2217 3329 2334 3367 cum
2355 3313 2427 3368 ibi
2454 3313 2774 3384 accepissent
2794 3314 3059 3385 proximas
3084 3312 3279 3367 Zosimi
3298 3312 3567 3383 epistolas,
3596 3312 3814 3383 adjunc-

2217 3407 2281 3459 tis
2311 3406 2407 3460 sibi
2428 3415 2484 3460 ut
2508 3406 2709 3461 videtur
2752 3407 3013 3475 episcopis
3050 3422 3178 3473 quos
3223 3405 3466 3476 festinato
3511 3421 3695 3459 uocare
3724 3420 3815 3476 po-

2215 3508 2445 3565 tuerunt,
2468 3497 2835 3571 gratulatorias
2876 3498 2946 3551 ad
2995 3497 3228 3551 eumdem
3278 3512 3470 3566 papam
3501 3495 3702 3551 litteras
3735 3512 3813 3551 re-

2217 3592 2551 3663 scripserunt,
2573 3607 2794 3663 quarum
2816 3592 3158 3665 fragmentum
3178 3608 3337 3646 unum
3369 3600 3596 3663 superest
3624 3591 3678 3644 in
3704 3591 3815 3661 epi-

2217 3688 2353 3742 stola
2379 3684 2442 3742 2i
2483 3686 2743 3742 Caelestini
2774 3688 2849 3742 sic
2865 3686 3134 3742 laudatunt
3164 3703 3181 3741 :
3214 3684 3368 3740 Hunc
3394 3695 3569 3739 autem
3597 3683 3814 3757 (Zosimi

2219 3798 2272 3835 tn
2293 3779 2604 3852 Tractoria)
2636 3797 2918 3835 sermonem
2947 3780 3309 3835 sincerissima:
3332 3779 3564 3834 veritatis
3597 3777 3710 3833 luce
3732 3796 3814 3832 ra—

2221 3874 2449 3929 diantem
2480 3883 2624 3929 tanta
2675 3874 2793 3946 Afri
2824 3874 3051 3947 episcopi
3100 3874 3292 3927 honore
3338 3873 3562 3927 uenerati
3590 3882 3731 3939 sunt,
3764 3880 3815 3925 ut

2220 3968 2293 4020 ita
2321 3967 2390 4021 ad
2427 3968 2659 4022 eumdem
2699 3967 2866 4020 virum
2916 3966 3236 4021 scriberent:
3267 3965 3401 4021 lllud
3432 3981 3564 4021 vero
3589 3965 3732 4036 quod
3765 3968 3813 4020 in

2226 4061 2429 4115 litteris
2463 4059 2595 4124 tuis,
2636 4075 2776 4131 quas
2823 4059 2890 4114 ad
2937 4060 3222 4114 universas
3281 4058 3588 4127 provincias
3617 4058 3817 4112 curasti

2224 4168 2347 4209 esse
2369 4151 2693 4221 mittendas,
2716 4152 2946 4221 posuisti
2967 4149 3190 4205 dicens:
3214 4148 3326 4205 Nos
3355 4160 3537 4204 tamen
3560 4150 3814 4203 instinctu

2227 4249 2323 4303 Dei
2358 4248 2563 4319 (omnia
2592 4249 2737 4302 enim
2770 4247 2908 4301 bona
2938 4246 3004 4300 ad
3037 4253 3316 4300 auctorem
3347 4259 3503 4299 suum
3534 4241 3815 4305 referentia

2225 4352 2355 4396 sunt
2383 4340 2526 4397 unde
2551 4341 2879 4409 nascuntur)
2929 4339 2995 4394 ad
3028 4339 3255 4394 fratrum
3279 4347 3334 4393 et
3370 4336 3816 4408 coepiscoporum

2226 4445 2543 4489 nostrorum
2574 4431 2965 4488 conscientiam
2997 4430 3249 4486 universa
3277 4429 3584 4494 retulimus,
3619 4429 3699 4484 sic
3723 4442 3813 4482 ac-

514 4522 574 4576 in
595 4520 834 4576 Ecclesia
862 4532 1083 4591 recepta:
1108 4522 1390 4575 auctoritas
1415 4521 1787 4579 vindicaretur.
1816 4522 1923 4579 Sed
1948 4535 1996 4578 et
2019 4526 2120 4579 hac
2146 4502 2199 4562 Ῑ)
2226 4528 2473 4597 cepimus
2492 4527 2718 4593 dictum,
2743 4534 2800 4581 ut
2830 4524 2954 4580 illos
2984 4524 3075 4594 qui
3105 4532 3298 4579 contra
3354 4523 3446 4577 Dei
3488 4521 3815 4592 adjutorinm

518 4614 586 4668 de
611 4631 688 4681 re,
716 4615 857 4686 infra
881 4630 1030 4669 num.
1048 4614 1141 4683 30,
1174 4614 1335 4685 paulo
1365 4616 1684 4673 enucleatius
1735 4617 1997 4674 tractandi
2024 4624 2118 4675 erit

514 4708 679 4762 locus.

1268 4801 1361 4857 IX.

585 4891 679 4948 23.
720 4893 852 4949 Cum
877 4893 1125 4964 prcedicta
1153 4892 1354 4948 Zosimi
1377 4893 1599 4963 epistola
1615 4897 1771 4951 simul
1792 4899 1968 4953 missa:
1994 4910 2117 4952 sum

514 4998 565 5044 et
589 4988 710 5043 alia:
753 4988 1009 5057 speciales
1038 4989 1108 5043 ad
1157 4988 1310 5061 Afros
1337 4989 1544 5055 litterre,
1596 4991 1779 5061 quibus
1822 4991 2111 5062 Augustino

512 5080 736 5154 aliisque
753 5082 810 5136 in
850 5080 1226 5136 Mauritaniam
1262 5082 1627 5137 Cresariensem
1675 5083 1865 5153 legatio
1896 5095 2112 5157 prapter

510 5176 909 5249 atiasquasdam
939 5176 1185 5233 Ecclesiae
1211 5179 1542 5234 necessitates
1565 5180 1954 5251 injungebatur.
1990 5182 2105 5246 Qua

511 5272 578 5328 de
598 5287 655 5325 re
680 5270 1007 5342 Augustinus
1034 5272 1187 5338 epist.
1220 5273 1351 5326 alias
1385 5271 1509 5339 l57,
1537 5289 1675 5326 nunc
1699 5272 1823 5340 l9ll,
1857 5274 1926 5326 ad
1948 5272 2111 5346 θρια-

518 5378 628 5421 tum
647 5384 702 5421 n.
728 5381 747 5420 ι
776 5366 887 5421 hcec
933 5365 1109 5421 scribit
1144 5382 1162 5421 :
1188 5366 1432 5429 Litterae,
1463 5381 1598 5439 quas
1628 5365 1695 5420 ad
1728 5366 2107 5423 Mauritaniam

512 5457 915 5516 Caesariensem
944 5459 1168 5525 misisti,
1212 5456 1300 5514 me
1325 5458 1465 5528 apud
1496 5456 1807 5515 Caesaream
1842 5471 2111 5531 praesente

507 5560 799 5617 venerunt,
834 5567 944 5622 quo
974 5567 1078 5608 nos
1098 5552 1337 5623 iniuncta
1370 5552 1529 5607 nimis
1562 5568 1590 5604 a
1638 5554 1936 5608 venerabili
1968 5571 2105 5625 pupa

510 5641 735 5697 Zosimo
766 5644 1082 5712 apostolicae
1129 5642 1278 5700 sedis
1323 5642 1584 5714 episeopo
1609 5645 1980 5702 ecclesiastica
2010 5662 2108 5701 ne-

504 5724 1014 5793 tessitastraXerat.
1053 5732 1304 5804 Quamdiu
1332 5746 1503 5790 autem
1549 5741 1705 5807 {imit
1757 5726 2104 5792 ecclesiastica

2226 4623 2498 4676 extollunt
2530 4619 2750 4675 humani
2782 4616 2995 4673 arbitrii
3043 4616 3376 4683 libertatem,
3427 4614 3683 4670 districto
3710 4614 3817 4684 gla-

2222 4714 2316 4768 dio
2335 4714 2598 4777 veritatis,
2617 4710 2976 4768 velutcursim
3006 4708 3299 4773 transiens,
3327 4717 3664 4776 amputares.
3680 4704 3814 4773 Quid

2222 4809 2367 4862 enim
2402 4817 2508 4861 tam
2539 4805 2713 4860 libero
2734 4802 3185 4865 lecistiarbitrio,
3208 4816 3371 4871 quant
3396 4800 3538 4870 quod
3567 4801 3816 4855 universa

2225 4905 2277 4956 in
2303 4909 2504 4957 nostrae
2535 4897 2866 4952 humilitatis
2893 4894 3286 4952 conscientiam
3342 4892 3618 4948 retulisti?
3648 4892 3717 4948 Et
3742 4902 3816 4946 ta-

2223 5009 2346 5049 men
2381 4992 2643 5048 instinctu
2676 4990 2769 5045 Dei
2802 4990 3001 5046 factum
3031 5003 3155 5044 esse
3185 4987 3420 5044 ﬁdeliter
3439 4986 3817 5059 sapienterque

2220 5084 2430 5149 vidisti,
2464 5084 2737 5139 veraciter
2782 5082 3120 5153 lidenterque
3168 5081 3386 5138 dixisti.
3441 5080 3571 5138 Ideo
3608 5081 3812 5152 utique,

2216 5180 2339 5243 quia
2375 5187 2711 5246 przeparatur
2738 5176 2990 5230 voluntas
3015 5190 3046 5229 a
3076 5174 3309 5231 Domino
3331 5173 3350 5248 (
3371 5174 3531 5229 Prov.
3558 5190 3651 5230 vnt
3669 5218 3683 5241 ,
3714 5190 3812 5229 sec.

2216 5270 2467 5343 LXX),et
2482 5280 2539 5324 ut
2554 5268 2683 5325 boni
2698 5267 2901 5340 aliquid
2914 5278 3094 5338 agant,
3112 5269 3356 5337 paternis
3371 5268 3816 5339 inspirationihus

2212 5380 2436 5420 suorum
2471 5365 2587 5433 ipse
2633 5364 2807 5433 tangit
2850 5362 3015 5418 corda
3045 5361 3311 5416 ﬁliorum.
3344 5364 3628 5433 QuotquOt
3668 5362 3809 5419 enim

2212 5457 2422 5525 Spiritu
2458 5455 2552 5510 Dei
2574 5466 2829 5526 aguntur,
2855 5454 2911 5508 lti
2932 5453 3027 5507 lilii
3055 5460 3184 5506 sunt
3212 5452 3510 5524 Dei(Rom.
3543 5469 3662 5521 vm,
3700 5454 3810 5525 14).

2211 5560 2396 5607 utnec
2442 5559 2688 5605 nostrum
2730 5549 2926 5605 deesse
2967 5548 3275 5602 sentiamus
3303 5548 3615 5617 arbitrium,
3665 5559 3722 5606 et
3758 5550 3810 5606 in

2209 5644 2367 5701 bonis
2395 5643 2706 5715 quibusque
2743 5638 3039 5696 voluntatis
3067 5637 3321 5697 humanae
3371 5626 3608 5714 singulis
3645 5643 3809 5698 moti:

2206 5738 2311 5794 bus
2342 5738 2513 5807 magis
2557 5735 2704 5790 illius
2761 5730 2951 5789 valere
2997 5728 3103 5786 non
3160 5731 3481 5792 dubitemus
3527 5735 3803 5790 onsiliuml
