4122 6346
313 293 411 348 697

697 293 970 352 NOTITIA
1013 296 1451 360 SCRIPTORUM
1495 303 1631 362 NON
1675 307 2119 369 l2XSTANTIU5l
2161 313 2325 383 QUrE
2365 317 2457 370 AD
2495 317 2801 376 ZOSIMUM
2839 321 3217 383 ATTINENT.

3520 331 3626 388 D98

311 410 464 512 Ideni
483 413 832 483 fragmentum
859 417 1072 472 totidem
1091 419 1253 474 verbis
1278 421 1430 491 refert
1461 438 1523 476 ac
1552 423 1732 476 laudat
1782 423 1916 479 Pro-
1943 429 1994 489 Α
2024 438 2127 494 ret,
2160 433 2278 489 sive
2311 450 2418 490 non
2446 448 2719 506 peccaret,
2779 439 2973 496 luisset
3007 445 3328 512 moriturus,
3379 461 3480 503 nec
3523 447 3630 503 hoc.

308 522 425 576 sper
447 505 540 563 lib.
569 517 755 562 contra
775 507 1113 576 Collatorem,
1136 530 1188 567 n.
1219 512 1302 568 l5.
1337 513 1465 588 Ipsa
1479 519 1912 586 autemepistola,

309 616 372 656 ea:
395 618 498 672 qua
527 614 826 675 excerptum
855 615 949 671 est,
976 616 1097 661 ante
1131 609 1333 664 videtur
1362 612 1575 684 scripta,
1615 630 1770 684 quant
1805 614 1912 668 Au-

307 694 548 763 gustinus
577 711 640 748 ac
667 697 797 750 socii
813 699 870 751 in
896 698 1269 756 Mauritania»:
1296 720 1348 757 se
1368 705 1658 776 conferrent
1681 705 1914 775 adeoque

307 795 424 842 ante
447 789 646 844 exitum
676 790 914 862 Augusti.

1060 888 1153 944 XI.

376 978 465 1035 25.
499 977 613 1035 Sub
639 980 776 1036 idem
809 991 1008 1052 tempus
1033 983 1280 1040 Julianus
1305 984 1616 1041 Eclanensis
1641 988 1910 1060 episcOpus

309 1071 436 1125 ditas
457 1071 527 1125 ad
566 1071 836 1128 Zosimum
863 1093 1053 1149 papam
1100 1077 1348 1149 epistolas
1401 1079 1627 1151 scripsit,
1684 1095 1798 1150 qua:
1847 1079 1910 1133 ab

306 1167 524 1234 ipsomet
569 1164 788 1222 Iuliano
829 1171 971 1241 apud
1012 1171 1360 1240 Augustinum
1411 1171 1505 1224 lib.
1544 1170 1650 1242 0p.
1697 1173 1906 1243 imperf.

306 1273 352 1311 c.
386 1257 454 1311 18
477 1270 830 1313 memorantur
861 1262 940 1315 his
971 1263 1133 1317 verbis
1166 1279 1184 1316 :
1207 1261 1288 1316 Ad
1313 1261 1597 1317 Zosimum
1631 1263 1907 1333 quondam

309 1348 455 1404 illius
485 1351 641 1406 urbis
667 1353 985 1423 episcopum
1038 1370 1204 1423 super
1233 1353 1315 1408 his
1353 1353 1743 1424 quaestionibus
1771 1354 1909 1408 duas

306 1444 564 1514 epistolas
603 1446 923 1510 destinavi;
976 1448 1069 1504 sed
1113 1463 1182 1503 eo
1209 1457 1458 1518 tempore
1489 1463 1598 1518 quo
1630 1447 1809 1502 adhuc
1839 1448 1906 1502 li-

306 1537 433 1594 bros
464 1553 697 1595 exorsus
721 1555 828 1595 non
855 1556 1026 1597 eram.
1078 1541 1197 1596 Una
1239 1557 1356 1596 vero
1405 1557 1468 1595 e.r
1514 1539 1619 1594 illis
1658 1559 1688 1594 α
1733 1539 1906 1594 Mario

308 1629 601 1687 Mercatore
632 1649 735 1686 non
767 1633 927 1688 semel
965 1644 1195 1689 notatur.
1223 1634 1290 1689 Et
1334 1638 1376 1689 is
1426 1634 1632 1704 quidem
1661 1633 1752 1689 lib.
1787 1634 1908 1689 sub-

305 1731 466 1778 notat.
492 1741 610 1798 cap.
645 1726 698 1792 6,
728 1727 852 1781 edit.
885 1725 1072 1782 Baluz.
1103 1744 1227 1799 pag.
1267 1725 1645 1794 15,.lulianntn
1667 1730 1740 1782 sic
1769 1727 1902 1782 allo.

2018 537 2144 578 esse
2202 527 2418 584 ratione
2466 529 2782 586 subnixum.
2831 533 3183 590 Credendum
3231 547 3314 592 est
3345 541 3492 594 enim
3533 539 3637 595 im-

2019 618 2309 672 mortalem
2341 620 2560 690 quidem
2587 624 2815 688 iactum.
2867 628 2962 682 sed
2987 629 3078 699 qui
3110 630 3153 684 si
3187 647 3295 686 non
3331 643 3636 702 peccasset,

2013 719 2114 772 per
2133 715 2355 774 gustum
2382 709 2514 780 ligni
2541 713 2687 780 vitat,
2719 715 2978 771 virtutem
3004 730 3194 789 posset
3237 721 3632 778 immortalita-

2019 797 2088 852 tis
2118 799 2373 871 adipisci.
2406 803 2542 862 Male
2598 809 2763 879 igitur
2811 811 3017 867 dictum
3049 823 3156 881 est,
3206 815 3322 872 sive
3355 829 3635 888 peccaret,

2014 892 2132 947 sive
2157 910 2262 948 non
2294 909 2571 966 peccaret,
2599 901 2767 958 fuisse
2792 905 3143 962 moriturum.

2087 985 2180 1042 ‘27.
2227 986 2310 1042 Eat
2349 989 2431 1045 his
2473 994 2730 1050 nonnulla
2771 1015 2979 1052 rursum
3017 1011 3252 1073 repetens
3281 1019 3344 1057 ac
3387 1005 3638 1077 perstrin—

2012 1093 2136 1146 gens
2201 1079 2341 1133 idem
2392 1082 2655 1140 Mercator
2708 1088 2836 1142 ibid.
2882 1107 2997 1164 cap.
3055 1093 3109 1158 9,
3168 1111 3290 1166 pag.
3348 1097 3418 1150 50
3457 1107 3504 1150 et
3560 1099 3625 1152 5|

2013 1172 2086 1224 ait
2119 1170 2220 1226 :ln
2277 1177 2504 1245 epistola
2550 1190 2634 1233 tua
2672 1223 2687 1248 ,
2738 1200 2880 1252 qum,
2937 1195 2993 1240 ut
3033 1191 3457 1245 memoravimus
3491 1237 3503 1260 ,
3556 1191 3624 1246 ad

2013 1273 2220 1320 sancta:
2277 1273 2555 1326 memoriae.
2606 1291 2794 1345 papam
2839 1279 3112 1335 Zosimum
3173 1284 3338 1338 missa
3387 1296 3492 1350 est,
3523 1286 3636 1340 dis-

2013 1356 2181 1426 plicet
2237 1359 2353 1428 tibi,
2413 1379 2648 1436 eumque
2704 1371 3074 1440 condemnas,
3124 1375 3214 1444 qui
3257 1377 3425 1430 sentit
3451 1377 3627 1433 Adam

2013 1449 2305 1507 mortalem
2375 1453 2604 1530 factum,
2658 1462 2750 1530 qui
2820 1463 2935 1518 sive
3000 1475 3290 1536 peccaret,
3343 1469 3461 1526 sive
3515 1487 3622 1526 non

2012 1552 2320 1612 peccaret,
2380 1546 2573 1605 luisset
2649 1555 2946 1610 moriturus
2995 1576 3008 1612 :
3051 1567 3106 1614 et
3159 1562 3240 1615 ais
3271 1603 3286 1627 ,
3360 1579 3460 1618 nec
3528 1564 3632 1621 hoc

2010 1651 2136 1692 esse
2171 1641 2385 1697 ratione
2437 1644 2758 1701 subnixum.
2793 1649 2973 1706 Credo
3021 1655 3165 1710 enim
3224 1671 3368 1720 esse.
3423 1659 3628 1730 inquis,

2009 1729 2384 1788 immortalem
2419 1735 2623 1792 laetum
2650 1741 2894 1810 quidem,
2932 1745 3028 1800 sed
3052 1747 3144 1816 qui
3186 1749 3229 1803 si
3264 1765 3370 1804 non
3407 1729 3630 1822 peccas-

299 1817 476 1888 quitur
507 1833 525 1872 :
554 1818 695 1872 Audi
730 1834 873 1874 nunc
901 1835 1022 1889 qua:
1047 1820 1177 1874 olim
1211 1819 1327 1890 ipse
1361 1819 1799 1888 pronuntiaveris
1851 1821 1903 1875 in
1937 1819 1984 1879 B
2010 1837 2113 1890 set,
2145 1841 2242 1894 per
2285 1837 2502 1898 gustum
2559 1831 2690 1902 ligni
2724 1834 2871 1900 vitie,
2903 1849 3086 1904 posset
3111 1841 3368 1894 virtutem
3399 1817 3626 1896 immor-

300 1909 537 1978 epistola
560 1909 817 1968 videlicet
876 1925 989 1980 tua,
1027 1929 1190 1984 quam
1224 1912 1292 1968 ad
1322 1915 1504 1970 sedem
1539 1915 1898 1984 apostolicam

300 2001 394 2056 illo
427 2013 682 2072 tempore
732 2019 898 2058 ausus
949 2021 1008 2060 es
1059 2007 1302 2072 mittere,
1352 2005 1570 2076 quando
1597 2017 1902 2060 conventus

297 2100 618 2157 detrectasti
650 2118 773 2157 cum
807 2102 1072 2158 universa
1119 2102 1367 2158 Ecclesia
1399 2102 1672 2173 Pelagium
1696 2101 1903 2158 Coales-

295 2195 542 2266 tiumque
565 2196 848 2251 damnare.
877 2195 1028 2250 Unde
1049 2197 1308 2251 evidenter
1331 2196 1600 2261 docemur,
1625 2199 1897 2266 epistolam

297 2289 447 2342 illam
475 2297 600 2342 tunc
619 2289 783 2359 fuisse
820 2291 1090 2361 scriptam,
1120 2306 1234 2343 cum
1262 2288 1508 2343 Julianus
1536 2299 1813 2343 conventus
1847 2300 1898 2342 ut

306 2378 503 2434 Zosimi
531 2380 814 2434 Tractoria'
845 2398 938 2450 per
960 2383 1132 2436 orbein
1160 2384 1329 2437 inissa:
1362 2381 1702 2449 subscribens,
1743 2381 1898 2436 Pela-

295 2476 438 2548 gium
479 2473 874 2546 Ctelestiumque
914 2477 1205 2552 damnaret,
1233 2479 1286 2530 id
1315 2487 1560 2549 prtestare
1576 2477 1893 2532 detrectat-it.

298 2569 482 2640 Neque
525 2572 684 2642 igitur
735 2574 902 2625 multo
954 2584 1223 2644 postquam
1272 2569 1511 2625 Zosiinus
1559 2587 1678 2626 mox
1704 2572 1896 2626 dictant

299 2661 631 2717 Tractoriam
657 2663 843 2730 edidit,
873 2668 1067 2735 scriptu
1091 2677 1161 2718 est
1195 2681 1214 2718 :
1235 2666 1324 2718 se.l
1364 2665 1523 2737 paulo
1550 2665 1748 2719 tardius
1773 2665 1896 2719 huic

295 2774 446 2830 papa
469 2759 571 2831 fuit
590 2757 814 2813 reddita.
850 2758 990 2812 Nam
1050 2769 1338 2831 antequam
1369 2763 1419 2813 in
1453 2776 1651 2815 manus
1681 2771 1894 2815 saneta:

295 2853 445 2908 illius
475 2851 740 2909 Romanae
767 2854 1016 2909 ecclesiae
1045 2855 1256 2909 veniret
1275 2856 1559 2920 antistitis,
1596 2864 1647 2912 te
1676 2867 1891 2925 agente,

293 2949 462 3018 inquit
511 2949 626 3002 loco
653 2952 810 3002 citato
842 2949 910 3001 ad
935 2950 1208 3020 ipsummet
1244 2950 1518 3003 lulianum
1548 2949 1827 3014 Mercator,
1864 2966 1892 3003 a

293 3041 576 3098 nonnullis
605 3057 636 3096 a
665 3053 714 3097 te
743 3041 989 3112 deceptis
1020 3059 1120 3112 per
1165 3051 1334 3098 totam
1381 3059 1516 3112 pene
1551 3043 1756 3096 Italiam
1787 3043 1892 3097 cir-

291 3136 561 3203 cumlata,
595 3146 649 3190 et
703 3146 980 3204 tamquam
1024 3150 1279 3205 magnum
1334 3134 1540 3205 aliquid
1597 3133 1888 3188 multorum

2009 1918 2237 1973 talitatis
2261 1920 2514 1990 adipisci.
2543 1924 2815 1996 Adiungis
2844 1927 3008 1982 etiam
3030 1929 3154 1997 jure
3183 1931 3622 2000 itnprohandum,

2005 2013 2095 2083 qui
2127 2014 2443 2083 pra-dicanti
2470 2017 2734 2088 Apostolo
2759 2021 3089 2077 contradicit
3116 2023 3352 2078 dicenti:
3383 2024 3539 2080 Sicut
3567 2027 3620 2082 in

2006 2107 2178 2160 Adam
2210 2122 2401 2163 omnes
2439 2116 2771 2175 moriuntur,
2817 2113 2888 2166 ita
2924 2131 3118 2169 omnes
3163 2116 3218 2170 in
3265 2114 3488 2172 Christo
3539 2120 3614 2172 vi-

2007 2198 2386 2254 viﬁcabuntur.
2438 2203 2545 2256 Sed
2581 2220 2735 2270 quant
2786 2204 3042 2273 fallaciter
3086 2207 3184 2261 ista
3259 2209 3601 2276 depromeret,

2003 2291 2138 2345 ident
2177 2295 2400 2364 scriptor
2437 2294 2516 2350 Itis
2544 2299 2612 2350 ad
2638 2313 2753 2351 eum
2801 2298 2962 2352 verbis
3005 2302 3180 2354 statim
3211 2302 3410 2355 indicat
3437 2321 3456 2357 :
3477 2303 3610 2371 Qua:

2003 2405 2124 2444 cum
2156 2393 2387 2462 simplex
2423 2391 2772 2450 Christianus
2795 2396 2968 2461 audit,
2997 2397 3132 2451 nihil
3157 2397 3292 2465 doli,
3329 2398 3460 2453 nihil
3493 2415 3617 2454 cre-

2002 2482 2140 2538 dens
2167 2483 2346 2540 alTerri
2374 2487 2625 2552 lallacim,
2653 2504 2804 2544 more
2851 2505 2959 2560 quo
3006 2491 3073 2559 ab
3104 2490 3380 2562 Apostolis
3424 2493 3607 2546 doceri

2001 2577 2161 2631 silita
2187 2587 2269 2633 est
2296 2579 2558 2646 Ecclesia,
2591 2583 2859 2650 Optimum
2891 2595 2942 2637 ct
2970 2599 3128 2638 suum
3172 2585 3469 2639 arbitratus
3496 2601 3612 2639 ma-

1999 2672 2264 2740 gistrum,
2321 2673 2673 2745 intentusque
2697 2677 2762 2730 ad
2805 2677 3010 2748 reliqua
3053 2677 3602 2749 ejusdemApostoli,

1999 2766 2198 2834 qu:cin
2229 2764 2331 2819 hac
2369 2781 2530 2820 causa
2582 2770 2952 2839 prosequeris,
3012 2769 3283 2824 audienda
3335 2770 3604 2825 decernit.

1998 2858 2130 2926 Quis
2158 2859 2324 2927 enim,
2379 2861 2549 2916 subdit
2597 2863 2757 2932 paulo
2806 2865 3067 2935 inferius,
3116 2875 3167 2920 te
3220 2865 3272 2919 in
3327 2867 3613 2935 superiore

1997 2952 2266 3006 sententia
2299 2963 2384 3006 tua
2413 2956 2494 3009 vel
2526 2957 2788 3025 suspicari
2810 2969 2993 3027 posset
3013 2957 3155 3011 aliud
3181 2958 3409 3024 sentire,
3442 2974 3604 3029 quam

1999 3044 2307 3115 illiomues,
2339 3046 2453 3118 qui,
2491 3059 2698 3104 Sancta:
2744 3052 3026 3104 memoriae
3055 3065 3188 3120 papa
3212 3050 3434 3104 Zositno
3466 3067 3605 3120 prau-

1997 3139 2233 3211 sidente,
2273 3142 2363 3197 Dei
2412 3145 2731 3200 sacerdotes
2775 3144 3094 3215 Pelagium,
3151 3144 3606 3213 (fwlestiumque,

289 3229 526 3283 auribus
548 3227 818 3282 insinuata
837 3229 1208 3298 cognoscitur.
1231 3228 1482 3296 Quocirca
1505 3240 1550 3280 et
1574 3227 1891 3295 Augustinus
1921 3210 1967 3276 C
2003 3243 2168 3302 teque
2196 3234 2546 3304 damnarunt,
2581 3253 2745 3307 super
2776 3237 2861 3290 his
2891 3210 3152 3291 ιῖῃηιίιιυε
3206 3237 3275 3291 dc
3317 3210 3605 3291 Adam-ca.

289 3324 363 3376 ait
385 3322 526 3396 (Lib.
559 3321 704 3394 10p.
731 3323 887 3394 imp.,
916 3339 962 3376 c.
998 3322 1086 3394 18)
1116 3341 1126 3376 :
1164 3324 1290 3378 llaec
1321 3322 1551 3393 epistola
1584 3336 1689 3376 non
1718 3333 1801 3376 est
1824 3321 1888 3374 ad

289 3414 590 3481 Zosimum,
614 3418 709 3471 sed
739 3416 806 3470 ad
836 3431 929 3472 eos
955 3416 1292 3472 sedacendos
1322 3417 1412 3487 qui
1458 3415 1646 3470 Romw
1671 3423 1893 3486 possent

289 3507 384 3563 tali
417 3508 673 3564 suasione
701 3508 908 3564 seduci.

355 3602 454 3658 26.
497 3601 565 3656 Et
595 3602 734 3658 inea
783 3602 991 3674 quidem
1045 3603 1264 3675 epistola
1312 3603 1544 3658 nondum
1593 3603 1887 3657 ltwi'eticunt

287 3695 468 3766 palam
490 3695 739 3767 prodebat
767 3713 992 3758 sensum.
1024 3699 1114 3750 sed
1137 3697 1231 3750 sub
1280 3695 1550 3751 catholicis
1598 3697 1782 3762 verbis,
1810 3697 1889 3750 uti

287 3793 454 3847 solent
483 3794 571 3864 qui
604 3808 894 3862 perversum
928 3792 1216 3846 doctrinam
1265 3793 1548 3864 prtedicare
1593 3793 1670 3846 vel
1720 3792 1887 3862 fovere

287 3885 570 3958 incipiunt,
601 3887 674 3939 ita
705 3885 922 3954 t'elabat,
951 3895 1004 3939 ut
1037 3886 1234 3958 famosa
1281 3902 1370 3940 sex-
1393 3887 1620 3958 capitula
1649 3885 1883 3940 Ca’lcslio

288 3981 491 4054 objecta
539 3996 778 4050 respuere
824 3997 886 4034 ac
916 3982 1168 4034 damnare
1193 3981 1470 4036 videretur.
1528 3979 1611 4034 Ibi
1641 3997 1879 4050 namque,

286 4073 462 4129 Mario
502 4073 792 4129 Mercatore
804 4082 947 4141 teste,
981 4075 1115 4128 inter
1137 4084 1320 4130 cwtera
1343 4074 1510 4128 aiebat
1537 4071 1704 4145 (Ibid.
1726 4073 1882 4143 paulo

285 4171 420 4243 post)
431 4211 444 4224 .

357 4263 457 4332 Qui
490 4272 576 4319 est
601 4263 762 4334 igitur
783 4272 1047 4331 assertor,
1079 4261 1224 4333 quod
1281 4277 1460 4332 neque
1514 4277 1610 4331 per
1642 4271 1876 4316 mortem

286 4359 416 4416 Ada:
454 4375 619 4416 omne
649 4375 820 4431 genus
874 4359 1152 4415 hominum
1206 4359 1493 4422 moriatur,
1555 4372 1734 4426 neque.
1784 4371 1882 4425 per

285 4452 747 4507 resurrectionem
801 4451 1004 4506 Christi
1039 4466 1199 4506 omne
1245 4464 1414 4520 genus
1446 4447 1734 4502 hominum
1788 4463 1876 4500 re-

283 4556 466 4615 Surgat
488 4589 502 4614 ,
532 4554 722 4600 contra
753 4545 1070 4616 Apostolutn
1099 4544 1262 4600 sentit
1291 4543 1565 4598 dicentem
1590 4560 1602 4596 :
1635 4541 1789 4596 Sicut
1819 4540 1872 4593 in

283 4637 455 4695 Adam
485 4653 678 4694 omnes
707 4639 1037 4705 moriuntur,
1066 4642 1136 4692 ita
1183 4638 1234 4692 in
1270 4635 1489 4690 Christo
1519 4650 1715 4690 omnes
1744 4635 1874 4688 vivi-
1908 4610 1961 4670 Ῑ)

287 4733 590 4789 licabuntur
620 4733 661 4803 (I
693 4731 813 4788 Cor.
853 4749 943 4800 xv,
965 4731 1085 4802 Ἡ).
1138 4731 1268 4787 ,ιω-θ
1316 4730 1477 4800 igitur
1507 4730 1874 4800 improbatur,

283 4830 371 4901 qui
404 4829 532 4883 huic
554 4828 843 4883 sententiae
870 4826 1220 4888 contradicit.
1273 4842 1394 4892 qua:
1421 4826 1533 4878 ait:
1565 4825 1666 4879 Per
1698 4823 1877 4877 homi-

280 4937 406 4979 nem
441 4936 610 4987 mors,
641 4931 696 4976 et
726 4937 822 4990 per
847 4919 1124 4975 hominem
1157 4917 1486 4974 resurrectio
1533 4928 1874 4972 mortuorum

279 5014 466 5085 (lbid.,
500 5013 617 5087 ει).
663 5013 796 5068 ltem
847 5011 989 5084 quod
1022 5019 1299 5080 peccatum
1330 5010 1463 5066 Atla:
1486 5009 1663 5080 ipsum
1697 5010 1872 5065 Solum

283 5109 447 5174 ltesit,
477 5119 533 5165 et
564 5125 670 5163 non
702 5123 876 5179 genus
915 5107 1230 5161 humanum.
1275 5106 1339 5160 Et
1388 5105 1506 5160 haec
1547 5105 1814 5159 sententia
1847 5120 1874 5156 a

282 5202 443 5257 nobis
470 5199 666 5256 merito
697 5199 970 5254 refellitur
1003 5217 1015 5252 ε
1051 5213 1158 5252 non
1183 5197 1327 5252 enim
1369 5197 1471 5251 soli
1502 5197 1626 5265 ipsi,
1652 5197 1746 5250 sed
1792 5210 1879 5264 ge-

282 5297 395 5350 neri
423 5294 659 5348 humano
683 5292 926 5347 obluisse
947 5289 1279 5346 credendum
1307 5298 1411 5345 est.
1443 5287 1603 5357 Item,
1630 5288 1771 5358 quod
1796 5288 1879 5343 in-

276 5387 461 5443 fantes
481 5387 534 5441 in
564 5400 631 5440 eo
657 5395 801 5441 statu
824 5385 932 5440 sint
958 5385 1010 5438 in
1038 5398 1146 5455 quo
1179 5383 1347 5436 Adam
1373 5381 1476 5436 fuit
1497 5392 1624 5436 ante
1658 5396 1876 5452 praiva-

284 5484 630 5546 ricationetn,
665 5482 806 5536 inter
835 5478 1268 5547 iudisciplinatas
1298 5487 1491 5546 reputo
1522 5476 1870 5546 quiestiones.

279 5576 396 5634 Non
420 5577 570 5632 enim
596 5591 690 5645 per
719 5575 901 5629 omnia
935 5572 1079 5627 ineo
1121 5582 1264 5626 statu
1313 5581 1438 5625 sunt
1465 5571 1553 5640 qui
1581 5581 1874 5625 nascuntur
1909 5591 1914 5596 ·

279 5671 443 5727 hodie
489 5671 542 5724 in
573 5684 682 5739 quo
706 5667 878 5723 Adam
910 5666 1006 5721 l'nit
1035 5675 1164 5721 ante
1206 5673 1510 5734 peccatum,
1539 5664 1789 5735 quamvis
1819 5674 1874 5720 et

281 5761 420 5846 istos
444 5777 580 5832 opus
607 5759 703 5815 Dei
732 5774 879 5825 esse,
910 5758 1051 5813 sicut
1071 5766 1128 5813 et
1157 5757 1268 5824 ille,
1296 5749 1483 5827 negari
1519 5774 1626 5812 non
1678 5760 1870 5828 possit.

277 5837 432 5909 uel».
457 5843 626 5908 suam
650 5849 813 5910 etiam
849 5844 1135 5905 mortalem
1169 5846 1388 5914 factum;
1423 5837 1513 5919 qui
1545 5842 1657 5903 satis
1684 5853 1872 5920 ,ιερεαο

1998 3326 2206 3396 pitulis,
2234 3343 2354 3398 qua:
2383 3343 2412 3382 a
2455 3338 2507 3382 te
2537 3337 2696 3383 antea
2730 3328 3034 3399 improbata
3059 3336 3191 3394 sunt
3229 3336 3287 3382 et
3339 3327 3605 3382 condem-

1996 3420 2165 3474 nata?
2214 3421 2275 3472 At
2324 3437 2439 3475 eum
2479 3420 2628 3474 aliud
2681 3422 2914 3474 clausum
2965 3433 3188 3490 pectore,
3233 3420 3379 3473 aliud
3428 3434 3604 3489 prout-

1992 3524 2134 3586 ptum
2159 3515 2210 3568 in
2242 3515 2421 3588 lingua
2451 3523 2571 3569 tunc
2597 3514 2856 3577 habuisse,
2881 3531 2944 3568 ex
2964 3515 3072 3568 alio
3093 3529 3263 3586 opere.
3285 3513 3422 3584 quod
3450 3511 3604 3582 longe

1992 3617 2106 3676 pOst
2135 3605 2388 3662 lulianus
2419 3607 2725 3672 elaboravit,
2757 3606 3015 3660 Mercator
3037 3607 3227 3660 ibidem
3254 3607 3598 3668 demonstrat,

1990 3712 2173 3772 utpote
2202 3702 2254 3756 in
2279 3718 2379 3772 quo
2406 3703 2494 3755 ille
2515 3702 2698 3756 doceat
2747 3712 2963 3756 mortem
3009 3702 3061 3754 in
3089 3719 3173 3755 eos
3197 3709 3396 3753 tantunt
3417 3716 3597 3771 perra-

1991 3797 2110 3849 deie
2155 3795 2320 3869 (Mar.
2375 3795 2540 3851 Merc.
2585 3815 2708 3871 pag.
2737 3797 2866 3869 51),
2901 3813 3037 3866 quos
3093 3796 3600 3865 ptasvarieationcut

1993 3890 2126 3944 Adae
2155 3889 2358 3945 viderit
2385 3891 2673 3944 tumulatus
2717 3907 2876 3960 :qua-
2925 3890 3300 3960 pra-varicatio
3347 3888 3472 3942 licet
3495 3901 3603 3940 non

1989 3983 2064 4037 sit
2091 3982 2230 4036 facta
2263 3984 2555 4046 naturalis,
2581 3981 2685 4036 luit
2719 3993 2900 4037 tamen
2950 3983 3122 4035 forma
3159 3980 3367 4050 peccati
3399 3995 3413 4042 ;
3449 3992 3613 4047 atque

1987 4076 2058 4127 ob
2089 4073 2190 4128 hoc
2221 4074 2348 4128 licet
2383 4089 2493 4127 non
2518 4083 2780 4144 aggravet
2802 4083 3114 4138 nascentes,
3151 4083 3332 4126 tamen
3377 4081 3602 4126 accusiit

1989 4167 2299 4231 imitantes;
2370 4167 2590 4236 denique
2654 4167 2931 4236 (Subnot.
2982 4183 3030 4220 c.
3089 4164 3144 4229 6,
3189 4181 3312 4236 pag.
3373 4163 3488 4234 12)
3545 4165 3597 4217 in

1986 4274 2180 4312 omnes
2226 4257 2478 4311 homines
2529 4273 2638 4311 non
2670 4266 2950 4326 peccatum
2985 4257 3275 4320 transisse,
3322 4254 3417 4308 sed
3448 4268 3598 4307 inor-

1985 4363 2136 4417 tem,
2193 4352 2400 4406 illatam
2485 4350 2673 4420 utique
2743 4353 3041 4405 severitate
3101 4348 3337 4418 judieii,
3389 4362 3600 4417 praeva-

1987 4446 2268 4501 ricationis
2327 4446 2602 4500 ultricem.
2647 4445 2756 4498 Nec
2815 4453 2946 4497 tacet
2986 4447 3104 4518 ejus
3167 4441 3459 4514 fallaciam,
3499 4456 3601 4506 qua

1985 4559 2100 4595 cum
2126 4543 2371 4612 infantes,
2402 4541 2492 4612 qui
2512 4549 2796 4595 nascuntur
2816 4538 2992 4608 hodie,
3028 4553 3129 4591 non
3155 4537 3207 4589 in
3235 4550 3295 4587 eo
3323 4551 3412 4605 per
3429 4533 3602 4586 omnia

1984 4647 2119 4693 statu
2165 4639 2217 4690 in
2257 4651 2361 4707 quo
2403 4637 2502 4707 fuit
2530 4637 2694 4691 Adam
2720 4645 2838 4689 ante
2865 4649 3153 4706 peccatum,
3180 4647 3288 4685 esse
3337 4628 3596 4702 fatebatur

1985 4732 2180 4805 (lbid.,
2211 4748 2331 4804 pag.
2367 4729 2479 4804 l7).
2535 4732 2588 4785 id
2619 4731 2886 4788 recondito
2931 4747 3085 4784 sensit
3128 4725 3466 4794 prtcdicabat,
3508 4740 3601 4776 nec

1979 4837 2171 4881 statum
2203 4827 2336 4881 Δότε
2361 4835 2488 4882 ante
2517 4837 2825 4896 peccatum,
2859 4825 2956 4880 sed
2989 4821 3304 4895 exiguitatis
3327 4830 3382 4876 et
3411 4822 3560 4892 parvi

1981 4921 2107 4973 latis
2137 4920 2188 4971 in
2215 4935 2318 4988 qua
2355 4929 2656 4973 nascuntur
2682 4918 2920 4972 infantes
2941 4965 2954 4988 ,
2992 4916 3338 4991 intelligebat.

2039 5015 2143 5071 .28.
2175 5011 2254 5067 De
2305 5013 2471 5067 altera
2515 5011 2719 5066 Juliaui
2749 5011 2969 5078 epistola
3013 5011 3148 5066 nihil
3175 5013 3440 5078 novimus,
3485 5011 3590 5064 nisi

1984 5112 2117 5178 forte
2145 5107 2255 5161 haec
2283 5109 2395 5177 ipsa
2425 5107 2491 5160 sit
2517 5105 2639 5175 ﬁdei
2672 5107 2956 5177 expositio,
3001 5124 3156 5177 quam
3185 5124 3215 5158 ιι
3243 5104 3441 5159 Jacobo
3469 5104 3587 5160 Sir-

1984 5201 2176 5253 mondo
2202 5217 2229 5252 e
2257 5199 2412 5254 reteri
2434 5197 2610 5253 codice
2648 5198 2934 5253 Veronensi
2963 5210 3162 5253 erutam
3191 5199 3350 5252 Joan.
3383 5197 3581 5252 Gorne-

1982 5295 2092 5348 rius
2123 5295 2173 5346 in
2202 5293 2429 5348 editione
2452 5291 2592 5344 Mar.
2626 5291 2934 5346 Mercatoris
2961 5304 3098 5364 part.
3129 5309 3165 5359 ι,
3199 5311 3320 5365 pag.
3353 5289 3459 5346 519
3484 5334 3498 5359 ,
3528 5291 3580 5342 in

1981 5386 2143 5442 lucem
2173 5386 2363 5448 emisit,
2402 5402 2616 5456 qua’que
2643 5386 2695 5438 in
2725 5386 3012 5459 appendice
3050 5397 3175 5440 tom.
3211 5385 3277 5453 X,
3309 5401 3426 5438 nov.
3454 5385 3577 5438 edit.

1980 5480 2256 5550 Augustini
2279 5496 2396 5549 pag.
2425 5478 2527 5532 ΗΟ
2555 5495 2738 5532 recusa
2769 5489 2860 5532 est.
2903 5477 2974 5532 De
2993 5479 3142 5533 titulo
3169 5478 3301 5532 nihil
3324 5479 3378 5532 in
3400 5478 3580 5530 arche-

1979 5585 2102 5647 typo
2131 5581 2360 5644 superest
2407 5581 2590 5643 prieter
2635 5573 2889 5644 quasdam
2930 5571 3338 5625 evanescentium
3383 5570 3581 5624 litterae

1976 5685 2090 5724 rum
2121 5668 2340 5738 figuras,
2373 5683 2501 5731 quas
2529 5682 2594 5720 ea:
2617 5683 2676 5720 eo
2705 5666 2966 5734 explicare
2995 5663 3113 5717 licet
3138 5704 3153 5728 ,
3201 5662 3340 5733 quod
3365 5663 3434 5717 ad
3464 5663 3576 5716 cal-

1980 5775 2086 5813 cem
2109 5757 2387 5828 subjicitur
2413 5759 2466 5811 in
2496 5758 2632 5811 hunc
2660 5756 2872 5810 modum
2897 5770 2915 5809 :
2948 5753 3183 5824 Explieit
3204 5752 3426 5808 libellus
3457 5753 3582 5810 lidei

1979 5847 2036 5906 8.
2068 5848 2118 5906 .l.
2155 5846 2246 5920 (ιη
2277 5848 2330 5902 at
2355 5857 2518 5915 est,ut
2544 5849 2597 5904 in
2632 5845 2902 5917 Augustini
2943 5849 3072 5899 noro
3108 5839 3334 5900 editione
3368 5847 3583 5910 exponi.
