4122 6346
503 325 611 382 699

1432 328 1777 385 APPENDIX
1818 327 1909 385 AD
1947 326 2180 385 OPEBA
2218 327 2279 386 S.
2320 328 2546 387 ZOSIMI
2586 329 2814 387 ΡΑΡᾸΞ.

3695 336 3795 391 7οΡ

497 453 602 512 tur,
631 443 973 500 sacerdotum
1000 444 1030 501 J
1038 460 1132 501 esu
1156 444 1376 502 Christi.
1422 446 1545 501 Haec
1570 448 1709 501 enim
1738 447 2094 515 interpretatio
2127 451 2169 508 Α
2200 445 2324 502 urbe
2344 446 2506 502 Roma
2532 447 2684 502 datus
2702 448 2886 519 fuisset
2908 464 3019 505 sese
3038 449 3347 521 defendendi
3369 461 3524 524 atque
3544 453 3788 525 purgandi

499 540 664 613 magis
690 539 958 606 probatur,
987 557 1142 611 quam
1180 539 1440 608 Garuerii,
1467 541 1555 611 qui
1578 542 1743 595 tribus
1781 540 1884 595 illis
1915 541 2100 597 litteris

504 632 563 689 S.
594 631 643 688 J.
678 631 739 687 C.
772 649 940 686 vocem
992 632 1301 688 Siculorum
1333 633 1598 703 designari
1627 632 1960 688 existimavit.
2011 631 2102 687 Ti-

502 728 602 782 tuli
658 737 828 781 autem
871 726 1151 782 oblitterati
1191 729 1303 781 loco
1344 726 1629 782 (iarnerius
1684 725 1924 783 laudatus
1970 724 2108 780 hunc

505 822 771 876 substituit
805 820 1088 877 :leellus
1115 821 1239 878 lidei
1284 838 1311 875 a
1342 820 1558 877 Juliano
1588 820 1877 876 Eclanensi
1911 821 2107 877 missus

503 914 571 968 ad
624 914 811 969 sedcm
861 913 1218 984 apostolicam
1266 914 1487 969 nomine
1538 929 1671 968 xvnt
1727 914 2106 990 episcoporum

504 1007 929 1064 detrectantium
964 1008 1314 1064 subscribere
1342 1008 1677 1063 damnationi
1713 1006 1914 1080 Pelagii
1946 1017 2110 1079 atque

506 1098 770 1155 leestii.
806 1100 920 1154 Nec
946 1108 1162 1173 apparet
1184 1098 1291 1155 alia
1316 1116 1476 1155 causa
1502 1141 1517 1167 ,
1563 1116 1656 1155 cur
1695 1099 1832 1155 [tunc
1882 1099 2111 1155 libellum

504 1193 728 1248 nomine
759 1208 892 1247 xvnt
926 1195 1311 1263 episcoporum
1363 1192 1595 1248 oblatum
1646 1193 1725 1247 vir
1755 1192 1984 1247 eruditus
2024 1192 2108 1263 af-

505 1287 764 1357 firmarit,
798 1289 899 1341 nisi
924 1289 1045 1357 quia
1078 1287 1421 1362 Augustinum
1465 1286 1645 1359 legerit
1676 1286 1766 1342 lib.
1810 1302 1827 1341 t
1858 1286 1925 1340 ad
1952 1285 2113 1342 Boni-

501 1384 695 1455 facium
740 1400 793 1439 η.
824 1384 857 1437 5
885 1385 1195 1456 respondere
1239 1400 1293 1438 se
1332 1392 1598 1439 testantem
1630 1382 1827 1437 duabus
1869 1379 2113 1454 Pelagia-

507 1493 689 1530 norum
731 1475 966 1544 epistolis
989 1518 1003 1541 ,
1053 1477 1143 1530 uni
1174 1476 1423 1546 scilicet,
1451 1492 1612 1546 quam
1650 1475 1848 1531 dicitur
1884 1473 2111 1528 Romam

506 1568 723 1623 misisse
753 1567 999 1624 Julianus
1029 1610 1043 1623 .
1082 1608 1096 1621 .
1140 1610 1153 1623 .
1188 1569 1347 1625 alteri
1380 1580 1560 1624 autem
1592 1613 1606 1636 ,
1650 1586 1810 1640 quam
1844 1567 2029 1623 decem
2061 1576 2117 1623 ct

509 1671 633 1716 octo
673 1662 820 1717 velut
848 1661 1093 1732 episcopi
1142 1662 1433 1733 participes
1481 1663 1600 1732 ejus
1641 1663 1848 1717 erroris
1899 1678 2006 1717 non
2048 1662 2115 1721 ad

507 1756 802 1826 quoslibet,
838 1755 935 1810 sed
972 1756 1039 1811 ad
1069 1756 1173 1811 loci
1206 1757 1373 1827 ipsius
1396 1757 1709 1828 episcopum
1745 1756 1986 1829 (Rufum)
2019 1771 2113 1811 sua

2209 540 2351 595 locus
2365 557 2384 608 ;
2419 549 2532 608 post
2574 538 2765 594 multas
2798 542 3271 619 tergiversationes,
3312 543 3496 619 quibus
3543 545 3597 602 in
3642 561 3800 603 unum

2207 633 2532 688 contendisse
2556 635 2770 689 convicti
2808 644 2962 704 sunt,
3011 647 3067 691 ut
3113 638 3431 708 imponerent
3461 654 3520 693 ac
3539 638 3800 713 judicium

2208 724 2495 789 eluderent,
2531 725 2737 780 tandem
2763 743 2847 781 eos
2869 743 2899 779 a
2928 727 3031 797 ﬁde
3060 726 3317 782 catholica
3347 729 3542 786 alienos
3573 738 3619 787 et
3658 730 3802 787 dum,

2210 819 2416 875 natione
2448 821 2631 893 dignos
2653 837 2763 875 esse
2786 823 3027 879 constitit.
3073 821 3201 876 Tum
3228 823 3443 878 solemni
3463 835 3637 878 autem
3655 826 3803 898 judi-

2209 920 2289 974 cio
2314 914 2629 971 subscribere
2650 915 2773 969 dum
2798 914 3045 972 Julianus
3086 932 3146 969 ac
3175 917 3300 971 socii
3344 932 3404 971 eo
3430 916 3638 974 obtentu
3667 918 3806 975 nole-

2213 1009 2355 1082 bant,
2387 1010 2522 1082 quod
2551 1008 2647 1062 sibi
2677 1008 2730 1062 in
2777 1007 3007 1065 absentes
3036 1050 3049 1074 ,
3081 1026 3210 1083 quos
3256 1026 3358 1071 non
3387 1011 3660 1066 audierant
3687 1013 3802 1088 ipsi,

2211 1104 2517 1160 sententiam
2539 1102 2710 1157 dicere
2732 1118 2833 1156 non
2860 1103 3075 1170 liceret;
3116 1104 3229 1170 quis
3254 1120 3338 1158 eos
3364 1105 3560 1176 optima
3596 1106 3811 1177 a'quita-

2213 1199 2277 1251 tis
2299 1195 2409 1269 lege
2437 1211 2706 1267 perperam
2722 1194 2864 1254 abuti
2892 1212 2993 1253 non
3010 1196 3213 1270 judicet
3236 1196 3262 1250 .9
3284 1194 3350 1252 In
3369 1196 3467 1255 hoc
3492 1214 3694 1270 quoque
3712 1195 3811 1253 Ju-

2214 1291 2342 1345 liani
2377 1306 2439 1343 ac
2466 1290 2723 1345 sociorum
2752 1288 3153 1357 deprehenditur
3200 1290 3457 1365 ingenium
3485 1331 3501 1356 ,
3546 1290 3685 1362 quod
3723 1307 3811 1347 ere-

2216 1383 2460 1456 positioni
2481 1382 2608 1454 fitlei
2637 1397 2744 1436 sua:
2767 1381 2820 1435 in
2840 1381 3091 1455 praedicto
3114 1382 3288 1437 libello
3318 1384 3637 1457 subjiciunt:
3663 1384 3809 1452 IImc,

2218 1488 2276 1533 ut
2317 1477 2476 1531 nobis
2519 1475 2818 1532 secundum
2847 1475 3169 1531 catholicam
3194 1475 3351 1531 ﬁdem
3378 1478 3551 1533 visum
3585 1487 3689 1541 est,
3724 1494 3815 1537 ve-

2217 1580 2346 1628 strse
2370 1569 2641 1625 sanctitati
2662 1570 2973 1641 conscripta
3004 1569 3407 1625 transmisimus
3432 1586 3446 1636 ;
3482 1585 3606 1642 quae
3634 1570 3681 1627 si
3711 1570 3811 1627 ali-

2220 1676 2301 1722 ter
2326 1666 2533 1739 putatis
2564 1662 2823 1733 tcnenda,
2843 1661 3133 1719 rescribite
3162 1679 3176 1719 :
3210 1661 3294 1718 sin
3321 1672 3501 1719 autem
3538 1704 3551 1720 .
3578 1703 3595 1720 .
3625 1703 3640 1721 .
3669 1674 3813 1723 certa

2220 1761 2290 1817 sit
2320 1761 2582 1816 sanctitas
2606 1766 2790 1814 vestra
2822 1771 2923 1814 nos
2957 1757 3025 1815 ad
3062 1757 3397 1815 audientiam
3447 1758 3705 1829 plenariaa
3730 1772 3816 1833 sy-

506 1850 802 1905 calliditate
835 1850 1173 1917 tentandum,
1221 1862 1275 1907 et
1302 1851 1368 1906 ad
1397 1867 1522 1906 suas
1552 1863 1734 1919 partes
1760 1893 1774 1916 .
1826 1850 1870 1906 si
1924 1860 2108 1921 posset
2138 1856 2185 1917 B
2213 1853 2336 1909 nodi
2368 1866 2689 1923 provocare.
2727 1850 2754 1906 1
2764 1850 2814 1906 bi
2840 1851 2973 1905 enim
2999 1850 3203 1923 loquela
3229 1850 3547 1924 dignoscitur
3566 1852 3814 1924 ipsarum,

512 1945 657 2011 ﬁeri,
693 1943 1107 2013 traducendum,
1134 1948 1250 2001 ausi
1277 1956 1399 2001 sunt
1429 1946 1875 2003 Thessalonicam
1911 1946 2119 2003 scribe-

512 2054 594 2094 re.
632 2038 712 2092 Ea:
752 2056 811 2093 eo
844 2049 1036 2107 tamen,
1070 2042 1209 2112 quod
1254 2042 1526 2111 epistolam
1558 2042 1626 2096 ad
1670 2041 1866 2112 Rufum
1892 2041 2115 2098 Thessa-

513 2131 824 2186 lonicensem
864 2133 1161 2209 episcopum
1201 2131 1501 2205 scripsitrint
1563 2136 1844 2191 octodecim
1894 2136 2121 2209 episcopi

512 2222 736 2298 Pelagio
762 2222 994 2295 addicti,
1042 2242 1144 2279 non
1176 2228 1408 2301 sequitur
1450 2238 1504 2282 ut
1544 2228 1634 2300 qui
1681 2229 1749 2282 ad
1784 2229 2121 2297 apostolicam

510 2317 686 2372 sedem
730 2319 920 2371 missus
945 2328 1018 2373 est
1048 2318 1292 2384 libellus,
1340 2336 1371 2372 a
1417 2320 1625 2375 totidem
1665 2322 1918 2392 episcopis
1965 2321 2122 2391 fuerit

514 2412 855 2481 conscriptus.
902 2409 1089 2465 Verum
1119 2429 1233 2465 cum
1267 2410 1495 2482 plurium
1524 2414 1729 2468 nomine
1755 2414 1969 2469 missum
2016 2430 2122 2470 esse

514 2511 729 2567 constet,
757 2502 877 2557 hinc
900 2503 1268 2565 octodecimne,
1303 2521 1369 2558 an
1390 2503 1563 2576 plures
1594 2503 1670 2559 vel
1711 2506 1977 2573 pauciores
2007 2510 2122 2577 fue-

513 2596 641 2661 rint,
668 2604 985 2670 compertum
1010 2594 1195 2649 habere
1217 2604 1305 2649 aut
1330 2594 1463 2649 nihil
1489 2606 1576 2649 aut
1606 2613 1788 2668 parum
1814 2597 2044 2650 interest.

583 2685 676 2743 29.
712 2686 946 2740 Certiora
973 2699 1090 2741 sunt
1114 2695 1418 2760 argumenta
1444 2728 1459 2753 ,
1502 2686 1683 2757 quibus
1715 2687 1852 2740 hunc
1894 2687 2125 2742 libellum

517 2775 749 2851 epistola:
785 2782 1006 2849 formam
1038 2794 1145 2849 pra:
1173 2795 1227 2833 se
1265 2783 1407 2851 ferre
1444 2779 1585 2832 idem
1624 2779 1701 2832 vir
1728 2780 1968 2833 eruditus
2001 2796 2126 2854 pro-

520 2869 602 2925 bat
633 2886 651 2924 :
679 2884 840 2943 neque
861 2870 1129 2924 obscurum
1168 2883 1241 2925 est
1269 2868 1500 2925 libellum
1540 2888 1630 2926 seu
1659 2871 1930 2943 epistolam
1970 2873 2126 2926 istam

517 2965 871 3034 episcoporum
899 2982 1011 3019 esse
1033 2966 1104 3019 ad
1125 2963 1569 3038 apostolicaesedis
1598 2964 1873 3033 praesulem
1899 2966 2128 3023 scriben-

519 3059 668 3121 tium,
694 3075 726 3112 a
753 3058 936 3130 quibus
963 3058 1098 3112 idem
1125 3059 1318 3131 pra’sul
1348 3069 1395 3113 et
1422 3069 1574 3131 pater
1604 3070 1812 3133 pr0pter
1832 3062 2019 3135 prima:
2047 3077 2129 3116 se-

519 3152 598 3205 dis
627 3150 956 3226 dignitatem,
1008 3163 1058 3206 et
1102 3154 1272 3207 frater
1299 3164 1511 3225 propter
1537 3155 1864 3226 episcopatus
1911 3172 2126 3212 consor-

2220 1949 2311 2021 qui
2342 1958 2389 2004 et
2413 1945 2711 2020 apostolicae
2736 1945 2873 2000 sedis
2889 1943 3147 2016 judicium
3170 1953 3216 1999 et
3236 1943 3374 1998 orbis
3393 1944 3817 2016 subscriptionem

2221 2048 2615 2107 contemnentes,
2647 2038 2803 2114 paulo
2841 2045 2954 2109 post
2989 2037 3059 2095 ad
3089 2037 3288 2110 Rufum
3314 2035 3818 2096 Thessalonicensem

2223 2133 2587 2203 scripserunt:
2638 2129 2987 2203 Simplicibus
3016 2130 3311 2201 episcopis,
3360 2130 3478 2185 sine
3521 2144 3817 2203 congrega-

2225 2229 2371 2282 tione
2402 2223 2619 2301 synodi,
2668 2224 2719 2277 in
2752 2223 2886 2278 locis
2918 2223 3032 2278 suis
3058 2222 3406 2292 sedentibus,
3447 2233 3658 2281 extorta
3693 2222 3821 2279 sub-

2224 2319 2446 2391 seriptio
2475 2325 2571 2372 est.
2598 2317 2741 2383 Quos
2763 2319 2994 2389 refutans
3033 2315 3347 2387 Augustinus
3394 2315 3530 2369 inter
3564 2315 3672 2369 alia
3703 2314 3824 2370 dicit

2229 2410 2370 2480 (Lib.
2395 2426 2467 2479 tv,
2485 2419 2622 2463 cont.
2646 2408 2788 2462 Duas
2810 2408 2962 2477 epist.
2986 2404 3259 2476 Pelagian.
3286 2423 3332 2460 c.
3352 2406 3437 2473 I2,
3467 2423 3519 2461 η.
3539 2405 3630 2474 54)
3652 2423 3666 2461 :
3692 2405 3825 2460 Isto-

2226 2522 2343 2561 rum
2370 2503 2646 2574 superliia,
2669 2518 2789 2573 qua:
2817 2509 3020 2559 tantum
3045 2516 3106 2557 se
3130 2499 3343 2556 extollit
3365 2499 3633 2555 adversus
3657 2499 3821 2557 Deum

2230 2638 2241 2650 .
2280 2636 2296 2654 .
2333 2637 2346 2650 .
2375 2636 2388 2649 .
2432 2594 2571 2650 hanc
2611 2593 2774 2650 etiam
2823 2593 3054 2663 gloriam
3108 2602 3327 2663 captare
3376 2592 3734 2664 intelligitur,
3768 2602 3827 2651 ut

2228 2698 2449 2761 propter
2480 2688 2602 2743 illus
2630 2688 2870 2743 Orientis
2903 2695 2957 2740 et
2987 2685 3293 2741 Occidentis
3321 2684 3560 2757 synodus
3602 2698 3827 2754 congre—

2225 2794 2399 2855 getur.
2442 2781 2537 2835 Nil
2563 2782 3024 2855 itaquerepugnat,
3060 2781 3330 2852 quominus
3370 2778 3650 2847 praedictus
3677 2777 3825 2833 libel-

2226 2877 2306 2930 lus
2337 2892 2364 2929 c
2384 2872 2584 2929 duabus
2611 2873 2863 2945 epistolis,
2893 2889 3019 2941 quas
3051 2870 3294 2926 Julianus
3320 2887 3352 2924 a
3391 2887 3444 2925 se
3470 2869 3537 2923 ad
3563 2869 3827 2925 Zosimum

2227 2971 2411 3024 missas
2443 2984 2552 3022 esse
2576 2976 2827 3021 memorat
2848 3008 2862 3033 ,
2894 2982 2997 3019 una
3024 2975 3293 3019 censeatur
3324 2974 3435 3037 post
3470 2961 3673 3035 Pelagii
3715 2964 3826 3035 qui-

2227 3063 2340 3116 dem
2367 3071 2521 3135 atque
2547 3057 2771 3115 Caelestii
2791 3058 3195 3123 damnationem,
3235 3055 3324 3110 sed
3351 3064 3630 3126 antequam
3658 3053 3829 3110 Julia-

2228 3170 2322 3207 nus
2349 3169 2467 3208 cum
2498 3152 2652 3206 sociis
2690 3167 2718 3206 e
2743 3150 2951 3205 sedibus
2971 3167 3077 3204 suis
3108 3147 3405 3223 pelleretur,
3433 3148 3668 3220 adeoque
3695 3164 3828 3202 anno

521 3246 646 3299 tium
694 3246 1049 3315 compellatur.
1099 3246 1161 3303 Si
1198 3248 1355 3302 etiam
1401 3247 1479 3302 vel
1510 3265 1628 3303 cum
1665 3251 1847 3324 paucis
1892 3250 2125 3323 epistola
2149 3246 2195 3310 C
2228 3246 2333 3302 M8
2361 3244 2672 3316 conscripta.

516 3336 723 3393 Iuliani
742 3341 811 3393 ad
839 3338 1102 3394 Zosimum
1130 3342 1458 3413 fragmentis,
1487 3360 1601 3414 qua:
1631 3360 1694 3398 ea:
1717 3342 1890 3398 Mario
1923 3343 2124 3400 Merca-

519 3442 628 3487 tore
654 3433 888 3505 proxime
918 3435 1313 3501 descripsimus,
1348 3436 1651 3507 conferatur
1674 3454 1694 3506 ;
1729 3454 1789 3490 ea
1814 3437 1924 3492 sese
1949 3434 2125 3504 offeret

520 3527 643 3598 styli
676 3529 967 3591 consensio,
993 3545 1095 3599 qua
1127 3538 1401 3600 utrumque
1427 3531 1674 3599 scriptum
1702 3546 1764 3584 ea:
1785 3529 1963 3586 eodem
1985 3533 2129 3602 fonte

524 3621 781 3688 prodiisse
806 3637 909 3674 non
941 3621 1196 3674 immerito
1218 3632 1505 3677 censeatur.
1542 3623 1686 3677 Certe
1716 3633 1772 3678 ut
1798 3624 1851 3677 in
1882 3624 1959 3679 Itis
1984 3624 2128 3699 frag-

526 3712 712 3765 utentis
742 3710 990 3784 Apostolo
1013 3714 1056 3766 is
1079 3714 1341 3767 adversari
1370 3715 1633 3782 scribitur,
1659 3716 1752 3787 qui
1774 3726 1859 3771 est
1888 3726 2129 3773 assertor

525 3804 671 3876 quod
698 3819 872 3876 neque
904 3821 1002 3877 per
1033 3817 1264 3863 mortem
1294 3808 1425 3864 Ada:
1452 3825 1615 3866 omne
1640 3828 1810 3882 genus
1848 3813 2128 3871 hominum

525 3899 830 3966 moriatur,
883 3916 1058 3974 neque
1108 3918 1204 3974 per
1254 3906 1709 3962 resurrectionem
1750 3923 1912 3965 omne
1957 3925 2130 3981 genus

524 3991 807 4048 hominum
836 4005 1116 4067 resnrgat;
1149 3997 1222 4050 ita
1249 3997 1304 4052 in
1338 3997 1514 4054 libello
1544 3999 1638 4055 illo
1672 4000 1969 4072 damnatur,
2013 4004 2129 4075 qui-

527 4100 766 4157 cumque
796 4091 994 4143 asserit
1031 4088 1177 4159 quod
1224 4105 1399 4162 neque
1437 4084 1735 4163 per'Adam
1771 4112 1933 4153 omne
1960 4112 2132 4170 genus

527 4180 809 4236 hominum
842 4182 1125 4251 moriatur,
1154 4200 1326 4256 neque
1356 4200 1456 4257 per
1477 4187 1752 4244 Christum
1774 4205 1934 4246 omne
1961 4207 2133 4265 genus

525 4282 795 4347 resurgat.
835 4274 963 4330 Tum
990 4276 1129 4349 quod
1150 4279 1230 4333 his
1259 4280 1434 4335 statim
1468 4280 1780 4354 subjicitur:
1813 4283 1909 4341 Vel
1951 4286 1995 4340 si
2024 4301 2130 4358 qua

526 4380 654 4425 sunt
680 4369 809 4442 alia,
840 4386 957 4440 quae
995 4372 1078 4426 vel
1112 4382 1301 4428 contra
1334 4373 1658 4430 catholicam
1693 4375 1852 4431 [idem
1886 4365 2130 4447 veniant,

520 4467 604 4523 vel
635 4465 702 4521 ad
724 4482 1180 4524 INDISCIPLINATAS
1210 4468 1523 4541 pertineant
1563 4469 1924 4542 quaestiones,
1967 4470 2133 4527 simili

524 4561 903 4617 exsecratione
928 4563 1273 4634 damnamus,
1303 4563 1537 4618 eumdem
1583 4565 1722 4634 sapit
1762 4562 1954 4638 stglum
1982 4574 2134 4637 atque

2976 3335 3090 3392 XII.

2301 3438 2393 3494 30.
2424 3436 2506 3491 An
2533 3435 2778 3489 Julianus
2805 3450 2838 3488 α
2873 3431 3082 3487 Zosimo
3113 3430 3418 3486 nominatim
3454 3429 3732 3509 damnatus
3768 3430 3831 3486 sit

2229 3534 2498 3604 quaeritur.
2540 3528 2699 3584 Joan.
2732 3526 3015 3583 Garnerius
3037 3526 3314 3598 quominus
3341 3523 3485 3578 illum
3515 3522 3578 3578 ab
3607 3525 3703 3577 hoc
3740 3539 3830 3596 pa-

2233 3646 2297 3696 pa
2322 3625 2627 3681 nominatim
2656 3625 2957 3677 dantnalum
2988 3622 3198 3685 sentiat,
3227 3618 3410 3672 libello
3443 3617 3586 3685 ﬁdei,
3639 3617 3831 3690 episto-

2231 3721 2389 3790 laque
2417 3717 2485 3773 ad
2516 3715 2714 3771 Rufum
2742 3712 3282 3770 Thessalonicensem
3313 3710 3541 3781 aliisque
3572 3726 3712 3782 pene
3752 3711 3833 3765 in-

2232 3814 2400 3870 ﬁnitis
2439 3813 2555 3869 sive
2584 3809 2806 3873 Juliaui,
2840 3809 2954 3864 sive
2982 3806 3265 3880 Augustini
3296 3822 3522 3879 operum
3552 3806 3689 3862 locis
3711 3823 3830 3881 pro-

2233 3909 2395 3964 hiberi
2433 3924 2487 3962 se
2511 3906 2705 3961 scribit.
2755 3901 2991 3973 Inﬁciari
3030 3912 3197 3957 tamen
3220 3903 3390 3973 nequit
3419 3898 3691 3955 Julianum
3716 3916 3828 3955 cum

2231 4004 2384 4061 sociis
2413 4000 2698 4056 Tractat-ia:
2737 3996 2933 4053 Zosimi
2975 3994 3287 4051 subscribere
3338 3994 3595 4049 nolentem
3632 3993 3695 4046 ab
3728 3993 3831 4067 epi-

2231 4104 2448 4170 scOpatu
2487 4095 2647 4167 fuisse
2677 4093 2930 4165 dejectunt
2956 4106 2975 4156 ;
3010 4107 3129 4145 cum
3163 4090 3435 4160 perspicua
3456 4090 3559 4145 sint
3588 4107 3650 4144 ea
3676 4088 3741 4145 de
3780 4105 3832 4143 re

2234 4191 2377 4247 Mar.
2424 4188 2728 4245 Mercatoris
2769 4188 2919 4242 verba
2950 4182 3123 4260 (Pag.
3160 4184 3260 4240 158
3290 4184 3375 4238 ed.
3413 4181 3601 4238 Bolus.
3633 4186 3651 4255 )
3692 4181 3829 4239 :Cui

2233 4279 2566 4359 (Tractoriaz)
2597 4279 2844 4338 Julianus
2875 4287 2929 4335 et
2960 4278 3155 4348 reliqui
3175 4276 3467 4348 complices
3494 4275 3833 4337 subscribere

2233 4377 2604 4434 detrectantes
2644 4415 2656 4427 .
2692 4412 2706 4428 .
2746 4414 2759 4427 .
2813 4386 2919 4427 non
2969 4370 3144 4426 solum
3202 4369 3575 4443 imperialibus
3604 4369 3829 4439 legibus,

2235 4470 2330 4528 sed
2362 4481 2416 4527 et
2461 4467 2891 4526 sacerdotalibus
2931 4465 3152 4521 statutis
3183 4464 3418 4537 depositi
3467 4472 3631 4537 atque
3674 4480 3832 4519 exau-

2235 4564 2427 4620 ctorati
2453 4604 2470 4629 ,
2513 4572 2567 4618 et
2607 4561 2755 4617 onmi
2795 4558 2945 4615 Italia
2978 4558 3247 4613 deturbati
3276 4568 3421 4614 sunt.
3470 4554 3582 4612 Ista
3630 4566 3830 4624 autem,

522 4655 624 4709 ista
652 4653 857 4709 Juliani
884 4657 1120 4725 superius
1150 4675 1204 4712 η.
1248 4657 1319 4713 26
1350 4658 1516 4712 relata
1542 4675 1559 4711 :
1595 4657 1751 4727 Quod
1801 4657 2040 4716 infantes
2076 4661 2129 4719 in
2157 4642 2208 4703 Ῑ)
2234 4654 2591 4712 sacerdotalia
2624 4662 2852 4717 statuta,
2880 4650 3061 4721 quibus
3081 4650 3325 4706 Julianus
3354 4666 3414 4703 ac
3457 4649 3581 4705 socii
3603 4647 3830 4720 depOsiti

522 4762 590 4803 eo
614 4753 757 4802 statu
789 4750 915 4814 sint,
942 4749 993 4802 in
1019 4764 1127 4817 quo
1151 4748 1248 4803 fuit
1264 4749 1432 4805 Adam
1453 4759 1577 4806 ante
1600 4751 2123 4823 prtevaricatlonem,

527 4841 673 4895 inter
696 4856 1148 4897 INDISCIPLINATAS
1188 4851 1318 4912 puto
1348 4843 1701 4914 quaestiones.
1745 4843 1926 4918 Neque
1962 4847 2131 4902 minus

529 4945 765 5004 apertum
789 4945 861 4988 est
891 4935 986 4987 hoc
1014 4951 1099 4990 eos
1121 4936 1411 5009 scripsisse,
1438 4954 1553 4991 cum
1576 4937 1637 4992 ab
1662 4939 1732 4993 eis
1755 4939 2043 5010 exigeretur
2075 4951 2134 4996 ut

528 5027 733 5099 Pelagii
756 5044 818 5081 ac
844 5025 1064 5083 Caelestii
1088 5029 1409 5085 damnationi
1440 5031 1832 5103 subscriberent,
1859 5033 2014 5106 idque
2041 5035 2132 5089 de—

529 5130 822 5176 trectarent.
868 5118 1124 5186 Quocirca
1152 5138 1251 5178 non
1288 5127 1400 5179 sine
1444 5125 1703 5180 industria
1733 5125 1787 5180 in
1831 5125 2002 5180 libello
2034 5144 2129 5182 suo

528 5216 699 5295 omnia
723 5213 1016 5270 easeribunt
1040 5214 1432 5289 Scripturarum
1457 5218 1770 5286 testimonia,
1786 5218 1968 5289 quibus
1982 5217 2133 5274 Zosi—

526 5325 638 5362 mus
665 5308 817 5381 epist.
845 5309 900 5373 5,
925 5307 992 5361 ad
1026 5309 1202 5377 Afros,
1229 5326 1281 5362 η.
1309 5310 1365 5376 5,
1411 5305 1720 5365 sententiam
1742 5313 1796 5365 in
1826 5313 2055 5367 absentes
2084 5321 2130 5367 et

525 5401 788 5457 inauditos
820 5401 1027 5456 minime
1067 5402 1337 5456 dicendam
1388 5420 1495 5457 esse
1535 5403 1855 5476 probaverat.
1907 5404 2133 5460 Tantum

524 5496 661 5552 illud
687 5498 901 5566 mirum,
927 5496 1063 5567 quod
1090 5512 1151 5550 ea
1178 5496 1233 5550 in
1256 5511 1310 5550 re
1334 5513 1442 5552 sese
1461 5497 1524 5551 ab
1548 5500 1760 5570 ipsomet
1779 5496 1989 5553 Zosimo
2010 5496 2135 5554 edo-

529 5600 638 5645 ctos
667 5592 828 5662 fuisse
857 5608 962 5645 non
982 5591 1359 5661 jactitaverint.
1393 5588 1584 5644 Verum
1630 5591 1686 5644 id
1715 5592 1856 5664 quod
1894 5592 2135 5649 obtende-

535 5684 680 5750 bant,
708 5701 771 5738 ne
802 5684 1194 5752 subscriberent,
1219 5701 1413 5739 merum
1438 5685 1678 5757 effugium
1702 5686 1822 5757 fuit.
1848 5684 1978 5743 Cum
1999 5688 2137 5741 enim

541 5778 790 5850 Pelagius
820 5788 973 5852 atque
1003 5778 1270 5835 Caelestius
1311 5795 1445 5849 saepe
1492 5780 1707 5851 fuissent
1745 5781 1930 5845 auditi,
1967 5783 2141 5855 eisque

534 5871 639 5925 sive
680 5888 855 5933 coram
877 5873 983 5929 sive
1007 5873 1194 5930 libellis
1217 5875 1268 5929 in
1295 5872 1601 5945 Paltestina,
1622 5873 1675 5929 in
1700 5872 1899 5946 Africa,
1939 5874 1994 5929 in
2026 5875 2140 5946 ipsa

2231 4757 2373 4816 sunt,
2404 4748 2456 4801 in
2484 4746 2700 4802 concilio
2722 4745 2807 4799 cui
2828 4744 3096 4799 Romanus
3123 4745 3353 4814 pontifex
3371 4755 3611 4812 prteerat,
3636 4744 3829 4799 sancita

2234 4857 2343 4896 esse
2370 4848 2542 4913 aperte
2578 4840 2723 4894 docet
2765 4838 2901 4893 idem
2927 4835 3067 4891 Mar.
3112 4835 3374 4891 Mercator
3403 4838 3608 4909 praefat.
3650 4838 3701 4891 in
3733 4846 3833 4891 tra-

2232 4944 2397 4989 ctatus
2432 4932 2659 4989 Nestorii
2686 4931 2856 4996 (Edit.
2888 4931 3075 4988 Baluz.
3101 4950 3223 5007 pag.
3254 4933 3324 4989 55
3352 4936 3401 5003 ),
3445 4932 3536 4990 ubi
3562 4932 3831 4990 lulianum

2234 5042 2297 5082 ex
2317 5025 2574 5095 episcopo
2605 5025 2889 5081 Eclanensi
2916 5041 3037 5080 cum
3076 5025 3431 5097 participibus
3468 5026 3580 5080 suis
3607 5026 3738 5079 olim
3771 5039 3832 5079 AB
3908 5052 3915 5061 ι

2240 5132 2563 5174 APOSTOLICA
2593 5132 2887 5175 SENTENTIA
2904 5120 3319 5173 exauctoratum
3344 5131 3504 5189 atque
3529 5117 3833 5186 depositum

2240 5222 2507 5269 memorat.
2546 5212 2574 5267 Ι
2578 5213 2626 5268 bi
2654 5212 2857 5284 quidem
2881 5214 3001 5288 legit
3024 5211 3306 5267 Garuerius
3336 5210 3494 5287 (Pag.
3530 5209 3623 5284 58)
3652 5212 3721 5268 ab
3750 5227 3836 5267 ec-

2234 5309 2540 5364 clesiastica
2590 5308 2903 5365 sententia:
2954 5306 3044 5359 sed
3090 5305 3375 5373 Buluzius,
3430 5305 3499 5360 ab
3539 5306 3834 5373 apostolica

2236 5403 2507 5460 sententia
2554 5418 2620 5456 ea:
2658 5400 2927 5473 archetypi
2972 5398 3077 5467 [ide
3119 5398 3364 5452 restituit.
3426 5397 3683 5465 Quocirca
3726 5412 3836 5451 cum

2237 5498 2377 5554 idem
2405 5499 2625 5569 scriptor
2651 5494 2927 5550 Julianum
2946 5493 3021 5547 sic
3046 5492 3341 5563 alloquetur
3371 5489 3536 5563 (Edit.
3570 5490 3754 5546 Baluz.
3784 5509 3833 5562 ρ.

2246 5595 2371 5665 119,
2397 5593 2619 5649 Gai-uer.
2651 5611 2702 5663 p.
2736 5592 2865 5664 73):
2898 5589 3029 5658 Quis
3059 5588 3201 5642 enim
3238 5596 3290 5642 te
3320 5588 3373 5642 in
3405 5588 3688 5658 superiore
3715 5603 3835 5643 scn-

2246 5686 2413 5741 tcntia
2444 5685 2527 5741 vel
2562 5683 2829 5757 suspicari
2877 5690 3056 5753 posset
3088 5677 3231 5734 aliud
3274 5680 3475 5739 sentire
3500 5720 3516 5749 ,
3549 5695 3710 5751 quant
3766 5680 3835 5734 illi

2245 5794 2457 5849 omnes,
2476 5780 2566 5850 qui
2586 5789 2788 5833 sancta:
2809 5772 3084 5832 tuetnorim
3106 5788 3238 5843 papa
3258 5772 3473 5827 Zosimo
3497 5772 3835 5842 prasidente,

2249 5873 2345 5933 Dei
2369 5873 2681 5931 sacerdotes
2705 5869 3001 5941 Pelagium,
3029 5864 3347 5934 Calestium
3364 5906 3379 5939 ,
3410 5881 3585 5944 seque
3622 5866 3838 5932 damna,-
