4122 6346
342 350 440 406 7M

1176 351 1503 407 DECIIETA
1551 354 1643 409 EX
1687 355 2035 413 EPISTOLIS
2074 356 2132 411 S.
2174 356 2406 415 ZOSIMI
2450 356 2849 417 EXCERPTA.

3542 365 3649 425 702

341 478 497 535 runt,
526 484 645 523 eum
670 470 968 539 apostolica:
995 470 1132 525 sedis
1170 472 1444 542 prwsulem
1469 513 1484 538 ,
1517 474 1668 542 cujus
1695 474 1946 527 sententia
1972 477 2023 538 Α
2050 491 2112 528 ne
2154 493 2259 528 non
2304 475 2613 531 obsistentes
2641 518 2656 542 ,
2695 475 2763 530 ad
2810 474 3131 530 Comitatum
3180 486 3371 549 praeter
3423 492 3645 533 canones

339 560 618 615 lulianum
647 562 954 630 depositum
970 562 1251 631 dixit,non
1271 563 1433 627 alium
1461 582 1491 623 a
1508 564 1723 627 Zosimo
1747 566 1943 625 intelli-

340 670 457 728 gere
485 671 539 709 se
567 657 692 709 satis
717 656 996 728 signiﬁcat.
1033 656 1184 724 Quod
1222 667 1394 713 tamen
1434 675 1538 712 non
1569 675 1627 713 eo
1656 676 1807 713 sensu
1834 660 1945 712 dic-

341 756 468 811 tum,
503 757 559 800 ut
585 746 768 801 iisdem
791 747 1132 820 synodalibus
1158 751 1362 804 statutis
1382 748 1649 820 Pelagius,
1678 749 1944 804 leestius

342 856 401 893 ac
436 837 687 894 Julianus
725 841 916 911 fuerint
947 840 1222 906 damnati;
1265 842 1354 895 sed
1395 850 1450 895 ut
1494 842 1630 895 idem
1675 841 1939 909 Zosimus,

340 933 428 1003 qui
453 930 732 1007 Pelagium
764 933 1154 1013 Cielestiumque
1173 934 1471 1001 damnarat,
1516 951 1578 988 ac
1620 935 1777 989 missa
1811 933 1849 990 Τ
1856 952 1935 987 ra-

338 1026 502 1078 ctoria
547 1026 787 1080 damnari
814 1043 847 1080 a
872 1028 1067 1081 caeteris
1096 1035 1410 1098 praeceperat
1429 1071 1444 1095 ,
1491 1026 1822 1097 postmodum
1842 1026 1945 1080 Ju-

338 1118 538 1176 lianum
558 1118 843 1177 Tractoria'
858 1120 978 1174 huic
1002 1135 1068 1176 ne
1096 1119 1433 1175 subscriberet
1478 1127 1801 1174 recusantem
1829 1159 1843 1185 ,
1877 1118 1939 1174 ab

338 1210 639 1284 episcopatu
667 1211 878 1286 dejecit.

409 1308 499 1363 5|.
532 1307 858 1382 Quapropter
881 1318 927 1363 et
954 1309 1275 1383 Augustinus
1301 1306 1496 1381 (Lib.t,
1529 1318 1671 1362 cont.
1700 1304 1932 1373 Julian.,

336 1421 382 1458 c.
418 1402 505 1471 12,
524 1421 575 1457 η.
605 1405 715 1474 15),
736 1403 908 1459 Mario
933 1402 1214 1481 Mercatori
1235 1404 1534 1469 concinens,
1551 1399 1937 1456 Zosimumlu-

337 1499 469 1555 liani
516 1500 896 1555 damnatorem
941 1478 1237 1570 nuricupat.
1280 1498 1395 1569 Ipsi
1445 1500 1637 1570 quippe
1666 1497 1938 1552 Zosimutn

338 1596 788 1664 prwvaricationis
819 1596 1088 1649 accusanti
1120 1596 1392 1663 respondet
1425 1613 1437 1649 :
1481 1591 1777 1648 Innocentii
1814 1607 1935 1647 suc-

334 1701 612 1744 cessorem
635 1687 869 1744 crimine
892 1689 1355 1759 praevaricationis
1378 1703 1633 1744 accusas:
1659 1688 1784 1758 quia
1808 1688 1939 1743 doc~

334 1782 497 1837 trina:
538 1782 856 1855 apostolica:
896 1790 952 1838 et
995 1783 1077 1841 sui
1109 1781 1414 1838 decessoris
1445 1782 1729 1837 sententiae
1762 1781 1937 1841 noluit

2048 577 2382 639 perrexerant
2402 586 2424 643 ;
2466 568 2603 625 idem
2632 585 2791 644 papa,
2826 569 3031 627 decreto
3059 569 3221 636 edito,
3253 585 3339 623 eos
3362 586 3396 623 a
3420 586 3649 625 commu-

2048 661 2203 716 nione
2236 679 2333 716 sua
2375 662 2651 735 submovit,
2691 672 2840 732 atque
2886 663 3016 716 hanc
3048 664 3357 716 sententiam
3386 679 3417 715 a
3442 679 3496 717 se
3526 664 3645 718 sub-

2047 755 2294 826 scriptam
2325 772 2430 809 una
2460 772 2575 809 cum
2603 757 2833 828 scriptis,
2875 755 3065 827 quibus
3096 756 3496 810 contumeliosos
3523 756 3646 812 illo-

2046 865 2165 902 rum
2194 851 2440 922 epistolas
2470 851 2593 904 olim
2624 852 2900 921 refutarut,
2939 849 3244 904 Ravennam
3270 850 3339 902 ad
3372 850 3646 919 praedictos

2047 945 2240 1016 legatos
2271 944 2429 998 misit.
2470 943 2569 1004 Ha!
2605 953 2783 1003 autem
2806 944 3119 1001 clericorum
3147 941 3420 998 rebellium
3445 945 3643 1013 episto-

2046 1034 2129 1099 ιω.
2174 1034 2373 1089 Zosimi
2416 1036 2737 1113 apologetica
2765 1036 2980 1108 scripta,
3030 1033 3362 1107 ejusdemque
3398 1036 3644 1092 adversus

2043 1127 2164 1185 illos
2191 1129 2398 1199 prolata
2424 1130 2683 1189 sententia
2707 1129 3038 1184 interierunt.

2767 1221 2908 1278 XIV.

2115 1313 2203 1369 5'5.
2231 1311 2413 1385 Neque
2429 1313 2816 1386 ambigendum,
2831 1318 2955 1389 quin
2969 1317 3200 1389 aliquam
3211 1317 3453 1374 Zosimus
3469 1316 3608 1389 scrip
3621 1342 3640 1355 -

2042 1407 2163 1461 serit
2204 1407 2482 1477 epistolam
2526 1408 2590 1461 de
2632 1406 2853 1464 Maximi
2898 1409 3161 1467 Valentini
3187 1410 3417 1484 episcopi
3456 1426 3636 1479 causa,

2043 1500 2194 1570 cujus
2219 1498 2568 1568 cognitionem
2598 1500 2909 1570 provinciali
2936 1502 3138 1573 synodo
3166 1520 3193 1556 tt
3226 1502 3643 1558 successoribus

2041 1592 2155 1644 Snis
2175 1590 2467 1661 delegatum
2493 1607 2600 1647 esse
2617 1588 2921 1665 Bonifacius
2944 1596 3109 1667 ipsius
3128 1613 3389 1651 successor
3413 1595 3646 1650 meminit

2044 1684 2303 1758 (Bonifac.
2338 1703 2377 1756 ι,
2408 1702 2491 1758 ep.
2524 1685 2581 1754 5,
2612 1705 2665 1743 n.
2696 1688 2771 1761 1).

2784 1780 2901 1836 XV.

335 1876 626 1951 refragari.
668 1874 776 1932 Sed
822 1875 892 1931 de
937 1875 1040 1930 hoc
1080 1876 1299 1931 interim
1348 1885 1533 1943 taceo;
1581 1891 1648 1931 ue
1686 1876 1930 1929 animum
1966 1895 2011 1955 Β
2112 1871 2202 1927 54.
2236 1872 2311 1926 Ab
2342 1872 2504 1943 Afris,
2533 1874 2869 1941 utirldimus,
2900 1876 3005 1930 duo
3026 1875 3185 1931 veluti
3209 1875 3442 1931 Nicaznis
3464 1877 3643 1931 decre-

338 1979 513 2031 tuum.
548 1985 710 2042 quem
744 1984 942 2025 sanare
976 1970 1158 2041 potius
1181 1971 1365 2042 cuiiio,
1401 1970 1652 2024 laudilsus
1679 1985 1772 2025 τυι
1802 1986 1935 2025 ωηι-

333 2079 561 2121 NA'I‘ORIS
607 2064 943 2121 exulcerant.
996 2064 1136 2120 Sane
1179 2067 1266 2135 pia
1311 2063 1406 2118 illa
1451 2064 1728 2136 Augustini
1773 2062 1933 2131 affec-

338 2158 432 2228 tio,
467 2175 571 2231 qua
591 2156 799 2217 Iuliani
819 2158 1053 2211 animum
1077 2155 1366 2212 demulcere
1394 2174 1455 2211 ac
1485 2173 1671 2211 sanare
1700 2158 1933 2226 cupiens,

335 2266 451 2305 eum
481 2249 786 2306 exulcerare
806 2249 1082 2317 metuebat,
1138 2260 1191 2302 ut
1218 2251 1283 2302 ab
1308 2248 1566 2303 invidioso
1595 2247 1934 2305 damnatoris

340 2347 413 2402 tui
442 2347 695 2410 vocabulo
724 2363 776 2403 se
807 2346 1107 2415 abstineret,
1139 2345 1395 2420 exigebat,
1436 2345 1538 2398 nisi
1559 2345 1749 2418 judicii
1777 2344 1937 2398 alicu-

326 2440 421 2511 jus
450 2441 627 2510 reipsa
660 2439 859 2515 prolati
888 2438 1079 2491 veritas
1108 2434 1244 2490 illud
1275 2439 1340 2490 ab
1391 2452 1448 2490 eo
1477 2436 1802 2491 extorsisset.
1850 2433 1935 2490 Ex

331 2531 396 2585 iis
419 2539 617 2599 autent,
642 2531 731 2603 qui
754 2547 869 2583 cum
887 2528 1111 2583 Juliano
1135 2537 1257 2582 tunc
1281 2528 1609 2583 condemnati
1632 2538 1772 2595 sunt;
1803 2544 1936 2582 non-

332 2622 527 2688 nullos,
557 2622 853 2695 Perﬁdiam
874 2623 1088 2691 scilicet,
1120 2620 1364 2687 Florum,
1398 2620 1763 2677 Marcellinum
1785 2630 1936 2692 atque

337 2717 616 2772 Orontium
666 2717 925 2772 Cwlestini
972 2732 1127 2793 papa:
1176 2715 1395 2789 epistola
1446 2714 1517 2770 20
1560 2715 1774 2768 indicat.
1859 2714 1936 2770 Ili

332 2826 486 2883 porro
518 2811 744 2880 primum
777 2808 1016 2863 Romana
1045 2809 1098 2863 in
1121 2808 1340 2880 synodo,
1372 2807 1581 2862 Zosimo
1602 2807 1931 2879 prwsidettte,

332 2904 543 2956 statutis
581 2902 926 2975 synodalibus
954 2903 1016 2955 de
1044 2902 1344 2972 episcopatu
1367 2902 1573 2970 diritati,
1608 2902 1935 2969 postmodum

334 2996 611 3071 Bonifacio
642 2996 837 3052 Zosimi
862 3013 1162 3055 successore
1184 3006 1388 3071 agente,
1425 2996 1621 3067 legibus
1649 2997 1936 3066 imperiali-

332 3090 427 3145 bus
468 3107 534 3149 ex
574 3091 715 3149 omni
763 3087 928 3145 Italia
963 3091 1223 3147 deturbati
1250 3104 1390 3145 sunt.
1440 3090 1569 3158 Qua:
1598 3090 1701 3145 duo
1736 3088 1936 3144 Marius

338 3182 607 3240 Mercator
634 3202 739 3239 non
768 3185 895 3240 satis
925 3184 1220 3258 distinguit.

1076 3280 1209 3335 XIII.

406 3373 498 3428 52.
534 3373 778 3427 Zosimus
824 3388 965 3427 anno
1002 3373 1110 3428 “8
1142 3373 1380 3428 Octobris
1420 3375 1456 3428 5
1483 3376 1566 3428 die
1611 3374 1678 3427 ad
1716 3374 1935 3447 legatos,

333 3482 461 3533 quos
483 3464 742 3521 Ravenna:
765 3467 1002 3535 habebat,
1029 3466 1273 3533 scribens,
1300 3467 1645 3531 quorumdam
1671 3465 1938 3520 rebellium

335 3562 646 3615 clericorum
675 3577 885 3616 suorum
913 3561 1200 3632 injuriosas
1230 3563 1478 3616 adversus
1504 3579 1558 3615 se
1583 3570 1829 3615 memorat
1854 3561 1941 3613 lit-

335 3665 497 3725 teras,
549 3671 752 3715 uccnon
788 3672 885 3708 sua
926 3653 1092 3725 ipsius
1122 3654 1317 3727 scripta
1357 3655 1540 3725 quibus
1585 3654 1714 3709 olim
1755 3652 1942 3709 litteris

334 3747 441 3801 illis
463 3747 798 3823 responderat
822 3746 969 3815 (Zos.
993 3747 1141 3823 epist.
1165 3746 1278 3819 14).
1308 3747 1416 3807 Sed
1437 3750 1563 3820 quia
1581 3748 1682 3817 illi,
1708 3745 1945 3805 rebellio.

2039 1964 2102 2018 tis
2129 1965 2419 2036 prtestituta
2444 1963 2688 2021 Zosimus
2709 1967 3022 2037 qucesierat:
3054 1969 3297 2023 nimirum
3322 1978 3380 2023 ut
3410 1966 3642 2023 Romam

2039 2057 2235 2114 liceret
2280 2059 2556 2131 episcopis
2584 2074 2909 2127 provocare.
2936 2069 2993 2119 et
3021 2070 3082 2117 ut
3106 2061 3435 2119 clericorum
3463 2074 3644 2120 eausa:

2038 2152 2183 2220 apud
2248 2167 2471 2208 suarum
2531 2154 2937 2224 provinciarum
2987 2156 3283 2227 episcopos
3330 2154 3641 2209 ﬁnirentur.

2037 2250 2185 2306 Tunc
2205 2251 2303 2318 illi,
2338 2251 2542 2306 etiamsi
2565 2268 2694 2307 nova
2714 2260 2767 2308 et
2792 2253 3027 2308 inaudita
3052 2253 3151 2312 sibi
3179 2253 3495 2320 viderentur,
3523 2269 3642 2324 qua:

2040 2343 2275 2403 Nictente
2293 2344 2480 2417 synodi
2499 2347 2705 2405 nomine
2726 2346 3122 2417 proferebantur
3141 2346 3350 2403 decreta
3369 2345 3527 2413 (Boni
3532 2348 3636 2420 fac.

2039 2453 2076 2503 t,
2111 2453 2194 2507 ep.
2227 2438 2279 2505 I,
2312 2454 2368 2491 κ.
2397 2438 2479 2510 4),
2527 2438 2725 2494 litteris
2773 2448 2941 2493 tamen
2983 2440 3049 2494 ad
3076 2441 3329 2494 eumdem
3361 2439 3636 2494 Zosimum

2038 2530 2178 2585 datis
2218 2531 2641 2601 rescripseram,
2690 2547 2813 2587 sese
2858 2547 2919 2587 ea
2958 2546 3182 2588 servare
3224 2532 3343 2589 sine
3385 2532 3492 2587 ulla
3521 2532 3640 2602 ejus

2039 2624 2234 2695 injuria
2269 2625 2545 2695 paulisper
2573 2625 2755 2682 sinere
2785 2641 2958 2697 usque
2984 2627 3054 2682 ad
3084 2626 3497 2696 inquisitionem
3528 2635 3640 2681 sta-

2040 2729 2281 2773 tutorum
2298 2718 2502 2773 Niemni
2520 2718 2765 2787 concilii,
2790 2718 2889 2773 hoc
2907 2728 3003 2783 est,
3028 2719 3248 2776 decretis
3266 2719 3455 2784 missis,
3480 2718 3645 2772 donec

2042 2811 2383 2867 Nicwnorum
2419 2815 2696 2882 explorata
2724 2814 2789 2868 sit
2823 2814 3032 2881 veritas,
3061 2830 3171 2868 sese
3196 2822 3412 2867 mortem
3440 2826 3635 2884 gerere.

2040 2905 2118 2961 An
2157 2906 2339 2961 littera:
2383 2908 2490 2962 illa:
2516 2906 2727 2963 Zosimo
2770 2906 2944 2965 adhuc
2973 2909 3235 2978 superstiti
3266 2907 3485 2965 redditae
3509 2907 3636 2975 sint,

2039 3014 2219 3063 necne,
2247 3008 2563 3071 compertum
2585 3015 2689 3053 non
2706 2997 2978 3052 habemus.
3023 3000 3088 3051 At
3110 2998 3244 3053 illud
3270 3005 3484 3060 certum,
3511 3002 3640 3049 temo

2040 3110 2134 3162 pus
2161 3093 2261 3163 ipsi
2288 3092 2512 3162 defuisse
2541 3107 2643 3162 quo
2674 3107 2889 3144 causam
2918 3091 3069 3143 istam
3098 3090 3292 3159 ﬁniret.

2759 3183 2899 3238 XVI.

2114 3278 2203 3335 55.
2238 3277 2463 3332 Demum
2507 3278 2617 3332 luec
2652 3276 2863 3332 Zosimo
2902 3277 3111 3331 decreta
3146 3273 3474 3344 Pontiﬁcalis
3515 3274 3644 3328 liber

2018 3350 2276 3428 attribuit
2307 3389 2324 3429 :
2354 3371 2426 3427 Ut
2455 3371 2713 3426 diacones
2746 3371 2909 3424 lmvas
2940 3378 3115 3423 tectas
3144 3367 3212 3422 de
3243 3368 3402 3437 pallis
3427 3364 3642 3419 linosti-

2044 3467 2148 3520 mis
2174 3464 2466 3528 liulicreut,
2509 3474 2568 3517 ut
2600 3477 2699 3532 per
2726 3460 3011 3534 parochias
3042 3460 3261 3515 licentia
3297 3469 3443 3515 esset
3472 3457 3645 3512 liene-

2043 3559 2259 3614 dicendi
2306 3573 2527 3614 cereum
2574 3557 2912 3627 paschalem,
2949 3568 3006 3610 ut
3030 3556 3194 3610 nullis
3223 3554 3441 3608 clericis
3472 3566 3642 3622 pocu-

2046 3653 2154 3709 lum
2192 3656 2247 3709 iu
2294 3653 2515 3727 publica
2562 3653 2966 3727 propinaretur,
3009 3650 3113 3711 nisi
3158 3659 3367 3709 tantum
3404 3649 3455 3702 in
3484 3646 3641 3705 cellis

2048 3747 2313 3814 ﬁdelium,
2348 3746 2584 3807 maxime
2611 3745 2964 3805 clericorum,

349 3962 3615 3991 mm“

554 4168 1115 4262 DECRETA
1188 4172 1360 4261 EX
1433 4171 2027 4269 EPISTOLIS
2102 4174 2192 4265 S.
2272 4171 2671 4262 ZOSIMI
2746 4170 3427 4255 EXCERPTA.

1522 4361 1619 4425 (Ex
1642 4359 1762 4414 Coll.
1786 4358 1968 4412 Concil.
1994 4356 2290 4408 Mausitom.
2315 4356 2421 4419 ιν.)

335 4767 649 4841 Αροεεοιὶοω
673 4763 809 4827 sedis
850 4764 1135 4825 auctoritas
1158 4771 1351 4832 contra
1384 4772 1693 4826 sanctorum
1736 4770 1932 4821 statuta
1956 4746 2012 4809 Ι)

743 4858 944 4931 aliquid
967 4858 1243 4917 concedere
1261 4873 1368 4919 non
1383 4858 1537 4916 valet.

943 4990 1042 5056 (Ex
1066 4990 1337 5055 Gratiano.)

410 5124 612 5183 Contra
664 5132 864 5181 statuta
913 5123 1137 5181 Patrum
1190 5127 1491 5189 concedere
1545 5127 1754 5198 aliquid
1788 5171 1804 5195 ,
1850 5127 1936 5185 vel

342 5229 593 5286 mutare,
626 5233 727 5274 nec
756 5217 920 5290 hujus
955 5218 1179 5291 quidem
1208 5220 1352 5276 sedis
1382 5230 1563 5292 potest
1606 5220 1931 5278 auctoritas.

340 5311 498 5382 Apud
531 5326 630 5367 nos
662 5311 811 5366 enim
841 5310 895 5369 in
923 5311 1201 5368 convulsis
1233 5311 1510 5369 radicibus
1536 5312 1668 5366 vivit
1694 5312 1935 5384 antiqui-

339 5414 424 5460 tas
449 5446 464 5472 ,
495 5405 581 5468 cui
613 5405 835 5469 decreta
861 5403 1088 5462 Patrum
1127 5420 1361 5469 sanxere
1391 5406 1786 5462 reverentiam.

560 5558 634 5602 El
671 5561 929 5604 ειηετοιΑ
966 5562 1037 5602 ΑΙ)
1064 5562 1365 5604 ηεεγϐιιιωι
1402 5560 1710 5603 ειηδεορῠιί.

914 5660 1088 5725 (Mansi
1114 5667 1227 5712 tom.
1252 5659 1361 5726 IV.)

417 5859 473 5917 Si
504 5872 612 5919 non
633 5857 801 5917 fuerit
823 5856 1015 5916 doctus
1042 5859 1479 5933 Scripturasnon
1498 5856 1587 5912 ﬁat
1610 5859 1925 5935 cpiscOpus.

2807 4737 2875 4795 II.

2114 4835 2215 4909 Qui
2236 4832 2565 4895 ordinaverlt
2587 4847 2696 4893 non
2715 4831 2937 4891 doctum
2960 4835 3283 4907 episcopum
3302 4832 3634 4906 deponatur.

2799 4927 2890 4984 III.

2113 5028 2174 5086 Si
2216 5026 2286 5082 de
2326 5025 2556 5083 infantia
2606 5035 2800 5081 tonsus
2848 5025 3010 5082 fuerit
3041 5041 3109 5081 xx
3142 5040 3412 5082 annorum
3445 5069 3457 5094 ,
3505 5039 3636 5096 pro-

2040 5130 2347 5178 moveatur.

2804 5212 2892 5268 IV.

2116 5307 2316 5362 Lector
2343 5307 2617 5367 exorcism
2650 5307 2796 5362 intra
2828 5324 2860 5360 v
2890 5322 3098 5377 annos,
3132 5310 3385 5381 acolytus
3415 5283 3638 5362 eosub-

2044 5400 2305 5456 diaconus
2335 5416 2392 5455 ιιι
2426 5400 2536 5456 sint
2564 5441 2579 5467 ,
2614 5399 2884 5455 diaconus
2911 5419 2943 5458 v
2970 5418 3167 5458 annos.

2819 5493 2881 5550 ν.

2115 5584 2263 5642 Ordo
2291 5585 2477 5642 clerici
2508 5605 2519 5641 :
2549 5585 2725 5642 lector
2751 5628 2767 5656 ,
2822 5588 3100 5645 exorcista
3124 5628 3140 5657 ,
3177 5586 3423 5658 acolytus
3449 5628 3464 5653 ,
3512 5587 3641 5642 sub-

2045 5677 2336 5746 diaconus,
2375 5678 2664 5752 presbyter
2681 5721 2697 5751 ,
2724 5680 3039 5753 episcopus.

2822 5771 2910 5829 VI.

2113 5865 2369 5941 Bigamus
2393 5866 2485 5924 vel
2522 5868 2873 5941 prenitensin
2897 5867 3052 5925 clero
3091 5882 3200 5925 non
3237 5865 3553 5942 recipiatur.
