4122 6346
489 262 598 322 703

1665 274 2006 333 PAULINUS
2049 277 2624 337 MEDIOIANENSIS.

3694 285 3799 341 τοι

491 386 3782 418 .._________________________________________________________

968 535 1528 625 EPISTOLA
1579 540 1671 623 S.
1729 542 2177 627 ZOSIMO
2231 540 2557 629 PAPfE
2613 547 3331 638 ATTRIBUTA.

1464 702 1546 767 (D.
1574 702 1741 756 Const.
1766 704 1990 769 Append.
2018 707 2079 757 ad
2101 714 2218 757 tom.
2247 706 2269 757 Ι
2291 706 2442 771 Epist.
2468 707 2611 760 Rom.
2639 707 2845 774 Pontif.)

1977 833 2290 849 ——‘

927 948 1249 1007 CENSURA
1286 949 1666 1007 EPISTOLE.

498 1102 506 1111 ,
574 1041 723 1099 Hanc
750 1043 960 1111 primus
988 1043 1228 1099 Joannes
1265 1059 1294 1098 a
1326 1044 1504 1100 Bosco
1534 1045 1600 1099 ad
1630 1046 1834 1101 calcem
1879 1045 2082 1100 Biblio—

502 1112 678 1188 theca:
703 1112 1083 1188 ‘Floriacensis
1118 1116 1377 1185 vulgavit.
1434 1118 1619 1172 l’lacet
1666 1118 1882 1187 quidem
1929 1130 2089 1188 atque

504 1185 885 1259 antiquitatem
909 1188 1168 1259 redolere
1197 1188 1410 1243 videtur
1440 1188 1557 1257 ejus
1585 1185 1927 1259 simplicitas.
1984 1185 2088 1244 Sed

503 1256 680 1313 eidem
711 1256 1023 1329 antiquitati
1066 1261 1299 1327 primum
1336 1256 1662 1315 adversatur
1685 1256 2004 1330 usurpatum
2037 1263 2088 1315 in

504 1330 677 1399 ipsius
725 1330 1081 1402 inscriptione
1128 1331 1500 1402 archiepiscopi
1549 1332 1893 1386 vocabulum.
1952 1332 2087 1387 Tum

504 1413 715 1463 eorum,
748 1416 869 1471 qua:
898 1402 950 1471 in
974 1401 1162 1457 eadem
1183 1401 1525 1465 asseruntur.
1558 1402 1846 1457 falsitatem
1869 1405 2096 1457 convin-

506 1479 642 1528 cunt
690 1472 861 1596 ipsius
892 1470 1096 1527 Zosimi
1128 1474 1375 1544 cpistolre
1413 1477 1446 1528 5
1486 1485 1539 1527 et
1570 1474 1625 1539 ϐ,
1677 1493 1695 1526 ι
1727 1475 1866 1529 datae
1894 1490 1951 1530 ιιι
1979 1475 2091 1530 kal.

513 1562 533 1595 ι
566 1543 704 1596 Octo
744 1543 820 1596 ris
845 1542 1086 1596 Honorio
1108 1560 1233 1596 auc.
1268 1561 1319 1596 χι
1347 1553 1400 1596 et
1424 1546 1737 1596 Constantio
1768 1562 1800 1596 ιι
1829 1561 2034 1596 conss-
2068 1565 2086 1596 ι

513 1562 533 1595 ι
566 1542 820 1599 Octobris
845 1542 1086 1600 Honorio
1108 1542 1233 1615 aug.
1268 1561 1320 1599 χι
1347 1553 1400 1601 et
1424 1546 1737 1599 Constantio
1768 1562 1800 1600 ιι
1829 1561 2035 1611 conss,
2068 1565 2086 1598 ι

510 1615 576 1687 in_
605 1629 849 1687 quarum_
878 1616 1050 1684 prima
1089 1615 1340 1671 Zosiinns
1388 1617 1740 1673 vehementer
1784 1618 2095 1687 indignatur

510 1684 796 1759 adversus
821 1685 1110 1742 Proculum
1165 1687 1575 1759 Massiliensem,
1622 1688 1762 1759 quod
1808 1698 1862 1744 ct
1896 1684 2009 1758 ipse
2042 1690 2091 1743 in

512 1760 725 1829 synodo
753 1756 1076 1813 Taurinensi
1108 1758 1516 1829 subripiendum
1549 1756 1602 1813 id
1627 1756 1855 1829 putavit,
1887 1756 1943 1814 ut
1983 1760 2097 1815 haec

515 1830 759 1900 synodus
786 1829 888 1882 sibi
912 1839 1203 1899 praestaret
1227 1830 1648 1885 ordinandoruni
1676 1830 1730 1885 in
1758 1832 2096 1888 Narbonensi

516 1901 756 1955 secunda
789 1902 1066 1970 provincia
1098 1902 1443 1957 sacerdotum
1473 1911 1821 1971 poteSIatem,
1853 1917 1905 1959 et
1958 1922 1978 1956 ι
2004 1921 2095 1957 so-

515 1971 660 2027 cium
695 1971 799 2026 sibi
842 1972 1178 2042 Simplicium
1223 1971 1554 2028 Viennensis
1592 1975 1835 2029 civitatis
1874 1975 2099 2037 ascivit.

514 2042 607 2112 qui
656 2057 762 2096 non
812 2042 1062 2115 dissimili
1115 2044 1453 2114 impudentia
1505 2045 1840 2115 postularet,
1890 2057 1949 2100 ut
2000 2047 2103 2102 sibi

514 2127 733 2185 quoque
757 2114 1118 2185 creandorum
1147 2116 1497 2171 sacerdotum
1529 2116 1937 2185 permitteretur
1963 2118 2106 2173 arbi-

514 2181 701 2261 trium.
733 2204 753 2237 ι
802 2181 1107 2261 D_einde__ut
1155 2187 1212 2240 id
1245 2190 1340 2261 jus
1409 2207 1428 2241 ι
1457 2181 1753 2261 inviolabili
1791 2192 1842 2244 in
1880 2199 2107 2259 utraque

515 2254 857 2330 Narbonensi
906 2268 963 2313 et
1002 2254 1296 2313 Viennensi
1326 2259 1653 2315 auctoritate
1678 2262 1955 2330 possideat
1994 2254 2105 2316 me-

515 2328 879 2403 tropolitanus
908 2330 1267 2403 Arelatensis
1311 2332 1551 2387 civitatis
1590 2328 1900 2403 episcopus,
1926 2351 1946 2386 ι
1977 2347 2106 2387 con-

514 2398 726 2464 Stituit;
777 2401 921 2467 quod
952 2412 1006 2457 et
1032 2405 1193 2471 epist.
1238 2402 1271 2457 6
1298 2398 1725 2458 contirmathn
1756 2398 2110 2471 sententiam,

513 2485 677 2545 quani
708 2487 738 2525 a
771 2484 831 2526 se
877 2489 896 2523 ι
926 2488 1217 2527 numerosa
1255 2476 1569 2544 cognitione
1601 2492 1621 2526 ι
1674 2476 1954 2545 prannissa
1986 2492 2108 2545 pro-

514 2542 837 2615 nuntiatam,
852 2550 1108 2613 testatur,
1138 2542 1347 2615 quarto‘
1365 2556 1490 2615 post
1518 2546 1607 2599 die
1649 2542 1888 2601 mutasse
1932 2542 2115 2602 dict-n-

515 2612 619 2667 dus
649 2613 771 2667 est?
809 2612 1185 2684 Suspicionem
1219 2612 1531 2685 litijiismodi
1558 2625 1665 2670 tam
1695 2633 1723 2669 a
1753 2633 1884 2672 vero
1909 2620 2113 2672 abhor-

519 2695 727 2758 reutem
751 2686 961 2758 admitti
984 2701 1205 2755 prorsus
1229 2704 1333 2740 non
1360 2694 1544 2742 sinunt
1565 2688 1808 2755 ejusdem
1844 2690 2117 2758 pontiﬁcis

515 2754 763 2825 epistola:
806 2756 878 2832 19
916 2754 1100 2823 et’li,
1137 2758 1314 2813 Martii
1344 2758 1378 2812 5
1402 2759 1497 2832 die
1530 2754 1659 2813 anni
1689 2759 1798 2815 M8
1833 2754 2115 2832 censigna-

521 2832 612 2891 tte,
652 2842 718 2880 ex
768 2827 963 2898 quibus
1010 2844 1132 2884 eum
1182 2832 1236 2883 iii
1271 2831 1523 2897 prardicta
1559 2835 1829 2885 sententia
1861 2827 2117 2888 cominu-

516 2906 625 2969 tem
674 2898 838 2953 fuisse
885 2899 1224 2969 exploratum
1248 2909 1350 2956 est.
1395 2903 1471 2956 Et)
1506 2912 1685 2956 autem
1719 2902 1954 2958 ﬁrmiora
1988 2916 2115 2958 sunt

517 2968 651 3046 ista_
671 2970 925 3046 falsitatis
958 2968 1202 3046 episto_l:e
1233 2972 1397 3041 hujus
1423 2982 1772 3044 argumenta,
1815 2978 1959 3046 quod
1993 2979 2114 3044 ejus

515 3038 712 3118 artifex
755 3038 1062 3118 litterarum
1118 3038 1319 3098 Zosimi
1369 3048 1426 3099 in
1481 3038 2111 3118 Arelatensisiepiscopi

515 3114 747 3189 gratiam
773 3115 1106 3189 scriptarum
1136 3120 1427 3173 veritatem
1456 3128 1716 3189 agnoscat
1746 3118 1883 3189 ipse,
1909 3114 1981 3175 ac
2015 3114 2113 3189 ltro

516 3194 670 3239 certo
701 3182 921 3240 habeat.

2130 962 2179 1020 Α
2279 951 2372 1007 AD
2412 949 2810 1007 SlMPLlClUM
2853 950 3296 1009 VIENNENSEM
3341 953 3732 1012 EPISCOPUM

2196 1135 2263 1191 Ut
2292 1135 2566 1189 viciniores
2592 1135 2731 1189 intra
2761 1135 3083 1206 provinciam
3107 1136 3367 1202 civitates,
3398 1138 3564 1192 donec
3592 1154 3673 1192 res
3700 1139 3806 1209 ple-

2270 1230 2388 1283 nius
2414 1228 2732 1296 excutiatur,
2774 1229 2872 1283 sibi
2901 1227 3152 1284 vindicet.
3196 1227 3464 1283 Lazarum
3505 1231 3806 1285 dainnatum

2267 1338 2396 1377 8888.

2292 1524 2527 1581 Zosnws
2556 1527 2858 1598 episcopus
2886 1524 3499 1596 SturLICtoﬂiennensi
3530 1525 3709 1581 archi—

2713 1619 2969 1691 episcopo
3000 1620 3254 1675 salutem.

2280 1798 2601 1854 lievelatum
2634 1798 2795 1853 nobis
2825 1808 2944 1866 est,
2972 1799 3211 1871 qualiter
3237 1800 3291 1854 in
3314 1799 3648 1855 'l’aurincnsi
3680 1813 3812 1872 syn-

2204 1892 2318 1946 odo
2367 1906 2565 1947 causas
2613 1900 2723 1947 tuae
2767 1892 3076 1949 diteceseos
3118 1905 3453 1965 prosecutus
3500 1894 3693 1949 fueris.
3747 1893 3813 1948 Et

2206 1984 2339 2040 licet
2387 1986 2700 2039 Arelatensi
2749 1987 3038 2055 episeopo,
3093 2000 3389 2057 antequam
3439 1988 3656 2056 legatus
3693 1995 3815 2041 tuus

2208 2078 2496 2143 venisset,
2526 2086 2749 2148 propter
2776 2079 3152 2133 reverentiam
3182 2079 3358 2133 sancti
3384 2077 3701 2148 'l‘rophimi,
3726 2078 3817 2147 jus

2215 2179 2270 2225 ct
2298 2170 2649 2242 pontificium
2694 2186 2863 2242 super
2912 2181 3026 2227 tres
3058 2170 3372 2241 provincias
3401 2171 3612 2227 habere
3642 2171 3819 2241 srrip-

2215 2265 2498 2319 seriinus:
2576 2272 2758 2320 tamen
2808 2264 2855 2320 si
2901 2265 2974 2319 ita
3024 2275 3127 2331 est,
3183 2276 3240 2320 ut
3273 2266 3482 2336 scripta
3518 2276 3610 2320 tua
3653 2266 3815 2320 nobis

2145 2365 2194 2426 Β
2223 2359 2387 2412 missa
2421 2358 2734 2425 continent,
2770 2358 2990 2413 interim
3020 2374 3193 2428 usque
3223 2357 3351 2412 dum
3381 2355 3618 2412 lucidius
3648 2357 3821 2412 venti-

2218 2452 2392 2521 letur,L
2458 2460 2788 2520 potestatein
2844 2451 3124 2520 antiquam
3158 2449 3256 2504 tibi
3293 2465 3521 2504 manere
3555 2448 3822 2520 permitti-

2218 2557 2342 2597 mus
2369 2558 2382 2595 :
2413 2551 2470 2596 ut
2491 2543 2633 2597 sicut
2665 2543 2717 2597 in
2750 2541 3078 2597 'l‘aurincnsi
3123 2543 3577 2612 gravissimorum
3608 2544 3825 2613 cpisco-

2220 2650 2410 2706 poruni
2461 2635 2699 2706 synodo,
2754 2637 2905 2705 pacis
2944 2637 3184 2691 consilio
3218 2636 3505 2693 decretum
3546 2648 3656 2705 est,
3692 2639 3849 2705 vici-_
3920 2664 3924 2668 -

2221 2729 2407 2783 niores
2438 2729 2533 2783 tibi
2565 2729 2706 2782 intra
2750 2728 3095 2799 provinciam
3139 2728 3391 2784 civitates
3420 2728 3689 2793 vindices,
3720 2729 3819 2786 do-

2222 2836 2326 2875 nec
2375 2821 2592 2891 plenius
2626 2822 2704 2876 rei
2737 2821 2991 2877 ordinem
3022 2820 3265 2876 cliaritas
3294 2821 3597 2891 apostolica
3631 2838 3818 2891 prose-

2218 2925 2438 2985 quatur.
2469 2914 2735 2968 Lazarum
2780 2914 3021 2970 indebite
3048 2915 3368 2984 episcopum
3417 2916 3825 2971 criminatorem

2217 3009 2404 3065 fratris
2443 3009 2799 3077 ordinatum,
2858 3011 3003 3063 scias
3055 3017 3245 3063 uestro
3288 3010 3500 3079 judicio
3561 3024 3682 3064 esse
3721 3010 3817 3065 da-

2218 3110 2485 3155 mnatum.
2534 3100 2662 3155 Data
2706 3101 2807 3155 sub
2856 3100 2944 3154 die
2982 3099 3197 3155 kalend.
3240 3100 3498 3157 Octobris
3554 3098 3826 3171 (0ctob.t

2215 3210 2339 3247 ann.
2367 3192 2518 3266 417),
2566 3193 2811 3249 Honorio
2843 3209 2898 3248 χι
2921 3205 2974 3248 et
3001 3194 3323 3249 Constantio
3353 3196 3695 3252 consulibus.

2468 3340 3139 3349 __.___..___.-
3438 3338 3626 3347 ._.___.

1763 3501 1929 3545 ANNO
1972 3499 2208 3544 DOMINI
2252 3499 2600 3546 CCCCXVIII.

524 3647 1697 3813 PAULINUS
1814 3651 3817 3815 MEDIOLANENSIS.

1733 3905 2016 3971 ;(Bib|ioth.
2044 3906 2157 3958 Yet.
2184 3907 2322 3958 Patr.
2341 3914 2459 3958 tom.
2490 3905 2596 3969 lx.)

1982 4040 2378 4056 ψ’·

1718 4179 2374 4270 PROLEGOM
2386 4179 2652 4264 ENA.

591 4486 941 4544 i.Paulinum
956 4483 1640 4558 quisanctiAmbrosiires
1654 4481 1921 4553 praeclare
1934 4490 2122 4552 gestas
2151 4483 2196 4546 C
2229 4497 2431 4553 paucos
2457 4499 2589 4540 vero
2621 4483 2740 4541 dies
2765 4499 2925 4556 quam
2955 4484 3155 4540 lectulo
3180 4485 3537 4543 decumberet
3567 4486 3822 4557 (Ambro-

513 4580 714 4637 littetis
744 4580 1083 4650 consignavit
1113 4620 1128 4643 ,
1160 4578 1321 4647 longe
1350 4574 1514 4630 alium
1560 4590 1590 4627 a
1624 4573 1857 4629 Paulino
1890 4574 2108 4642 episco-

521 4690 592 4746 po
641 4674 848 4730 Nolano
871 4671 1084 4735 fuisse,
1142 4667 1591 4724 manifestissime
1644 4667 1829 4721 docuit
1889 4682 2123 4737 magnus

525 4766 891 4835 Baronius(a)
921 4805 934 4828 ,
966 4777 1126 4818 secus
1147 4772 1311 4831 atque
1340 4759 1586 4815 nonnulli
1620 4771 1805 4831 postea
1839 4759 2123 4814 exiSIima-

525 4874 676 4917 runt.
730 4859 868 4914 Eum
898 4873 1031 4914 vero
1065 4856 1233 4912 fuisse
1278 4855 1708 4911 Mediolanensis
1737 4854 1986 4911 ecclesim
2015 4857 2127 4912 cle-

529 4958 735 5019 ricum,
785 4962 841 5006 et
888 4951 1107 5021 quidem
1161 4950 1439 5007 inferioris
1487 4950 1730 5013 ordinis,
1765 4967 1832 5004 ex
1888 4951 2125 5020 ipsemet

529 5045 805 5116 scriptore
849 5044 1206 5115 intelligimus
1230 5044 1345 5117 (b);
1376 5044 1685 5114 quippequi
1715 5044 1808 5097 sub
1838 5042 1978 5098 Casii
2002 5044 2121 5097 dia-

534 5142 654 5197 coni
705 5157 831 5194 cura
858 5141 1118 5212 degerat:
1163 5139 1619 5209 quemadomdnm
1646 5131 1989 5209 'Majorions,
2040 5140 2129 5209 qui

528 5236 687 5290 lector
707 5233 763 5287 in
788 5232 1030 5288 diaconio
1057 5230 1329 5287 Caeciliani
1353 5235 1557 5303 fuerat,
1582 5242 1636 5285 iit
1661 5232 1857 5286 scribit
1896 5232 2129 5301 Optatos

526 5326 625 5401 (c).
652 5328 771 5395 Quo
796 5325 1016 5397 quidem
1053 5326 1104 5379 in
1149 5340 1409 5388 munere.
1441 5325 1509 5379 ad
1536 5325 1746 5379 obitum
1779 5340 1953 5394 u-que
1984 5324 2128 5379 beati

525 5419 789 5475 antistitis
814 5419 903 5473 cui
931 5427 1051 5473 erat
1099 5434 1128 5472 a
1161 5432 1359 5483 manu,
1399 5417 1576 5487 ipsum
1612 5420 1982 5486 permansisse
2013 5460 2027 5483 ,
2064 5433 2128 5470 ex

525 5512 721 5570 eodem
752 5519 1094 5586 compertum
1142 5510 1428 5566 habemus.
1463 5509 1551 5565 Ait
1591 5509 1737 5566 enim
1773 5509 1885 5583 (d):
1923 5528 1941 5562 ι
1980 5509 2122 5566 Ante

602 5722 681 5861 (αἶ
721 5720 925 5803 Baron.
958 5719 1026 5776 ad
1068 5735 1196 5776 ann.
1231 5718 1372 5791 397,
1400 5717 1429 5790 ᾗ
1457 5717 1549 5774 46.

604 5794 654 5861 (lt
715 5788 929 5847 Pattltu.
967 5790 1067 5847 Vit.
1104 5794 1159 5846 S.
1184 5788 1438 5845 Ambros.
1471 5828 1484 5857 ,
1521 5786 1547 5857 ﬁ

604 5786 678 5861 (tt)
715 5788 929 5847 Patlliu.
967 5790 1067 5847 Vit.
1104 5794 1159 5846 S.
1184 5786 1438 5845 Attiltros.
1471 5828 1484 5857 ,
1521 5786 1547 5857 ﬁ
1581 5787 1668 5844 Η

2231 4574 2407 4645 sius),
2437 4591 2559 4630 cum
2608 4576 3088 4648 quadragesimum
3141 4580 3366 4634 tertium
3397 4579 3671 4649 psalmum
3714 4580 3819 4636 dic-

2233 4678 2366 4725 taret
2395 4711 2410 4736 ,
2441 4686 2523 4723 me
2549 4680 2598 4724 et
2619 4672 2911 4741 excipiente
2949 4680 3001 4726 et
3029 4672 3233 4727 ridente
3258 4714 3272 4737 ,
3303 4672 3484 4727 subito
3517 4673 3568 4726 in
3595 4672 3813 4729 modum

2229 4763 2369 4817 sculi
2393 4763 2572 4819 brevis
2590 4804 2606 4830 ,
2641 4763 2778 4835 ignis
2797 4774 2961 4835 caput
2978 4764 3096 4835 ejus
3116 4765 3402 4834 coepernit
3427 4808 3442 4830 ,
3473 4774 3638 4836 atque
3687 4780 3814 4836 pau-

2228 4855 2377 4913 latim
2414 4872 2510 4926 per
2553 4873 2615 4912 os
2666 4859 2837 4927 ipsius
2886 4867 3156 4927 tamquam
3206 4859 3260 4912 in
3292 4857 3515 4912 domttm
3552 4858 3818 4914 habitator

2231 4951 2507 5020 ingressui
2540 4961 2662 5004 est:
2697 4958 2821 5019 post
2847 4950 2993 5020 quod
3039 4952 3176 5005 facta
3208 4961 3293 5006 est
3339 4951 3507 5006 facies
3537 4952 3654 5022 ejus
3687 4953 3819 5007 sicut

2228 5043 2319 5098 nix
2349 5084 2363 5109 ,
2395 5052 2451 5096 ct
2482 5051 2663 5112 postea
2715 5059 2969 5101 reversus
3016 5055 3100 5099 est
3130 5045 3313 5100 vultus
3344 5046 3462 5115 ejus
3491 5046 3555 5100 ad
3590 5047 3818 5117 spccicm

2229 5151 2400 5190 suam.
2428 5135 2582 5203 Quod
2625 5152 2747 5190 cum
2780 5137 2963 5205 fieret,
2996 5147 3219 5206 stupore
3248 5139 3528 5209 perculsus
3571 5140 3816 5210 obrigui,

2227 5245 2333 5284 nec
2382 5230 2533 5295 potui
2564 5229 2787 5283 scribere
2814 5245 2930 5301 qum
2959 5230 3021 5283 ab
3053 5230 3148 5283 illo
3170 5228 3499 5295 dicebantur,
3535 5233 3641 5286 nisi
3675 5240 3820 5301 post-

2231 5337 2294 5377 ea
2324 5338 2483 5391 quain
2530 5322 2670 5374 visio
2715 5320 2829 5389 ipsa
2878 5320 3168 5375 transivit:
3202 5322 3421 5376 dicebat
3473 5325 3623 5379 enim
3670 5326 3722 5377 in
3765 5336 3823 5375 eo

2235 5425 2482 5486 tempore
2523 5415 2894 5469 testimonium
2944 5414 3243 5478 Scriptura:
3273 5414 3472 5470 divinm
3502 5458 3515 5476 .
3545 5416 3690 5487 quod
3728 5429 3822 5485 ego

2234 5511 2440 5580 optime
2470 5509 2799 5565 retinebam.
2849 5507 2984 5564 Nam
3033 5507 3293 5563 scribendi
3338 5510 3417 5564 vel
3443 5508 3674 5565 dictandi
3718 5510 3819 5580 ipso

2320 5713 2393 5785 (ε)
2432 5714 2620 5786 Optat.
2664 5714 2734 5786 de
2759 5714 2994 5772 Schism.
3026 5714 3223 5770 Donat.
3262 5714 3359 5773 lib.
3388 5714 3448 5779 l.
3479 5730 3600 5786 cap.
3635 5716 3720 5773 l9.

2429 5783 2639 5839 piiuniit
2674 5784 2710 5837 1.
2743 5801 2790 5839 Ci
