4122 6346
261 263 364 324 7οἳ
1653 264 1893 323 I’ROLEl

1995 263 2183 321 IENA.
3469 267 3579 325 700

261 377 344 430 die
372 380 531 446 finem
562 379 706 448 fecit.
749 419 761 430 .
802 419 811 430 .
851 419 862 430 .
896 381 1010 449 Ego
1043 394 1171 434 vero
1219 379 1270 433 id
1315 380 1462 452 quod
1505 396 1535 435 a
1578 397 1665 436 me
1694 383 1868 436 visum
1899 389 1952 446 Α
1981 383 2177 452 quibus
2219 396 2352 451 ergo
2397 379 2718 446 coniicitur,
2751 393 2854 432 non
2889 393 2996 433 uno
3027 389 3214 436 tenore
3242 422 3256 446 ,
3293 382 3387 438 sed
3415 383 3582 437 alter-

261 468 472 534 ltterat,
502 470 800 526 honorabili
828 473 936 527 viro
983 473 1136 529 Casta
1187 473 1406 528 diacono
1435 473 1529 528 sub
1561 478 1713 548 cujus
1743 493 1868 530 cura

259 561 506 632 degebam
529 605 542 626 ,
575 567 757 619 statim
794 566 976 621 retuli.
1043 584 1062 618 ι
1119 565 1247 621 Haec
1279 568 1391 622 ille.
1425 568 1696 638 Deinceps
1738 585 1870 624 vero

261 653 590 711 diaconatus
651 659 901 713 ordinem
947 660 1262 729 suscepisse
1294 659 1584 716 Paulinum
1615 703 1630 725 ,
1664 677 1731 718 ex
1761 664 1872 716 Au-

259 750 476 821 gustino
507 750 586 822 (a)
615 763 671 808 et
714 753 884 809 Mario
927 754 1231 810 Mercatore
1255 753 1330 824 (ὁ)
1362 755 1676 822 erudimur;
1707 771 1870 825 quem

259 841 526 899 videlicet
564 859 630 900 eo
679 846 735 900 in
783 847 954 916 gradu
1001 847 1263 904 adversus
1294 847 1609 904 Coelestium
1664 848 1871 919 Pelagii

263 933 652 994 haeresiarchas
675 941 941 1007 collegam
967 950 1185 998 strenue
1208 943 1578 998 insurrexisse
1601 943 1867 1012 produnt:

263 1037 321 1083 ut
350 1041 650 1100 propterea
685 1034 871 1089 minus
903 1045 1056 1090 recte
1081 1036 1333 1090 nonnulli
1365 1036 1729 1090 existimarint
1755 1034 1829 1106 (c)
1859 1077 1872 1097 ,

263 1124 559 1180 diaconum
608 1125 779 1183 fuisse
829 1129 1104 1185 Ambrosii
1151 1130 1582 1187 Mediolanensis
1633 1130 1875 1200 episcopi

1975 479 2140 530 natim
2169 491 2282 530 rem
2323 475 2597 545 peregisse
2625 472 2932 530 Paulinum.
2959 473 3226 530 Nimirum
3254 477 3575 545 opusculum

1976 566 2120 621 istud
2153 568 2409 621 hortante
2433 565 2738 638 Augustino
2761 567 2959 622 litteris
2983 567 3200 623 tradere
3219 572 3447 637 coeperit
3467 570 3581 626 Me-

1972 662 2210 728 diolani;
2241 661 2385 732 quod
2417 662 2540 717 aliis
2559 663 2706 718 curis
2733 662 3252 732 supervenientibus
3302 664 3583 720 intermis-

1975 769 2130 818 sum,
2167 755 2219 809 iu
2245 754 2430 809 Africa
2476 763 2666 825 postea
2701 755 2905 824 degens
2950 755 3269 812 absolverit.
3295 755 3426 824 Qua:
3452 754 3581 826 qui-

1976 846 2102 902 dem
2135 848 2374 916 ipsemet
2400 848 2578 919 palam
2611 848 2895 920 professus
2923 865 3046 906 esse
3083 849 3427 920 perhibetur.
3459 851 3590 908 Haec

1978 942 2127 993 enim
2159 939 2322 995 habet
2351 939 2428 1010 (Ic)
2459 959 2470 994 :
2503 941 2617 996 Nos
2645 952 2815 996 tamen
2841 959 2899 997 ea
2929 939 3128 1014 (gesta)
3159 943 3464 1001 MEDIOLANI
3489 960 3583 1002 ro-

1978 1047 2116 1097 sm,
2139 1033 2254 1103 ipso
2303 1032 2594 1088 Mascezele
2643 1036 2918 1105 referente,
2949 1038 3287 1110 cognovimus
3317 1054 3337 1092 :
3370 1054 3492 1093 nam
3531 1045 3580 1092 et

1981 1138 2033 1177 IN
2065 1140 2167 1178 IIAC
2215 1139 2505 1182 PROVINCIA
2537 1143 2588 1182 IN
2617 1143 2720 1193 QUA
2751 1144 2888 1184 NUNC
2916 1143 3088 1186 POSITI
3114 1146 3234 1186 HEC
3261 1146 3542 1188 SCBIBIIUS
3564 1175 3582 1200 ,

266 1220 523 1276 eumdem
581 1221 869 1277 Paulinum
908 1241 919 1276 :
972 1239 1095 1280 cum
1148 1234 1407 1287 constet,
1445 1241 1567 1280 eum
1601 1225 1877 1279 moriente

265 1312 561 1367 Ambrosio
587 1314 817 1368 minoris
839 1313 1020 1369 adhuc
1041 1315 1252 1370 ordinis
1273 1316 1532 1370 clericum
1565 1313 1874 1382 exstitisse,

269 1414 327 1458 ut
375 1403 542 1457 modo
594 1405 886 1474 ipsummet
934 1415 1216 1462 auctorem
1264 1419 1613 1461 enarrantem
1665 1405 1881 1461 audivi-

271 1515 414 1554 mus.
455 1500 686 1570 Decepti
717 1502 972 1556 nimirum
1005 1503 1154 1559 fuere
1179 1503 1281 1557 viri
1309 1503 1612 1557 doctissimi
1643 1485 1881 1558 auctori-

273 1599 383 1645 tate
415 1589 572 1645 Marii
598 1591 918 1646 Mercatoris
947 1636 960 1660 ,
997 1593 1091 1662 qui
1123 1609 1322 1663 parum
1377 1605 1534 1647 caute
1583 1593 1717 1648 illud
1769 1603 1884 1647 tra-

272 1682 405 1738 didit
436 1683 520 1753 (ά)
550 1701 563 1749 ;
599 1684 694 1736 sed
729 1700 795 1738 eo
829 1685 1149 1754 prudentior
1180 1686 1545 1755 Augustinus,
1577 1686 1668 1754 qui
1698 1685 1883 1740 Pauli-

1981 1218 2220 1289 plurimis
2247 1218 2345 1273 hoc
2375 1221 2549 1292 ipsum
2574 1222 2750 1276 retulit
2789 1221 3190 1292 sacerdotibus;
3216 1224 3400 1292 quibus
3428 1228 3586 1280 etiam

1981 1311 2320 1380 referentibus
2339 1358 2352 1379 ,
2378 1313 2608 1368 securius
2656 1313 2767 1368 Itwc
2816 1316 2965 1370 nobis
2993 1317 3202 1390 coquita
3224 1357 3239 1382 ,
3278 1334 3402 1376 untc
3431 1334 3590 1376 LIBBO

1986 1419 2284 1459 auruncum:
2337 1406 2578 1460 arbitrati
2623 1423 2826 1460 sumus.
2883 1407 3196 1480 lterumque
3246 1411 3594 1469 manifestius

1984 1495 2162 1550 adhuc
2193 1495 2296 1549 sub
2325 1497 2490 1550 linem
2523 1496 2586 1569 (ι)
2615 1515 2627 1553 :
2662 1515 2712 1553 IN
2745 1514 2893 1555 nunc
2919 1512 3091 1556 ΕτιΑκ
3119 1503 3594 1575 CARTEAGINIENSI,

1986 1588 2202 1657 inquit,
2261 1606 2379 1643 cum
2429 1590 2572 1660 apud
2624 1590 2983 1648 Fortunatam
3035 1595 3319 1652 diaconum
3377 1600 3594 1670 fratrem

1987 1681 2291 1737 venerabilis
2313 1683 2412 1736 viri
2460 1684 2657 1739 Aurelii
2682 1685 2907 1757 episcOpi
2935 1729 2949 1753 ,
2983 1704 3052 1743 AD
3073 1704 3369 1746 coavmuu
3397 1707 3602 1749 convn-

276 1793 401 1831 num
437 1776 731 1832 Mediolani
785 1779 954 1845 probe
1011 1789 1279 1846 noverat,
1328 1779 1534 1849 quique
1585 1789 1879 1850 pr0pterea
1912 1781 1960 1840 B
1988 1791 2174 1831 NlSSEM
2203 1794 2310 1830 una
2339 1793 2460 1831 cum
2495 1776 2771 1834 Vincentio
2812 1779 3145 1836 Colossitano
3171 1785 3448 1857 episcOpo,
3477 1786 3604 1842 Mu-

275 1871 572 1927 diaconum
594 1872 860 1942 quidem,
913 1873 1008 1927 sed
1062 1889 1328 1943 nusquam
1378 1874 1652 1929 Ambrosii
1703 1874 1888 1929 diaco-

279 1981 404 2019 num
439 1980 564 2019 enm
611 1965 932 2034 appellavit.
970 1965 1154 2037 Neque
1204 1966 1368 2020 aliter
1411 1980 1542 2022 sane
1591 1966 1885 2020 Annalium

277 2059 789 2116 ecclesiasticornm
815 2059 1044 2128 Parens,
1067 2059 1159 2128 qui
1187 2059 1472 2114 Paulinum
1494 2071 1705 2114 auctum
1723 2071 1886 2115 905T-

275 2171 345 2211 EA
390 2156 675 2209 rliaconatu
703 2155 894 2210 scribit
931 2153 1021 2226 (e).
1067 2154 1240 2209 Porro
1276 2155 1602 2223 scriptorem
1638 2162 1889 2208 nostrum

277 2247 617 2320 presbyterii
643 2250 854 2302 honore
883 2247 1052 2302 fuisse
1079 2257 1340 2318 praeterea
1368 2246 1650 2318 diguatum
1680 2261 1890 2302 memo-

280 2341 377 2396 ria:
427 2340 670 2411 prodidit
701 2340 941 2396 Isidorus
995 2340 1337 2411 Ilispalensis
1367 2341 1480 2413 (f):
1525 2341 1673 2412 quod
1709 2351 1888 2396 tamen

281 2434 426 2505 apud
453 2433 798 2504 antiquiores
827 2433 1078 2504 nuspiam
1113 2447 1475 2489 memoratum
1513 2434 1781 2489 invenias.

351 2527 407 2580 2.
442 2528 563 2583 Jam
592 2542 726 2582 vero
747 2527 961 2582 Paulini
995 2528 1303 2582 litterarum
1334 2529 1670 2582 monimenta
1703 2544 1892 2584 recen-

283 2637 523 2677 seamus.
555 2620 606 2676 Is
651 2621 835 2692 itaque
889 2622 1105 2677 hortatu
1152 2623 1335 2678 sancti
1363 2622 1652 2693 Augustini
1683 2667 1696 2690 ,
1731 2638 1893 2694 quem

284 2720 502 2772 noverit
535 2725 648 2771 tum
683 2717 970 2774 Mediolani
1027 2733 1150 2772 cum
1200 2719 1323 2773 istic
1362 2729 1549 2789 ageret
1588 2718 1732 2773 idem
1777 2717 1891 2773 Au-

285 2811 580 2880 gustinus,
620 2819 731 2863 tum
787 2810 839 2864 in
892 2809 1074 2866 Africa
1127 2826 1233 2881 quo
1282 2810 1504 2866 demum
1557 2825 1616 2866 se
1662 2811 1897 2866 contulit

287 2903 593 2969 Paulinus,
627 2903 808 2959 Vitam
861 2906 1036 2959 sancti
1093 2903 1371 2960 Ambrosii
1427 2905 1790 2970 censeripsit,
1839 2913 1898 2958 ut

290 2996 526 3067 ipsemet
573 2998 744 3051 semel
787 2997 1100 3068 iterumque
1153 3006 1382 3052 testatur
1416 2997 1517 3071 (g).
1546 2996 1736 3066 Neque
1769 3012 1897 3052 vero

291 3093 476 3145 statim
511 3091 580 3144 ab
616 3091 768 3146 obitu
812 3092 1114 3146 beatissimi
1148 3093 1400 3163 prmsulis
1439 3094 1529 3163 qui
1563 3108 1707 3147 anno
1735 3092 1840 3148 397
1866 3107 1898 3147 e

1989 1885 2119 1922 rano
2162 1871 2317 1923 etiam
2368 1872 2608 1944 episcOpo
2655 1872 2935 1941 Bolilano,
2969 1875 3060 1930 sed
3089 1885 3137 1931 et
3173 1878 3296 1932 aliis
3344 1879 3598 1952 episcOpis

1991 1973 2036 2015 et
2070 1963 2407 2030 diaconibus;
2427 1974 2551 2018 tunc
2582 1965 2810 2021 Murano
2839 1969 3079 2042 episcopo
3101 1971 3396 2026 detrahenti
3419 1985 3598 2028 sancto

1992 2055 2102 2109 riro
2133 2055 2474 2127 (Ambrosio)
2505 2059 2661 2113 νείαιὶ
2681 2062 2878 2114 exitum
2904 2062 3192 2133 presbyteri
3220 2064 3461 2134 superius
3489 2080 3598 2120 mc-

1991 2150 2199 2201 morati.

2064 2239 2118 2293 5.
2161 2239 2332 2295 Porro
2358 2241 2427 2296 ad
2473 2242 2703 2314 hujusce
2745 2245 3057 2302 Pauliniani
3087 2250 3338 2318 opusculi
3364 2251 3595 2322 pretium

1992 2330 2138 2402 quod
2162 2343 2400 2402 spectat,
2437 2335 2568 2390 illud
2600 2338 2760 2405 plane
2792 2353 2916 2393 cum
2949 2339 3192 2396 Baronio
3233 2342 3328 2416 (νη)
3361 2344 3595 2416 aliisque

1997 2437 2118 2496 post
2147 2428 2319 2499 ipsum
2370 2430 2504 2485 viris
2533 2432 2764 2487 eruditis
2798 2435 3150 2492 statuendum
3184 2479 3198 2504 ,
3233 2454 3430 2509 nempe
3460 2441 3598 2494 scri-

1994 2521 2168 2590 ptoris
2222 2520 2385 2575 ﬁdem
2447 2525 2649 2579 nemini
2701 2526 2872 2583 licere
2915 2531 2966 2582 in
3011 2529 3232 2585 dubium
3282 2547 3597 2590 revocare:

2003 2631 2020 2663 ‹
2050 2629 2169 2683 quia
2195 2616 2344 2669 enim
2371 2615 2455 2672 vel
2480 2618 2596 2684 ipse
2627 2619 2790 2687 vidit,
2818 2621 2903 2676 vel
2931 2635 2960 2675 a
2984 2633 3172 2678 sancta
3199 2623 3519 2682 Marcellina
3532 2627 3603 2685 de

1999 2706 2292 2763 Ambrosio
2335 2711 2452 2779 ejus
2484 2709 2654 2767 fratre
2681 2711 2907 2782 didicit,
2938 2715 3025 2770 vel
3076 2731 3143 2770 ex
3175 2717 3450 2773 variorum
3479 2720 3604 2792 epi-

1997 2800 2151 2855 stolis
2184 2811 2303 2870 post
2342 2802 2490 2858 illius
2518 2805 2729 2860 obitum
2777 2807 2918 2863 datis
2949 2809 3016 2865 de
3055 2809 3124 2865 iis
3149 2811 3243 2883 qui
3273 2811 3505 2870 diversis
3545 2814 3601 2872 in

1961 2893 2297 2961 provinciis
2339 2895 2516 2966 ipsum
2563 2899 2768 2956 vidisse
2825 2912 3160 2974 narrarunt,
3210 2919 3271 2962 se
3316 2908 3607 2978 scripsisse

2002 2996 2253 3043 testatur.
2295 3009 2314 3042 ›
2343 2989 2740 3049 Verumtamen
2775 2996 2906 3051 illud
2948 2999 3000 3053 in
3037 3014 3104 3054 eo
3127 2999 3502 3072 desideratur,
3527 3004 3605 3061 ait

2000 3079 2083 3134 vir
2111 3081 2306 3137 doctus
2347 3083 2430 3157 (η’)
2453 3131 2465 3151 ,
2503 3088 2643 3154 quod
2675 3088 2729 3142 in
2759 3089 2920 3144 rebus
2958 3094 3280 3148 enarrandis
3314 3097 3404 3150 vix
3436 3096 3600 3153 ullam

293 3183 429 3238 vivis
480 3184 766 3250 excessit,
799 3183 1087 3239 Paulinum
1137 3186 1407 3256 ejusmodi
1457 3187 1739 3256 scriptioni
1787 3203 1893 3240 ma-

2004 3171 2375 3246 chronologia:
2425 3177 2691 3234 rationem
2733 3179 2958 3249 habuit;
2993 3199 3170 3255 neque
3221 3186 3294 3258 (ο)
3345 3188 3508 3244 rebus
3533 3191 3604 3245 ab

293 3293 418 3332 num
451 3277 767 3333 admovisse
787 3320 801 3344 ,
833 3280 921 3334 vel
952 3294 1074 3336 eam
1105 3280 1302 3336 saltem
1355 3279 1661 3337 confecisse
1702 3282 1889 3353 liquet.

296 3368 592 3426 Scribebat
620 3373 767 3427 enim
802 3384 1152 3444 postannum
1198 3374 1334 3438 400,
1363 3392 1471 3444 quo
1518 3391 1588 3432 ex
1640 3378 1739 3430 hac
1789 3380 1896 3429 vita

299 3467 517 3522 sublato
540 3466 896 3537 Simpliciano
925 3469 1198 3523 Ambrosii
1229 3484 1582 3538 successore,
1612 3472 1664 3524 in
1692 3470 1898 3526 Medio-

299 3559 510 3616 lanensi
540 3560 802 3616 cathedra
849 3561 1079 3617 sedebat
1115 3561 1420 3629 Venerius,
1455 3573 1512 3618 ut
1537 3579 1603 3620 ex
1651 3563 1736 3618 his
1781 3564 1902 3634 ejus

301 3654 486 3709 verbis
525 3654 836 3727 colligimus
883 3657 963 3728 (It)
994 3675 1005 3710 :
1049 3655 1311 3725 Defuncto
1341 3675 1399 3712 eo
1430 3658 1769 3731 (Ambrosio)
1800 3676 1903 3714 non

301 3745 435 3800 alius
476 3745 562 3800 illi
614 3748 860 3802 successit
889 3749 944 3801 in
974 3749 1364 3815 sacerdotium,
1402 3749 1503 3804 nisi
1533 3750 1574 3804 is
1613 3767 1764 3822 quem
1813 3749 1904 3805 ille

301 3842 491 3895 bonum
535 3858 709 3896 senem
755 3843 893 3896 trina
927 3858 1047 3898 voce
1076 3844 1393 3915 signaverat.
1426 3843 1521 3898 Cui
1553 3843 1904 3915 Simpliciano

311 3933 583 3990 Venerius.
616 3975 630 3991 .
669 3975 682 3989 .
721 3973 733 3991 .
787 3951 1053 3990 successor
1107 3937 1226 4006 fuit.
1271 3936 1410 4004 Quin
1443 3945 1500 3991 et
1531 3945 1650 4006 post
1685 3936 1904 3991 Venerii

309 4038 571 4092 mortem,
606 4044 728 4099 qua:
752 4044 898 4083 anno
926 4029 1032 4084 408
1058 4038 1150 4082 aut
1177 4028 1284 4085 409
1307 4029 1558 4098 contigit,
1596 4029 1732 4082 Vita:
1771 4031 1904 4082 Am-

307 4121 584 4178 brosianae
612 4121 1027 4177 conscribenda:
1059 4136 1282 4191 cperam
1313 4121 1494 4176 adhuc
1525 4120 1745 4176 dedisse
1769 4121 1906 4175 Pau-

310 4216 480 4271 linum
513 4217 791 4271 novimus:
825 4216 1095 4286 siquidem
1140 4215 1384 4269 meminit
1411 4215 1640 4270 Joannis
1670 4215 1908 4285 prudenti

311 4311 600 4380 praetorio,
631 4312 720 4380 qui
756 4310 860 4365 sub
888 4309 1134 4364 Honorio
1163 4308 1302 4361 hanc
1323 4306 1652 4378 dignitatem
1678 4307 1913 4362 obtinuit

311 4402 473 4456 annis
498 4400 608 4456 412
630 4442 643 4466 ,
667 4400 772 4457 415
795 4411 848 4455 cl
873 4399 978 4454 422
1002 4440 1016 4464 ,
1051 4408 1109 4454 ιιι
1132 4413 1198 4454 ex
1224 4402 1669 4476 προσωπογραφὶᾳ
1695 4397 1911 4454 Codicis

314 4491 688 4550 Theodosiani
722 4503 944 4548 constat
971 4491 1056 4565 (i).
1087 4494 1341 4547 Auctoris
1379 4493 1548 4546 verba
1573 4501 1698 4547 sunt
1729 4491 1912 4564 hujus-

2003 3264 2293 3321 Ambrosio
2349 3273 2523 3336 gestis
2568 3287 2688 3340 quae
2721 3283 3068 3341 posterorum
3111 3278 3393 3334 memoriae
3419 3279 3607 3335 consi-

2002 3371 2162 3427 gnata
2189 3361 2415 3431 reliquit
2442 3404 2456 3427 ,
2493 3363 2657 3418 ullum
2685 3367 3016 3437 scriptorum
3038 3371 3161 3440 ejus
3183 3371 3418 3428 indicem
3443 3389 3606 3430 accu-

2003 3463 2177 3508 ratum
2208 3465 2456 3512 attexere
2483 3458 2720 3526 studuit,
2755 3463 2900 3532 quod
2946 3463 3166 3533 quidem
3205 3466 3258 3521 in
3297 3469 3605 3539 Augustino

2001 3549 2256 3618 praestitit
2283 3549 2599 3608 Possidius..
2631 3554 2783 3610 Hanc
2829 3567 3009 3612 autem
3057 3558 3335 3615 Ambrosii
3365 3559 3546 3617 Vitam
3573 3578 3609 3620 a

2004 3639 2232 3697 Paulino
2263 3656 2574 3700 contextam
2610 3649 2754 3718 typis
2785 3649 3165 3707 cxcudendam
3199 3654 3510 3710 curavimus
3540 3670 3610 3712 ex

2008 3736 2269 3802 praeclara
2315 3737 2557 3795 editione
2610 3740 3094 3799 Benedictinorum
3146 3744 3484 3814 Parisiensi,
3515 3746 3612 3819 qui

2008 3844 2125 3883 eam
2150 3829 2216 3884 ad
2241 3831 2461 3887 codices
2491 3835 2606 3888 sive
2639 3851 2771 3890 mss.
2805 3838 2919 3894 sive
2947 3838 3250 3908 impressas
3282 3856 3496 3896 summa
3523 3841 3608 3896 di-

2009 3921 2228 3993 ligentia
2261 3935 2510 3981 exactum
2551 3929 2876 4000 evulgarunt
2910 3930 3012 4003 (p).
3046 3929 3317 3987 Cancrum
3360 3933 3493 3988 illud
3523 3933 3614 3990 hic

2010 4015 2303 4070 observare
2328 4017 2470 4070 haud
2496 4019 2733 4073 otiosum
2775 4019 2943 4076 fuerit
2969 4067 2983 4090 ,
3035 4022 3362 4092 Eugippium
3387 4023 3616 4096 presby-

2014 4116 2185 4160 terum
2213 4117 2268 4161 et
2295 4108 2547 4164 abbatem
2574 4109 3024 4167 Lucullanensem
3043 4114 3164 4182 ,qui
3188 4112 3374 4168 ﬂoruit
3393 4115 3616 4172 ineunte

2011 4202 2217 4255 szrculo
2248 4217 2329 4266 vt,
2362 4203 2413 4255 in
2459 4201 2581 4257 Vita
2626 4204 2804 4258 sancti
2847 4204 3096 4261 Severini
3135 4204 3457 4260 Noricorum
3486 4221 3620 4276 apo-

2015 4294 2142 4349 stoli
2202 4294 2528 4351 narrationis
2585 4297 2944 4361 meminisse,
3004 4312 3166 4368 quam
3211 4298 3386 4353 refert
3430 4307 3623 4355 noster

2016 4389 2277 4445 Paulinus
2308 4389 2408 4462 (q).
2433 4389 2587 4458 Quod
2610 4398 2898 4460 propterea
2924 4389 3078 4446 libuit
3101 4402 3419 4458 annotasse,
3444 4399 3505 4446 ut
3533 4391 3632 4446 ob-

2018 4483 2160 4540 viam
2197 4485 2401 4540 iremus
2422 4483 2810 4552 Tillemontio,
2839 4486 2929 4556 qui
2954 4483 3269 4555 huiusmodi
3299 4485 3626 4543 Ambrosia-

317 4588 463 4643 modi
489 4587 593 4660 lj);
627 4586 817 4642 Postea
841 4603 960 4642 vero
981 4603 1136 4660 quam
1159 4587 1382 4641 directus
1405 4595 1479 4640 est
1504 4585 1765 4652 Joannes,
1798 4596 1918 4640 tunc
1943 4583 1998 4646 D
2025 4595 2147 4635 nam
2172 4581 2349 4635 Vitam
2380 4577 2558 4635 minus
2613 4587 2821 4635 attente
2874 4579 3177 4636 decurrens
3195 4621 3210 4647 ,
3261 4581 3634 4638 narrationem

318 4673 552 4735 iribunus
574 4693 621 4736 et
658 4681 933 4749 notarius,
961 4680 1050 4752 qui
1095 4696 1230 4734 nunc
1259 4678 1531 4748 praefectus
1574 4687 1681 4745 est,
1715 4679 1786 4732 ad
1811 4679 1913 4733 tui-

319 4775 508 4830 tionem
549 4791 727 4830 eorum
767 4776 855 4846 qui
879 4773 948 4828 ad
968 4773 1236 4829 ecclesiam
1261 4772 1642 4843 confugerunt,
1675 4781 1782 4828 etc.
1839 4771 1920 4828 Ex

324 5036 356 5072 ε)
397 4964 474 5091 ad)
690 4966 756 5020 de
779 4965 1001 5022 Peccal.
1027 4965 1204 5054 Orig,
1228 4981 1376 5021 num.
1413 4965 1468 5024 5,
1499 4960 1568 5041 8,
1604 4970 1733 5013 tom.
1770 4958 1839 5024 X,
1874 4976 1924 5028 p.

651 5037 1079 5163 iggotttraduas
1109 5039 1281 5108 Iaptst.
1312 5036 1498 5104 Pelag.
1532 5031 1628 5087 ιιι).
1665 5046 1698 5084 tl
1723 5072 1736 5095 ,
1771 5048 1921 5087 num.

378 5150 392 5174 ,
423 5109 554 5163 ibid.
577 5126 629 5174 p.
657 5109 784 5164 455.

423 5126 554 5163 IDIU.
577 5126 629 5180 p.
657 5126 784 5164 eoo.

403 5180 478 5251 (ὁ)
509 5181 647 5237 Mar.
671 5182 892 5237 Mercat.
914 5180 1200 5236 Common.
1233 5195 1355 5247 sup.
1383 5192 1532 5231 nom.
1559 5172 1788 5230 Coelest.
1819 5174 1847 5246 ᾗ
1873 5175 1925 5228 1.

405 5254 474 5322 (c)
517 5251 698 5306 Noris.
734 5253 870 5308 Hist.
907 5253 1089 5322 Pelag.
1135 5253 1232 5305 lib.
1266 5268 1313 5313 ι,
1350 5265 1464 5317 cap.
1504 5251 1536 5302 4
1564 5288 1577 5311 ,
1625 5257 1925 5322 0pp.__loni.

336 5321 385 5395 I_.
414 5315 466 5386 ii.
494 5322 596 5383 47;
645 5324 984 5379 Bt-nedictini
1016 5315 1079 5378 ad
1113 5339 1242 5395 opp.
1275 5315 1544 5395 A_ttgust._,
1581 5327 1712 5369 tom.
1750 5315 1925 5395 X31).

335 5392 476 5463 255,
512 5404 624 5450 not.
667 5413 729 5462 a;
764 5396 1049 5450 Constant.
1084 5387 1274 5460 ltili-istt.
1310 5387 1467 5447 Rom.
1504 5391 1663 5463 Poni.
1708 5403 1760 5455 ιι.
1792 5387 1924 5454 905ς

340 5459 597 5520 Ballerm.
641 5459 875 5536 adOpp.
913 5467 1090 5520 Noris.
1128 5459 1257 5519 tom.
1293 5463 1360 5518 IV
1393 5507 1406 5529 ,
1451 5478 1504 5532 p.
1542 5459 1669 5514 861.

412 5536 494 5607 (tl)
539 5538 670 5593 Mar.
700 5539 864 5593 Merc.
892 5539 929 5592 l.
959 5553 1009 5592 c.

416 5615 489 5678 (ei)
531 5611 732 5663 Baron.
765 5611 831 5665 ad
863 5627 995 5666 ann.
1027 5607 1310 5678 397,§AI7.

418 5674 484 5749 (Ῐ)
527 5681 656 5734 |~id.
696 5682 848 5746 Iliso.
874 5683 946 5736 de
967 5674 1364 5751 Script.'eccl.,
1392 5691 1514 5746 cap.
1546 5674 1602 5729 4.

423 5756 498 5825 (g)
541 5752 752 5825 Paulini.
791 5753 827 5806 Ι.
863 5769 912 5825 c.
949 5751 1035 5825 §Al
1069 5759 1126 5806 el.
1160 5751 1249 5806 56.

426 5822 507 5892 (ἢ)
540 5822 683 5877 Ideni
709 5824 861 5886 ibid.,
890 5824 916 5894 §
947 5822 1036 5878 66.

2022 4675 2172 4730 illam
2205 4675 2272 4731 ab
2303 4675 2568 4746 Engippio
2592 4675 2821 4731 relatam
2854 4673 2910 4731 in
2941 4674 3154 4732 Paulini
3195 4677 3460 4748 opusculo
3489 4676 3638 4734 desi-

2029 4768 2210 4826 derari
2246 4768 2484 4824 asseruit
2518 4764 2606 4841 (r).

2104 4959 2170 5030 (i)
2209 4959 2340 5015 Cod.
2373 4958 2584 5016 Tlieod.
2622 4966 2766 5032 toni.
2797 4955 2899 5024 VI,
2936 4965 3080 5028 part.
3107 4973 3145 5014 ιι
3176 5000 3190 5026 ,
3225 4972 3347 5032 pag.
3381 4961 3473 5018 61.

2106 5031 2173 5103 (j)
2217 5032 2426 5086 Paulin.
2462 5032 2494 5086 Ι.
2536 5046 2587 5086 c.
2615 5031 2644 5103 §
2675 5031 2766 5103 5i.

2106 5102 2184 5174 (Ir)
2226 5105 2373 5158 Idem
2410 5103 2579 5167 ibid.,
2617 5102 2759 5173 §5l.

2107 5173 2194 5247 ll),
2216 5176 2418 5230 Baron.
2452 5175 2669 5247 adeon.
2701 5175 2806 5232 597
2827 5215 2844 5247 ε
2876 5175 2904 5247 §
2933 5173 3024 5231 48.

2041 5325 2056 5372 ι
2111 5244 2586 5373 (in)l:\'ourt;1Vit.
2629 5244 2689 5302 S.
2729 5244 2984 5302 Ambros.
3030 5245 3059 5317 ᾗ
3104 5246 3132 5302 1
3174 5248 3226 5303 in
3277 5247 3514 5320 append.
3566 5249 3636 5306 ad

2064 5333 2170 5371 01η.
2276 5362 2290 5373 .
2329 5335 2379 5373 ι).
2483 5358 2496 5371 ο

2064 5333 2170 5371 om.
2214 5333 2290 5384 tt,
2329 5335 2379 5385 p.
2407 5333 2496 5373 at.

2140 5390 2199 5459 η)
2242 5392 2435 5443 Baron.
2473 5391 2510 5442 1.
2547 5403 2597 5444 c.

2116 5390 2192 5532 lo)
2227 5462 2564 5534 Benedictini
2599 5462 2650 5515 in
2677 5460 2912 5534 append.
2945 5461 3012 5516 ad
3046 5471 3181 5516 tom.
3211 5461 3418 5534 II_Opp.
3444 5462 3637 5519 Ambr.

2043 5549 2096 5603 ι).
2126 5531 2328 5606 textv.
2375 5531 2525 5606 [luit
2547 5541 2690 5606 tom.
2723 5532 2840 5588 XIV
2886 5533 3091 5606 Patrol.
3119 5531 3278 5604 nost.]

2114 5605 2195 5676 (p)
2225 5603 2412 5730 4ἒμυίι
2467 5603 2718 5660 Bolland.
2773 5614 2905 5659 tom.
2942 5606 2964 5660 I
3007 5603 3266 5667 Januar.,
3305 5619 3428 5675 pag.
3482 5603 3588 5662 494
3623 5649 3636 5674 ,

2118 5695 2192 5730 m.
2303 5717 2316 5729 .

2041 5692 2192 5731 IIIIIII.
2225 5692 2316 5730 44.

2115 5747 2190 5820 (q)
2231 5747 2458 5820 Paulin.
2487 5747 2594 5803 Vit.
2628 5747 2888 5804 Ambros.
2921 5746 3068 5820 με..

2113 5815 2186 5890 ('r)
2229 5818 2460 5875 Tillem.
2495 5820 2660 5878 Mem.
2688 5821 2894 5876 ecclcs.
2926 5815 3059 5873 iam.
3097 5815 3144 5873 Χ
3167 5859 3181 5885 ,
3220 5834 3274 5890 p.
3309 5819 3398 5876 81.
