4122 6346
504 306 607 365 7H

1567 303 1840 363 PAULINl
1879 298 2157 358 DIACONI
2203 292 2757 355 \lEDIOLANENSlS

3707 283 3807 340 ἨΞ

653 429 3803 459 __________________________________________

563 648 627 704 ηδ
796 587 1578 755 genum
1659 582 2443 700 nucum
2523 584 3524 701 oruscunn.

1935 797 2333 814 _——.

2146 896 2183 965 Ι

1968 1071 2396 1204 VITA

1270 1296 1985 1447 SANCTI
2085 1299 3083 1448 AD’IBROSII

1374 1681 1446 1767 A
1524 1681 2038 1769 PAULINO
2114 1685 2399 1772 EJUS
2475 1682 3008 1769 NOTARIO

1523 1823 1631 1884 AD
1680 1823 1750 1882 B.
1789 1822 2308 1886 AUGUSTINUM
2355 1821 2870 1887 CONSCBIPTA.

1118 1974 1247 2041 (Hoc
1271 1972 1557 2036 Opusculum
1582 1971 1767 2023 videsis
1800 1973 1932 2022 inter
1956 1986 2104 2036 Opera
2211 1974 2473 2035 Ambrosii,
2496 1979 2616 2023 tom.
2642 1971 2748 2023 XIV
2774 1977 2951 2022 nostrae
2975 1969 3180 2031 Patrol.,
3205 1969 3340 2033 init.)

2105 2264 2229 2336 ΙΙ.

664 2440 1527 2574 LIBELLUS
1615 2435 2526 2567 ADVERSUS
2612 2436 3739 2585 COELESTIUM,

1480 2644 1717 2721 ZOSI
1735 2646 1903 2718 ΜΟ
1964 2644 2276 2717 ΡΛΡΛΕ
2353 2645 2880 2720 OBLATUS.

606 2995 659 3048 1.
704 2987 1058 3046 Beatitudinis
1089 2994 1194 3043 tuae
1213 2984 1479 3057 justitiam
1512 2984 1763 3054 obsecro,
1788 2985 2008 3042 domine
2036 2986 2136 3042 Zo-
2162 2992 2217 3051 Α
2242 2989 2415 3045 libella
2442 2990 2653 3046 Paulini
2673 2991 3042 3046 continentur?
3061 2989 3164 3047 hoc
3183 2989 3349 3045 estde
3366 2988 3832 3059 QnaestionibusC.

532 3089 672 3144 sime
706 3100 839 3157 papa
870 3082 1218 3139 venerabilis.
1255 3081 1559 3153 Numquam
1610 3080 1741 3135 lidcs
1790 3096 1917 3136 vera
1956 3082 2137 3136 turba-

537 3192 643 3245 tur,
673 3192 727 3237 et
753 3178 987 3235 maxime
1015 3178 1068 3233 in
1102 3176 1344 3231 Ecclesia
1376 3175 1695 3247 apostolica,
1730 3176 1781 3228 in
1810 3190 1913 3246 qua
1955 3190 2138 3245 pravae

541 3274 663 3329 ﬁdei
685 3273 941 3328 doctores
974 3280 1030 3325 ut
1052 3268 1535 3340 deprehenduntur
1563 3267 1743 3332 facile,
1777 3268 1845 3321 ita
1870 3266 2139 3322 veraciter

538 3366 836 3439 puniuntur
865 3384 878 3418 :
914 3375 970 3419 ut
1004 3372 1032 3403 ι
1065 3362 1328 3417 moriatur
1356 3361 1411 3416 in
1446 3361 1574 3424 illis,
1604 3360 1649 3415 si
1671 3362 1964 3431 cor-rigant,
1994 3360 2137 3430 quod

541 3460 680 3515 male
707 3465 1071 3526 conceperant
1114 3464 1168 3508 et
1214 3454 1453 3509 deterius
1485 3465 1841 3524 pepererant;
1872 3461 1924 3507 et
1955 3455 2005 3506 in
2037 3452 2141 3508 illis

542 3569 669 3609 vera
697 3551 767 3607 sit
796 3551 949 3617 lides,
1003 3564 1162 3618 quam
1196 3546 1441 3617 Apostoli
1470 3546 1767 3600 docuerunt
1796 3554 1851 3601 et
1894 3545 2139 3599 Romana

538 3662 661 3703 cum
684 3645 939 3700 onmibus
969 3642 1253 3699 catholica:
1286 3639 1411 3695 lidei
1442 3640 1759 3694 doctoribus
1784 3649 1929 3695 tenet
1955 3639 2142 3695 Eccle-

540 3739 644 3793 sia.
676 3736 829 3804 Quod
862 3737 935 3803 si,
971 3743 1028 3790 ut
1066 3734 1252 3791 caeteri
1297 3742 1549 3788 auctores
1578 3733 1870 3801 haereseos,
1901 3733 1990 3803 qui
2028 3733 2140 3804 jam

540 3830 743 3887 dudum
781 3830 851 3886 ab
880 3828 1177 3900 apostolica
1227 3826 1356 3882 sede
1384 3826 1516 3881 vela
1554 3826 1795 3897 patribus
1816 3827 2062 3896 judicati,
2089 3836 2146 3883 et

539 3933 691 3979 extra
715 3923 894 3978 sinuin
930 3920 1122 3976 matris
1175 3918 1463 3974 catholica:
1498 3920 1760 3974 Ecclesiae
1788 3919 1986 3984 eﬁ'ecti,
2022 3937 2141 3989 per-

545 4025 704 4086 petua
763 4024 938 4069 morte
967 4012 995 4051 δ
1029 4011 1325 4083 perierunt,
1370 4010 1532 4066 etiam
1566 4012 1617 4066 bi
1644 4011 1734 4082 qui
1776 4027 1919 4066 nunc
1946 4011 2141 4081 depre-

544 4108 697 4164 hensi
738 4114 885 4175 sunt,
921 4106 1007 4161 vel
1032 4101 1538 4173 deprehenduntur,
1570 4103 1623 4158 in
1651 4104 1875 4173 perﬁdia
1904 4119 1997 4158 sua
2022 4119 2146 4174 per-

546 4210 786 4267 manent,
806 4198 1035 4269 spiritali
1056 4196 1239 4269 gladio
1267 4210 1374 4265 quo
1403 4196 1806 4263 interimuntur,
1825 4197 2140 4252 tradantur:

546 4308 604 4352 nt
636 4311 778 4351 nunc
810 4294 1061 4365 Pelagius
1091 4292 1509 4359 Caelestinsque,
1544 4292 1633 4361 qui
1666 4307 1693 4344 a
1726 4291 1901 4347 beatae
1938 4308 2146 4346 memo-

2245 3082 2313 3136 Et
2361 3084 2412 3137 in
2466 3083 2574 3138 alio
2614 3084 2734 3139 loco
2766 3083 3119 3161 :ﬁoynovisti
3162 3081 3342 3153 quales
3395 3081 3595 3137 litteras
3644 3082 3837 3135 dederit

2243 3174 2385 3226 sedes
2413 3170 2436 3211 δ
2487 3176 2773 3243 apostolica
2802 3176 2871 3228 ad
2921 3176 3107 3246 fratres
3130 3184 3175 3228 et
3206 3175 3543 3243 coepiscOpos
3575 3174 3838 3245 Africanae

2242 3266 2556 3336 provinciae?
2585 3267 2650 3322 Et
2680 3267 2957 3337 adjectum
3001 3277 3119 3322 est:
3152 3266 3381 3321 Damnas
3410 3266 3506 3321 illa
3536 3268 3710 3322 omnia
3728 3283 3839 3339 qua:

2244 3357 2629 3427 damnavimus,
2655 3370 2875 3415 et.tenes
2922 3375 3039 3431 qua:
3068 3362 3337 3413 tenemus?
3365 3360 3431 3414 Et
3462 3359 3659 3415 iterum
3687 3378 3700 3412 :
3735 3357 3841 3413 Illa

2246 3454 2419 3507 omnia
2446 3454 2665 3509 damnas
2692 3471 2807 3520 qua?
2846 3456 3051 3525 jaclala
3101 3462 3223 3508 sunt
3262 3453 3326 3506 de
3372 3455 3578 3507 nomine
3614 3463 3702 3507 tuo
3728 3452 3753 3505 ?t
3778 3452 3841 3507 Et

2246 3546 2440 3599 iterum
2478 3564 2487 3599 :
2536 3544 2629 3600 Vel
2660 3562 2719 3600 ea
2746 3562 2863 3618 qua?
2892 3547 2947 3600 in
2969 3546 3145 3601 libello
3169 3562 3267 3601 suo
3289 3549 3525 3619 exposuit
3546 3544 3842 3601 Paulinus?

2246 3638 2457 3695 Etcum
2492 3657 2577 3695 me
2631 3640 2845 3697 diceret
2900 3657 3083 3712 posse,
3139 3656 3205 3697 ex
3252 3641 3318 3696 iis
3370 3658 3491 3713 qua:
3524 3642 3602 3697 illi
3634 3641 3839 3711 objecta

2246 3742 2391 3793 sunt,
2429 3731 2746 3788 limretieum
2775 3733 3065 3804 approbari
3092 3752 3103 3787 ε
3130 3742 3319 3789 sancto
3341 3734 3586 3803 repletus
3615 3734 3837 3803 Spiritu,

2248 3826 2548 3896 apostolica
2609 3830 2933 3883 auctoritate
2979 3827 3232 3897 respuisti
3264 3838 3286 3865 ε
3318 3839 3369 3883 et
3416 3828 3723 3898 rcpressisti
3766 3829 3841 3883 in-

2248 3922 2513 3977 sanientis
2540 3931 2593 3976 et
2633 3922 3023 3977 calumniantis
3072 3922 3262 3989 verba,
3306 3920 3618 3992 hujusmodi
3662 3920 3842 3993 profe-

2247 4014 2418 4068 rendo
2437 4015 2785 4080 sententiam,
2836 4028 2941 4083 qua
2973 4013 3089 4083 ipse
3142 4012 3449 4068 catholicus
3476 4014 3839 4083 approbarer;

2251 4107 2425 4170 illum,
2456 4108 2500 4163 si
2527 4107 2711 4162 sanari
2733 4108 2917 4172 vellet,
2951 4122 3172 4163 curares
3199 4124 3214 4174 ;
3238 4124 3358 4179 qua:
3384 4108 3697 4178 hnjnsmodi
3730 4119 3837 4164 est:

2250 4198 2392 4254 Nolo
2446 4218 2537 4256 nos
2566 4202 2786 4256 circuitu
2819 4202 3021 4266 ducas;
3051 4204 3267 4257 damnas
3298 4219 3355 4256 ea
3401 4205 3577 4257 omnia
3615 4221 3731 4275 qua:
3753 4204 3840 4258 tibi

2248 4293 2449 4366 objecta
2474 4311 2506 4347 a
2534 4292 2785 4360 Paulino,
2829 4296 2933 4348 sive
2974 4311 3066 4364 per
3096 4294 3294 4365 famam
3335 4296 3541 4366 jactata
3565 4307 3689 4351 sunt
3711 4296 3841 4352 ?Cui

545 4393 637 4449 riae
663 4405 994 4463 praecessore
1042 4397 1147 4443 tuae
1174 4385 1523 4442 beatitudinis
1552 4401 1685 4456 papa
1732 4386 2069 4449 Innocentio,
2101 4387 2144 4441 si
2180 4396 2223 4455 Β
2256 4402 2360 4439 non
2391 4385 2589 4441 sufﬁcit
2614 4387 2711 4441 ista
2739 4387 3049 4443 sententia?
3072 4387 3204 4456 Quis
3235 4387 3375 4442 hanc
3408 4399 3514 4443 tam
3548 4389 3839 4453 salubrem,

544 4496 747 4545 ret-tam
801 4493 1059 4555 respuant
1110 4482 1271 4537 ﬁdem
1303 4491 1357 4537 et
1390 4481 1444 4535 in
1475 4496 1569 4535 sua
1603 4494 1853 4551 perversa
1899 4479 2142 4533 doctrina

548 4583 862 4656 perdurent,
901 4580 1139 4635 damnati
1173 4584 1319 4630 sunt.

613 4676 668 4729 2.
708 4672 871 4743 Cujus
891 4669 1218 4727 sententiam
1260 4676 1451 4723 secuta
1481 4666 1768 4722 Beatitudo
1798 4676 1907 4731 tua,
1934 4665 2143 4723 Coales-

545 4768 644 4834 tio,
674 4782 796 4821 eum
828 4780 857 4817 a
889 4762 1019 4817 sede
1048 4759 1348 4829 apostolica
1395 4758 1699 4821 audiretur,
1754 4759 1897 4813 inter
1944 4769 2141 4814 caetera

544 4857 806 4931 praecepit
834 4856 920 4910 his
949 4853 1133 4909 verbis
1159 4871 1169 4905 :
1205 4849 1438 4906 Damnas
1466 4868 1586 4922 ergo
1615 4851 1709 4907 illa
1738 4852 2066 4924 omnia,qua:
2088 4853 2143 4907 in

624 5004 650 5031 η
677 4993 876 5048 Baron.
901 5003 1023 5043 eum
1058 5001 1162 5042 ms.
1191 4986 1392 5057 Vatic.,
1425 4996 1478 5040 ut
1503 4986 1812 5041 moriantur.
1850 4986 2151 5043 Prmleren-

551 5067 678 5120 dum
701 5078 823 5118 cum
850 5060 1008 5127 Lab.,
1052 5068 1107 5113 ut
1137 5062 1407 5112 moriatur.
1444 5058 1649 5114 Deinde
1682 5058 1820 5111 idem
1862 5058 1994 5113 Lab.
2032 5069 2152 5127 post

553 5140 751 5195 Baron.
789 5151 802 5189 :
830 5133 884 5185 in
912 5129 1041 5203 illis,
1079 5129 1178 5184 nisi
1199 5131 1513 5203 correxerint
1552 5131 1692 5201 quod
1719 5132 1953 5203 deterius
1973 5147 2150 5203 perpe-

553 5216 779 5271 trarant,
813 5215 865 5258 ut
898 5203 953 5257 in
979 5200 1092 5256 illis
1112 5217 1229 5255 vera
1244 5203 1308 5256 sit
1330 5202 1481 5271 ﬁdes.
1511 5200 1804 5273 Archetypi
1834 5200 2146 5270 lectioiie'm,

554 5298 672 5352 quae
700 5276 966 5347 integrior
987 5283 1091 5340 est,
1122 5287 1460 5352 revocamus,
1490 5273 1713 5352 verbum
1736 5275 1803 5326 sit
1834 5274 1978 5343 quod
2003 5274 2054 5328 in
2087 5289 2153 5330 eo

556 5344 921 5414 desideratur,
946 5357 1071 5399 ante
1094 5358 1278 5398 vocem
1302 5344 1434 5413 ﬁdes
1460 5346 1792 5413 snpplentes.

626 5422 655 5463 δ
690 5423 746 5477 In
777 5417 1033 5499 vulgatis,
1080 5426 1314 5499 pereunt.
1349 5415 1678 5499 Cong-iunius
1726 5417 1777 5470 in
1809 5432 1912 5471 ms.
1945 5416 2144 5481 Vatie.,

554 5496 817 5568 perierunt
842 5485 1151 5568 :_:boc_enim
1178 5485 1241 5537 ad
1268 5486 1570 5568 pra-ternos
1595 5487 2151 5568 haereseosauctores

558 5557 815 5624 refertur.
854 5561 929 5615 Ex
958 5559 1202 5628 ejusdem
1239 5571 1341 5609 ms.
1379 5557 1482 5612 ﬁde
1524 5574 1646 5611 mox
1684 5560 2018 5613 restituimus
2056 5559 2148 5612 de-

557 5636 947 5712 prehenduntur
990 5632 1078 5712 ubi
1109 5629 1318 5712 editum
1346 5637 1465 5683 erat
1492 5628 1966 5700 deprehenduntur.

635 5722 656 5749 ο
691 5708 801 5765 Seu
820 5702 1073 5775 capitulis
1103 5701 1356 5775 objectis.

628 5778 653 5818 ἀ
684 5779 744 5836 ln
776 5770 1089 5833 msCVatic.
1120 5770 1462 5828 desideratur
1486 5771 1791 5843 apostolica.
1816 5774 1914 5830 llic
1946 5789 2151 5831 memo—

2254 4489 2361 4533 tam
2403 4480 2852 4550 amplectibilem,
2905 4491 3011 4537 tam
3047 4483 3188 4552 piam
3225 4494 3510 4554 reSpueret
3547 4485 3708 4551 alius,
3743 4483 3842 4539 nisi

2251 4573 2341 4641 qui
2368 4589 2396 4626 a
2432 4573 2537 4626 ﬁde
2558 4573 2747 4629 devius
2776 4574 2898 4630 est?
2926 4575 2991 4630 Et
3021 4575 3137 4644 ille,
3170 4577 3259 4645 qui
3288 4577 3543 4647 superius
3574 4580 3844 4649 professus

2252 4667 2447 4733 luerat,
2472 4683 2532 4723 se
2554 4684 2913 4741 qumcumque
2956 4671 3034 4726 illi
3068 4671 3285 4741 objecta
3327 4672 3561 4741 fuerant,
3584 4673 3630 4727 si
3661 4682 3844 4729 contra

2253 4760 2411 4816 ﬁdem
2462 4760 2482 4799 ί
2533 4762 2853 4833 judicares,
2913 4779 3037 4821 esse
3089 4764 3513 4834 damnatorum,
3575 4776 3600 4814 κ
3654 4767 3839 4831 audit,

2250 4852 2495 4923 Damna;
2526 4865 2579 4911 et
2600 4872 2707 4911 non
2731 4857 2905 4912 solum
2940 4875 3048 4913 non
3070 4858 3320 4926 damnat,
3357 4859 3452 4915 sed
3496 4858 3566 4916 ad
3596 4859 3845 4932 injuriam

2259 4998 2447 5068 rantur
2498 4988 2798 5068 Innocentii
2854 4992 2921 5048 ad
2972 4992 3080 5048 duo
3123 4993 3356 5048 concilia
3379 5002 3435 5050 et
3486 4995 3553 5049 ad
3610 4996 3844 5068 quinque

2259 5061 2547 5131 episcopos
2573 5061 2788 5117 litterae.

2258 5203 2278 5256 Ι
2332 5141 2355 5167 ε
2387 5132 2560 5256 Velrba
2612 5144 2657 5186 et
2706 5135 2993 5205 repressisti
3069 5135 3120 5191 in
3192 5136 3424 5209 vulgatis
3484 5139 3843 5208 prmtcrmiSs'a

2281 5217 2444 5256 ncran
2478 5244 2490 5256 .

2281 5212 2490 5258 nerant.

2336 5274 2354 5310 τ
2390 5275 2677 5354 Baron_._et
2725 5276 2893 5354 Lab.,
2943 5279 3256 5334 vindicares.
3318 5280 3552 5337 Verbum
3585 5282 3845 5354 judicares

2261 5358 2407 5422 recte
2429 5362 2459 5401 a
2490 5347 2649 5422 nobis
2670 5350 2982 5422 restitutum
3018 5368 3125 5405 non
3175 5354 3414 5422 negabit,
3459 5354 3548 5421 qui
3582 5347 3722 5421 apud
3746 5354 3846 5407 Au-

2254 5420 2548 5493 gustinum,
2580 5420 2674 5493 lib:
2705 5422 2770 5474 de
2798 5421 2955 5478 Pecc.
2995 5424 3154 5492 orig.,
3189 5420 3324 5486 c.'7,
3359 5420 3620 5493 btec'ipsa
3665 5423 3847 5492 legerit

2255 5488 2496 5566 C(elestii
2528 5490 2594 5566 ad
2640 5491 2919 5548 Zosimum
2951 5488 3154 5566 verba:
3189 5494 3251 5550 Si
3284 5497 3416 5566 forte
3464 5488 3539 5550 ut'
3562 5488 3847 5551 hominibus

2254 5562 2512 5643 quispiam
2550 5564 2859 5636 ignorantia:
2889 5582 3033 5619 error
3060 5562 3364 5635 obrepserit,
3395 5578 3570 5622 nostra
3605 5568 3847 5623 sententia

2258 5644 2567 5700 corrigatur.

2331 5713 2355 5750 Β
2387 5703 2444 5760 1n
2500 5707 2761 5777 vulgatis,
2806 5706 2967 5773 audi;
3002 5717 3061 5764 et
3110 5724 3269 5776 mox,
3316 5719 3517 5765 tantum
3572 5711 3737 5767 sedis.
3790 5711 3847 5763 At

2261 5784 2441 5833 textus
2464 5779 2634 5833 series
2681 5779 2829 5834 andi:
2859 5781 3092 5850 postulat
3117 5797 3130 5846 ;
3167 5790 3222 5836 et
3253 5793 3311 5837 ut
3339 5799 3462 5839 tum
3490 5797 3596 5838 uno
3619 5798 3722 5839 ms.
3746 5780 3845 5835 Va-
