4122 6346
590 264 694 324 71νῖ

593 477 744 530 vicit.
775 476 912 544 Quid
946 477 1090 531 enim
1121 478 1231 546 jam
1270 491 1388 531 inea
1430 480 1685 530 innrerat
1710 519 1723 540 ,
1756 486 1814 530 ut
1858 476 2020 531 etiam
2050 476 2191 547 apud

594 579 826 626 \c~tram
864 572 1223 626 reverentiam
1275 588 1454 640 prave
1500 570 1617 640 ejus
1671 570 1936 625 doctrina:
1987 573 2194 640 astipu-

591 666 731 721 lator
761 675 786 702 τι
823 668 1145 721 exsisterent
1198 684 1209 719 :
1249 664 1317 719 de
1350 681 1458 734 quo
1491 667 1838 736 congaudere
1871 680 2110 735 possem,
2143 666 2189 720 si

587 760 858 816 damnatis
890 760 958 815 iis
985 760 1202 830 quasilli
1240 776 1270 814 a
1309 774 1395 815 me
1421 756 1635 828 objecta
1688 758 1940 823 fuerant,
1976 758 2001 797 δ
2034 761 2111 815 sic
2138 768 2194 815 et

584 854 895 924 aposmlicac
924 854 1070 907 sedis
1094 852 1355 923 judicium
1400 854 1688 907 roboraret
1722 894 1736 920 ,
1790 863 1850 907 ut
1897 856 2193 908 meruisset

583 948 821 1013 absolvi;
852 963 953 1003 nec
981 948 1129 1018 prius
1153 961 1213 1001 se
1238 946 1516 1013 ordinari,
1547 963 1705 1018 quam
1736 948 1991 1018 purgari,
2038 957 2185 1017 pate-

583 1050 753 1096 retur.

653 1137 706 1191 5.
749 1136 855 1191 Sed
878 1136 1158 1205 vulpecula
1189 1134 1478 1189 fraudibus
1512 1135 1611 1189 fuit
1662 1148 1880 1204 semper
1912 1134 2136 1189 studens
2169 1154 2181 1190 :

580 1239 853 1310 ingenium
883 1254 1037 1292 suum
1071 1248 1285 1292 mutare
1306 1236 1497 1292 nescit.
1525 1235 1639 1290 Non
1673 1251 1732 1290 se
1756 1234 1994 1290 credidit
2028 1249 2188 1305 posse

651 1395 676 1421 τι
720 1384 895 1439 Vatie.
932 1400 1059 1437 ms..
1093 1384 1352 1437 exsistere.
1409 1381 1591 1435 Edidit
1618 1380 1842 1444 Baron.,
1895 1379 2179 1433 exsisteret.

579 1456 686 1512 Sed
735 1455 998 1510 orationis
1041 1455 1210 1509 series
1256 1456 1545 1507 exsisterent
1619 1452 1854 1521 postulat
1883 1494 1895 1513 ,
1953 1462 2183 1515 eamque

575 1529 865 1583 lectionem
907 1526 1198 1592 prmdicms
1232 1543 1331 1578 nis.
1367 1538 1433 1579 eo
1489 1527 1661 1591 magis
1692 1522 1961 1591 permittit
1990 1563 2002 1587 ,
2036 1521 2179 1589 quod

578 1616 700 1677 t_nox
732 1600 1017 1677 in_eodcm_
1054 1612 1271 1677 rursum
1315 1614 1462 1667 posse
1489 1638 1502 1659 ,
1540 1612 1639 1663 pro
1670 1612 1889 1677 possem,
1918 1599 2177 1677 occurrit.

575 1672 748 1726 Porro
778 1672 887 1726 illic
917 1669 1231 1741 astipulator
1272 1665 1379 1723 non
1435 1665 1868 1722 consentientem
1897 1708 1911 1732 ,
1945 1665 2038 1720 sed
2075 1678 2183 1720 tes-

572 1750 683 1798 tem
712 1751 891 1798 sonat.

1636 266 1915 325 PAULINI
1956 266 2235 325 DIACONI
2264 268 2817 330 HEDIOLANENSIS

588 386 756 441 etiam
787 384 1051 440 humanas
1079 383 1221 454 leges
1252 423 1266 449 ,
1313 384 1566 453 superior
1598 394 1678 439 est
1728 398 1865 451 senti
1887 400 1947 437 er
1979 384 2069 439 ille
2098 383 2192 454 qui
2223 391 2265 447 Λ
2295 388 2635 457 deprehendi
2684 405 2699 443 ς

3708 276 3876 358 ﬁmi

2756 391 3008 459 quoniam
3044 390 3435 446 conﬁdentiam
3478 404 3701 463 semper
3728 393 3777 447 in
3809 394 3878 449 fo-

2296 480 2412 535 veis
2444 481 2627 536 habuit
2654 524 2668 549 ,
2695 484 2747 535 in
2770 484 2965 551 quibus
2994 484 3306 540 demersum
3353 496 3515 553 caput
3543 490 3877 543 coascientie

2296 587 2409 629 sua:
2457 576 2650 630 nititur
2691 577 2990 631 occultare.
3017 578 3169 646 Quod
3208 580 3322 648 jam
3353 579 3555 635 diutius
3590 581 3756 635 latere
3785 597 3876 636 nou

2298 672 2521 737 potuit,
2572 668 2666 723 sed
2716 668 3053 723 manifestius
3097 671 3467 740 publicatum,
3515 674 3744 742 spiritali
3794 688 3877 742 per

2296 772 2441 816 tuam
2466 762 2855 817 beatitudinem
2883 764 3066 833 gladio
3106 778 3387 819 resecatur
3414 785 3424 818 :
3460 780 3528 820 ne
3552 767 3785 835 amplius
3815 765 3880 821 fe-

2295 857 2433 912 rinis
2459 856 2711 911 dentibus
2741 872 2873 926 grex
2901 856 3117 911 Domini
3147 872 3365 913 secetur
3395 859 3447 912 in
3480 869 3664 928 partes
3687 900 3700 924 ,
3733 874 3875 929 quem

2294 960 2481 1021 pastor
2503 950 2700 1021 bonus
2729 951 2962 1006 sollicita
3005 962 3055 1006 et
3086 953 3329 1021 pervigili
3358 952 3587 1007 cautela
3626 955 3873 1009 custodis.

2296 1046 2452 1100 llunc
2482 1052 2666 1099 autem
2688 1044 3116 1101 libellumdtrexi
3152 1046 3472 1101 beatitudini
3497 1057 3608 1102 tua:
3638 1062 3733 1115 per
3750 1049 3875 1103 Mar-

2293 1138 2551 1193 cellinum
2621 1137 3015 1191 subdiacouum
3095 1139 3342 1194 ecclesia:
3404 1140 3875 1211 Carthaginiensis.

2299 1233 2417 1287 Dat.
2450 1247 2499 1285 Vl
2530 1230 2651 1285 idus
2682 1232 3025 1288 Novembris.
3084 1277 3095 1284 .

2359 1374 2385 1413 ι)
2421 1376 2473 1430 lu
2510 1375 2804 1453 archetypo
2844 1377 3044 1453 Yatic.,
3082 1379 3213 1453 sicut
3246 1382 3559 1453 _r:pos!olira:
3582 1382 3718 1433 sedis
3742 1383 3875 1453 judi-

2290 1448 2684 1522 cinmroltorm'i
2712 1451 2954 1503 meruisse
2982 1459 3083 1502 tum
3110 1448 3305 1505 absolvi
3324 1496 3338 1517 ,
3374 1458 3514 1522 quod
3546 1448 3805 1505 Barouiits
3830 1464 3875 1507 et

2286 1535 2353 1572 ex
2384 1519 2449 1573 eo
2476 1520 2725 1575 Labbeus
2755 1524 2825 1573 ita
2850 1522 3215 1577 exltibuernnt
3249 1540 3261 1576 :
3294 1529 3370 1577 sic
3393 1519 3455 1578 ea
3482 1541 3569 1592 per
3589 1524 3874 1593 apostolira:

2285 1593 2420 1646 sedis
2440 1593 2701 1663 judicium
2729 1593 2959 1646 rolzoruri
2994 1628 3017 1645 ι-
3043 1597 3253 1649 eruisset
3298 1596 3513 1651 alisottn'.
3546 1596 3702 1663 Quod
3735 1597 3873 1653 nobis

2290 1663 2513 1718 minimc
2540 1665 2881 1720 retinendum
2926 1665 3197 1722 duximus.

3118 1874 3856 1896 m

2168 2035 2327 2118 III.

1013 2217 1171 2303 DE
1249 2206 2327 2300 BENEDICTIONIBUS
2406 2206 3457 2295 PATRIARCHARUM

1950 2388 2486 2466 LIBELLUS.
2532 2400 2539 2413 '

1160 2743 1553 2805 PRIEFATIO.

632 2849 990 2905 Sacrosancui
1008 2854 1168 2915 atque
1194 2857 1437 2913 praasaga
1466 2847 1780 2893 sanctorum
1817 2836 2166 2891 Patriarcha-

564 2957 680 2996 rttm
708 2936 1017 2993 benedictio
1041 2976 1054 2997 ,
1078 2952 1199 3005 quae
1222 2948 1318 3003 per
1346 2930 1610 2999 Spiritum
1643 2937 1891 2983 sanctum
1920 2940 2083 2995 atque
2105 2942 2166 2982 os

562 3036 701 3089 beati
736 3032 927 3087 Jacobi
961 3027 1189 3099 singulis
1219 3037 1301 3080 est
1323 3024 1654 3094 cntnpetcnti
1684 3026 1945 3092 qualitate
1976 3021 2165 3075 distri-

558 3129 720 3194 buta,
744 3141 842 3181 nec
874 3140 968 3195 per
1003 3121 1182 3177 omnia
1218 3135 1382 3173 sensu
1408 3118 1678 3172 litterario
1710 3125 1889 3186 potest
1920 3115 2166 3184 intelligi,

561 3223 800 3276 maxime
845 3234 971 3273 cum
1024 3217 1167 3271 idcnt
1227 3216 1419 3270 beatus
1476 3210 1793 3267 Patriarcha
1842 3211 1985 3264 dicat
2036 3228 2047 3262 :
2100 3208 2165 3261 Ut

557 3317 859 3369 annuntient
883 3312 1021 3365 rubis
1059 3326 1173 3381 quit:
1194 3318 1407 3362 rentum
1450 3314 1567 3359 sunt
1592 3308 1643 3357 in
1674 3305 1958 3357 novissimis
1987 3303 2166 3354 diebus

556 3409 713 3479 (Gen.
735 3422 883 3465 xux.
918 3404 970 3475 Ι)
1008 3423 1019 3457 :
1049 3418 1147 3458 nec
1175 3402 1246 3455 ita
1276 3398 1618 3454 extenuanda
1650 3413 1747 3467 per
1777 3412 2000 3449 sensum
2031 3393 2166 3447 alle-

556 3502 803 3572 get-icum
832 3539 846 3561 ,
875 3507 933 3550 ut
964 3495 1189 3550 omnino
1216 3491 1464 3547 cvacuari
1488 3490 1683 3545 debeat
1714 3505 1906 3543 sensus
1945 3486 2167 3540 histori-

558 3611 656 3651 cus
710 3611 724 3645 :
764 3594 889 3663 quia
936 3599 990 3644 et
1018 3589 1271 3660 quaedam
1294 3628 1308 3651 ,
1341 3589 1417 3639 uti
1454 3594 1575 3653 post
1607 3583 1908 3636 videbimus
1931 3623 1946 3646 ,
1980 3581 2057 3633 sic
2084 3581 2165 3634 eis

563 3689 819 3759 prmdicta
876 3694 1042 3749 sunt,
1096 3682 1434 3753 utqumdam
1488 3680 1541 3731 in
1599 3676 1877 3747 proximo,
1914 3674 2161 3745 qumdam

558 3786 730 3840 multo
763 3791 884 3851 post
915 3780 1166 3835 venerint
1200 3798 1211 3831 ε
1261 3788 1437 3832 tamen
1476 3778 1625 3845 plura
1668 3792 1730 3829 ex
1761 3776 1865 3827 illis
1916 3773 1966 3827 in
2003 3774 2161 3829 [item

559 3878 738 3933 futura
769 3884 980 3930 servata
1007 3881 1152 3926 sunt.
1181 3872 1311 3939 Qua:
1347 3886 1478 3940 ergo
1503 3882 1521 3902 ··
1556 3869 1915 3922 liistorialitcr
1951 3868 2000 3920 in
2034 3868 2164 3936 ipsis

559 3972 744 4026 verbis
773 3969 1075 4037 intelligere
1109 3979 1394 4025 possumus
1416 4006 1428 4024 ,
1468 3964 1699 4031 primum
1732 4002 1746 4027 ,
1782 3964 1934 4032 quasi
1971 3961 2162 4015 lurida-

563 4074 741 4120 menta
770 4062 1025 4131 jaciendo
1056 4102 1069 4125 ,
1116 4059 1355 4115 donante
1397 4057 1647 4123 Domino,
1693 4058 1924 4109 strictim
1967 4055 2162 4125 panda-

2198 2747 2239 2804 Β
2270 2742 2501 2797 voluerit
2528 2759 2539 2805 ;
2568 2742 2662 2819 sed
2690 2751 2745 2796 ut
2771 2754 2894 2797 eum
2922 2754 3016 2808 per
3046 2740 3161 2797 btec
3194 2741 3334 2797 dicta
3378 2741 3443 2797 ad
3496 2744 3865 2814 pmniteutiam

2268 2838 2680 2903 Cultortarctur,
2714 2853 2836 2890 cum
2862 2837 3141 2902 recolerct,
3172 2854 3197 2889 τι
3222 2847 3419 2907 quanta
3446 2837 3716 2907 dignitate
3749 2854 3866 2908 pec-

2270 2934 2446 2989 cando
2477 2932 2791 2986 decidisset.
3300 2992 3309 2999 ,

2338 3026 2392 3080 2.
2433 3026 2585 3081 Unde
2611 3025 2785 3078 dicit:
2823 3035 2871 3078 et
2912 3026 3228 3097 principium
3271 3025 3469 3079 doloris
3511 3026 3629 3078 mei.
3658 3025 3863 3081 Princi-

2270 3118 2414 3187 pium
2442 3132 2671 3186 namque
2696 3118 2899 3171 doloris
2928 3115 3177 3189 ejusfuit,
3206 3119 3317 3187 qui,
3337 3118 3515 3186 ruptis
3536 3118 3865 3173 castimonlte

2270 3213 2496 3268 habenis
2518 3256 2531 3278 ,
2553 3214 2783 3268 infrenis
2814 3212 2969 3267 irruit
3001 3212 3065 3265 ad
3098 3212 3559 3280 eoustuprandam
3585 3213 3863 3283 conjugcm

2270 3311 2438 3376 pati-is
2467 3308 2619 3381 (Gen.
2655 3323 2824 3373 xxxv,
2866 3310 2957 3378 22)
2994 3324 3006 3360 :
3053 3324 3173 3376 quae
3204 3322 3290 3361 res
3332 3324 3443 3360 non
3474 3307 3742 3362 mediocri
3770 3308 3864 3361 do-

2269 3404 2383 3456 lore
2415 3419 2534 3456 cum
2563 3403 2875 3457 slitnulassc
2901 3402 3170 3458 medenda
3213 3408 3315 3457 est.
3350 3402 3493 3457 Bene
3522 3413 3705 3457 autem
3739 3402 3865 3457 dici~

2270 3506 2355 3549 tur
2382 3496 2693 3567 principium
2745 3496 2939 3549 doloris
2994 3496 3123 3559 iste,
3160 3497 3283 3565 quia
3317 3506 3370 3549 ct
3422 3496 3618 3566 reliqui
3666 3492 3861 3551 fratres

2266 3588 2503 3641 accusati
2534 3596 2659 3641 sunt
2685 3605 2713 3641 a
2743 3590 2897 3642 beato
2940 3588 3143 3657 .lnsepli
3199 3590 3336 3659 apud
3364 3600 3577 3660 patrem
3624 3591 3857 3645 crimine

2269 3680 2507 3752 pessimo
2543 3679 2696 3747 (Gcn.
2729 3696 2909 3734 xxxvii
2938 3725 2948 3742 .
2984 3682 3066 3754 ἓ).

2337 3773 2573 3839 5..Quud
2618 3785 2795 3829 autem
2845 3777 2921 3829 ait
2947 3757 2962 3828 i:
2992 3776 3135 3846 prior
3170 3775 3219 3828 in
3260 3774 3447 3843 donis,
3488 3772 3557 3831 ad
3591 3774 3863 3846 primoge-

2268 3868 2378 3921 nita
2413 3872 2682 3935 pertinet,
2728 3884 2846 3937 qua:
2890 3869 2963 3922 illi
2992 3881 3265 3940 tamquam
3300 3870 3669 3940 pt‘ittmgeltilo
3704 3871 3865 3926 debo-

2268 3962 2481 4016 bantur.
2500 3961 2653 4027 Quod
2678 3978 2805 4016 vero
2837 3962 3119 4033 subjungit
3151 3981 3164 4017 :
3192 3967 3362 4035 major
3392 3966 3610 4035 imperio
3637 4007 3650 4031 ,
3680 3973 3863 4035 aperte

2264 4057 2571 4111 declaratur
2594 4099 2610 4124 ,
2638 4056 2702 4110 ad
2733 4073 2853 4110 eum
2890 4057 3219 4125 pertinuisse
3248 4098 3262 4122 ,
3292 4066 3349 4112 ut
3391 4060 3457 4112 de
3498 4059 3615 4127 ejus
3659 4057 3863 4112 semine

556 4173 674 4213 ntus
710 4174 722 4210 :
751 4173 870 4225 quae
899 4166 1078 4210 autem
1108 4152 1437 4208 omnimodis
1469 4151 1704 4205 lit'eram
1752 4150 2025 4219 refugiunt
2047 4191 2059 4214 ,
2092 4164 2155 4205 ea
2186 4144 2231 4208 C
2264 4144 2419 4221 rcges
2452 4150 3029 4220 reliquorumfratrnm
3060 4164 3407 4207 crearentur.

554 4270 649 4321 per
671 4252 969 4322 spiritalem
1005 4249 1447 4319 intelligentiam,
1487 4247 1627 4300 sicut
1672 4256 1723 4299 et
1761 4245 1991 4315 Spiritali
2034 4253 2159 4301 sunt

552 4348 828 4405 intellectu
860 4344 1165 4417 carpenda,
1203 4343 1581 4397 discutiamus.

1057 4441 1140 4493 CA
1153 4436 1286 4493 PUT
1332 4436 1620 4490 PRIMUM.

1091 4531 1391 4584 Benedictio
1421 4528 1623 4582 Ruben.

623 4630 673 4682 1.
719 4628 895 4683 Ruben
952 4625 1321 4697 primogenitus
1376 4638 1556 4687 meus;
1597 4630 1650 4672 tu
1700 4620 1878 4689 fortitn
1910 4624 1950 4674 ὀ
2004 4638 2143 4689 nam,

546 4732 594 4777 et
622 4723 930 4795 principium
961 4719 1157 4772 doloris
1188 4719 1282 4771 mei
1308 4734 1324 4770 .'
1342 4718 1483 4787 prior
1532 4716 1584 4769 in
1614 4714 1765 4767 donis
1789 4758 1801 4779 ,
1855 4716 2018 4785 major
2054 4717 2149 4767 int-

549 4820 690 4886 perio
724 4815 915 4887 (Ibid,
969 4813 1045 4884 5).
1084 4813 1236 4865 Patet
1291 4813 1486 4866 littera)
1530 4825 1751 4875 sensus,
1789 4810 1911 4877 quia
1963 4811 2152 4863 beatus

544 4909 713 4966 Jacob
748 4911 975 4976 primum
1000 4906 1169 4957 lilium
1195 4905 1381 4957 llubea
1415 4919 1479 4955 ex
1517 4902 1609 4956 Lia
1642 4917 1815 4955 uxore
1845 4918 1935 4951 sna
1959 4916 2151 4955 SllSt'e-

547 5006 688 5073 perit
719 5000 871 5074 (Gen.
904 5016 1069 5053 xxxix
1100 5041 1112 5063 ,
1163 4999 1252 5060 5|,
1289 4998 1429 5063 32).:
1464 5000 1555 5067 qui
1588 5000 1630 5050 si
1685 5012 1743 5051 se
1786 4997 1947 5065 digne
1998 5006 2146 5049 tanto

542 5103 1035 5168 patretractaSset,
1087 5091 1151 5145 ad
1210 5107 1331 5144 eum
1386 5092 1747 5160 primogenita
1810 5105 2145 5159 tegnumquc

540 5193 856 5260 pez'littCZ'Cl.
889 5185 1044 5241 Uade
1075 5184 1205 5238 dicit
1234 5202 1354 5236 cum
1406 5186 1801 5255 primogenitum
1830 5226 1842 5245 ,
1876 5184 2027 5253 quasi
2057 5185 2141 5237 cui

535 5287 863 5340 tleiiez'entur
912 5279 1052 5331 (luna
1108 5278 1472 5345 primogeniti.
1523 5278 1627 5329 Sed
1676 5289 1729 5331 et
1784 5277 2137 5345 fortitudinem

530 5395 681 5432 sumi
710 5392 832 5429 eum
864 5373 1114 5424 nuntiuat
1136 5412 1149 5433 ,
1175 5386 1239 5423 eo
1273 5371 1415 5438 quod
1462 5370 1633 5423 robur
1667 5369 1880 5435 imperii
1912 5369 1977 5422 ad
2013 5385 2138 5423 eum

529 5472 778 5525 debuerit
804 5467 1105 5520 declinare.
1145 5464 1267 5516 Hatc
1300 5473 1478 5515 autem
1526 5478 1632 5516 non
1681 5465 1805 5517 ideo
1847 5463 2138 5517 indicative

528 5564 791 5637 protulit,
838 5560 981 5629 quod
1026 5561 1097 5612 ita
1148 5558 1330 5612 futura
1372 5572 1496 5612 esse
1541 5558 1624 5611 vel
1662 5555 1973 5627 praevidet-it
2007 5601 2019 5623 ,
2050 5557 2134 5613 vel

596 5765 617 5787 ιι
652 5746 945 5804 Μιιτιὶθηίῐξὶ
968 5744 1142 5800 codex
1176 5741 1433 5797 mendose
1464 5740 1694 5796 habebat
1727 5756 1841 5810 ego.

588 5824 613 5861 ι)
656 5820 1001 5876 Μεινιὶαηεειιε
1036 5816 1165 5887 legit
1198 5816 1513 5870 auexerunt.

2334 4248 2385 4299 4.
2415 4244 2570 4313 Quod
2596 4260 2722 4299 vero
2752 4244 2825 4299 ait
2856 4262 2868 4298 :
2901 4244 3097 4313 eﬁ'usus
3125 4262 3176 4298 es
3206 4248 3337 4299 sicut
3364 4263 3500 4317 aqua
3531 4290 3544 4313 ,
3579 4246 3723 4301 hunc
3768 4249 3860 4301 ha-

2263 4337 2345 4394 bet
2374 4352 2590 4393 sensum
2638 4356 2649 4391 :
2694 4336 2849 4393 Sicut
2876 4354 3011 4409 aqua
3060 4354 3180 4408 qua:
3210 4352 3343 4394 vase
3387 4354 3494 4394 non
3537 4340 3857 4407 cohibetur,

2266 4450 2693 4504 auaqnaversum
2723 4434 2837 4489 ﬂuit
2861 4476 2875 4500 ,
2901 4444 2958 4488 et
3002 4435 3089 4489 ubi
3120 4434 3382 4489 declivior
3408 4434 3562 4490 locus
3600 4435 3857 4490 humilio-

2261 4545 2374 4584 rem
2398 4544 2457 4584 se
2491 4529 2804 4596 inuitauerit,
2838 4538 2953 4583 toto
2979 4529 3181 4598 impetu
3209 4528 3454 4594 decidit;
3508 4530 3580 4583 ita
3618 4540 3670 4583 tu
3716 4529 3857 4583 nulla

2262 4639 2513 4678 mensura
2547 4624 2814 4694 ronjugali
2842 4624 3120 4677 libidinem
3156 4623 3451 4677 cohibuisti
3482 4667 3496 4689 ,
3534 4622 3631 4678 sed
3664 4640 3770 4692 quo
3804 4631 3857 4677 te

2257 4716 2488 4785 impetus
2518 4718 2812 4783 voluptatis
2844 4716 3030 4770 allexit
3068 4712 3119 4782 ι),
3151 4731 3218 4770 eo
3251 4720 3526 4771 sentinam
3582 4726 3686 4770 tua:
3729 4732 3858 4771 cou-

2252 4811 2603 4879 cupisceutiaa
2654 4811 2940 4864 dd'l‘udisti.
2990 4811 3125 4865 Cum
3174 4828 3304 4865 vero
3356 4812 3636 4881 subjungit
3689 4828 3702 4866 :
3752 4828 3853 4864 non

2253 4920 2448 4959 (reseas
2480 4947 2494 4969 ,
2522 4905 2771 4973 prohibet
2799 4923 2920 4960 eum
2957 4906 3187 4960 ulterius
3211 4924 3238 4961 a
3278 4907 3365 4960 tali
3397 4920 3445 4961 et
3492 4908 3657 4961 simili
3689 4907 3854 4978 turpi-

2256 4998 2461 5053 tudine.
2493 4997 2651 5053 Unde
2669 5010 2726 5053 et
2760 5000 3025 5055 liominus
3051 5000 3116 5053 ad
3147 5000 3283 5055 Cain
3304 5020 3315 5053 :
3336 5005 3560 5073 peccasti
3586 5005 3848 5074 ?qttiesce.

2435 5096 2554 5159 Qun
2594 5107 2771 5149 autem
2816 5095 2915 5149 iSta
2967 5094 3231 5158 tendant,
3265 5097 3555 5165 subjuncta
3587 5099 3748 5153 verba
3775 5108 3852 5151 te-

2249 5198 2461 5241 stantur
2486 5205 2496 5239 :
2532 5188 2666 5254 Quin
2697 5189 2976 5242 ostendisti
3004 5188 3168 5242 Cubile
3189 5194 3351 5262 pruris
3382 5193 3478 5257 tui,
3508 5201 3554 5244 et
3579 5192 3849 5245 nmcttlastt'

2246 5290 2461 5335 stratum
2510 5284 2618 5354 ejus
2647 5280 2795 5349 (Cen.
2836 5300 2959 5338 xux
2984 5327 2997 5349 ,
3024 5282 3101 5351 4).
3135 5285 3422 5341 Manifestc
3451 5287 3599 5341 enim
3636 5288 3699 5341 iis
3730 5302 3846 5341 ver-

2247 5373 2328 5425 bis
2359 5375 2819 5440 iucesttcrimeu,
2849 5377 2991 5446 quod
3025 5376 3115 5431 ille
3158 5378 3207 5429 in
3261 5379 3474 5433 Balaam
3520 5391 3540 5417 ε
3591 5380 3847 5434 concubi-

2246 5481 2369 5518 nam
2404 5470 2572 5535 prtii‘i“
2594 5469 2676 5521 sui
2710 5471 3059 5524 commiserat
3088 5468 3245 5542 (Gen.
3274 5486 3436 5539 xxxv,
3466 5474 3586 5543 ‘29.),
3614 5489 3842 5545 exagge-

2246 5572 2414 5613 ratur.
2450 5559 2604 5627 Quod
2651 5578 2717 5616 ne
2762 5562 2848 5615 cui
2888 5560 3073 5618 forsan
3101 5563 3404 5619 violentum
3437 5564 3731 5635 videatur,
3776 5576 3839 5621 eo

2314 5756 2332 5777 τ’
2376 5741 2652 5811 Martian.,
2687 5742 2893 5796 Butam.
