4122 6346
513 303 622 361 719

1584 292 1856 355 PAULINI
1898 290 2180 350 DIACONI
2220 290 2780 352 MEDIOLANENSIS

3713 294 3814 353 720

502 422 778 489 omnibus,
821 419 918 475 sed
947 419 1275 491 quibusdam
1304 418 1523 475 soleant
1556 416 1803 483 evenire,
1836 413 2113 485 generali-
2140 411 2195 474 Α
2221 430 2358 467 meos
2389 428 2407 465 .'
2458 430 2521 467 ne
2550 414 2754 468 occidas
2781 431 2865 467 eos
2889 455 2905 480 ,
2959 430 3021 469 ne
3061 414 3274 483 quando
3303 415 3667 470 obliviscantur
3694 412 3814 483 legis

512 524 599 571 ter
630 523 811 570 tamen
847 513 1175 584 praedicere.
1239 511 1394 567 Unde
1420 519 1476 566 et
1505 510 1770 564 Dominus
1816 506 2022 562 JaCuho
2065 514 2120 561 et

512 608 749 666 Joanni:
818 606 1044 661 Potestis
1096 605 1267 660 bibere
1302 602 1519 657 calicem
1564 616 1713 671 quem
1747 618 1839 671 ego
1869 598 2117 651 bibiturus

516 703 667 757 sum?
705 700 931 755 Calicem
966 698 1177 769 quidem
1204 714 1392 761 meum,
1422 696 1532 763 ait,
1564 693 1742 749 bibetis
1775 690 1994 763 (Matth.
2026 706 2114 755 xx,

514 796 609 859 2i,
637 795 754 864 9.4).
788 794 899 851 Nec
930 805 1111 849 tamen
1144 793 1387 849 Joannes
1430 790 1661 846 calicem
1696 788 1973 860 passionis
1996 801 2121 842 san-

517 890 736 961 guinem
766 886 1046 943 fundendo
1076 886 1234 940 bibit.

593 983 645 1039 6.
689 982 967 1051 Quantum
1012 990 1190 1034 autem
1243 978 1310 1031 ad
1359 976 1669 1032 futurorum
1718 974 1957 1045 pertinet
1996 986 2123 1042 pro-

521 1076 785 1146 phetiam,
821 1090 917 1144 per
958 1072 1181 1129 Simeon
1223 1079 1281 1127 et
1319 1070 1473 1139 Levi,
1520 1069 1725 1126 Scriba:
1770 1078 1823 1124 et
1860 1064 2123 1121 Pliaristci

520 1170 920 1240 designantur:
972 1184 1038 1223 ex
1086 1167 1214 1222 Levi
1266 1182 1501 1236 namque
1535 1165 1813 1235 principes
1858 1160 2125 1218 Sacerdo-

517 1274 634 1321 tum
667 1264 837 1319 fuisse
862 1270 1032 1334 patet.
1066 1261 1173 1330 Qui
1199 1278 1325 1315 vasa
1350 1261 1645 1331 iniquitatis
1678 1258 1926 1313 bellantia
1949 1256 2122 1320 fuere,

518 1372 615 1413 cor
663 1356 951 1423 habentes,
1005 1356 1314 1410 secundum
1365 1354 1584 1408 Domini
1616 1352 2121 1423 exprobrationem,

520 1450 732 1521 plenunt
764 1449 1061 1520 iniquitate,
1097 1457 1142 1501 et
1168 1449 1357 1517 rapina
1391 1445 1545 1519 (Luc.
1570 1462 1649 1515 xi,
1683 1445 1799 1517 59).
1843 1443 2125 1498 Bellabant

520 1552 707 1597 autem
756 1540 1020 1596 adversus
1067 1540 1357 1594 Dominum
1420 1554 1532 1595 non
1586 1553 1861 1593 armorum
1922 1550 2121 1606 pugna,

520 1633 618 1688 sed
646 1632 889 1688 versutia
929 1632 1163 1699 callida,
1206 1640 1519 1703 quaerentes
1571 1630 1847 1700 quomodo
1885 1628 2124 1683 veridica

517 1727 741 1783 Domini
768 1725 934 1782 verba
962 1733 1018 1782 et
1059 1724 1201 1781 facta
1232 1726 1385 1781 falsis
1414 1734 1790 1795 expugnarent
1831 1736 2125 1793 argumen-

526 1822 618 1876 tis.

599 1916 653 1969 7.
700 1914 833 1983 Quae
866 1914 948 1968 vir
976 1922 1201 1969 sanctus
1229 1912 1510 1969 detestans
1537 1912 1615 1966 ait
1641 1929 1653 1966 :
1709 1912 1761 1964 in
1797 1909 2015 1965 consilio
2044 1924 2129 1963 eo—

528 2026 649 2064 rum
679 2026 783 2063 non
811 2014 979 2063 veniat
1002 2008 1175 2062 anima
1200 2025 1349 2073 mea;
1389 2007 1645 2064 videlicet
1673 2022 1962 2063 exsecrans
1993 2005 2127 2060 illud

527 2104 859 2171 consilium,
900 2102 1043 2173 quod
1080 2102 1249 2157 Judaei
1287 2103 1613 2173 colligentes
1640 2102 1935 2157 dicebant:
1993 2099 2131 2167 Quid

526 2198 745 2269 facimus
765 2238 780 2263 ,
832 2196 957 2267 quia
1004 2194 1089 2248 hic
1129 2195 1283 2250 homo
1314 2195 1481 2249 multa
1511 2197 1659 2269 signa
1686 2198 1808 2267 facit
1838 2196 2017 2269 (Joan.
2050 2213 2125 2263 χι,

525 2292 670 2360 47)?
710 2299 766 2347 et
791 2292 1016 2362 reliqua.
1077 2291 1145 2345 Et
1184 2292 1239 2344 in
1276 2301 1407 2346 ccetu
1459 2291 1676 2345 illorum
1715 2291 1941 2366 gloriam
1984 2308 2133 2345 suam

532 2404 642 2443 esse
672 2387 931 2453 nolebat;
969 2387 1163 2442 nolens
1190 2386 1449 2442 videlicet
1474 2386 1527 2441 in
1564 2387 1912 2442 multitudine
1939 2403 2130 2442 eorum

525 2480 776 2550 gloriari,
823 2480 915 2550 qui
966 2495 1076 2550 quo
1124 2480 1417 2549 pluriores,
1470 2496 1535 2534 eo
1584 2490 1740 2535 erant
1786 2481 2129 2537 deteriores:

526 2572 832 2643 Scriptura:
878 2588 1099 2628 sensum
1137 2573 1248 2642 jam
1284 2584 1413 2629 tunc
1454 2589 1621 2644 opere
1651 2576 1963 2645 complens,
2010 2592 2133 2646 qua:

526 2666 701 2722 dicit:
732 2665 819 2720 Ne
843 2664 1078 2738 glorieris
1100 2666 1154 2719 in
1185 2666 1311 2735 filiis
1337 2666 1573 2737 pessimis
1598 2708 1611 2730 ,
1643 2668 1688 2720 si
1723 2666 2135 2736 multiplicemur

533 2757 759 2831 (Eccles.
787 2774 897 2823 xvt,
932 2759 1009 2828 1).

606 2850 660 2907 8.
704 2850 905 2907 Reddit
929 2861 1111 2907 autem
1140 2867 1383 2921 causam,
1409 2868 1579 2922 quare
1607 2856 1897 2917 consilium
1929 2864 1985 2909 et
2015 2870 2129 2910 coe-

536 2956 651 3003 tum
685 2948 873 3002 talium
908 2945 1257 3003 abominetur
1282 2990 1296 3013 ,
1350 2946 1582 3003 dicendo
1609 2948 1631 3001 :'
1678 2948 1815 3015 Quia
1861 2950 1914 3001 in
1959 2949 2137 3018 furore

529 3058 626 3095 suo
654 3043 950 3096 occiderunt
993 3042 1159 3095 virum
1179 3084 1193 3107 ,
1227 3049 1275 3093 et
1316 3041 1370 3094 in
1400 3040 1662 3095 voluntate
1686 3057 1779 3095 sua
1810 3040 2136 3108 suﬂ'oderunt

536 3152 763 3189 murum.
819 3134 879 3189 In
927 3134 1111 3190 furore
1157 3148 1391 3203 namque
1436 3149 1537 3189 suo
1569 3133 1891 3189 occiderunt
1919 3132 2131 3201 Virum,

532 3229 796 3284 videlicet
834 3228 1125 3283 Dominum
1159 3198 1531 3293 Salvatorem,
1577 3228 1645 3281 de
1691 3242 1802 3295 quo
1845 3198 2136 3283 Zacharias
2161 3198 2208 3263 ε

534 3321 653 3374 ait:
702 3317 838 3374 Ecce
884 3320 1001 3373 vir:
1069 3318 1255 3373 Oriens
1295 3336 1483 3373 nomen
1524 3318 1675 3391 ejus(
1704 3318 1866 3373 Zaclt.
1902 3336 1975 3385 vl,
2007 3320 2134 3391 12),

537 3412 827 3468 clamando
873 3412 939 3466 ad
988 3412 1261 3467 Pilatum:
1320 3412 1480 3477 tolle,
1528 3412 1685 3477 tolle,
1732 3412 1980 3484 cruciﬁge
2026 3428 2140 3465 eum

537 3506 727 3579 (Joan.
787 3522 901 3570 XIX,
958 3504 1068 3576 15).
1140 3507 1203 3559 Ει
1258 3506 1311 3558 in
1360 3506 1628 3558 voluntate
1673 3522 1767 3558 sua
1817 3504 2141 3571 suﬂoderunt

538 3615 769 3664 murum,
800 3596 925 3668 quia
952 3596 1297 3651 voluntatem
1328 3613 1480 3651 suam
1519 3595 1858 3665 complentes
1888 3639 1901 3663 ,
1958 3596 2143 3650 Domi-

540 3708 675 3748 num
708 3702 763 3747 et
788 3691 1217 3757 crueilixerunt,
1266 3702 1322 3745 et
1373 3691 1513 3744 latus
1558 3689 1679 3758 ejus
1710 3690 2141 3744 terebraverunt.

542 3785 649 3852 Qui
681 3800 858 3837 murus
892 3793 1079 3837 noster
1098 3781 1222 3852 jure
1253 3792 1497 3850 vocatur,
1546 3782 1668 3851 quia
1701 3781 1999 3835 munimine
2026 3781 2146 3850 ejus

544 3879 615 3932 ab
661 3876 1089 3932 adversitatibus
1141 3877 1383 3930 hostium
1415 3876 1741 3946 spiritalium
1785 3875 2142 3931 custodimur.

543 3971 624 4025 De
668 3985 778 4041 quo
824 3978 1030 4024 sanctae
1068 3969 1332 4025 Ecclesiae
1376 3968 1778 4041 repromittitur
1806 3970 1890 4025 bis
1922 3970 2141 4026 verbis:

545 4060 677 4117 Urbs
706 4062 1025 4133 fortitudinis
1058 4072 1247 4117 nostra:
1270 4063 1400 4118 Sion
1430 4060 1678 4118 Salvator
1703 4080 1722 4117 :
1756 4074 1976 4133 ponetur
2002 4066 2057 4118 in
2082 4081 2143 4120 ea

541 4172 741 4225 murus,
776 4164 823 4207 et
851 4155 1176 4210 antemurale
1207 4155 1343 4227 (lsa.
1376 4174 1522 4222 XXVI,
1560 4157 1636 4227 1).

616 4252 669 4305 9.
712 4249 869 4316 Quod
923 4250 1125 4325 factum
1174 4250 1257 4306 vir
1287 4262 1507 4307 sanctus
1551 4251 1886 4307 validissimo
1925 4254 2148 4325 cuspide

546 4340 954 4397 maledictionis
978 4340 1241 4408 co'nfodit,
1274 4343 1460 4400 dicens
1488 4362 1502 4398 :
1538 4342 1853 4398 Malediclus
1886 4347 2031 4415 furor
2057 4363 2145 4400 eo-

541 4453 691 4504 rum,
723 4438 845 4508 quia
873 4440 1139 4509 pertinax;
1178 4448 1227 4493 et
1256 4440 1549 4512 indignario
1576 4438 1813 4506 illorum,
1848 4442 1969 4509 quia
1990 4441 2143 4494 dura.

545 4531 813 4587 Furorem
843 4547 1081 4603 namque
1103 4532 1436 4602 pertinacem
1467 4531 1795 4599 habuerunt,
1821 4540 1874 4585 et
1900 4532 2144 4601 indigna-

545 4623 751 4678 tionem
793 4608 1028 4691 duram,
1079 4623 1204 4693 quia
1254 4638 1356 4679 nec
1407 4639 1501 4692 per
1552 4622 1820 4677 miracula
1865 4622 2049 4678 divina
2078 4624 2143 4677 ad

547 4715 885 4770 credendum
908 4730 1035 4770 eum
1070 4715 1242 4770 Deum
1278 4715 1501 4783 perduci
1533 4725 1850 4784 potuerunt,
1885 4732 1985 4771 nec
2016 4728 2150 4771 tam-

548 4826 712 4881 quam
746 4810 1025 4865 innocenti
1058 4809 1271 4863 homini
1318 4820 1373 4865 et
1414 4810 1549 4863 nihil
1580 4825 1674 4863 eos
1701 4810 1939 4875 laedenti,
1982 4828 2151 4883 usque

550 4903 621 4956 ad
648 4911 882 4959 mortem
914 4904 1303 4973 persequendo
1333 4914 1719 4973 pepercerunt.

626 4994 713 5049 10.
754 4994 911 5061 Quod
962 5010 1094 5049 vero
1126 4995 1405 5066 subjungit
1434 5014 1448 5051 :
1492 4996 1732 5051 Dividam
1768 5015 1851 5053 eos
1878 4998 1932 5053 in
1960 4999 2148 5069 Jacob,

548 5097 597 5141 st
630 5088 926 5157 dispergam
956 5088 1074 5142 illos
1101 5091 1156 5143 in
1188 5088 1397 5157 Israel;
1442 5093 1545 5147 hoc
1574 5103 1676 5157 est,
1706 5094 1849 5165 quod
1886 5112 2027 5151 nunc
2071 5097 2150 5151 vi-

550 5184 766 5239 demus.
801 5182 1001 5238 lisdem
1026 5186 1257 5255 populus
1284 5195 1515 5255 paterno
1542 5188 1661 5243 solo
1689 5188 2069 5245 exha-redatus
2098 5193 2150 5247 in

550 5285 778 5332 cunetas
806 5289 1021 5346 gentes,
1043 5277 1114 5331 ob
1146 5278 1516 5334 testimonium
1548 5282 1893 5337 credulitatis
1922 5295 2147 5352 nostra,

548 5368 795 5439 perﬁdia:
832 5383 946 5424 sua:
985 5383 1177 5439 poenas
1222 5371 1342 5425 luit.
1396 5373 1552 5439 Quod
1580 5385 1633 5428 et
1664 5374 1855 5429 beatus
1885 5374 2052 5430 David
2096 5378 2150 5433 in

544 5462 759 5530 psalmo
799 5476 871 5516 ex
922 5477 1158 5531 persona
1211 5464 1423 5519 Domini
1477 5467 1646 5520 nostri
1681 5467 2027 5537 praplietavit
2068 5471 2151 5525 di-

544 5552 757 5609 cendo:
805 5553 945 5608 Deus
986 5572 1129 5610 meus
1159 5556 1523 5611 demonstravit
1560 5560 1687 5614 mihi
1718 5578 1875 5632 super
1916 5564 2150 5621 inimicos

613 5776 638 5803 ιι
682 5763 935 5836 Fortasse
966 5764 1257 5836 legendum
1281 5774 1366 5822 est
1392 5783 1533 5821 usus.

612 5836 639 5875 δ
685 5834 779 5890 Vel
810 5834 1079 5909 processit.

2224 520 2362 565 tua:
2408 510 2647 581 disperge
2691 526 2778 563 eos
2828 512 2880 564 in
2928 511 3116 565 virtute
3163 520 3255 565 tua
3300 510 3472 583 (Psal.
3513 525 3661 576 Lvtn,
3709 509 3815 579 1‘2).

2222 602 2370 657 Bene
2399 612 2579 657 autem
2614 602 2777 656 dividi
2807 602 3063 657 dicuntur
3093 606 3145 657 in
3176 601 3343 657 Jacob
3369 647 3383 671 ,
3425 612 3472 657 et
3517 603 3738 673 dispergi
3766 603 3818 656 in

2224 692 2428 761 Israel;
2457 695 2581 765 quia
2616 704 2803 749 sancta
2838 694 3086 751 Ecclesia
3120 711 3245 764 quae
3276 696 3531 750 vitiorum
3562 695 3817 764 supplan-

2226 787 2392 841 tatrix
2441 796 2563 853 est,
2611 786 2785 842 Jacob
2812 786 2934 856 jure
2965 796 3229 855 vocatur;
3259 796 3313 842 et
3344 803 3467 857 qua:
3495 787 3695 841 mentis
3729 802 3819 853 pu-

2225 882 2387 937 ritate
2413 881 2585 937 Deum
2610 882 2801 937 videre
2830 882 3040 948 nititur,
3071 881 3293 938 lsraelis
3322 880 3591 937 vocabulo
3622 894 3821 935 nuncu-

2229 984 2417 1046 patur;
2452 991 2545 1045 per
2573 991 2734 1046 quam
2767 974 2940 1031 Judrei
2969 975 3133 1030 divisi
3161 986 3219 1031 et
3249 975 3481 1046 dispersi
3508 982 3819 1045 pererrant;

2227 1085 2349 1139 qua:
2381 1068 2434 1124 in
2466 1080 2703 1139 quatuor
2732 1068 2857 1125 coeli
2905 1069 3150 1139 partibus
3190 1068 3391 1125 ditl'usa
3422 1084 3520 1125 eos
3552 1067 3824 1138 vagabun-

2229 1164 2329 1219 dos
2363 1163 2607 1235 quotidie
2635 1167 2891 1220 sustinet.

2772 1256 3106 1314 CAPUT
3174 1257 3288 1313 ΙΙΙ.

2769 1350 3073 1406 Benedictio
3111 1350 3294 1406 ludar.

2303 1447 2356 1499 1.
2398 1444 2578 1514 Juda,
2626 1454 2674 1497 te
2706 1445 2995 1499 laudabunt
3034 1446 3225 1516 fratres
3268 1446 3389 1499 tui:
3432 1462 3615 1499 manus
3642 1455 3743 1500 tua:
3776 1446 3827 1501 in

2230 1540 2510 1594 cervicibus
2547 1540 2881 1595 inimicorum
2920 1550 3146 1597 tuorum.
3194 1542 3501 1596 Adorabunt
3530 1553 3581 1597 te
3610 1541 3709 1611 ﬁlii
3738 1561 3828 1613 pa-

2237 1634 2327 1688 tris
2356 1634 2432 1687 tui
2488 1632 2643 1706 (Gen.
2670 1652 2817 1703 xux,
2850 1636 2930 1706 8).
2976 1636 3070 1691 His
3121 1637 3309 1693 verbis
3356 1636 3623 1692 modestia
3674 1636 3829 1706 hujus

2233 1727 2335 1780 viri
2364 1728 2671 1783 secundum
2705 1730 2944 1784 litteram
2980 1731 3214 1801 pariter,
3246 1743 3303 1786 et
3328 1732 3525 1786 virium
3559 1732 3717 1801 copia
3741 1731 3832 1785 de-

2158 1807 2611 1877 Bmonstratur:
2665 1822 2793 1893 quia
2848 1823 3106 1879 videlicet
3159 1834 3217 1880 et
3264 1824 3506 1881 civiliter
3552 1824 3830 1880 tractando

2230 1928 2354 1969 cum
2389 1914 2654 1971 fratribus
2674 1962 2686 1984 ,
2716 1932 2778 1971 ea
2811 1916 3080 1972 modestia
3103 1918 3255 1972 visus
3282 1928 3306 1955 α
3332 1930 3444 1986 est,
3476 1926 3535 1973 ut
3563 1934 3592 1972 a
3622 1918 3831 1973 cunctis

2230 2008 2391 2064 laude
2422 2008 2624 2079 dignus
2648 2009 2945 2065 haberetur
2972 2028 2985 2065 :
3020 2012 3163 2082 quod
3190 2010 3414 2067 difficile
3438 2020 3556 2077 est;
3584 2012 3727 2066 inter
3754 2020 3831 2066 tot

2232 2103 2446 2158 scilicet
2478 2102 2676 2157 fratres
2707 2104 2953 2158 omnium
2989 2107 3202 2167 animos
3247 2106 3453 2161 habere
3492 2105 3831 2160 conciliatos.

2234 2197 2341 2255 Sed
2373 2206 2428 2253 et
2460 2198 2781 2255 fortitudine
2814 2201 2949 2256 adeo
2980 2202 3303 2271 abundavit,
3356 2212 3415 2257 ut
3440 2203 3683 2258 cervices
3710 2217 3835 2259 suo-

2237 2307 2356 2345 rum
2385 2290 2609 2347 ﬂectere
2640 2293 2849 2349 valeret
2877 2293 3248 2349 inimicorum.
3306 2295 3461 2361 Quod
3496 2307 3682 2350 autem
3723 2296 3833 2351 clo-

2235 2386 2461 2455 quentia
2512 2386 2810 2455 plurimum
2859 2386 3130 2455 valuerit,
3179 2396 3414 2443 testatur
3469 2389 3692 2455 oratio,
3734 2402 3832 2459 qua

2236 2492 2391 2532 suam
2424 2493 2761 2548 suorumque
2790 2495 2975 2535 coram
3018 2480 3223 2551 Joseph
3255 2481 3513 2552 allegavit
3542 2482 3835 2538 necessita-

2239 2579 2347 2626 tem
2385 2570 2541 2641 (Gen.
2578 2587 2707 2639 xui,
2742 2588 2874 2627 xun
2905 2583 2949 2626 et
2984 2573 3159 2644 xuv).
3213 2572 3410 2627 Narrat
3448 2583 3713 2644 przeterea
3747 2573 3835 2629 Jo-

2238 2664 2444 2732 sepbus
2475 2664 2950 2736 historiographus
2973 2713 2985 2735 ,
3032 2665 3215 2721 verbis
3254 2682 3377 2722 eum
3405 2669 3652 2739 potuisse
3678 2683 3835 2738 quam

2214 2758 2560 2827 plurimum.
2604 2760 2781 2815 Porro
2830 2770 3013 2815 autem
3062 2762 3206 2830 quod
3238 2764 3439 2819 robore
3472 2764 3615 2818 inter
3646 2765 3837 2819 fratres

2239 2866 2369 2907 suos
2416 2851 2647 2907 eximius
2698 2854 3021 2921 haberetur,
3079 2862 3357 2909 testantur
3400 2855 3571 2910 Verba
3618 2856 3836 2924 dierum,

2239 2960 2360 3014 qua:
2394 2945 2496 2998 hoc
2524 2945 2688 2999 modo
2721 2946 2968 3001 referunt
2995 2964 3005 2999 :
3061 2947 3228 3000 Porro
3270 2946 3442 3001 ludas
3469 2950 3561 3019 qui
3589 2958 3698 3003 erat
3730 2950 3836 3019 for-

2240 3037 2467 3092 tissimus
2512 3039 2645 3091 inter
2696 3040 2887 3109 fratres
2932 3056 3088 3105 suos,
3144 3040 3210 3093 de
3249 3041 3411 3111 stirpe
3440 3043 3555 3111 ejus
3579 3042 3839 3111 principes

2240 3133 2516 3205 germinati
2544 3143 2662 3187 sunt
2690 3133 2732 3205 (l
2766 3132 2947 3187 Paral.
2978 3150 3032 3203 v,
3058 3133 3094 3187 2
3118 3133 3155 3204 ).
3192 3132 3346 3201 Quod
3372 3143 3558 3188 autem
3588 3134 3839 3203 subjicit:

2243 3227 2547 3281 Adorabunt
2574 3238 2622 3281 te
2649 3228 2751 3297 ﬁlii
2773 3230 2934 3299 patris
2956 3229 3052 3293 tui,
3089 3238 3279 3296 aperte
3308 3244 3533 3299 regnum
3567 3228 3710 3298 quod
3737 3228 3841 3282 Ru-

2240 3322 2345 3375 ben
2370 3320 2867 3382 abstuleratJuda:
2896 3320 3247 3375 concredidit
3276 3320 3633 3388 dicens,eum
3656 3338 3686 3375 a
3718 3321 3842 3375 reli-

2245 3416 2369 3486 quis
2399 3416 2655 3470 fratribus
2678 3415 2793 3472 suis
2840 3416 3219 3473 adorandum:
3260 3415 3406 3487 quod
3450 3417 3615 3489 regine
3655 3418 3841 3487 utique

2246 3511 2497 3581 congruit
2531 3510 2807 3581 dignitati.

2318 3605 2372 3659 2.
2416 3605 2640 3676 Myslice
2683 3615 2870 3661 autem
2920 3621 3017 3677 per
3044 3605 3241 3661 Judam
3274 3605 3367 3661 ille
3392 3606 3504 3675 jam
3544 3613 3676 3660 tunc
3710 3620 3841 3675 prm-

2248 3701 2609 3771 figurabatur,
2662 3703 2753 3770 qui
2798 3701 2867 3757 de
2918 3702 3037 3771 ejus
3086 3702 3256 3771 stirpe
3284 3700 3589 3757 secundum
3624 3715 3839 3756 carnem

2250 3804 2412 3851 natus
2442 3804 2527 3851 est
2552 3842 2564 3863 ,
2616 3796 2881 3852 Dominus
2908 3806 2962 3852 et
2988 3796 3242 3851 Salvator
3271 3807 3490 3865 noster;
3545 3811 3705 3866 quem
3732 3796 3846 3850 lau-

2250 3888 2395 3945 dant'
2412 3889 2611 3944 fratres
2640 3891 2722 3945 sui
2755 3905 2973 3955 omnes,
3008 3890 3260 3946 videlicet
3290 3890 3341 3943 in
3372 3905 3497 3945 eum
3527 3887 3839 3944 credentes:

2250 3984 2399 4039 unde
2450 3984 2564 4053 ipse
2611 3983 2819 4054 primus
2867 3985 2922 4038 in
2968 3983 3077 4039 illis
3106 3984 3285 4054 quiin
3326 3998 3449 4037 eum
3475 3982 3841 4046 crediderunt,

2251 4094 2281 4133 a
2322 4088 2680 4133 monumento
2730 4094 2825 4149 per
2854 4079 3111 4134 mulieres
3144 4078 3457 4133 mandatum
3489 4078 3723 4144 direxit,
3767 4077 3847 4131 di-

2252 4173 2428 4229 cendo
2456 4191 2468 4226 :
2533 4171 2558 4225 Ι
2569 4182 2616 4226 te
2638 4214 2653 4238 ,
2711 4183 2759 4226 et
2799 4173 2955 4227 dicite
2982 4172 3229 4243 fratribus
3254 4173 3379 4226 meis
3412 4170 3628 4243 (Matth.
3658 4185 3844 4237 xxvm,

2254 4266 2368 4337 10).
2450 4265 2529 4322 Ne
2584 4275 2771 4321 autem
2816 4275 3111 4337 putemus,
3165 4266 3305 4319 hane
3347 4264 3671 4335 dignitatem
3719 4263 3847 4319 solis

2252 4360 2519 4431 apostolis
2568 4360 2911 4430 attributam,
2944 4368 2999 4413 ut
3033 4359 3231 4414 fratres
3263 4359 3380 4427 ejus
3408 4366 3704 4423 vocentur;
3738 4359 3849 4427 ipse

2252 4456 2356 4510 hac
2386 4456 2650 4525 dignitate
2682 4456 2969 4511 donandos
2991 4470 3184 4509 omnes
3214 4455 3305 4525 qui
3340 4454 3392 4509 in
3423 4470 3548 4509 eum
3582 4456 3848 4519 credunt,

2256 4559 2490 4606 testatur
2519 4551 2757 4606 dicendo
2784 4569 2797 4605 :
2848 4551 3173 4620 Quicumque
3200 4550 3375 4621 fecerit
3405 4550 3717 4604 voluntatem
3745 4547 3848 4602 Pa-

2253 4644 2344 4695 tris
2365 4644 2463 4697 mei
2491 4644 2579 4709 qui
2605 4643 2659 4697 in
2682 4644 2823 4698 caelis
2850 4654 2943 4710 est,
2976 4644 3088 4711 ipse
3116 4659 3261 4698 meus
3286 4644 3465 4713 frater,
3494 4660 3641 4697 soror
3669 4652 3713 4696 et
3742 4659 3849 4695 ma-

2248 4742 2329 4787 ter
2357 4742 2429 4787 est
2456 4734 2672 4805 (Matth.
2702 4751 2800 4803 ιιι,
2834 4736 2949 4803 50).
2981 4735 3161 4805 Ipsum
3194 4750 3325 4805 ergo
3356 4735 3581 4789 laudant
3608 4734 3841 4802 fratres;

2252 4826 2702 4883 videlicetomnis
2732 4830 2995 4895 Ecclesia,
3030 4843 3151 4897 qua:
3181 4828 3359 4883 adhuc
3391 4844 3421 4882 a
3441 4830 3648 4884 caelesti
3679 4827 3848 4885 luere-

2252 4920 2418 4975 ditate
2448 4924 2667 4977 exsulat
2706 4924 2761 4978 in
2814 4926 2975 4978 terris
3000 4964 3014 4988 ,
3063 4923 3177 4978 sive
3200 4939 3323 4993 quae
3369 4924 3481 4993 jam
3512 4925 3792 4994 praecessit
3820 4922 3846 4960 δ

2253 5016 2320 5071 ad
2349 5017 2539 5071 C(BlOS.
2573 5018 2726 5075 Unde
2754 5020 2995 5089 psalmus
3022 5038 3033 5073 :
3066 5018 3302 5073 Laudent
3332 5018 3483 5073 illum
3509 5020 3627 5073 coeli
3645 5028 3694 5073 et
3718 5028 3851 5073 terra

2256 5108 2432 5180 (Psal.
2465 5128 2657 5177 vant,
2692 5115 2804 5185 55).
2838 5114 2906 5169 Et
2935 5116 2987 5169 in
3017 5114 3344 5186 Apocalypsi
3374 5114 3655 5170 Joannes:
3712 5114 3852 5169 Lau-

2256 5202 2370 5255 dent
2398 5204 2549 5259 dicite
2569 5203 2676 5259 Deo
2700 5217 2899 5275 nostro,
2931 5224 3109 5261 omnes
3136 5209 3272 5262 servi
3302 5211 3435 5281 ejus,
3470 5217 3517 5262 et
3546 5208 3636 5276 qui
3664 5209 3851 5262 timetis

2254 5313 2393 5361 eum,
2427 5300 2606 5367 pusilli
2634 5312 2680 5355 et
2714 5302 2887 5372 magni
2943 5302 3130 5371 (Apoc.
3165 5318 3277 5368 nx,
3309 5302 3385 5374 5).
3415 5300 3582 5373 Cujus
3614 5316 3636 5344 ο
3672 5319 3851 5357 manus

2251 5390 2307 5441 in
2336 5392 2616 5447 cervicibus
2646 5395 2980 5449 inimicorum
3006 5400 3120 5463 eius
3145 5407 3309 5461 sunt;
3357 5398 3479 5469 quia
3505 5444 3518 5467 ,
3552 5396 3851 5454 secundum

2254 5481 2531 5555 Evangelii
2564 5490 2935 5544 testimonium
2962 5508 2976 5545 :
3017 5490 3204 5545 Omnia
3236 5493 3377 5546 dedit
3405 5493 3453 5546 ei
3482 5490 3644 5545 Pater
3665 5492 3718 5545 in
3746 5508 3851 5544 ma-

2254 5592 2351 5631 nus
2378 5576 2555 5647 (Joan.
2595 5597 2712 5650 xm,
2744 5582 2822 5655 5).
2857 5584 2978 5655 ipse
3004 5585 3170 5641 etiam
3200 5585 3285 5641 bis
3316 5584 3502 5641 verbis
3541 5586 3847 5651 consentit,

2316 5790 2335 5815 ε
2368 5772 2572 5852 Nempe
2603 5782 2817 5838 Christi.
