4122 6346
310 352 406 412 721

1062 362 1152 418 DE
1193 362 1821 427 BENEDICTIONIBUS
1850 369 2456 432 PATRIARCHARUM
2490 376 2846 437 LIBELLUS.

3511 389 3619 446 722

309 473 579 530 dicendo:
639 476 779 531 Data
813 486 883 533 est
923 480 1051 533 mihi
1081 483 1248 535 omnis
1277 491 1502 547 potestas
1532 485 1587 540 in
1618 487 1744 541 caelo
1773 496 1824 541 et
1853 489 1908 542 in
1935 490 1991 551 Α
2014 504 2120 557 que
2168 491 2236 546 ad
2285 492 2659 549 Aristobulum
2707 504 2931 551 ventum
2979 507 3081 565 est,
3133 501 3225 571 qui
3257 503 3469 574 primus
3497 515 3624 575 post

310 575 443 622 terra
472 567 692 640 (Matth.
725 587 922 639 χχχιιι,
958 573 1070 643 18).
1104 573 1175 629 Et
1202 575 1360 632 Pater
1381 577 1446 633 ad
1473 593 1597 634 eum
1623 581 1864 651 loquitur
1890 600 1904 636 :

310 657 448 716 Sede
468 678 500 713 a
531 662 728 717 dextris
757 667 906 734 meis,
930 666 1093 720 donec
1113 686 1300 737 ponam
1317 672 1554 728 inimicos
1569 683 1684 729 tuos
1710 675 1910 730 scabel-

307 750 416 807 lum
456 756 649 823 pedum
693 767 898 812 tuorum
948 759 1124 830 (Psal.
1159 778 1268 830 Ctx,
1305 765 1328 819 1
1359 782 1374 832 ;
1410 765 1601 821 Matth.
1635 782 1770 833 xxii,
1798 768 1905 836 44;

307 845 433 902 Luc.
469 864 562 916 xx,
586 849 703 921 45).
750 852 920 918 Quem
945 855 1172 910 adorant
1198 858 1300 927 ﬁlii
1329 862 1492 930 patris
1520 865 1671 936 ejus;
1717 879 1908 920 omnes

307 940 564 998 videlicet
592 960 688 1014 per
734 962 856 1001 eum
889 947 1130 1018 ad0ptati
1164 950 1218 1004 in
1262 952 1502 1008 ﬁliorum
1537 955 1902 1026 dignitatem,

300 1034 451 1104 juxta
501 1038 648 1106 quod
684 1038 983 1109 Apostolus
1014 1042 1253 1112 loquitur
1283 1062 1293 1098 :
1355 1044 1423 1100 Ut
1452 1047 1507 1100 in
1537 1049 1748 1103 nomine
1777 1048 1908 1105 Jesu

303 1143 449 1182 omne
475 1146 609 1202 genu
635 1130 900 1201 ﬂectatur,
932 1133 1231 1204 cmlestium,
1261 1138 1573 1192 terrestrium
1605 1148 1650 1193 et
1672 1141 1908 1211 inferno-

300 1237 438 1277 rum.

372 1316 426 1370 5.
470 1315 772 1387 Sequitur:
834 1320 1050 1376 Catulus
1099 1323 1262 1377 leonis
1288 1322 1475 1380 Iuda:
1520 1327 1592 1380 ad
1639 1327 1901 1395 praedam,

274 1440 279 1446 -
299 1408 377 1477 ﬁli
408 1412 480 1464 mi
504 1455 518 1479 ,
575 1414 857 1468 ascendisti
879 1431 898 1470 :
951 1417 1270 1487 requiescens
1297 1419 1586 1474 accubuisti
1613 1430 1672 1473 ut
1711 1422 1812 1489 leo,
1858 1430 1906 1477 et

297 1504 448 1571 quasi
477 1504 646 1560 lea'na
680 1524 692 1559 ε
725 1510 842 1579 quis
871 1511 1139 1564 suscitabit
1181 1528 1295 1565 eum
1321 1514 1345 1567 ?
1401 1512 1676 1581 Quantum
1707 1514 1906 1571 attinet

298 1594 366 1649 ad
410 1597 759 1667 superﬁciem
803 1599 1030 1672 litterai,
1087 1602 1352 1660 fortitudo
1403 1621 1592 1676 regum
1638 1622 1666 1660 a
1727 1608 1903 1680 stirpe

295 1686 433 1744 Juda
474 1689 932 1750 descendentium
982 1711 1077 1766 per
1108 1697 1223 1753 hinc
1268 1699 1433 1755 verba
1468 1701 1898 1771 praeﬁguratur:

295 1783 518 1854 qualem
562 1785 782 1843 beatum
836 1791 1000 1845 David
1048 1792 1216 1847 fuisse
1263 1793 1517 1863 legimus,
1573 1805 1622 1850 et
1673 1796 1894 1850 beatum

2015 582 2250 639 reditum
2280 585 2348 640 de
2377 586 2680 658 Babylone,
2726 604 2850 643 cum
2884 601 3033 646 esset
3064 593 3330 662 pontifex,
3365 596 3468 651 sibi
3501 597 3620 652 dia-

2013 677 2172 732 dema
2225 680 2487 752 imposuit
2540 690 2595 738 et
2640 699 2822 754 regem
2853 699 2914 740 se
2945 685 3268 742 declaravit.
3314 687 3618 761 Itidemque

2012 784 2362 825 successores
2410 773 2559 844 ejus,
2606 790 2894 846 usquequo
2928 777 3092 832 rebus
3121 777 3364 834 Judaicis
3396 781 3619 852 lapsan-

2015 861 2179 925 tibus,
2228 873 2283 916 et
2337 865 2570 920 Ilircano
2613 865 2804 923 ultimo
2835 884 2966 938 rege
2991 869 3304 926 Judteorum
3337 874 3615 928 extremis

2015 957 2174 1012 malis
2208 968 2229 995 ο
2265 958 2473 1026 addito,
2527 978 2754 1032 regnum
2786 979 2815 1018 a
2847 961 3061 1020 Caesare
3092 969 3336 1038 Augusto
3367 967 3614 1022 Herodes

2011 1049 2318 1122 alienigena
2366 1056 2606 1124 suscepit
2660 1056 2971 1112 Judaicnm.
3013 1057 3181 1129 Cujus
3211 1071 3482 1128 tempore,
3517 1074 3610 1115 se-

2011 1143 2248 1198 cundum
2304 1145 2442 1201 hanc
2491 1147 2833 1218 prophetiam
2900 1161 2954 1204 et
3017 1150 3296 1222 Evangelii
3361 1152 3613 1207 testimo-

2013 1239 2185 1304 nium,
2224 1241 2268 1295 is
2293 1243 2381 1309 qui
2409 1243 2688 1298 mittendus
2715 1252 2826 1299 erat
2877 1243 3098 1315 (Matth.
3132 1262 3194 1312 tt,
3229 1246 3306 1319 1),
3343 1247 3611 1304 Dominus

2010 1342 2064 1388 et
2087 1333 2332 1389 Salvator
2367 1344 2555 1391 noster
2573 1337 2819 1393 advenit.

2077 1426 2130 1482 6.
2167 1426 2356 1498 Ligans
2396 1430 2464 1482 ad
2489 1430 2686 1486 vineam
2716 1432 2920 1501 pullum
2946 1450 3123 1502 suum,
3170 1445 3217 1490 et
3244 1437 3312 1490 ad
3355 1438 3531 1506 uitem,
3567 1457 3598 1494 o

2007 1517 2087 1588 ﬁli
2115 1519 2184 1570 mi
2211 1563 2224 1586 ,
2261 1520 2465 1574 asinam
2494 1539 2644 1575 suam
2671 1522 2826 1594 (Gen.
2858 1541 3006 1593 XLIX,
3050 1525 3168 1598 11).
3202 1527 3312 1582 llac
3339 1533 3619 1600 composi-

2009 1612 2157 1665 tione
2183 1612 2477 1667 verborum
2511 1614 2922 1672 demonstratur
2948 1661 2962 1685 ,
2997 1633 3105 1673 non
3139 1619 3204 1674 ad
3238 1620 3456 1689 ludam,
3486 1623 3616 1679 bea-

2007 1712 2116 1758 tum
2145 1703 2315 1759 Jacob
2347 1705 2516 1776 loqui,
2568 1709 2665 1762 sed
2712 1708 2779 1764 de
2823 1724 2890 1763 eo
2935 1709 3142 1779 utique,
3192 1714 3279 1780 qui
3332 1715 3614 1771 mittendus

2003 1806 2158 1861 erat;
2191 1798 2280 1867 qui
2308 1799 2452 1852 enim
2483 1799 2547 1852 ad
2584 1800 2752 1854 ﬁlium
2800 1802 3050 1872 loquens,
3087 1819 3116 1856 ο
3147 1805 3225 1874 fili
3255 1808 3324 1858 mi
3354 1807 3507 1877 dicit,
3556 1820 3617 1864 et

293 1877 607 1948 Ezechiam,
643 1892 698 1938 et
726 1893 960 1941 caeteros
988 1903 1236 1958 quosque
1263 1889 1354 1958 qui
1383 1888 1659 1944 divinitati
1693 1891 1891 1946 humil-
1925 1882 1973 1941 Β
1999 1891 2205 1947 addidit
2236 1893 2439 1963 pullum
2464 1904 2607 1948 tuum
2633 1895 2717 1950 vel
2749 1897 2952 1951 asinam
2976 1907 3141 1964 tuam,
3165 1900 3612 1958 manifesuissime

297 1971 432 2028 limc
459 1973 785 2033 famulantes
807 2021 821 2046 ,
866 1981 1012 2036 vires
1041 1983 1304 2047 hostium,
1333 1998 1398 2038 eo
1422 1983 1685 2049 donante,
1721 1987 1895 2041 instar

299 2065 476 2122 leonis
510 2077 566 2123 et
594 2069 784 2126 leaenae
823 2073 1180 2144 subegerunt,
1233 2085 1287 2129 et
1317 2076 1452 2130 adeo
1491 2079 1689 2132 terrori
1718 2078 1891 2134 hosti-

298 2158 401 2214 bus
431 2162 793 2228 exstilerunt,
826 2173 887 2220 ut
922 2167 1106 2221 nullus
1149 2182 1246 2222 eos
1273 2168 1528 2225 lacessire
1556 2171 1622 2224 ad
1656 2185 1892 2241 pugnam

293 2253 450 2322 quasi
499 2255 848 2321 quiescentes
907 2269 1309 2328 praesumeret:
1368 2260 1523 2330 cujus
1585 2263 1662 2317 rei
1719 2271 1891 2320 testes

292 2355 421 2400 sunt
453 2345 578 2401 libri
612 2348 843 2419 Regum.

363 2439 420 2492 4.
465 2439 671 2511 'I‘ypice
700 2451 882 2499 autetn
913 2444 1147 2499 catulum
1176 2445 1340 2501 leonis
1371 2447 1660 2505 Dominum
1700 2451 1892 2507 Salva-

297 2540 470 2587 torem
501 2535 774 2605 appellat,
805 2546 1081 2608 tamquam
1115 2540 1330 2595 leonina
1364 2552 1547 2598 ortum
1597 2547 1887 2616 prosapia;

293 2626 544 2682 videlicet
577 2631 724 2699 regia
761 2631 937 2701 stirpe
979 2634 1354 2702 progenitum.
1407 2635 1555 2692 Bene
1586 2648 1768 2694 autem
1801 2657 1890 2694 ca-

294 2721 438 2774 tulus
483 2723 644 2777 leonis
694 2734 941 2792 vocatur,
991 2727 1148 2795 cujus
1195 2737 1384 2783 natura
1425 2745 1546 2787 esse
1575 2730 1794 2800 dicitur,
1829 2745 1888 2789 ut

295 2831 525 2873 nascens
575 2820 752 2876 tribus
795 2821 991 2878 diebus
1038 2824 1309 2894 dormiat,
1345 2828 1545 2884 deinde
1578 2830 1756 2900 rugitu
1791 2845 1884 2899 pa-

290 2923 451 2994 terno
476 2919 746 2974 excitatus
771 2931 1041 2992 assurgat.
1060 2922 1193 2991 Quae
1217 2924 1390 2995 ﬁgura
1415 2927 1785 2995 pulcherrime
1801 2944 1889 2981 ar-

291 3007 436 3063 ridet
461 3009 756 3067 Dominicae
778 3014 1129 3082 dormitioni;
1155 3033 1259 3087 qua
1291 3028 1316 3055 ει
1342 3019 1514 3074 tribus
1537 3020 1734 3074 diebus
1761 3021 1886 3074 dor-

292 3101 468 3157 miens
497 3103 564 3158 ad
588 3103 806 3161 Patrem
819 3107 1042 3164 clamat:
1065 3108 1140 3162 Tn
1167 3119 1360 3178 autem,
1388 3111 1629 3179 Domine,
1652 3112 1888 3167 miserere

284 3195 409 3264 mei,
441 3206 487 3249 et
518 3200 768 3252 resuscita
796 3217 874 3255 me
902 3200 1079 3273 (Psal.
1118 3218 1208 3269 η,
1245 3204 1356 3273 11).
1386 3204 1495 3260 Sed
1531 3205 1886 3260 resuscitatus

2001 1984 2066 2039 de
2097 2001 2162 2040 eo
2194 1985 2455 2056 loquitur,
2481 2003 2640 2057 quem
2673 1991 2930 2059 superius
2977 1992 3303 2047 mittendum
3338 1995 3611 2063 praedixe-

1999 2087 2082 2132 rat
2113 2097 2124 2132 :
2169 2079 2338 2146 Quem
2373 2080 2605 2148 legimus
2633 2079 2853 2152 (Matth.
2888 2099 3004 2148 χχι,
3036 2082 3156 2155 5-7)
3199 2087 3505 2141 venientem
3551 2089 3604 2143 in

2000 2171 2336 2226 Hierusalem
2369 2173 2422 2227 in
2457 2188 2585 2229 usus
2617 2173 2872 2230 habuisse
2904 2174 3112 2230 asinam
3155 2187 3210 2232 et
3241 2179 3468 2248 pullum,
3503 2195 3606 2234 nec

1999 2277 2177 2322 tamen
2231 2284 2323 2322 eos
2372 2268 2439 2323 ad
2487 2269 2698 2324 vineam
2749 2270 2830 2325 vel
2881 2273 3046 2326 vitem
3081 2272 3247 2328 fuisse
3287 2274 3596 2346 colligatos.

1997 2358 2186 2414 Restat
2210 2376 2360 2431 ergo,
2396 2370 2453 2415 ut
2483 2361 2536 2415 in
2571 2361 2654 2416 his
2687 2363 2870 2416 verbis
2892 2363 3028 2416 nihil
3051 2363 3376 2419 historicum
3410 2365 3599 2436 requi-

1998 2462 2169 2519 ratur,
2202 2454 2298 2509 sed
2330 2465 2497 2509 totum
2534 2455 2714 2526 typice
2744 2455 2950 2510 dictum
2982 2455 3340 2527 intelligatur.
3387 2457 3600 2529 Ligavit

1995 2549 2139 2603 enim
2178 2549 2440 2605 Dominus
2462 2561 2518 2606 et
2545 2551 2798 2606 Salvator
2833 2551 2899 2606 ad
2931 2551 3144 2608 vineam
3178 2553 3384 2623 pullum
3413 2570 3596 2621 suum,

1995 2643 2214 2714 quando
2260 2644 2520 2715 populum
2574 2645 2858 2699 nationum
2928 2645 3250 2700 indomitum
3309 2648 3598 2718 praeceptis

1994 2735 2240 2791 subdidit
2285 2736 2674 2806 Apostolorum
2700 2752 2764 2793 ex
2799 2736 2955 2793 vinea
3001 2721 3228 2793 Judaica
3280 2748 3598 2808 procreato-

1995 2845 2140 2895 rum,
2191 2829 2258 2884 de
2294 2845 2399 2900 qua
2448 2831 2614 2884 Isaias
2646 2849 2657 2885 :
2696 2829 2858 2886 Vinea
2901 2831 3037 2885 enim
3068 2830 3285 2886 Domini
3323 2833 3543 2887 sabaoth
3574 2875 3589 2900 ,

1994 2925 2181 2979 domus
2208 2936 2280 2980 est
2309 2924 2480 2980 Israel
2508 2924 2645 2999 (Isa.
2679 2943 2733 2993 v,
2769 2928 2848 2997 7).
2879 2927 3142 2998 Alligavit
3179 2927 3342 2982 etiam
3390 2927 3457 2981 ad
3507 2928 3594 2982 vi-
3685 2951 3704 2981 δ

1995 3030 2124 3087 tem,
2158 3021 2209 3076 id
2243 3030 2330 3075 est
2353 3021 2676 3089 Ecclesiam,
2711 3023 2919 3077 asinam
2953 3037 3132 3087 suam,
3165 3021 3420 3077 videlicet
3448 3021 3589 3092 Syn-

1991 3129 2248 3184 agogam,
2287 3130 2447 3185 quam
2500 3116 2551 3169 in
2596 3115 2702 3170 ﬁne
2749 3116 2947 3171 saeculi
2975 3130 3006 3169 a
3047 3116 3270 3183 perfidia
3322 3129 3591 3170 revocans

1988 3209 2115 3278 jugo
2149 3209 2280 3277 legis
2313 3224 2629 3278 oppressam
2655 3209 3006 3280 discipulatui
3026 3225 3145 3263 eam
3176 3209 3372 3264 subdet
3398 3208 3593 3264 Eccle-

289 3289 355 3343 ad
389 3292 628 3360 praedam
661 3294 941 3362 ascendit;
975 3297 1098 3367 quia
1129 3297 1444 3369 cxspolians
1475 3299 1771 3367 infernum,
1799 3299 1886 3370 ju-
1912 3275 1958 3340 (ἶ
1990 3275 2107 3368 site,
2141 3275 2301 3370 atque
2330 3275 2402 3355 ita
2433 3302 2521 3370 ﬁet
2552 3318 2685 3355 unus
2707 3317 2854 3374 grex,
2885 3311 2932 3355 et
2954 3318 3087 3354 unus
3107 3310 3286 3373 pastor
3317 3299 3500 3371 (Joan.
3531 3316 3587 3367 x,

289 3394 403 3438 stos
451 3401 698 3458 quosque
729 3389 793 3444 ad
825 3404 1055 3458 superna
1087 3407 1270 3446 secum
1323 3402 1600 3461 tamquam
1645 3394 1882 3464 pratdam

287 3479 566 3549 egregiam
618 3480 1006 3552 triumphando
1038 3485 1244 3538 evexit.
1295 3483 1397 3552 Qui
1426 3495 1480 3538 ut
1518 3483 1619 3553 leo,
1647 3494 1702 3540 et
1730 3486 1882 3556 quasi

287 3578 341 3625 ut
368 3569 534 3626 letena
565 3573 844 3641 accubuit;
894 3576 1020 3645 quia
1049 3576 1141 3646 qui
1173 3576 1418 3632 dormire
1448 3592 1543 3647 per
1573 3591 1795 3633 carnem
1824 3579 1879 3632 in

285 3665 538 3733 sepulcro
569 3667 762 3731 voluit,
795 3669 947 3742 quasi
983 3669 1066 3724 leo
1098 3670 1277 3724 victor
1305 3671 1372 3726 de
1405 3669 1657 3725 hostibus
1696 3672 1882 3726 trium-

287 3753 494 3824 phavit.
524 3757 679 3825 Quod
710 3769 893 3814 autem
922 3760 1200 3830 subjungit
1226 3779 1236 3814 :
1276 3761 1402 3830 Quis
1425 3762 1691 3816 suscitabit
1731 3779 1878 3832 eum,

283 3848 628 3916 subauditur,
663 3850 765 3903 nisi
797 3849 997 3904 Pater?
1047 3850 1237 3906 Nullus
1263 3855 1407 3907 enim
1438 3869 1544 3907 non
1575 3855 1752 3908 dicam
1785 3854 1884 3909 ho-

285 3939 490 3995 minum
537 3942 895 4010 caducorum,
947 3943 1044 3998 sed
1078 3959 1176 3998 nec
1209 3945 1444 4013 quilibet
1470 3947 1803 4016 Angelorum
1828 3945 1878 4013 δ,

285 4033 388 4087 nisi
423 4034 471 4088 is
503 4035 572 4089 de
602 4050 709 4104 quo
739 4034 936 4090 Petrus
965 4036 1249 4104 apostolus
1282 4036 1417 4091 dixit
1442 4038 1645 4093 Judaeis
1673 4055 1684 4090 :
1719 4037 1882 4103 Quem

283 4125 423 4182 Deus
443 4129 711 4183 suscitavit
740 4147 773 4182 a
794 4132 1033 4193 mortuis,
1061 4133 1212 4201 cujus
1233 4149 1324 4184 nos
1353 4141 1500 4186 testes
1527 4148 1704 4187 sumus
1737 4132 1876 4201 (Act.

281 4237 362 4291 III,
399 4223 513 4295 I5).

351 4317 405 4372 5.
451 4317 576 4372 Non
615 4319 879 4389 auferetur
906 4329 1171 4387 sceptrum
1222 4320 1285 4373 de
1324 4317 1488 4384 Juda,
1540 4336 1630 4373 nec
1675 4319 1784 4371 dux
1819 4319 1882 4371 de

278 4413 556 4484 femoribus
616 4417 761 4486 ejus,
810 4413 968 4467 donec
1013 4417 1182 4468 veniat
1229 4414 1319 4485 qui
1368 4413 1647 4467 mittendus
1693 4421 1801 4467 est:
1831 4421 1882 4466 et

278 4506 386 4575 ipse
419 4507 517 4560 erit
559 4506 872 4577 exspectatio
923 4508 1151 4577 gentium
1208 4505 1361 4577 (Gen.
1399 4523 1546 4572 XLIX,
1583 4504 1695 4577 10).
1751 4507 1882 4561 11ωο

276 4603 552 4656 sententia
603 4603 811 4656 clarius
853 4603 975 4657 luce
1018 4617 1046 4655 a
1082 4602 1340 4658 ﬁdelibus
1371 4603 1714 4674 intelligitur,
1749 4603 1882 4674 quia

1993 3392 2082 3464 I6)
2111 3409 2125 3459 ;
2150 3404 2206 3449 et
2227 3394 2525 3448 secundum
2569 3393 2712 3449 beati
2743 3393 3021 3448 Zacharim
3047 3393 3440 3459 testimonium,
3473 3393 3592 3446 dua:

1987 3483 2184 3558 virgaed
2207 3488 2312 3542 illa:
2326 3486 2731 3558 copulabuntur,
2761 3495 2808 3542 et
2830 3496 2978 3541 erunt
3001 3487 3058 3541 in
3088 3488 3330 3541 unionem
3357 3487 3412 3540 in
3431 3502 3593 3540 manu

1987 3579 2222 3634 Domini.

2060 3672 2111 3725 7.
2154 3671 2368 3727 Lavabit
2397 3674 2514 3727 vino
2539 3675 2725 3727 stolam
2754 3689 2926 3736 suam,
2961 3682 3009 3726 et
3040 3673 3293 3744 sanguine
3337 3686 3450 3726 uva:
3476 3669 3595 3742 pal-

1985 3765 2114 3820 lium
2144 3784 2296 3820 suum
2328 3765 2484 3840 (Gen.
2519 3783 2673 3833 χιιι,
2709 3766 2822 3838 11).
2857 3766 3063 3821 Idioma
3096 3763 3350 3820 Hebraici
3375 3771 3594 3819 constat

1986 3873 2110 3915 esse
2156 3862 2448 3925 sermonis,
2481 3871 2536 3914 ut
2567 3875 2731 3914 unam
2780 3859 3142 3930 eamdemque
3193 3873 3310 3914 rem
3358 3857 3593 3912 diversis

1986 3953 2334 4009 sermoiiibus
2383 3962 2617 4023 repetat,
2668 3962 2729 4008 ut
2774 3953 2882 4009 hic.
2911 3954 3052 4022 Quid
3075 3961 3160 4008 est
3184 3953 3328 4008 enim
3380 3950 3590 4020 vinum,

1986 4047 2090 4100 nisi
2118 4049 2338 4117 sanguis
2370 4049 2535 4102 uvae?
2575 4048 2681 4104 Sed
2714 4058 2980 4118 quantum
3031 4049 3226 4102 litterae
3271 4045 3594 4116 superﬁcies

1985 4139 2381 4208 inconsequens
2410 4149 2494 4193 est
2520 4138 2728 4209 (nullus
2781 4139 2925 4193 enim
2958 4138 3042 4192 vel
3073 4138 3294 4206 stolam,
3343 4136 3430 4191 vel
3481 4136 3593 4207 pal-

1985 4229 2118 4283 lium
2151 4231 2279 4283 vino
2311 4229 2509 4301 lavat),
2545 4239 2752 4284 tantum
2781 4229 3014 4300 gratiori
3063 4229 3424 4298 intelligentia
3452 4229 3595 4282 inte-

1985 4322 2100 4376 rius
2147 4323 2587 4377 commendatur.
2640 4322 2893 4379 Salvator
2943 4337 3176 4392 namque
3225 4320 3351 4374 vino
3389 4319 3593 4374 stolam

1987 4429 2166 4481 suam,
2199 4425 2254 4470 et
2284 4418 2546 4484 sanguine
2585 4431 2703 4469 uva:
2752 4414 2977 4485 pallium
3028 4429 3188 4468 suum
3246 4411 3416 4476 lavit,
3466 4410 3599 4479 quia

1988 4507 2235 4578 pendens
2265 4511 2319 4563 in
2350 4523 2514 4563 cruce
2546 4509 2772 4578 proprio
2820 4508 3084 4578 sanguine
3110 4521 3324 4562 sacram
3374 4519 3598 4559 carnem

1989 4617 2108 4671 quae
2137 4601 2276 4656 stola
2309 4601 2454 4655 illius
2485 4601 2607 4663 fuit,
2644 4599 2895 4668 perfundi
2924 4601 3116 4656 voluit.

279 4696 484 4750 tamdiu
531 4711 645 4750 suae
687 4696 867 4764 gentis
929 4696 1264 4766 principibus
1300 4713 1363 4752 ac
1410 4697 1643 4753 ducibus
1682 4697 1880 4755 iisdem
1909 4667 1965 4728 Ῑ)
2061 4695 2116 4750 8.
2159 4695 2415 4766 Sequitur
2451 4713 2463 4750 :
2521 4693 2858 4750 Pulchriores
2888 4705 3007 4749 sunt
3049 4693 3190 4750 oculi
3219 4695 3336 4768 ejus
3383 4691 3523 4762 vino,
3555 4700 3603 4747 et

276 4790 509 4860 populus
541 4790 854 4860 regebatur,
903 4805 1193 4861 quousque
1237 4791 1501 4846 Dominus
1540 4801 1598 4847 et
1627 4793 1882 4848 Salvator

275 4897 465 4940 nOSIer
490 4883 725 4950 veniret,
759 4883 850 4954 qui
893 4884 1190 4940 mittendus
1221 4891 1342 4940 erat
1371 4903 1400 4938 a
1440 4885 1623 4940 Patre.
1656 4885 1759 4954 Qui
1795 4894 1882 4940 est

273 4978 589 5049 exspectatio
618 4979 887 5050 gentium;
924 4979 1045 5048 quia
1074 4976 1333 5034 videlicet
1361 4978 1567 5034 tamdiu
1599 4981 1743 5034 Deus
1775 4979 1878 5035 Pa-

277 5079 360 5125 ter
407 5081 602 5140 gentes
654 5071 720 5126 ad
769 5071 1146 5140 paenitentiam
1197 5072 1556 5142 exspectavit,
1589 5088 1877 5143 quousque

273 5178 370 5234 per
399 5165 519 5220 Filii
549 5165 633 5220 sui
661 5165 950 5242 adventum
976 5163 1041 5218 ad
1070 5166 1436 5234 cognitionem
1466 5181 1619 5221 suam
1652 5167 1722 5220 ab
1755 5166 1872 5220 ido-

272 5258 506 5314 lolatriae
529 5260 742 5314 cultura
770 5241 865 5314 eos
897 5269 1204 5315 revocaret.
1233 5257 1370 5313 Nam
1400 5261 1517 5314 sive
1546 5261 1597 5314 in
1635 5259 1864 5332 Babylo-

272 5365 398 5406 nem
435 5342 735 5406 transducti
786 5351 983 5404 fuerint
1029 5347 1240 5415 Judaei,
1285 5365 1507 5421 semper
1532 5351 1635 5406 sibi
1667 5368 1877 5422 priapo-

271 5443 364 5498 siti
395 5459 461 5498 ex
495 5458 594 5498 sua
623 5454 784 5514 gente
815 5441 1064 5496 fuerunt:
1111 5455 1210 5496 seu
1241 5443 1449 5497 reversi
1476 5459 1542 5498 ex
1572 5443 1872 5513 Babylone,

269 5557 556 5613 quousque
582 5539 824 5596 Herodes
845 5537 1156 5604 alienigena
1187 5553 1281 5592 rex
1316 5538 1398 5591 eis
1417 5540 1875 5596 consuitueretur:

269 5643 323 5690 et
361 5649 457 5705 per
503 5632 792 5704 pontiﬁces
820 5643 1037 5686 summa
1079 5641 1273 5683 eorum
1301 5629 1616 5699 regebatur,
1670 5647 1875 5702 quous-

341 5851 368 5880 ι
408 5841 506 5912 Ve!
527 5841 638 5912 qui,
671 5837 928 5912 velkquia.
965 5907 998 5912 η
1136 5905 1152 5912 _
1191 5908 1203 5912 _
1231 5904 1243 5912 _
1323 5905 1348 5912 _,

341 5912 368 5950 ι’
408 5896 638 5968 Videtur
671 5896 898 5966 verbum
929 5905 1154 5976 aliquod
1191 5904 1279 5962 hic
1306 5904 1623 5966 deSiderari.

1987 4789 2164 4845 dentes
2191 4790 2302 4861 ejus
2329 4789 2461 4842 lacte
2486 4787 2819 4843 candidiores
2851 4785 3048 4856 (lbid.,
3098 4787 3212 4859 12).
3268 4784 3420 4842 Oculi
3472 4784 3599 4842 Sal-

1984 4883 2191 4939 vatoris
2237 4883 2584 4954 pulchriores
2644 4882 2772 4937 vino
2821 4882 3226 4953 praedicantur,
3279 4882 3405 4953 quia
3450 4880 3592 4937 dona

1982 4977 2221 5047 Spiritus
2251 4980 2423 5035 sancti
2453 4995 2573 5050 quae
2599 4994 2698 5049 per
2727 4977 3002 5033 Christum
3049 4975 3428 5047 conferuntur,
3462 4991 3590 5048 spe-

1981 5073 2220 5127 ciosiora
2253 5074 2384 5128 vino
2412 5073 2570 5143 legali
2601 5071 3053 5142 comprobantur.
3102 5069 3237 5126 Nam
3269 5069 3414 5141 quod
3446 5069 3588 5125 oculi

1981 5163 2286 5220 Salvatoris
2308 5166 2455 5219 dona
2471 5164 2715 5233 Spiritus
2736 5164 2911 5218 sancti
2941 5163 3271 5235 signiﬁcent,
3297 5162 3590 5218 Zacharias

1981 5270 2212 5315 testatur
2226 5261 2494 5330 prepheta
2509 5258 2740 5314 dicendo
2758 5275 2770 5311 :
2790 5257 2962 5328 Super
2977 5257 3208 5328 lapidem
3224 5272 3386 5311 unum
3398 5264 3590 5327 septem

1979 5353 2120 5409 oculi
2142 5363 2262 5407 sunt
2294 5351 2478 5423 (Zach.
2513 5367 2603 5420 Ill,
2637 5351 2730 5422 9);
2781 5365 2917 5421 quos
2963 5350 3127 5405 Isaias
3173 5354 3461 5404 enumerat
3506 5346 3591 5400 di-

1978 5447 2151 5504 cendo
2187 5465 2202 5502 :
2238 5446 2472 5516 Spiritus
2501 5447 2771 5517 sapientia:
2799 5455 2844 5500 et
2871 5445 3187 5509 intellectus,
3223 5444 3437 5516 spiritus
3463 5459 3589 5497 con-

1979 5541 2086 5597 silii
2115 5552 2160 5595 et
2187 5539 2534 5612 fortitudinis,
2565 5540 2780 5610 spiritus
2805 5539 3032 5593 scientia:
3057 5546 3102 5592 et
3132 5536 3359 5606 pietatis,
3397 5543 3445 5588 et
3472 5534 3585 5603 spi-

1979 5636 2115 5691 ritus
2138 5635 2338 5689 timoris
2362 5631 2576 5688 Domini
2599 5633 2737 5706 (Isa.
2764 5649 2840 5699 x1,
2886 5633 2943 5699 2,
2975 5631 3058 5702 5).
3101 5629 3202 5696 Qui
3244 5627 3587 5698 pulchriores

2054 5853 2076 5881 ο
2107 5841 2275 5897 Forte
2299 5841 2530 5896 addicto.

2052 5911 2078 5949 ⁸³
2114 5914 2209 5969 Vel
2240 5913 2340 5967 illi.
