4122 6346
548 374 657 432 'li3

1626 362 1905 427 βΑυιλΝι
1948 354 2221 423 DlACiiNi
2264 354 2819 430 MEDIOLANENSIS

3753 370 3855 428 79.1

550 508 682 556 sunt
710 498 841 555 vino
874 494 1029 567 legali
1064 493 1286 567 quodin
1317 492 1521 563 nuptiis
1544 489 1736 546 deiecit
1771 485 1951 559 (Joan.
1987 500 2044 550 ιι,
2077 482 2156 554 τι),
2187 496 2241 560 Α
2265 485 2563 541 crescendo
2616 500 2789 558 usque
2854 489 2919 543 ad
2984 488 3211 561 populos
3278 486 3500 546 devenit
3552 489 3853 561 gentilium.

550 595 674 663 quia
725 588 1005 663 perlegens
1046 586 1274 662 cognitio
1311 583 1507 658 peccati
1550 580 1726 653 (Rom.
1760 595 1839 647 ut,
1876 578 1965 647 ιο)
1990 619 2004 642 ,
2050 590 2149 647 per

552 684 782 756 gratiam
814 691 994 737 autem
1031 679 1272 748 Spiritus
1322 674 1497 731 sancti
1548 673 1708 728 nobis
1729 672 1851 742 ejus
1896 669 2152 725 remissio

551 775 920 832 contionatur.
956 770 1023 825 Et
1054 769 1350 824 secundum
1396 764 1772 836 Evangelium,
1806 764 1890 818 leae
1930 760 2148 830 quidem

553 884 646 937 per
664 865 897 937 Moysem
919 865 1041 917 data
1069 869 1163 927 est,
1188 860 1358 932 gratia
1379 866 1562 913 autem
1584 866 1631 912 et
1655 859 1836 911 reritas
1858 871 1949 929 per
1973 854 2150 909 Jesnm

552 958 813 1015 Christum
845 956 1023 1023 (least.
1061 971 1094 1018 ι,
1136 956 1241 1023 l7).

620 1054 675 1108 9.
719 1050 874 1120 Quod
904 1060 1087 1104 autem
1115 1045 1317 1101 dicitur
1350 1062 1361 1098 :
1396 1042 1468 1098 Et
1504 1044 1683 1097 dentes
1709 1044 1819 1114 ejus
1843 1042 1979 1097 lacte
2020 1056 2151 1095 cau-

554 1148 779 1204 didiores
814 1165 826 1199 :
875 1159 975 1215 per
1001 1144 1179 1196 dentes
1224 1140 1613 1211 praedicatores
1648 1139 1769 1191 novi
1816 1134 2151 1191 Testamenti

550 1243 753 1299 debent
781 1239 1040 1309 intelligi,
1073 1236 1164 1308 qui
1197 1232 1355 1290 cibos
1385 1233 1659 1305 spiritales
1707 1230 2150 1293 comminuettdo,

550 1336 604 1393 id
636 1344 721 1391 est
752 1332 1099 1404 exponendo,
1134 1329 1301 1385 multa
1348 1328 1508 1383 nobis
1540 1327 1788 1398 perutilia
1822 1329 1871 1379 in
1905 1332 2155 1379 ventrem

550 1428 830 1485 memoriae
859 1426 1258 1482 transmittunt.
1306 1422 1413 1478 Lac
1440 1431 1622 1477 autem
1659 1420 1907 1475 doctrina
1957 1419 2155 1474 veteris

551 1522 888 1578 Testamenti
915 1535 1020 1575 non
1052 1520 1354 1587 incongrue
1376 1515 1664 1585 accipitur,
1723 1527 1843 1585 qum
1874 1510 2157 1584 incipienti

550 1619 755 1689 populo
781 1616 961 1672 adhuc
991 1615 1057 1670 ad
1094 1614 1397 1685 perlectum
1444 1611 1626 1666 cibum
1670 1609 1912 1664 invalido
1940 1607 2155 1663 condita

548 1724 650 1770 est.
684 1711 1031 1768 Candidiores
1057 1722 1188 1779 ergo
1215 1706 1349 1762 lacte
1375 1704 1551 1760 dentes
1574 1703 1735 1760 Jesus
1776 1702 1966 1771 habet,
2021 1702 2148 1770 quia

553 1807 813 1863 Εεςςιεμίερ
829 1821 943 1861 sua:
968 1805 1353 1874 praedicatores
1379 1798 1631 1871 puritatis
1656 1797 1916 1853 munditia
1941 1795 2158 1867 conspi-

2253 580 2423 637 Sidou
2470 582 2618 637 enim
2667 584 2868 639 venatio
2918 584 3347 655 interpretatur,
3401 584 3758 656 signiﬁcans,
3800 593 3861 641 ut

2252 675 2453 731 dictum
2484 680 2598 743 est,
2628 678 2989 749 gentilitatem
3043 677 3287 737 moribus
3319 676 3507 735 ferinis
3541 678 3860 735 idololatria:

2252 771 2458 825 cultum
2490 772 2643 842 quasi
2672 770 2843 827 lustra
2878 770 3085 829 deserti
3117 782 3445 829 sectantem.
3492 772 3626 844 Quae
3680 778 3860 843 postea

2256 874 2370 919 rete
2412 864 2712 919 Dominieae
2747 865 3175 936 pra'dieationis,
3220 878 3273 922 et
3306 867 3503 920 latratu
3551 874 3861 922 sanctorum

2255 958 2649 1028 Apostolorum
2699 959 2839 1015 intra
2870 971 3132 1031 consepta
3180 970 3383 1016 sanctae
3416 958 3679 1016 Ecclesia:
3706 957 3736 1000 δ
3764 956 3858 1015 ad-

2257 1052 2397 1105 mitti
2434 1053 2656 1108 meruit.

2882 1142 3115 1205 CAPUT
3155 1136 3219 1204 v.

2763 1242 3057 1298 Benedictio
3085 1241 3353 1298 lssachar.

2335 1332 2383 1391 l.
2427 1330 2695 1403 lssachar,
2721 1337 2897 1392 asinus
2931 1339 3079 1409 fortis
3113 1335 3368 1392 accubans
3393 1330 3444 1391 in
3468 1335 3734 1392 terminos.
3772 1334 3865 1392 Vi-

2261 1424 2339 1484 dit
2395 1426 2617 1500 requiem
2646 1424 2784 1500 quod
2813 1439 2943 1486 esset
2968 1430 3123 1499 bona,
3158 1441 3208 1485 et
3235 1440 3425 1485 terram
3469 1430 3610 1495 quod
3650 1428 3862 1503 optima,

2260 1528 2315 1578 et
2341 1523 2611 1596 supposuit
2634 1522 2905 1577 humer-am
2937 1538 3084 1577 suum
3117 1516 3189 1577 ad
3208 1517 3520 1594 portandum
3541 1568 3554 1591 ,
3602 1521 3866 1594 factusque

2262 1628 2337 1672 est
2367 1618 2571 1671 tributis
2604 1617 2827 1672 serviens
2876 1615 3031 1687 (Cen.
3084 1634 3229 1682 thx,
3286 1617 3375 1682 li,
3432 1615 3544 1688 l5).
3599 1614 3706 1671 Per
3752 1614 3865 1672 ilch

2262 1710 2425 1765 verba
2456 1709 2572 1766 hare
2605 1710 2780 1765 tribus
2809 1709 3149 1782 signiﬁcatur
3171 1712 3437 1767 doctrinm
3469 1710 3606 1781 legis
3644 1722 3861 1778 operam

2262 1800 2476 1871 datura,
2511 1810 2567 1858 et
2598 1804 2900 1875 promptius
2926 1818 2987 1859 se
3017 1803 3083 1857 ad
3122 1802 3373 1858 mandata
3424 1801 3520 1859 Dei
3570 1798 3865 1857 scrutanda

553 1915 687 1958 CthS
717 1899 967 1973 perfecit.
996 1898 1130 1952 Nam
1164 1905 1427 1968 quantum
1461 1894 1605 1949 inter
1631 1902 1938 1949 SCL’lﬂiOrEs
1979 1891 2158 1945 Evan-
2192 1913 2234 1973 Β
2265 1902 2615 1956 translatus-3,
2669 1901 2883 1957 Dicitur
2929 1915 3165 1968 namque
3218 1900 3404 1954 ιιὶίίίδδρ
3452 1900 3681 1968 requiem
3733 1899 3865 1968 quod

554 1995 679 2067 gelii
710 2004 764 2049 et
792 1991 993 2064 legales
1043 1991 1210 2045 distet
1254 1987 1672 2054 observantius,
1725 1985 1917 2042 beatus
1960 1984 2158 2040 Petrus

556 2087 711 2143 testis
740 2096 847 2152 est,
881 2087 972 2155 qui
1005 2084 1083 2139 ait
1117 2099 1132 2141 :
1170 2082 1290 2138 Non
1338 2082 1582 2153 potuistis
1612 2080 1666 2135 in
1699 2080 1807 2152 lege
1830 2079 2159 2153 Justiﬁcari:

554 2182 609 2236 in
634 2179 733 2236 hoc
755 2181 923 2235 omnis
948 2180 1035 2251 qui
1061 2177 1247 2241 credit,
1267 2177 1595 2249 jus‘iﬁcatur
1618 2172 1758 2247 (Act.
1787 2189 1902 2243 xm,
1923 2174 2013 2234 53.
2042 2171 2157 2244 59).

554 2274 649 2331 ISti
680 2289 810 2345 ergo
842 2271 1033 2328 dentes
1061 2270 1277 2327 candidi
1310 2281 1456 2339 sunt,
1488 2270 1614 2341 quia
1644 2267 1796 2324 fotite
1820 2266 2161 2337 baptismatis

559 2364 753 2437 abluti,
785 2383 813 2421 a
850 2375 1199 2437 peccatorum
1230 2366 1400 2419 ncevis
1430 2363 1735 2419 redduntur
1755 2362 2055 2434 purissimi.
2085 2360 2162 2416 De

556 2460 691 2531 legis
714 2468 894 2516 autem
945 2456 1387 2514 observatorihus
1415 2455 1548 2511 nihil
1581 2457 1689 2512 tale
1732 2458 1965 2511 relertur
2001 2474 2014 2508 :
2066 2453 2162 2509 sed

558 2554 937 2610 tantummodo
968 2552 1193 2615 dicitur,
1229 2553 1353 2623 quia
1387 2551 1488 2617 Qui
1521 2550 1697 2622 fecerit
1720 2562 1801 2618 ea,
1836 2551 1965 2604 viret
1980 2551 2033 2603 in
2058 2549 2166 2604 illis

561 2645 758 2718 (Galat.
793 2662 868 2709 ιιι.
907 2640 1015 2719 l2).
1047 2647 1273 2714 Insuper
1296 2661 1485 2700 omnes
1510 2646 1597 2713 qui
1624 2646 1722 2715 legi
1747 2645 2042 2698 carnaliter
2066 2642 2164 2699 de-

558 2743 822 2804 serviunt,
847 2742 947 2799 sub
971 2740 1260 2795 maledicto
1282 2752 1431 2805 sunt,
1460 2734 1691 2794 dicendo
1728 2737 2050 2794 terribiliter
2076 2752 2167 2792 ea-

558 2837 682 2891 dem
724 2834 865 2909 Lege
896 2853 910 2890 :
944 2835 1256 2903 llaledtcttts
1285 2836 1454 2890 omnis
1480 2834 1571 2908 qui
1594 2850 1696 2889 non
1729 2834 2070 2905 permanserit
2110 2832 2168 2889 in

452 2939 473 2954 ’
556 2929 817 2987 ntandatis
840 2930 965 3003 legis
1005 2929 1198 3004 hujus,
1240 2940 1297 2985 ut
1327 2930 1489 3001 faciat
1519 2946 1579 2983 ea
1622 2942 1741 3001 qua!
1778 2928 1833 2983 in
1870 2944 1930 2982 ea
1974 2926 2169 2999 scripta

559 3034 679 3081 sunt
703 3022 882 3099 (Deut.
915 3040 1086 3093 nm,
1113 3021 1235 3097 26).

1172 3117 1404 3176 CAPUT
1455 3112 1544 3176 tv.

1063 3208 1363 3267 Benedictio
1391 3209 1654 3266 Zalmlon.

2265 2001 2392 2049 esset
2419 1992 2570 2059 bona,
2601 2002 2651 2049 et
2679 2004 2870 2050 terram
2897 1994 3037 2065 quod
3061 1993 3257 2061 aptium
3283 2009 3301 2058 ;
3346 1992 3397 2046 id
3433 2000 3537 2053 est,
3563 1999 3747 2046 mente
3777 1986 3868 2045 de-

2261 2096 2535 2161 gustasse,
2565 2103 2725 2159 quam
2752 2096 2899 2144 esset
2924 2086 3086 2144 dulce
3135 2088 3187 2143 in
3217 2086 3312 2142 Dei
3346 2087 3622 2142 mandatis
3651 2099 3867 2141 sensum

2265 2196 2554 2253 occupare.
2589 2185 2766 2251 Atque
2794 2182 2916 2237 ideo
2940 2181 3277 2251 supposuisse
3300 2182 3371 2236 ad
3414 2179 3734 2250 portandum
3777 2179 3871 2234 ltit-

2266 2293 2459 2331 merum
2492 2275 2713 2345 dicitur,
2742 2274 2795 2331 id
2828 2283 2934 2341 est,
2967 2285 3077 2331 toto
3130 2277 3420 2329 conamine
3466 2272 3533 2328 ad
3579 2271 3869 2329 sctutanda

2266 2374 2436 2430 divini
2466 2374 2616 2429 verbi
2651 2374 2869 2446 eloquia
2921 2382 3159 2429 mentem
3213 2373 3613 2428 transtulisse:
3668 2388 3729 2427 ac
3780 2386 3872 2442 per

2270 2470 2373 2524 bac
2400 2468 2687 2524 inferiores
2715 2482 2964 2540 quosque
2994 2467 3043 2522 ei
3085 2482 3309 2523 munera
3339 2476 3390 2521 et
3425 2465 3694 2522 honorem
3742 2470 3874 2519 tam-

2268 2574 2431 2636 quam
2494 2561 2760 2633 magistro
2806 2570 2859 2617 et
2908 2562 3234 2633 praeceptori
3294 2558 3584 2617 detulisse.
3628 2556 3875 2614 Concinit

2272 2656 2400 2714 Intic
2469 2657 2849 2729 intelligentiae
2900 2656 3038 2713 liber
3105 2654 3605 2727 Paralipomenon,
3658 2653 3749 2724 qui
3804 2651 3871 2708 de

2273 2754 2374 2809 hac
2419 2755 2560 2808 tribu
2597 2754 2667 2807 ita
2712 2752 2889 2807 dicit:
2955 2750 3030 2805 De
3080 2751 3206 2821 [iliis
3234 2766 3436 2821 quoque
3485 2747 3735 2803 Issacltar
3784 2746 3874 2801 viri

2273 2845 2479 2909 eruditi,
2510 2846 2598 2917 qui
2627 2853 2874 2899 noverant
2915 2845 3121 2915 singula
3154 2854 3384 2914 tempora
3410 2885 3423 2908 ,
3466 2840 3535 2895 ad
3570 2838 3875 2909 pra'cipieu-

2274 2934 2394 2991 dum
2432 2935 2562 3009 quid
2583 2937 2756 3008 facere
2787 2932 2970 2991 debent
3002 2937 3261 3008 principes
3292 2931 3500 2989 ducenti
3526 2944 3550 2971 ε
3602 2932 3657 3007 (1
3691 2929 3871 2988 Paral.

2274 3044 2370 3093 an,
2406 3027 2524 3099 δί).
3310 3026 3313 3029 ’

2342 3116 2398 3177 2.
2442 3118 2653 3194 Typum
2702 3132 2881 3177 autem
2913 3129 3092 3193 gestat
3139 3122 3227 3176 hic
3266 3122 3444 3177 asinus
3491 3122 3646 3194 [ortis
3694 3121 3874 3195 populi

2276 3214 2516 3287 gentilis,
2550 3214 2641 3285 qui
2669 3224 2962 3286 antequam
2996 3211 3282 3269 Dominum
3330 3226 3608 3270 sessorem
3657 3213 3875 3270 habuis—

633 3307 685 3362 ‘l.
727 3304 962 3363 Zubulon
996 3307 1049 3359 in
1080 3306 1252 3359 littere
1281 3303 1442 3357 maris
1471 3301 1743 3369 habitabit,
1788 3313 1832 3356 et
1869 3303 1922 3354 in
1953 3302 2174 3356 statione
2201 3314 2244 3379 ο
2280 3315 2383 3371 set,
2412 3308 2601 3363 bimus
2633 3315 2772 3377 erat,
2805 3316 2860 3362 et
2892 3307 3169 3362 frenorum
3217 3302 3506 3377 impatiens
3539 3307 3765 3378 proprio
3810 3304 3877 3362 li-

560 3398 770 3455 navium
804 3401 1098 3474 pertingens
1121 3414 1279 3469 usque
1309 3398 1378 3451 ad
1402 3398 1653 3453 Sidonem
1678 3394 1830 3468 (lien.
1871 3404 2019 3463 thx,
2053 3393 2164 3464 l3).

562 3494 724 3550 Juxta
761 3495 1048 3547 historiam
1082 3491 1219 3546 situs
1250 3490 1416 3545 sortis
1442 3490 1583 3544 illius
1606 3505 1765 3561 quam
1815 3490 1867 3543 in
1915 3498 2056 3544 terra
2082 3502 2171 3544 re-

561 3588 943 3656 promissionis
977 3586 1087 3637 Dtso
1134 3585 1374 3637 donante
1424 3594 1752 3650 accepturus
1802 3596 1939 3641 erat,
1974 3580 2170 3649 praedi.

563 3680 705 3734 citur
737 3694 752 3732 :
781 3670 926 3749 quod
956 3670 1167 3731 scilicet
1199 3685 1345 3731 terra
1375 3673 1743 3744 possessionis
1775 3672 1891 3744 ejus
1943 3670 2011 3728 ab
2060 3690 2168 3728 uno

564 3774 737 3827 latere
763 3789 791 3826 a
823 3768 958 3825 mari
992 3771 1277 3839 inciperet,
1310 3777 1366 3824 et
1391 3766 1639 3823 torrente
1670 3767 1916 3821 liniretur
1943 3770 2009 3821 ab
2037 3766 2167 3834 alio,

560 3866 703 3921 sicut
737 3866 789 3919 in
824 3864 964 3919 libro
987 3864 1117 3919 Jesu
1146 3858 1295 3919 Nave
1321 3861 1510 3937 (Iosue
1530 3877 1644 3927 ius,
1675 3860 1790 3933 ll),
1844 3862 1934 3915 ubi
1982 3862 2171 3918 distri-

565 3963 814 4015 butiones
845 3958 1253 4030 possessionum
1282 3972 1469 4012 earum
1498 3955 1805 4011 termittatze
1828 3961 1971 4022 sunt,
1997 3958 2171 4010 mani-

564 4052 700 4107 feste
730 4050 1092 4107 declaratur:
1143 4046 1285 4106 unde
1328 4061 1381 4105 et
1412 4046 1636 4105 Sidonis
1690 4046 1779 4102 hic
1823 4046 1881 4101 llt
1935 4049 2165 4118 mentio,

564 4163 686 4219 quae
714 4149 970 4218 contigua
996 4146 1134 4202 mari
1161 4154 1265 4201 est.

635 4239 691 4295 2.
734 4232 897 4296 Juxta
948 4241 1208 4312 mysticus
1264 4247 1448 4295 autem
1510 4240 1861 4303 intellectus,
1925 4235 2168 4294 Zabulon

568 4332 835 4404 primitias
867 4332 1124 4389 Ecclesia:
1152 4342 1355 4389 sancta:
1385 4332 1673 4403 designat;
1706 4347 1772 4389 ex
1823 4330 1979 4401 cuius
2025 4328 2169 4386 tribu

564 4424 735 4497 aliqui
788 4435 1102 4481 sanctorum
1148 4424 1539 4495 Apostolorum
1600 4424 1769 4479 fuisse
1828 4422 2166 4490 creduntur,

564 4520 710 4589 quod
740 4514 793 4574 in
818 4519 1005 4574 littore
1028 4518 1197 4575 maris
1225 4519 1447 4574 assidue
1476 4527 1845 4586 morarentur,
1880 4526 2072 4589 utpote
2102 4533 2170 4575 ex

566 4627 633 4666 eo
665 4611 864 4667 victum
925 4629 1087 4668 manu
1138 4622 1193 4668 et
1242 4624 1363 4669 arte
1411 4620 1695 4685 captantes
1744 4628 1773 4667 a
1825 4611 2056 4669 Domino
2102 4611 2171 4668 ad

2274 3400 2386 3455 bitu
2420 3400 2715 3455 ferebatur.
2754 3399 3044 3472 Pns:qu:un
3071 3412 3251 3455 autem
3281 3396 3571 3455 Dominum
3602 3415 3874 3457 sessorem

2274 3491 2479 3548 habere
2513 3495 2731 3557 meruit,
2769 3491 2926 3549 fortis
2966 3492 3107 3548 asini
3159 3508 3358 3549 nomen
3392 3493 3460 3548 ab
3488 3510 3554 3547 eo
3590 3491 3872 3550 mut'umit'.

2271 3584 2374 3654 Qui
2403 3582 2532 3639 vidit
2552 3586 2777 3653 requiem
2805 3586 2944 3658 quod
2972 3594 3102 3641 esset
3123 3586 3278 3653 bona,
3305 3584 3537 3642 audiens
3581 3604 3609 3642 a
3658 3600 3876 3644 sessuro

2272 3692 2417 3731 suo:
2482 3675 2656 3731 Venite
2687 3677 2755 3731 ad
2799 3693 2900 3745 me,
2948 3692 3121 3732 omnes
3168 3676 3255 3749 qui
3293 3678 3544 3734 laboratis
3590 3691 3641 3735 et
3678 3680 3876 3736 onerati

2274 3770 2417 3838 estis,
2440 3779 2489 3825 et
2508 3785 2601 3842 ego
2626 3786 2715 3824 vos
2739 3772 3054 3834 requiescere
3083 3771 3274 3844 faciam
3305 3769 3333 3807 ἀ
3379 3769 3599 3843 (Matth.
3648 3786 3725 3839 χι,
3757 3768 3873 3847 28).

2273 3860 2485 3918 Terram
2519 3874 2702 3918 autem
2732 3864 2873 3935 quod
2915 3864 3110 3935 optima
3148 3871 3315 3929 esset,
3367 3866 3650 3934 prospexit
3684 3882 3699 3930 ;
3753 3864 3874 3935 quia

2275 3957 2478 4012 relictis
2511 3955 2959 4026 pbil050pltorum
2993 3936 3244 4011 inanibus
3267 3953 3557 4025 doctrinis,
3599 3956 3666 4012 ad
3694 3956 3877 4030 Scrip-

2274 4060 2411 4106 tnrae
2440 4065 2615 4107 sacra:
2641 4050 2937 4106 lectionem
2968 4065 3026 4107 se
3054 4050 3460 4107 studiosissime
3491 4053 3682 4107 vertit.
3721 4051 3877 4109 Unde

2274 4147 2400 4218 quia
2430 4147 2611 4202 didicit
2645 4147 2788 4203 inter
2816 4147 2948 4211 alia,
2982 4163 3083 4201 non
3113 4145 3375 4201 auditores
3418 4145 3548 4217 legis
3563 4148 3872 4220 justiﬁcari,

2275 4239 2570 4294 subditur:
2616 4237 2889 4310 supposuit
2935 4237 3205 4291 humerum
3249 4254 3403 4292 suum
3449 4239 3517 4292 att
3562 4239 3875 4309 portandum

2276 4329 2539 4400 (nomn,
2570 4328 2785 4403 l3);id
2813 4341 2915 4394 est,
2963 4339 3134 4384 totum
3181 4344 3343 4385 suum
3395 4345 3557 4401 posse
3606 4330 3874 4386 mandatis

2275 4424 2506 4495 subjecit
2551 4423 2749 4479 divinis
2785 4466 2800 4490 ,
2850 4428 2906 4477 et
2950 4421 3184 4477 maxime
3232 4422 3288 4478 in
3332 4423 3631 4479 dilectione
3681 4423 3772 4477 Dei
3822 4432 3873 4479 et

2278 4517 2530 4587 proximi.
2552 4514 2739 4586 Neque
2774 4515 2917 4570 enim
2945 4516 3231 4585 proximus
3252 4514 3521 4586 diligitur,
3549 4515 3594 4569 si
3621 4529 3729 4569 non
3753 4526 3874 4585 por-

2278 4619 2444 4665 tetur.
2500 4608 2565 4664 Et
2613 4609 2876 4664 additur:
2928 4611 3203 4680 factusque
3245 4618 3317 4663 est
3365 4608 3572 4663 tributis
3606 4610 3875 4673 seruiens;

566 4702 903 4775 apostolatus
933 4705 1151 4761 culmen
1182 4704 1356 4760 vocati
1400 4715 1547 4770 sunt,
1580 4705 1881 4759 secundum
1931 4704 2164 4775 proplie~
2198 4714 2249 4775 ι)
2274 4702 2427 4773 quasi
2477 4702 2623 4758 enim
2674 4702 2947 4773 quoddam
2999 4703 3260 4758 tributum
3295 4702 3540 4771 quotidie
3584 4701 3870 4773 persolvit,

568 4799 700 4854 tiam
730 4799 872 4854 beati
911 4797 1075 4853 David
1103 4798 1337 4853 dicentis
1368 4816 1381 4853 :
1419 4794 1691 4863 Principes
1718 4792 1861 4851 Juda
1893 4796 2049 4855 duces
2080 4814 2171 4854 eo-

568 4906 708 4957 rum,
738 4888 1001 4959 principes
1025 4882 1282 4953 Zabulon,
1316 4889 1579 4959 principes
1610 4894 1635 4926 ι
1667 4886 1959 4959 Nephthali
1997 4884 2167 4962 (Psal.

567 4994 737 5045 uvn,
766 4977 1020 5050 28).'Qni
1053 4983 1215 5036 etiam
1261 4980 1314 5035 in
1365 4982 1597 5035 statione
1637 4981 1856 5036 navium
1904 4981 2167 5049 habitant,

566 5075 693 5142 quia
719 5073 771 5126 in
800 5068 1031 5127 Domino
1051 5072 1179 5128 Jesn
1206 5070 1426 5129 Cltrlsto
1451 5071 1779 5131 liducialiter
1820 5088 2010 5130 secura
2034 5088 2172 5145 pace

570 5166 943 5235 requiescunt.
977 5161 1154 5222 Naves
1184 5182 1420 5237 namque
1455 5168 1716 5224 Ecclesia!
1762 5167 2163 5240 intelliguntur,

567 5274 689 5327 qua:
719 5254 987 5314 ﬁdissima
1013 5260 1247 5316 statione
1279 5274 1491 5332 portum
1514 5260 1703 5317 salutis
1733 5275 1845 5317 sure
1877 5260 2167 5316 Dominum

568 5354 871 5424 requirunt,
908 5362 963 5408 et
991 5350 1291 5410 inveniunt.
1321 5352 1385 5411 Et
1405 5357 1545 5412 bene
1566 5356 1823 5413 additur:
1864 5350 2170 5429 Pertingens

567 5460 729 5516 usque
776 5442 846 5499 ad
908 5444 1202 5513 Sidonem;
1257 5451 1383 5522 quia
1434 5448 1684 5507 videlicet
1733 5448 2165 5508 eadem'saneta

565 5537 811 5595 Ecclesia
843 5556 951 5596 non
983 5554 1093 5594 uno
1125 5540 1311 5598 mundi
1339 5550 1613 5601 coarctata
1652 5553 1739 5601 est
1783 5546 1982 5617 angulo
2003 5589 2019 5612 ,
2068 5543 2164 5602 sed

638 5782 665 5844 _I
695 5772 879 5844 Codex
902 5772 1068 5844 habet
1091 5772 1379 5844 Neptalim.

638 5841 665 5882 ι’
694 5843 875 5898 Codex
908 5841 1186 5899 mendose
1204 5845 1367 5898 habet
1391 5842 1581 5897 amitti.

642 5926 661 5952 ε
702 5914 919 5989 Vulgata
948 5914 1118 5983 editio
1152 5914 1314 5970 liabet
1345 5934 1357 5967 :
1387 5914 1512 5986 quid
1534 5915 1703 5984 facere
1731 5911 1938 5968 deberet
1971 5912 2158 5995 lsrael,

2274 4794 2503 4851 audiens
2532 4794 2600 4850 ab
2627 4794 2891 4866 Apostolo
2923 4814 2936 4851 :
2991 4794 3210 4850 Reddite
3254 4792 3490 4848 omnibus
3521 4794 3704 4848 omnia
3744 4809 3765 4849 :
3790 4792 3873 4849 cui

2273 4888 2529 4957 timorem,
2562 4890 2792 4944 timorem
2812 4905 2831 4944 :
2860 4892 2945 4943 cui
2972 4891 3239 4956 honorem,
3270 4887 3523 4943 honorem
3546 4902 3566 4943 :
3612 4889 3701 4943 cui
3722 4889 3873 4944 recti—

2272 4986 2377 5057 gal,
2403 4982 2618 5055 vectigal
2650 4983 2831 5057 (llam.
2864 4998 2983 5049 xm,
3013 4982 3093 5054 7),
3127 4992 3181 5038 et
3205 4981 3438 5053 reliqua.

2883 5072 3113 5131 CAPUT
3159 5070 3252 5130 Vl.

2832 5165 3135 5223 Benedictio
3166 5167 3303 5222 Dan.

2350 5263 2399 5318 l.
2440 5258 2557 5315 Dan
2566 5259 2831 5332 judicabit
2856 5260 3107 5331 populum
3127 5274 3308 5327 suum,
3338 5250 3476 5313 sicut
3495 5262 3546 5315 et
3568 5261 3679 5315 alia
3710 5261 3868 5316 tribus

2276 5352 2446 5411 Israel
2478 5365 2523 5409 ο.
2556 5351 2681 5409 Fiat
2711 5352 2829 5409 Dan
2860 5355 3072 5410 coluber
3089 5354 3144 5408 in
3168 5355 3270 5420 via,
3311 5364 3535 5411 cerastes
3565 5356 3619 5409 in
3661 5357 3864 5423 semita,

2276 5444 2519 5503 mordens
2544 5448 2770 5521 ungulas
2790 5448 2927 5516 equi,
2990 5458 3046 5501 ut
3071 5447 3227 5502 cadat
3274 5462 3517 5502 ascensor
3557 5448 3673 5521 ejus
3715 5462 3870 5505 retro.

2277 5539 2523 5597 Salutare
2552 5550 2694 5595 tuum
2716 5539 3038 5610 exspectabo,
3064 5538 3287 5595 Domine
3308 5537 3462 5613 (Gen.
3481 5552 3627 5611 ηις,
3656 5540 3867 5614 1648).

2269 5769 2527 5841 principes
2556 5769 2784 5826 ducenti.

2339 5839 2366 5878 εί
2395 5839 2624 5917 Χυμςςιω
2655 5843 2822 5917 editio
2851 5841 3019 5917 liabet
3050 5860 3065 5917 ς
3095 5848 3263 5917 et_eg’o
3282 5843 3514 5917 reﬁciam
3544 5852 3655 5903 res.

2344 5922 2367 5952 ο
2395 5910 2622 5983 Vulgata
2654 5911 2823 5973 editio
2855 5913 3014 5974 habet
3043 5913 3098 5970 in
3124 5910 3311 5993 Israel.
