4122 6346
365 281 474 341 Ίὲὄ

367 397 740 456 Historialiter
761 400 983 472 quidem
1033 403 1434 473 prtenuntiatur
1464 414 1492 444 ι
1520 420 1628 462 non
1677 408 1858 462 solum
1897 407 1967 462 de
1993 411 2042 470 Α

366 491 486 548 aliis
516 494 883 550 nobilioribus
914 495 1183 563 tribubus,
1206 499 1301 553 sed
1323 508 1380 554 et
1400 500 1469 554 de
1495 500 1624 563 Dan,
1665 500 1969 570 principem

367 583 608 642 futurum
660 588 884 658 israeli,
935 597 994 646 et
1041 608 1138 661 per
1181 593 1401 652 inodum
1461 594 1966 664 descriptionalem,

366 681 542 749 qualis
575 681 790 738 futurus
820 685 910 747 sit,
942 684 1281 756 designatur.
1315 686 1546 743 Samson
1599 704 1836 760 namque
1886 689 1970 744 his

363 775 548 830 verbis
583 777 983 849 prariiguratur,
1018 782 1111 850 qui
1147 797 1300 837 more
1328 785 1542 838 colubri
1584 786 1970 856 serpentisquc

370 868 631 925 terribilis
664 870 763 924 fuit
791 888 805 926 :
839 880 1025 942 etquo
1079 873 1375 928 terribilior
1405 875 1796 944 insimnretur,
1847 892 1970 932 cor-

367 970 533 1016 nutus
563 964 893 1021 describitur
919 976 1141 1038 propter
1163 969 1417 1023 eximiam
1450 981 1774 1039 potestatem
1809 981 1972 1041 atque

366 1054 778 1114 fortitudinem.
829 1063 922 1116 ilic
969 1078 1096 1134 ergo
1129 1066 1245 1117 vias
1297 1074 1345 1118 el
1401 1067 1628 1120 seruitus
1681 1064 1972 1120 lsraelitici

367 1151 519 1220 regni
538 1162 789 1222 tempore
805 1155 884 1208 sui
906 1157 1224 1224 pra-solatus
1236 1156 1472 1223 obsedit,
1501 1175 1572 1212 ne
1585 1160 1706 1229 quis
1731 1160 1969 1215 hostimn

367 1243 418 1296 vi
447 1253 651 1299 terram
675 1245 896 1300 ditionis
924 1247 1069 1302 illius
1099 1250 1352 1304 invadere
1378 1260 1756 1320 praesumeret.
1790 1253 1894 1307 Sed
1918 1264 1972 1307 et

368 1335 414 1392 si
446 1340 570 1407 quis
601 1338 908 1407 immanior,
941 1351 997 1397 et
1021 1342 1088 1398 de
1117 1345 1332 1414 propria
1367 1357 1636 1416 tamquam
1665 1348 1790 1417 equi
1818 1348 1847 1385 δ
1881 1365 1973 1404 vc-

367 1430 590 1489 iocitate
633 1437 878 1492 conlisus
926 1448 981 1492 et
1028 1437 1382 1504 fortitudine,
1432 1456 1558 1495 eum
1609 1443 1829 1512 aggredi
1873 1459 1969 1496 vo.

367 1525 594 1593 inisset;
629 1543 754 1584 mox
785 1532 1023 1585 corrosis
1051 1533 1250 1601 plantis
1289 1545 1452 1605 atque
1491 1539 1834 1605 consumptis
1888 1537 1970 1592 vi.

367 1619 522 1674 ribus
568 1622 925 1690 stabilitatis,
980 1625 1367 1681 insectatorem
1438 1643 1597 1683 suum
1645 1631 1711 1684 ad
1767 1641 1967 1685 terram

367 1714 738 1783 perturbaret.
793 1717 964 1784 Quem
1008 1735 1076 1774 ne
1124 1719 1246 1790 quis
1293 1735 1486 1776 errore
1534 1722 1796 1792 deceptus
1853 1723 1970 1793 plus

1129 285 1216 342 DE
1260 280 1882 347 BENEDitI'I'iONiDUS
1921 289 2521 351 PATRIARCHARUM
2564 293 2926 352 LiBELLUS.

2543 479 2551 490 θ
2669 410 2900 468 CAPUT
2953 412 3064 468 vn.

2630 503 2926 559 Benedictio
2976 504 3092 560 God
3103 548 3114 560 .

2149 595 2201 648 i‘.
2243 593 2360 650 God
2401 598 2662 650 accinctus
2695 596 3014 666 pt-teliabitur
3041 611 3160 655 ante
3189 618 3324 671 eum,
3370 614 3418 658 et
3457 604 3568 674 ipse
3591 622 3682 660 ae-

2074 688 2308 756 cingetur
2329 699 2603 744 retrorsum
2641 690 2793 759 (Gen.
2829 707 2978 758 XLH,
3014 692 3120 765 19).
3159 695 3313 750 Patet
3338 697 3536 754 litterae
3559 715 3679 755 sen-

2076 798 2168 837 sus
2195 783 2501 854 legentibus
2527 784 2720 839 llhrum
2746 785 2876 840 Jesu
2903 786 3049 842 Nave
3074 805 3087 852 ;
3115 792 3235 848 quia
3264 790 3379 847 Gad
3411 794 3500 861 qui
3527 803 3678 849 trans

2075 873 2364 930 Jordauem
2428 878 2614 946 petivit
2646 886 2700 932 et
2733 880 3001 949 accepita
3044 881 3230 954 Moyse
3276 884 3678 955 ha'reditatem,

2074 982 2136 1022 ea
2169 968 2484 1023 conditione
2511 971 2628 1039 ejus
2660 981 2681 1010 ο
2715 972 2880 1042 potiri
2923 976 3158 1041 meruit,
3196 985 3251 1029 ut
3280 976 3560 1034 accinctus
3587 995 3679 1033 ar-

2076 1059 2179 1114 mis
2210 1073 2336 1116 ante
2365 1061 2528 1117 lsrael
2559 1104 2572 1129 ,
2598 1063 2787 1133 juncto
2816 1065 2920 1120 sibi
2953 1065 3146 1123 Ruben
3173 1077 3226 1123 et
3257 1069 3483 1125 dimidia
3531 1073 3677 1128 tribu

2076 1152 2366 1217 Manasse,
2415 1167 2600 1208 contra
2648 1157 2993 1214 adversarios
3045 1161 3338 1231 pugnando
3402 1164 3681 1221 incederet

2075 1244 2256 1316 (Deut.
2289 1261 2363 1310 ιιι,
2396 1247 2485 1315 i8)
2513 1265 2526 1315 ;
2553 1251 2693 1321 quod
2724 1265 2913 1321 postea
2943 1253 3046 1307 sub
3068 1253 3232 1309 Josue
3262 1264 3318 1310 et
3346 1255 3491 1312 fecit.
3525 1259 3681 1312 Atta-

2077 1354 2198 1392 meu
2234 1341 2537 1412 subjugatis
2567 1342 2836 1410 hostibus,
2862 1362 2985 1400 eum
3009 1356 3156 1404 retro
3179 1349 3244 1403 ad
3271 1351 3678 1419 possessionem

2078 1433 2352 1502 propriam
2383 1432 2605 1503 rediret,
2642 1451 2867 1492 necesse
2896 1440 3082 1493 habuit
3129 1441 3373 1510 gentium
3423 1445 3682 1500 linitima-

2076 1538 2194 1578 rum
2228 1524 2630 1581 incursionibus
2662 1528 2914 1584 insistere
2940 1530 2981 1601 (l
3009 1530 3194 1588 Paral.
3223 1549 3276 1599 ν,
3314 1534 3427 1606 18).
3463 1535 3579 1591 Hoc
3601 1546 3686 1591 est

2073 1633 2206 1688 ergo
2227 1620 2369 1689 quod
2402 1621 2500 1683 ait,
2545 1621 2780 1690 primum
2826 1637 2950 1676 eum
2995 1634 3123 1678 ante
3172 1623 3376 1682 fratres
3419 1641 3546 1683 suos
3593 1645 3683 1684 ac-

2075 1713 2314 1768 cinctum
2341 1715 2639 1784 praehatum
2661 1715 2853 1780 fuisse,
2883 1728 2936 1773 et
2962 1731 3149 1786 postea
3179 1720 3378 1776 iterum
3404 1722 3469 1776 ad
3497 1723 3681 1792 prielia

367 1819 530 1875 quam
559 1805 836 1863 hominem
867 1811 1189 1877 arstimaret,
1226 1829 1352 1868 mox
1396 1814 1486 1881 qui
1538 1829 1666 1869 vere
1717 1815 1970 1888 princeps
2003 1789 2046 1850 Β
2076 1809 2370 1880 ι’θειεείηϐί-

367 1902 774 1971 exspectandus
820 1915 985 1972 esset,
1021 1905 1220 1976 adjecit
1250 1906 1477 1980 dicens:
1531 1908 1778 1963 Salutare
1824 1920 1968 1965 tuum

367 1999 700 2065 exspectabo,
734 1995 995 2066 Domine;
1021 2004 1072 2054 in
1101 2000 1259 2070 cujus
1288 2001 1544 2058 videlicet
1576 2005 1676 2059 iste
1701 2019 1764 2058 ex
1816 2016 1970 2073 parte

366 2091 544 2160 aliqua
576 2101 705 2165 typo
723 2097 1020 2165 przecessit.

437 2185 493 2239 2.
537 2186 853 2254 Pra'ligurat
885 2200 1063 2244 autem
1100 2189 1208 2246 Dan
1242 2193 1345 2249 iste
1391 2195 1785 2252 Autichristum
1813 2240 1826 2264 ,
1876 2201 1965 2270 qui

367 2277 580 2333 futurus
608 2290 691 2335 est
719 2281 865 2336 velut.
887 2281 1094 2358 coluber
1118 2285 1171 2338 in
1197 2285 1296 2353 via,
1330 2295 1384 2341 et
1415 2298 1629 2342 cerastes
1659 2290 1712 2343 in
1739 2293 1920 2346 semita
1948 2310 1967 2347 :

365 2375 490 2445 quia
517 2375 569 2429 in
595 2377 678 2431 via
703 2387 758 2432 et
786 2379 978 2433 semita
1005 2382 1384 2437 mandatorum
1417 2384 1508 2438 Dei
1533 2385 1963 2454 amimiantibus,

366 2477 630 2536 quantum
663 2467 715 2523 in
747 2484 805 2524 se
845 2480 928 2526 est
954 2513 970 2537 ,
1020 2473 1230 2528 obicem
1275 2490 1332 2529 se
1380 2475 1604 2547 praefert
1644 2478 1846 2547 duplici
1873 2495 1965 2534 ar-

368 2572 546 2618 matus
575 2573 767 2619 contra
801 2579 898 2620 eos
929 2566 1146 2636 ingenio
1175 2585 1189 2622 ε
1222 2569 1274 2623 in
1303 2579 1556 2640 serpente
1585 2588 1818 2641 namque
1850 2575 1964 2628 cal-

365 2657 552 2712 litlitas
584 2659 729 2714 illius
749 2661 1150 2732 pra-figuratur,
1181 2665 1306 2734 quia
1337 2664 1591 2736 decipere
1623 2677 1796 2721 astute
1819 2683 1969 2738 qutu-

364 2749 436 2806 rit
458 2752 598 2807 viam
626 2753 838 2808 Domini
860 2769 1048 2823 gressu
1072 2771 1297 2825 cperam
1325 2765 1591 2813 tenentes.
1625 2757 1683 2813 in
1713 2761 1966 2815 cornibus

364 2853 546 2898 autem
567 2847 974 2902 demonstratur
1006 2850 1160 2905 furor
1180 2850 1346 2917 illius,
1377 2867 1484 2922 quo
1508 2867 1703 2908 usurus
1728 2863 1813 2909 est
1836 2869 1966 2910 con-

366 2947 446 2991 tra
480 2953 574 2991 eos
603 2953 738 3008 quos
764 2939 954 2995 callida
979 2941 1385 2998 machinatione
1415 2945 1668 3016 decipere
1701 2947 1966 3018 nequive~

361 3031 453 3085 rit.
488 3030 706 3086 Cerasta
737 3049 973 3103 namque
994 3034 1202 3103 ϐτωεο,
1234 3036 1422 3094 Latine
1443 3054 1651 3097 cornua
1675 3041 1962 3114 dicuntur;

359 3131 524 3193 atque
553 3123 678 3178 ideo
705 3139 932 3194 serpens
979 3126 1082 3184 iste
1124 3139 1384 3185 cornutas
1430 3132 1780 3188 describitur.
1825 3134 1959 3190 Cum

359 3228 492 3286 ergo
533 3218 905 3274 Autiehristus
931 3220 1153 3276 veniens
1183 3233 1310 3278 ante
1356 3225 1546 3280 oculos
1595 3228 1958 3298 spectantium

357 3307 510 3378 signa
545 3325 739 3380 magna
773 3309 998 3379 fecerit,
1035 3315 1209 3384 ignem
1252 3315 1320 3371 de
1352 3317 1569 3372 sublimi
1617 3320 1954 3388 deposuerit,

354 3417 564 3470 serpens
603 3403 657 3456 in
688 3405 768 3456 via
797 3415 881 3459 est
907 3406 1091 3477 (Apoc.
1122 3423 1234 3473 xui,
1270 3408 1377 3480 l5).
1410 3408 1544 3464 Cum
1594 3419 1774 3467 autem
1803 3428 1864 3468 se
1890 3413 1957 3468 ad

355 3510 548 3566 pinnas
581 3508 634 3552 et
667 3505 932 3554 tormenta
963 3500 1068 3555 sibi
1108 3517 1216 3556 non
1261 3504 1610 3560 credentibus
1660 3505 1954 3578 infligenda

352 3592 616 3659 verterit,
667 3605 884 3647 cerastes
917 3595 971 3649 in
1015 3598 1197 3650 semita
1237 3597 1333 3663 fit;
1368 3599 1496 3668 quia
1525 3615 1621 3671 per
1668 3609 1950 3673 augustam

352 3686 569 3741 Domini
600 3688 848 3742 semitam
878 3690 1210 3758 gradientes,
1239 3697 1503 3750 cornibus
1536 3701 1820 3765 poteStatis
1850 3698 1951 3753 sibi

350 3780 604 3849 Subigere
636 3779 846 3836 nititur.
875 3781 976 3850 Qui
1003 3785 1130 3838 dum
1161 3786 1432 3841 extollitur
1451 3805 1604 3858 super
1634 3806 1783 3844 omne
1812 3791 1951 3860 quod

348 3871 541 3926 dicitur
570 3869 734 3942 Deus,
760 3883 850 3927 aut
879 3878 1018 3946 quod
1047 3879 1235 3932 colitur
1271 3879 1339 3948 (li
1365 3879 1541 3936 Thess.
1576 3898 1634 3947 ιι,
1667 3866 1751 3955 14),
1783 3901 1951 3958 ungu-

347 3964 425 4018 las
446 3965 564 4033 equi
592 3967 791 4020 mordet
813 4009 827 4033 ,
871 3975 929 4021 ut
973 3971 1127 4024 cadat
1167 3988 1408 4026 ascensor
1447 3977 1561 4045 ejus
1601 3987 1736 4030 retro
1768 3992 1788 4031 .·
1824 3979 1948 4049 quia

345 4060 680 4115 mundialem
720 4062 946 4132 gloriam
971 4064 1035 4117 ad
1066 4064 1166 4119 hoc
1199 4066 1301 4122 sibi
1331 4083 1436 4121 non
1469 4069 1948 4136 acquiescentibus

343 4152 544 4219 aufert,
575 4162 632 4208 ut
659 4169 844 4209 amore
873 4155 1140 4210 bonormu
1177 4160 1526 4226 przrsentium
1559 4161 1726 4215 illecti
1751 4161 1823 4216 ibi
1856 4176 1946 4216 ca-

341 4247 494 4313 dant,
522 4248 615 4304 ubi
644 4265 753 4304 non
783 4251 986 4304 vident.
1013 4251 1336 4307 Retrorsum
1363 4256 1506 4309 enim
1532 4255 1752 4322 cadere,
1783 4266 1868 4312 est
1893 4266 1948 4312 ct

340 4343 428 4396 hic
488 4343 846 4412 desperaliter
887 4355 939 4399 et,
980 4345 1380 4412 inverecunde,
1431 4349 1518 4405 ubi
1565 4367 1670 4404 non
1729 4351 1942 4417 videas,

337 4450 520 4499 ruere,
548 4447 600 4490 et
634 4448 750 4505 post
782 4437 838 4492 in
870 4439 1173 4495 exteriores
1223 4443 1477 4497 tenebras
1519 4442 1801 4497 devenitc.
1837 4444 1941 4511 Qui

336 4529 481 4585 enim
509 4527 563 4584 in
597 4527 788 4584 [aciem
822 4530 987 4597 cadit,
1025 4531 1091 4588 de
1125 4544 1272 4589 retro
1307 4537 1440 4591 actis
1485 4536 1756 4591 erubescit
1785 4555 1799 4604 ;
1851 4539 1941 4607 qui

333 4637 515 4676 autem
553 4633 697 4678 retro
728 4623 949 4689 decidit,
991 4628 1176 4696 utjam
1207 4628 1416 4698 prmi'ati
1445 4645 1654 4693 sumus.
1687 4631 1942 4702 imptBtti-

335 4715 471 4770 tenti
502 4717 666 4771 corde
697 4718 799 4772 sibi
829 4718 962 4774 iram
996 4720 1045 4774 in
1082 4722 1170 4776 die
1201 4725 1294 4778 irze
1324 4724 1488 4778 nutrit
1532 4723 1709 4796 (Rom.
1746 4741 1782 4780 ll
1811 4767 1825 4792 ,
1855 4723 1936 4795 5).

330 4809 410 4864 Ne
439 4812 563 4880 quis
606 4825 773 4880 porro
824 4828 923 4883 pro
975 4815 1358 4873 miraculorum
1409 4829 1556 4873 tanta
1602 4819 1941 4876 sublimitate

2145 1902 2198 1956 2.
2233 1901 2516 1974 Significat
2546 1911 2727 1958 autem
2759 1904 3082 1975 spiritaliter
3104 1905 3311 1962 electos
3338 1920 3585 1979 quosque
3610 1923 3679 1964 ex

2071 1999 2306 2064 Judaels,
2354 1999 2447 2070 qui
2490 1999 2688 2070 popqu
2739 2014 2882 2055 novo
2923 2001 3078 2070 quasi
3129 2001 3349 2072 quidam
3399 2002 3684 2072 prmduces

2071 2094 2414 2159 exstiterunt,
2451 2102 2505 2147 et
2537 2094 2587 2147 in
2622 2100 2822 2147 terram
2846 2094 2975 2147 olim
3008 2095 3331 2163 promissam
3358 2095 3684 2152 introduxe-

2071 2197 2216 2240 runt.
2249 2186 2446 2251 Quales
2479 2186 2803 2241 exstiterunt
2837 2187 3115 2256 propheta:
3159 2198 3211 2242 et
3238 2191 3411 2242 sancti
3447 2191 3679 2259 patriar-

2071 2279 2208 2340 citae,
2244 2279 2333 2349 qui
2369 2279 2734 2334 idololatriam
2776 2289 3098 2334 cunctorum
3130 2280 3386 2334 vitiorum
3421 2292 3673 2351 matrem,

2071 2387 2124 2431 et
2157 2375 2272 2446 ejus
2303 2377 2650 2430 innumeram
2675 2377 2883 2445 prolem
2912 2375 3204 2430 verborum
3236 2390 3462 2430 suorum
3498 2379 3678 2448 spiru-

2073 2469 2137 2524 lis
2160 2469 2545 2523 confoderunt.
2567 2470 2668 2534 Qui
2697 2479 2874 2522 tamen
2903 2468 3096 2522 lterum
3130 2482 3349 2522 sursum
3386 2469 3678 2540 accingen-

2072 2572 2178 2628 tur,
2213 2563 2337 2633 quia
2386 2564 2441 2617 in
2483 2561 2798 2617 novissimis
2829 2562 3174 2632 temporibus
3218 2562 3459 2617 intrante
3500 2562 3681 2632 pleni-

2071 2655 2256 2710 tudine
2281 2656 2523 2726 gentium
2549 2654 2614 2708 ad
2638 2653 2881 2709 redidiva
2911 2653 3326 2707 sus-citabantur
3347 2655 3673 2718 certamina,

2068 2765 2188 2820 qtae
2217 2747 2298 2802 eis
2328 2764 2450 2802 cum
2494 2745 2832 2801 Antichristo
2868 2754 2923 2800 et
2951 2745 3070 2816 ejus
3111 2743 3446 2801 satellitibus
3490 2744 3678 2800 futura

2067 2855 2250 2899 erunt.
2275 2842 2426 2897 Nunc
2455 2841 2603 2896 enim
2632 2856 2740 2894 non
2773 2848 2925 2894 trans
2947 2838 3153 2892 ﬂuenta
3182 2837 3439 2894 .iordauis
3469 2837 3682 2892 habent

2070 2935 2466 3000 haereditatcm,
2501 2933 2626 3004 quia
2660 2949 2757 3004 per
2784 2932 3300 3003 Baptismigratiam
3324 2946 3436 2988 non
3468 2932 3680 2990 intrant

2068 3030 2390 3093 Ecclesiam,
2419 3028 2515 3082 sed
2563 3026 2950 3096 sequestratim
2982 3033 3137 3080 extra
3189 3024 3389 3080 fratres
3425 3039 3674 3080 commo-

2069 3137 2262 3182 rantur
2293 3133 2638 3181 remanentes
2669 3124 2726 3176 in
2755 3120 3099 3177 caeremoniis
3128 3119 3413 3191 legalibus.

2656 3257 2886 3318 CAPUT
2930 3259 3064 3315 VIII.

2615 3356 2917 3412 Benedictio
2957 3355 3106 3413 Aser.

2131 3502 2182 3556 ί.
2210 3499 2361 3566 Aser,
2385 3499 2594 3572 pinguis
2611 3497 2761 3568 panis
2788 3504 2923 3568 ejus,
2948 3506 2994 3550 et
3011 3495 3260 3566 praebebit
3287 3494 3508 3551 deliciae
3523 3493 3666 3566 regi-

2056 3594 2149 3647 bus
2182 3591 2336 3665 (Gen.
2367 3607 2514 3658 sus,
2536 3589 2653 3663 20).
2689 3590 2920 3646 Videtur
2963 3590 3185 3661 quidem
3233 3590 3389 3660 juxta
3424 3588 3666 3646 litteram

2057 3686 2184 3741 huic
2229 3684 2398 3739 tribui
2442 3685 2662 3739 ubertas
2703 3692 2864 3738 terra:
2916 3681 3262 3753 repreniitti;
3294 3681 3486 3736 habuit
3515 3679 3662 3735 enim

2056 3783 2109 3838 in
2137 3794 2284 3838 sorte
2314 3780 2680 3853 possessionis
2721 3795 2835 3833 suae
2864 3779 3182 3833 Carmelum
3217 3785 3461 3831 montem
3500 3774 3664 3829 uber-

2054 3887 2162 3933 tate
2225 3878 2534 3948 insignem;
2600 3875 2871 3944 simulque
2940 3874 3081 3928 mari
3138 3870 3543 3934 coniimitavit,
3597 3884 3663 3925 ac

2051 3986 2148 4042 per
2209 3970 2312 4024 hoc
2361 3969 2583 4024 delicias
2630 3967 2828 4038 quibus
2877 3970 2996 4035 ipse
3045 3965 3434 4030 dabundabat,
3491 3963 3660 4018 maria

2053 4070 2343 4128 terraeque,
2375 4060 2537 4116 etiam
2587 4059 2812 4130 regibus
2836 4059 2954 4113 suis
2984 4074 3098 4113 non
3142 4068 3227 4114 est
3256 4058 3485 4114 dubium
3531 4070 3657 4111 eum

2051 4153 2334 4208 obtulisse.

2119 4246 2172 4300 2.
2202 4245 2578 4299 Przedicuntur
2600 4255 2781 4299 autem
2809 4259 2903 4312 per
2927 4244 3044 4298 haec
3074 4242 3237 4298 verba
3264 4241 3436 4296 sancti
3467 4240 3567 4294 viri
3588 4255 3656 4294 ex

2049 4339 2334 4413 Synagoga
2367 4338 2558 4398 futuri,
2596 4352 2832 4408 quorum
2864 4336 3014 4408 panis
3049 4335 3260 4408 pinguis
3298 4342 3416 4398 est;
3449 4330 3654 4386 doctri-

2051 4449 2173 4487 nam
2207 4431 2461 4486 videlicet
2487 4429 2860 4502 propheticam
2891 4431 3065 4483 sancti
3091 4427 3328 4497 Spiritus
3348 4425 3539 4495 sagina
3565 4439 3656 4478 re-

2047 4528 2317 4584 dundans.
2344 4525 2588 4593 Quorum
2612 4541 2751 4580 unus
2783 4523 3102 4594 inexplebili
3130 4523 3396 4578 aviditate
3423 4533 3656 4576 succcn-

2048 4643 2140 4682 sus
2169 4625 2441 4682 clamabat
2485 4622 2677 4678 :Sicut
2723 4621 2878 4694 adipe
2924 4631 2969 4675 et
3016 4620 3336 4694 pinguedine
3381 4615 3652 4686 repleatur

2037 4726 2219 4779 anima
2243 4737 2357 4776 mea
2383 4720 2500 4792 (Ps.
2529 4735 2662 4787 tht,
2695 4721 2772 4788 6).
2799 4719 2901 4786 Qtti
2923 4717 3135 4772 delicias
3159 4730 3289 4770 suas
3311 4715 3516 4784 regibus
3549 4710 3652 4765 mi-

2041 4821 2281 4874 nistrant
2312 4828 2368 4883 e;
2403 4817 2529 4888 quia
2563 4816 2671 4870 illis
2699 4815 2790 4884 qui
2825 4815 2877 4868 in
2913 4808 3229 4880 semetipsis
3273 4817 3326 4861 et
3361 4805 3466 4860 sibi
3519 4804 3651 4858 sub-

331 4902 728 4958 Antichristqu
746 4921 840 4974 pro
859 4905 966 4960 Deo
993 4921 1205 4978 putaret
1229 4911 1537 4979 colendum,
1563 4913 1802 4968 addidit:
1839 4912 1942 4968 Sa—
2037 4913 2201 4983 jectis
2243 4927 2468 4983 regnum
2513 4911 2674 4981 iustae
2716 4905 3115 4963 moderationis
3160 4913 3352 4961 tenere
3395 4901 3647 4972 cupiunt,

329 4996 505 5050 littore
529 5007 675 5050 tuum
699 5000 1024 5068 exspectabo,
1050 4999 1314 5070 Domine;
1347 5006 1499 5072 quasi
1524 5005 1732 5061 diceret
1767 5025 1779 5062 :
1810 5007 1940 5061 licet

327 5090 698 5146 Antichristus
729 5094 910 5146 multis
939 5095 1323 5151 miraculorum
1369 5097 1572 5167 fulgeat
1601 5099 1932 5168 insignibus,

326 5187 460 5242 mihi
492 5195 671 5242 tamen
705 5188 948 5242 Salutare
971 5201 1137 5254 (inim,
1166 5192 1308 5262 quod
1341 5193 1600 5248 hehraice
1620 5193 1822 5249 dicitur
1844 5195 1936 5249 Je-

324 5298 432 5346 sus,
463 5281 866 5352 exspectandus
909 5293 1022 5343 est.
1056 5293 1113 5337 ut
1153 5285 1376 5339 veniens
1424 5285 1583 5353 hujus
1629 5271 1928 5355 potentiam

324 5387 530 5430 :cterna
563 5383 805 5446 proterat
834 5376 1328 5443 animadversione,
1362 5391 1413 5432 et
1441 5396 1527 5434 me
1559 5381 1703 5436 inter
1736 5381 1930 5438 ﬁdeles

322 5483 452 5524 suos
481 5470 766 5537 reperiens
798 5469 954 5524 beata
987 5471 1155 5525 donet
1185 5472 1491 5526 mansione.

394 5702 417 5764 ἒ
451 5691 548 5764 Yet
581 5691 975 5764 pronuntiatur.

391 5762 417 5802 δ
449 5762 632 5817 Codex
659 5764 733 5817 ita
762 5764 997 5832 scriptus
1025 5771 1128 5828 est,
1181 5773 1236 5818 ut
1276 5765 1456 5836 legere
1497 5768 1662 5821 etiam
1705 5767 1870 5824 liceat
1906 5786 1917 5822 :

316 5848 364 5895 et
395 5837 457 5890 de
489 5838 718 5906 potentia
746 5845 1011 5912 tamquam
1035 5853 1216 5909 equus.

2039 5009 2246 5078 regiam
2281 5020 2528 5061 normam
2552 5009 2992 5074 praemonstrant.

2661 5157 2892 5216 CAPUT
2923 5157 3016 5218 ΙΧ.

2519 5263 2820 5320 Benedictio
2847 5260 3154 5332 Nephthali.

2107 5384 2159 5438 i.
2197 5379 2563 5451 Nephthnlim,
2586 5397 2761 5435 cervus
2789 5379 3029 5444 emissus,
3056 5387 3104 5432 et
3127 5377 3257 5430 dans
3286 5372 3495 5445 eloquia
3517 5371 3636 5443 pul-

2032 5474 2344 5530 chritudinis
2373 5471 2526 5545 (Gen.
2557 5489 2703 5538 xux,
2736 5472 2850 5545 2i).
2883 5471 3048 5525 Beato
3079 5470 3412 5541 Hieronymo
3436 5465 3636 5520 decen.

2106 5709 2126 5734 ε
2157 5695 2344 5752 Codex
2379 5698 2639 5754 mendose
2671 5699 2833 5752 habet
2864 5698 2929 5750 ei.

2101 5764 2126 5803 ά
2158 5767 2414 5840 Fortasse
2449 5771 2737 5840 legendum
2765 5782 2842 5824 est
2871 5768 3097 5840 ipsa,_et
3119 5765 3284 5840 paulo
3307 5773 3433 5838 post
3460 5781 3592 5824 eam.

2108 5850 2128 5876 ε
2159 5839 2346 5897 Codex
2374 5837 2641 5896 mendose
2675 5841 2875 5896 habet:
2909 5837 3239 5906 ministrarit.
