4122 6346
487 317 591 372 7⁸27

1524 311 1799 366 PAULINI
1841 309 2120 366 DIACONI
2164 310 2730 368 MEDIOLANENSIS

3687 309 3793 365 728

485 443 538 490 te
570 443 618 501 ι,
643 434 929 499 discimus,
955 446 1062 486 non
1092 431 1279 486 haberi
1305 432 1356 486 in
1382 429 1610 485 Hebraro
1641 445 1817 482 cervus
1843 430 2078 494 emissus,
2113 449 2162 508 Α
2189 429 2270 483 illi
2316 429 2557 484 habentes
2590 427 2775 500 jacula
2807 445 2826 482 :
2859 426 3132 498 Numquid
3176 442 3268 481 rex
3313 435 3485 481 noster
3532 426 3672 481 eris?
3705 430 3791 480 aut

485 526 580 582 sed
610 543 733 600 ager
761 526 1004 599 irrigans,
1032 532 1088 578 et
1114 522 1411 593 signiﬁcari
1446 536 1543 592 per
1584 536 1772 591 agrum
1823 520 2084 589 irriguum

486 621 795 677 ubertatem
821 619 1127 674 calidarum
1153 633 1434 686 aquarum,
1463 632 1588 686 (ιιιιο
1619 616 1672 670 in
1703 614 1961 670 suburbio
1991 613 2086 668 Ti-

490 717 729 772 beriadis
773 714 1242 770 abundantissime
1282 713 1603 767 exuberant.
1636 713 1892 766 Attamen
1925 707 2088 762 tradi-

489 811 564 865 tio
593 811 948 865 Ilebraiorum
989 818 1096 872 εει,
1131 807 1269 862 hanc
1296 807 1572 861 civitatem
1601 805 1982 860 mandatorum
2006 801 2086 858 di-

486 901 739 956 vinorum
772 901 938 956 fuisse
968 899 1464 963 studiosissimam;
1499 913 1562 953 ac
1616 914 1710 968 per
1750 898 1853 953 hoc
1898 912 2086 967 agrum

488 994 750 1064 irriguum
779 993 1088 1064 significare
1121 993 1434 1048 docentium
1465 992 1850 1063 magistrorum
1878 990 2089 1045 uberri-

487 1104 630 1142 mam
671 1087 999 1152 doctrinam,
1031 1103 1150 1158 qua:
1177 1087 1554 1157 ignorantium
1588 1087 1752 1142 corda
1781 1089 1931 1158 quasi
1964 1087 2088 1158 qui-

484 1178 609 1232 dam
642 1179 787 1233 rivus
814 1180 880 1232 ad
924 1180 1286 1248 proferendos
1319 1179 1695 1250 intelligentia:
1732 1180 1940 1234 fructus
1973 1179 2092 1234 ine-

485 1269 665 1324 briare
692 1271 894 1325 soleret
923 1269 952 1307 ι)
978 1287 992 1333 ;
1024 1281 1079 1325 ει
1110 1270 1212 1325 hoc
1243 1274 1442 1341 exponi
1476 1273 1528 1326 in
1560 1270 1933 1338 inferioribus,
1964 1287 2086 1326 cum

485 1362 688 1418 dicitur
718 1381 730 1416 :
761 1363 892 1417 dans
923 1364 1130 1434 eloquia
1152 1364 1580 1436 pulchritudinis.

557 1457 612 1509 2.
635 1455 744 1510 Nos
777 1465 960 1511 autem
987 1473 1082 1527 per
1110 1456 1459 1528 Nephthalim
1487 1472 1706 1513 sanctos
1737 1458 2090 1528 intelligimus

481 1547 876 1616 praedicatores
923 1549 1180 1605 Ecclesia:
1209 1593 1222 1615 ,
1269 1551 1359 1620 qui
1392 1551 1542 1604 missi
1588 1551 1654 1606 ad
1701 1562 1946 1607 sanctam
1986 1552 2088 1607 Ec-

478 1642 730 1709 clesiam,
776 1660 930 1700 more
976 1660 1263 1700 cervorum
1312 1646 1442 1701 dare
1491 1646 1664 1700 saltus
1717 1646 2091 1715 intelligentia:

480 1746 786 1802 noverunt,
831 1748 994 1808 atque
1049 1739 1536 1809 contemplationis
1579 1749 1793 1793 montes
1843 1749 1867 1778 ε
1921 1741 2092 1794 intre-

477 1829 607 1897 pide
637 1831 1048 1899 conscendere,
1082 1841 1136 1886 et
1180 1833 1261 1887 sic
1306 1833 1522 1902 populis
1563 1833 1767 1904 eloquia
1798 1831 2090 1904 pulchritu-
2124 1863 2163 1921 Β

480 1921 618 1976 dinis
647 1923 773 1976 dare
803 1940 820 1976 :
851 1934 910 1978 ut
939 1925 1085 1995 quod
1117 1925 1194 1980 illi
1236 1927 1289 1980 in
1331 1925 1620 1981 altitudine
1659 1925 2084 1995 contemplatio-

483 2013 566 2069 nis
599 2017 870 2072 sublevati
899 2019 1213 2085 didicerint,
1248 2021 1354 2075 hoc
1383 2019 1614 2076 inferius
1639 2021 1832 2091 positis
1867 2032 2089 2076 strenue

479 2109 817 2166 ministrent.

1115 2208 1345 2264 CAPUT
1383 2208 1451 2264 X.

1006 2301 1308 2356 Benedictio
1337 2301 1556 2376 Ioseph.

555 2393 604 2447 I.
639 2390 689 2444 F
693 2393 814 2448 ilius
842 2411 1143 2450 accrescens
1169 2393 1389 2465 Ioseph,
1413 2395 1556 2463 ﬁlius
1576 2411 1896 2460 accrescens,
1922 2406 1968 2449 et
1999 2395 2089 2448 de-

477 2503 629 2541 corus
659 2499 868 2561 aspectu
891 2487 1053 2559 (Gen.
1080 2505 1226 2556 xux,
1260 2489 1361 2555 2'2;
1397 2506 1587 2556 xxxix,
1619 2490 1651 2544 ὑ
1674 2492 1712 2560 ).
1743 2489 1904 2546 Juxta
1939 2491 2090 2546 litte-

479 2596 598 2636 ram
631 2582 852 2652 quidem
885 2582 1080 2638 beatus
1101 2582 1270 2638 Jacob
1289 2584 1643 2652 przevidebat,
1667 2584 1861 2639 tribum
1884 2583 2085 2654 Joseplt

479 2677 768 2730 innumera
798 2677 955 2745 prole
981 2677 1376 2732 abundaturam
1401 2694 1417 2745 ;
1447 2678 1590 2733 unde
1628 2690 1682 2734 et
1717 2679 1952 2734 duarum
1995 2681 2089 2733 tri-

483 2768 650 2823 buum
685 2769 787 2823 fuit
806 2779 980 2840 pater,
1001 2771 1142 2825 sicut
1162 2771 1240 2826 eis
1263 2773 1517 2840 superius
1547 2772 1924 2828 benedicendo
1951 2761 2105 2841 praei

482 2862 719 2918 dixerat.
757 2863 909 2919 Unde
934 2865 1088 2935 quasi
1118 2865 1331 2921 duabus
1362 2867 1612 2922 tribubus
1639 2867 1969 2924 benedicens
1998 2883 2087 2924 re-

484 2954 712 3024 petivit:
737 2955 882 3025 [ilius
905 2972 1221 3012 accrescens.

552 3047 608 3102 ‘2.
641 3046 843 3118 Ioseph
901 3060 1079 3104 autem
1131 3051 1182 3104 in
1216 3061 1345 3122 typo
1393 3053 1744 3122 praecessisse
1788 3053 2087 3110 Salvatoris

481 3149 727 3210 constat,
760 3143 883 3213 quia
912 3142 1206 3217 Egyptum
1234 3145 1376 3201 fatue
1419 3147 1765 3204 deﬁcientem
1809 3147 2085 3203 frumento

2190 522 2522 594 subjiciemur
2552 521 2738 576 ditioni
2763 517 2787 557 d
2822 531 2925 576 tua:
2957 518 3110 592 (Gen.
3142 535 3331 575 xxxvu
3351 562 3364 585 ,
3397 519 3489 590 8)?
3516 516 3676 574 Unde
3703 530 3792 571 su-

2194 619 2376 688 perius
2416 617 2618 672 dictum
2662 625 2745 672 est
2781 635 2791 670 :
2828 615 3138 670 Invidebant
3183 615 3343 687 igitur
3388 615 3436 669 ei
3479 618 3667 686 fratres
3713 610 3792 665 sui

2193 709 2348 781 (Gen.
2392 727 2612 772 xxxvm.
2656 711 2766 780 Il).
2801 709 3075 764 Habebunt
3121 721 3306 764 autem
3342 709 3568 782 jacula;
3603 706 3655 760 id
3688 715 3793 772 est,

2191 804 2352 859 corda
2385 805 2449 857 ad
2476 804 2782 859 nocendum
2803 813 3009 873 parata.
3028 802 3180 858 Unde
3195 803 3262 858 de
3283 801 3487 857 Judaeis
3510 801 3792 856 Dominum

2192 897 2503 952 interﬁcere
2544 897 2888 967 cupientibus
2921 895 3162 951 dicitur:
3202 894 3420 966 Sagilltv
3459 893 3795 966 parvulorum

2192 992 2342 1061 factw
2362 1000 2481 1044 sunt
2507 989 2676 1061 plagae
2702 1005 2878 1042 eorum
2913 987 3030 1060 (Ps.
3060 1004 3210 1054 LXIII,
3232 987 3312 1057 9).

2261 1083 2315 1136 4.
2351 1084 2509 1137 Juxta
2542 1082 2803 1153 mysticos
2832 1091 3013 1135 autem
3049 1094 3244 1149 sensus
3267 1123 3282 1145 ,
3316 1078 3478 1148 ﬁlice,
3506 1076 3681 1133 Judaei
3711 1076 3794 1132 in-

2194 1178 2526 1247 telliguntur,
2555 1174 2645 1244 qui
2679 1174 2916 1230 feminea
2944 1183 3239 1228 censentur
3262 1171 3654 1241 appellatione,
3674 1172 3796 1240 quia

2194 1271 2564 1339 relinquentes
2586 1277 2608 1304 θ
2633 1268 2920 1323 Dominum
2951 1275 3006 1321 et
3028 1265 3325 1321 Salvatoris
3358 1264 3534 1318 nostri
3567 1262 3797 1317 solidam

2192 1363 2528 1431 doctrinam,
2579 1371 2632 1416 et
2679 1361 3026 1416 adltmrenles
3058 1358 3349 1413 Phariaca:
3381 1355 3790 1425 superstitioni,

2194 1465 2373 1512 mente.
2405 1455 2606 1510 turbati
2639 1465 2784 1509 sunt.
2819 1453 2952 1509 Nam
3000 1453 3079 1508 illi
3109 1453 3307 1523 quibus
3347 1450 3559 1505 solidus
3605 1463 3796 1504 sensus

2191 1551 2368 1616 deest,
2389 1562 2441 1606 et
2471 1565 2623 1605 mens
2650 1565 2839 1605 eorum
2865 1548 3011 1602 varia
3044 1546 3395 1601 ﬂuctuatione
3412 1544 3656 1611 vacillat,
3681 1558 3796 1596 mu-

2193 1645 2384 1700 lierum
2431 1645 2650 1700 nomine
2692 1643 2761 1697 ab
2797 1641 3067 1712 'Apostolo
3114 1649 3424 1705 censentur,
3464 1639 3684 1694 dicente
3729 1636 3798 1692 de

2196 1740 2351 1795 malis
2378 1738 2738 1794 doctoribus:
2776 1736 2877 1805 Qui
2917 1744 3182 1808 penetrant
3231 1733 3433 1802 domos,
3478 1743 3525 1787 et
3568 1733 3797 1804 captivas

2193 1836 2389 1890 ducunt
2415 1832 2753 1888 mulierculas
2780 1842 3015 1886 oneratas
3043 1830 3264 1902 peccatis
3294 1830 3339 1895 ί,
3367 1844 3569 1895 semper
3597 1827 3796 1879 discen-

2193 1939 2286 1993 tes,
2324 1938 2372 1982 et
2410 1943 2688 1995 numquam
2735 1924 2803 1980 ad
2849 1926 3117 1980 scientiam
3171 1923 3398 1977 veritatis
3445 1919 3796 1993 pervenientes

2193 2023 2271 2092 (Il
2302 2021 2438 2076 Tim.
2476 2037 2563 2086 nt,
2600 2020 2686 2088 6).
2715 2018 3082 2074 Discurrerunt
3123 2027 3308 2071 autem
3359 2029 3517 2083 super
3559 2027 3794 2078 murum,

2192 2117 2409 2189 quando
2439 2116 2865 2170 munitissimum
2899 2129 2957 2169 se
2991 2113 3265 2166 invenisse
3297 2118 3626 2179 putaverunt
3666 2121 3796 2160 con-

2191 2211 2399 2278 silium,
2433 2210 2651 2265 dicente
2680 2207 2882 2279 Caipha
2913 2224 2927 2260 :
2960 2205 3181 2278 Expedit
3212 2203 3382 2270 vobis,
3418 2211 3474 2256 ut
3516 2217 3651 2254 unus
3681 2216 3794 2252 mo-

2190 2305 2357 2358 riatur
2385 2319 2478 2374 pro
2508 2301 2703 2375 populo
2727 2301 2898 2366 homo,
2923 2309 2970 2353 et
2999 2314 3102 2352 non
3127 2305 3234 2350 tota
3261 2312 3382 2366 gens
3405 2302 3580 2364 pereat
3607 2290 3790 2364 (Joan.

2193 2416 2268 2462 χι,
2297 2397 2414 2469 50).
2442 2397 2896 2464 Exasperaverunl
2924 2402 3107 2447 autem
3138 2408 3274 2458 eum,
3299 2389 3516 2460 quando
3537 2387 3797 2460 quodam-

2195 2491 2356 2547 modo
2396 2489 2561 2546 ιτειίἱο
2600 2487 3000 2544 incredulitatis
3036 2501 3226 2540 eorum
3271 2493 3579 2540 commotus
3608 2481 3743 2534 dixit
3775 2494 3794 2533 :

2195 2586 2240 2641 0
2261 2587 2524 2658 generatio
2544 2601 2725 2657 prava,
2753 2583 2998 2653 quamdiu
3023 2579 3161 2653 apud
3185 2596 3270 2633 vos
3291 2579 3418 2634 ero?
3437 2575 3688 2649 quamdiu
3707 2589 3792 2628 vos

2190 2681 2364 2750 patiar
2386 2678 2589 2752 (Marc.
2621 2693 2708 2745 Ix,
2741 2675 2830 2747 19)
2851 2677 2873 2730 ?
2895 2675 3108 2746 Jurgati
3146 2683 3301 2737 sunt,
3334 2672 3582 2727 dicentes
3609 2688 3622 2725 :
3655 2669 3792 2735 Quo-

2191 2791 2348 2845 usque
2377 2775 2604 2827 animum
2627 2781 2855 2826 nostram
2881 2767 3021 2823 tollis
3044 2767 3225 2838 (Joan.
3244 2763 3439 2836 x,24)?
3463 2763 3792 2817 lnviderunt-

2190 2887 2287 2940 que
2317 2870 2417 2936 illi,
2448 2866 2578 2923 dum
2608 2866 2794 2920 dicunt
2823 2865 2880 2920 in
2913 2863 3146 2919 concilio
3173 2879 3274 2916 suo
3308 2879 3319 2914 :
3353 2859 3496 2926 Quid
3518 2857 3788 2930 faciemus,

2189 2964 2310 3034 quia
2334 2962 2415 3016 hic
2443 2963 2595 3016 homo
2623 2961 2786 3013 multa
2806 2959 2952 3029 signa
2976 2957 3141 3028 facit?
3161 2955 3204 3008 si
3230 2953 3537 3007 dimittimus
3562 2967 3675 3004 eum
3695 2950 3787 3018 sic,

2191 3073 2366 3110 omnes
2391 3055 2596 3110 credent
2637 3055 2689 3107 in
2733 3068 2849 3107 eum
2880 3050 3068 3121 (Joan.
3100 3065 3184 3116 χι,
3214 3049 3311 3116 47,
3342 3043 3468 3118 48).
3501 3044 3744 3114 ltetnqne
3774 3057 3787 3094 :

2201 3151 2423 3217 Videtis,
2447 3152 2571 3221 quia
2597 3148 2730 3203 nihil
2760 3147 3061 3220 proﬁcimus
3085 3145 3109 3198 ?
3136 3160 3249 3198 ecce
3275 3144 3495 3196 mundus
3521 3150 3656 3194 totus
3680 3147 3790 3208 post

481 3234 633 3290 verbi
662 3234 758 3291 Dei
795 3238 964 3306 pascit
989 3258 1000 3291 :
1036 3248 1091 3292 et
1114 3239 1366 3296 venditus
1394 3257 1423 3295 a
1453 3241 1714 3296 fratribus
1741 3243 1856 3297 suis
1883 3241 2084 3296 Judmis
2113 3263 2159 3325 ρ
2191 3263 2306 3300 eum
2333 3246 2456 3300 abiit
2487 3243 2647 3317 (Joan
2698 3259 2798 3308 xu,
2825 3241 2936 3311 I9).
2965 3237 3436 3311 Habebantjacula
3461 3278 3476 3303 ,
3505 3235 3575 3291 de
3597 3233 3791 3305 quibus

483 3344 656 3398 usque
700 3329 862 3386 hodie
899 3333 1139 3402 gentium
1173 3338 1342 3389 nutrit
1370 3336 1694 3392 Ecclesiam.
1725 3337 1822 3391 (lui
1853 3337 2080 3405 dicitur,

481 3423 626 3494 ﬁlius
657 3441 952 3480 accrescens
971 3469 986 3493 ,
1019 3438 1066 3481 et
1094 3429 1307 3483 decorus
1335 3440 1548 3501 aspectu
1579 3447 1597 3484 :
1624 3431 1740 3500 ipse
1770 3431 1912 3485 cnim
1945 3431 2089 3485 ﬁlius

481 3515 601 3585 Dei,
636 3516 888 3587 idemque
919 3518 1065 3575 ﬁlius
1099 3520 1339 3575 hominis
1377 3522 1784 3591 quodammodo
1827 3526 2082 3588 accrevit,

481 3625 604 3666 cum
629 3613 885 3683 papnlum
908 3612 1076 3668 Israel
1104 3629 1203 3685 per
1219 3617 1731 3686 praevaricationem
1755 3617 1889 3686 legis
1919 3616 2086 3672 Deum

482 3703 933 3776 inhonorantem,
963 3707 1015 3761 in
1043 3707 1323 3776 Apostolis
1351 3719 1406 3762 et
1436 3709 1660 3777 reliquis
1705 3710 1850 3763 illius
1880 3718 2088 3779 tempo-

481 3795 561 3851 ris
603 3796 854 3852 ﬁdelibus
906 3799 1126 3854 sibimet
1157 3801 1407 3856 adscivit.
1454 3799 1598 3855 Idem
1627 3801 1769 3871 ﬁlius
1799 3818 2089 3857 accrescens

482 3902 588 3957 est,
613 3905 740 3947 cum
763 3892 926 3946 etiam
959 3893 1102 3948 inter
1130 3902 1323 3963 gentes
1356 3893 1596 3949 nominis
1621 3893 1702 3948 sui
1728 3893 1974 3950 dilatavit
1999 3911 2091 3950 co-

481 3985 806 4056 gnitionem,
841 3998 894 4043 et
929 3989 982 4042 in
1015 3990 1094 4043 eis
1123 4005 1294 4060 usque
1323 3990 1508 4045 mundi
1557 3993 1849 4045 terminum
1894 3994 2092 4048 crescit

485 4093 583 4148 per
605 4079 729 4135 fidei
755 4096 1094 4153 operumque
1120 4081 1604 4139 illuminationem.
1624 4083 1770 4140 Idem
1795 4094 1974 4139 autem
1998 4086 2089 4141 Jo-

483 4172 618 4242 seph
649 4174 867 4228 decorus
889 4186 1102 4244 aspectu
1129 4184 1230 4242 est,
1263 4176 1390 4244 quia
1419 4177 1679 4247 speciosus
1708 4193 1817 4248 prce
1846 4178 1972 4245 ﬁliis
1997 4177 2092 4232 ho-

483 4271 686 4324 minum
717 4274 886 4342 forma
911 4270 1028 4342 (Ps.
1054 4289 1200 4338 xuv,
1231 4271 1308 4343 5).

552 4363 606 4418 5.
640 4362 796 4418 Filia:
817 4362 1170 4418 discurrerunt
1191 4381 1345 4437 super
1367 4382 1592 4420 murum.
1623 4365 1731 4420 Sed
1754 4382 2092 4438 exasperave-

479 4465 602 4508 runt
628 4471 773 4524 eum,
799 4466 847 4511 et
867 4458 1072 4530 jurgati
1106 4469 1256 4522 sunt,
1285 4458 1686 4528 invidet-uritque
1719 4459 1800 4512 illi
1847 4459 2091 4514 habentes

377 4541 380 4544 ’
468 4547 658 4622 jacula
689 4549 849 4620 (Gen.
870 4567 1024 4618 thx,
1055 4552 1148 4621 22,
1182 4553 1299 4622 25).
1322 4553 1594 4620 Quantum
1627 4552 1845 4622 quidem
1874 4553 1940 4607 ad
1975 4571 2089 4608 rem

2193 3339 2452 3407 scripturn
2487 3347 2571 3402 est
2602 3352 2615 3389 :
2648 3335 2866 3408 Sagitta:
2890 3331 3226 3406 parvulorum
3275 3332 3427 3402 [actia
3469 3337 3589 3382 sunt
3625 3328 3792 3399 plaga:

2193 3449 2366 3487 eorum
2387 3431 2503 3505 (Ps.
2534 3446 2691 3496 LXIII,
2723 3430 2804 3501 9).

2266 3525 2318 3579 5.
2346 3523 2494 3580 Sedit
2525 3526 2576 3577 in
2599 3525 2722 3596 forti
2745 3540 2896 3578 arcus
2917 3526 3050 3596 ejus,
3082 3530 3131 3574 et
3155 3519 3409 3574 dissoluta
3438 3526 3558 3572 sunt
3589 3514 3794 3570 vincula

2194 3620 2523 3673 brachiorum
2550 3620 2685 3689 ejus,
2717 3627 2765 3671 et
2786 3633 3036 3670 manuum
3063 3616 3204 3668 illius
3238 3629 3327 3680 per
3355 3628 3540 3665 manus
3573 3608 3793 3682 potentis

2193 3711 2358 3764 Jacob
2391 3727 2408 3765 :
2439 3711 2564 3765 inde
2605 3719 2783 3781 pastor
2824 3725 3054 3779 egressus
3104 3714 3196 3770 est,
3248 3705 3380 3777 lapis
3428 3701 3599 3757 Israel
3639 3700 3795 3775 (Gen.

2195 3821 2343 3869 xux,
2373 3805 2831 3873 24).‘_Ilistoricus
2862 3803 3082 3874 quidem
3108 3816 3322 3864 sensus,
3348 3810 3609 3870 quantum
3635 3796 3798 3852 intel-

2196 3898 2290 3967 ligi
2315 3899 2501 3964 datur,
2537 3898 2638 3952 iste
2665 3907 2770 3953 est.
2817 3897 2922 3952 Per
2957 3912 3134 3950 arcum
3169 3892 3496 3964 intelligitur
3530 3907 3688 3947 mens
3718 3890 3800 3944 fu-

2197 4001 2443 4046 turorum
2487 3993 2738 4062 praescia.
2768 3991 2825 4046 In
2873 4007 3002 4045 arcu
3057 4004 3294 4060 namque
3324 3988 3520 4059 sagitta
3555 3987 3794 4058 ponitur,

2197 4096 2255 4142 ut
2275 4088 2487 4142 eminus
2514 4086 2680 4142 feriat
2711 4105 2722 4140 ;
2749 4096 2804 4140 et
2842 4101 2997 4140 meus
3039 4084 3352 4138 futurorum
3390 4097 3639 4154 przesaga
3683 4081 3797 4135 lon-

2196 4182 2316 4252 gius
2338 4184 2564 4252 sagittas
2588 4181 2993 4236 sententiarum
3019 4181 3278 4233 emittere
3307 4177 3468 4231 solet.
3486 4175 3622 4229 Tale
3641 4189 3790 4243 ergo,

2197 4274 2344 4344 quod
2369 4273 2609 4328 dicitur:
2640 4273 2768 4326 sedit
2791 4272 2844 4326 in
2867 4272 2990 4343 [orti
3013 4287 3162 4326 arcus
3183 4272 3320 4342 ejus,
3351 4269 3508 4339 quasi
3539 4268 3751 4322 diceret
3777 4283 3791 4321 :

2198 4369 2468 4439 requievit
2509 4383 2664 4421 mens
2698 4365 2851 4420 iIIius
2886 4366 3130 4434 undique
3172 4360 3621 4416 tribulationibus
3662 4358 3798 4415 afﬁi—

2198 4471 2283 4516 cta
2322 4481 2335 4518 :
2366 4463 2418 4516 in
2449 4462 2573 4532 forti
2596 4503 2611 4526 ,
2636 4460 2688 4514 id
2720 4470 2806 4514 est
2830 4501 2846 4524 ,
2875 4461 2926 4513 in
2956 4459 3066 4513 Deo
3095 4456 3327 4511 solidata
3356 4497 3369 4519 ,
3395 4465 3556 4525 atque
3588 4453 3796 4524 sagittis

2198 4554 2617 4616 sententiarum,
2651 4552 2847 4621 quibus
2878 4551 3020 4621 quod
3047 4549 3285 4603 futurum
3319 4555 3511 4613 esset,
3543 4562 3797 4616 praenun-

478 4649 690 4710 gestam
715 4642 974 4711 pertinet,
1003 4645 1161 4710 ﬁlias,
1195 4643 1396 4699 fratres
1424 4644 1572 4699 illius
1596 4645 1839 4714 appellat
1869 4658 2093 4718 propter
2119 4665 2171 4724 υ
2201 4650 2364 4710 tians,
2399 4656 2645 4716 tempora
2674 4643 2856 4698 futura
2887 4643 3178 4697 sterilitate
3211 4640 3420 4694 feriret.

479 4732 719 4789 dedecus
752 4735 1187 4790 inliumanitatis.
1213 4736 1403 4807 Neque
1429 4737 1573 4791 enim
1601 4738 1775 4792 virilis
1801 4747 1854 4792 et
1877 4739 2092 4795 stabilis

479 4825 584 4881 fuit
613 4828 827 4882 consilii
852 4829 1198 4885 innocentem
1226 4831 1306 4885 vel
1333 4831 1684 4898 exstinguere
1716 4832 1986 4900 voluisse,
2006 4837 2089 4890 vel

477 4918 802 4975 vendidisse
834 4921 1088 4986 fratrem;
1123 4923 1216 4976 sed
1249 4923 1430 4992 potius
1454 4923 1698 4979 feminea:
1745 4925 2084 4983 mobilitatis.

483 5009 661 5080 Super
702 5027 910 5064 murum
938 5022 1122 5068 autem
1155 5014 1532 5079 discurrerunt,
1567 5017 1688 5085 quia
1733 5016 1995 5072 invictum
2030 5036 2090 5075 se

479 5101 769 5158 consilium
784 5118 950 5172 super
968 5120 1056 5169 eo,
1082 5119 1150 5160 ne
1173 5110 1253 5160 eis
1271 5105 1487 5161 futurus
1503 5123 1599 5162 rex
1623 5109 1780 5175 foret,
1812 5110 2089 5167 invenisse

477 5205 834 5266 putaverunt.
873 5196 1333 5271 Exasperaverunt
1383 5210 1566 5258 autem
1621 5219 1762 5267 eum,
1811 5203 2090 5262 nudantes

479 5289 660 5344 tunica
696 5291 956 5363 polymita
988 5290 1139 5360 (Gen.
1176 5311 1364 5361 xxvnt,
1392 5295 1507 5368 25),
1543 5309 1598 5352 et
1626 5298 1862 5368 indignis
1890 5313 2085 5355 contu-

475 5379 655 5436 meliis
695 5381 1024 5440 efﬁcientes.
1055 5383 1266 5457 Jurgati
1290 5398 1409 5442 sunt
1439 5398 1619 5445 autem
1646 5431 1662 5458 ,
1691 5390 2084 5462 invideruntque

541 5562 571 5637 ξ
601 5561 659 5616 1η
688 5563 1082 5637 quaestionibus
1111 5564 1388 5621 hebraicis
1408 5568 1463 5621 in
1485 5565 1771 5637 Genesim,
1797 5581 1918 5637 pag.
1941 5568 2070 5636 577,

465 5624 594 5702 578,
632 5624 762 5688 tom.
790 5649 844 5688 Iv
868 5631 1033 5702 Oper.
1067 5637 1216 5690 Ilier.
1243 5639 1441 5693 editor.
1482 5655 1507 5688 a
1535 5624 1774 5692 νωιπεί

543 5694 786 5767 “Codex
826 5694 1090 5762 mendose
1123 5707 1290 5763 habet
1317 5708 1558 5762 solerent.

543 5776 566 5848 ξ
594 5771 786 5848 ~_Codex
824 5777 1108 5842 mendose,
1135 5788 1194 5832 ut
1224 5790 1383 5848 puto,
1419 5779 1584 5840 habet
1611 5788 1828 5833 mentes.

539 5831 565 5871 ⁸
589 5838 773 5901 Codex
805 5831 1076 5904 mendose
1093 5831 1313 5904 haberi
1333 5831 1571 5904 dictioni.

2266 4741 2319 4795 6.
2345 4739 2496 4808 Quod
2525 4749 2706 4793 autem
2731 4739 2806 4791 ait
2832 4755 2844 4787 :
2874 4736 2942 4789 Et
2980 4734 3236 4789 dissoluta
3284 4744 3406 4787 sunt
3443 4732 3654 4787 vincula
3681 4735 3797 4786 bra-

2195 4831 2429 4886 chiorum
2451 4843 2499 4885 et
2528 4846 2777 4884 manuum
2815 4828 2977 4897 illius,
3015 4826 3081 4880 ad
3117 4837 3332 4896 tempus
3378 4824 3620 4881 refertur
3666 4841 3791 4896 quo,

2189 4927 2418 4996 jubente
2441 4925 2750 4985 Pharaone,
2785 4922 2999 4975 solutus
3032 4921 3097 4974 de
3121 4934 3346 4974 carcere
3373 4961 3387 4984 ,
3415 4929 3506 4985 et,
3536 4921 3679 4974 sicut
3711 4919 3794 4975 hic

2193 5019 2414 5086 dicitur,
2449 5017 2660 5071 vincula
2684 5016 3015 5069 brachiorum
3045 5024 3091 5070 et
3115 5031 3363 5068 manuum
3397 5014 3562 5079 illius,
3600 5014 3794 5085 quibus

2195 5111 2386 5165 vinciri
2417 5111 2469 5162 in
2504 5123 2730 5163 carcere
2755 5107 2943 5178 jussus
2965 5117 2988 5154 Β
3015 5112 3211 5176 luerat,
3238 5108 3409 5162 soluta
3429 5117 3549 5161 sunt
3574 5125 3666 5179 per
3688 5126 3795 5162 ma-

2191 5222 2286 5258 nus
2307 5247 2322 5270 ,
2374 5203 2426 5257 id
2455 5214 2571 5270 est,
2610 5219 2705 5271 per
2749 5205 3006 5258 virtutem
3052 5203 3276 5273 p0tentis
3304 5201 3503 5268 Iacob,
3537 5203 3794 5259 videlicet

2194 5296 2288 5350 Dei
2335 5297 2750 5365 omnipotentis,
2804 5303 2963 5365 cujus
3017 5296 3298 5366 adjutorio
3337 5296 3508 5352 Jacob
3551 5299 3791 5368 potentia

2186 5388 2402 5445 claruit.

2259 5576 2281 5604 ο
2307 5566 2471 5622 Forte
2501 5565 2738 5621 Domini.

2260 5636 2362 5715 "In
2395 5639 2617 5715 Vulgata
2645 5639 2892 5694 editione
2917 5638 3009 5698 hic
3043 5640 3308 5699 additur:
3353 5660 3470 5715 qua:
3529 5645 3787 5699 ducuntur

2183 5710 2338 5763 variis
2371 5710 2661 5765 desideriis.

2255 5789 2280 5827 κ
2317 5778 2498 5836 Codex
2535 5782 2800 5836 mendose
2830 5780 2996 5839 habet
3023 5785 3228 5839 missus.
