4122 6346
283 375 386 433 729

1001 374 1092 430 DE
1133 371 1757 430 BENEDICTIONIBUS
1795 371 2397 430 PATRIARClIAllUM
2443 369 2804 426 LlBELLUS.

3475 363 3580 422 750

349 491 402 545 7.
425 489 566 546 Illud
594 504 776 562 porro,
812 489 956 561 quod
987 489 1272 559 subjungit
1305 506 1319 543 :
1353 488 1474 544 inde
1503 498 1678 561 pastor
1705 505 1874 561 egres-
1904 503 1947 558 Α
1981 505 2080 554 me,
2110 487 2327 543 Domine
2350 487 2492 542 Deus
2517 503 2658 540 meus
2685 501 2703 540 :
2730 485 2928 538 salvum
2949 498 3030 537 me
3056 485 3141 553 fac
3168 477 3453 535 secundum
3477 476 3581 529 mi-

276 601 360 640 sus
381 593 476 653 est,
502 584 642 654 lapis
668 583 863 650 Israel,
887 583 954 637 ad
977 581 1255 638 Christum
1287 582 1544 648 refertur,
1571 582 1661 652 qui
1691 581 1758 636 de
1785 581 1874 636 Ja-

273 677 377 732 cob
407 692 665 747 egressus
693 685 799 742 est,
835 677 1092 732 videlicet
1117 677 1184 730 de
1226 690 1293 731 eo
1327 676 1594 746 originem
1627 672 1868 728 trahens.

271 769 374 838 Qui
398 772 541 826 bene
567 771 700 842 lapis
723 769 889 825 Israel
907 768 1130 834 dicitur,
1153 771 1277 840 quia
1302 769 1564 825 fortitudo
1589 769 1640 822 in
1674 782 1732 824 se
1753 782 1872 822 cre-

269 862 423 920 denti
458 865 547 920 sit.

343 959 397 1013 8.
427 955 697 1014 Salvatori
725 965 903 1013 autem
947 957 1065 1012 haec
1107 958 1379 1012 sententia
1415 955 1508 1010 tali
1540 953 1701 1009 modo
1732 968 1862 1008 con.

273 1053 438 1125 gruit.
461 1053 612 1110 Sedit
629 1055 684 1108 in
697 1054 820 1126 forti
845 1070 995 1107 arcus
1026 1055 1136 1127 ejus
1158 1069 1178 1118 ;
1199 1051 1252 1107 id
1274 1061 1377 1118 est,
1404 1048 1869 1105 sententiaanim-

269 1145 656 1212 adversionis,
697 1161 800 1217 qua
841 1143 993 1201 teriri
1061 1144 1240 1200 Judaei
1288 1143 1564 1199 debebant
1608 1142 1698 1212 qui
1741 1156 1864 1197 eum

265 1243 518 1312 recipere
551 1241 864 1307 noluerunt,
901 1239 998 1295 sed
1031 1255 1206 1309 usque
1228 1239 1297 1294 ad
1329 1247 1562 1293 mortem
1597 1236 1864 1306 persecuti

261 1342 431 1400 sunt;
463 1335 517 1388 in
547 1333 671 1404 {orti
695 1333 848 1400 sedit,
880 1332 932 1388 id
964 1345 1069 1398 e5t,
1097 1331 1282 1387 stabili
1313 1346 1438 1385 cum
1471 1329 1634 1384 Patre
1662 1329 1862 1383 immu-

263 1427 536 1483 tabilitate
584 1426 803 1497 praeﬁxa
851 1435 934 1481 est
959 1468 974 1492 ,
1006 1426 1242 1480 dicentis
1275 1441 1288 1479 :
1319 1424 1481 1478 Amen
1513 1423 1631 1478 dico
1673 1423 1814 1476 vobis
1844 1438 1863 1475 :

262 1537 365 1576 non
387 1522 710 1592 relinquetur
741 1521 825 1575 hic
853 1519 986 1591 lapis
1013 1537 1164 1594 super
1193 1519 1422 1588 lapidem
1452 1516 1681 1591 (Matth.
1710 1534 1857 1584 XXIV,

261 1616 340 1688 2).
358 1616 457 1672 Et:
475 1616 608 1672 Ecce
627 1617 950 1688 relinquetur
972 1615 1110 1671 vobis
1129 1615 1314 1670 domus
1329 1624 1496 1669 vestra
1509 1616 1729 1681 deserta,
1745 1623 1854 1669 etc.

260 1711 478 1784 (Matth.
507 1728 660 1780 χχιιι,
689 1712 802 1783 58).

327 1806 383 1863 9.
417 1804 690 1862 Dissoluta
710 1817 891 1863 autem
922 1817 1038 1861 sunt
1066 1805 1275 1861 vincula
1306 1805 1635 1860 brachiorum
1667 1817 1712 1858 et
1751 1821 1858 1857 nta-

1979 585 2314 638 sericordiam
2343 594 2484 638 tuam
2515 579 2636 651 (Ps.
2671 595 2820 646 CVIII,
2849 577 2969 650 26).
2995 577 3098 646 Qui
3128 575 3275 631 enim
3301 572 3577 628 individua

1977 679 2180 737 deitate
2202 679 2457 734 omnibus
2478 679 2571 749 qui
2595 675 3011 740 anuuntiantur,
3038 670 3306 727 auxilium
3328 675 3575 739 prastat,

1978 771 2094 838 ipse
2122 769 2451 824 humauatus
2477 778 2499 804 ιι
2541 779 2594 824 et
2630 767 2789 838 paulo
2831 765 3011 820 minus
3041 763 3111 816 ab
3143 760 3371 832 Angelis
3397 759 3576 812 mino-

1979 872 2126 916 ratus
2149 861 2340 932 (Hebr.
2371 877 2431 926 II,
2457 860 2534 932 7),
2562 875 2668 914 non
2701 857 2865 913 modo
2899 865 3152 927 paterno,
3175 853 3271 907 sed
3293 852 3458 907 etiam
3482 849 3578 904 ad-

1968 957 2175 1027 jutorio
2198 957 2430 1027 indiguit
2459 956 2724 1026 angelico,
2758 961 2981 1025 propter
3021 945 3578 1019 videlicellmaniles-

1973 1051 2192 1106 tandam
2221 1052 2494 1121 geminam
2522 1049 2576 1102 in
2610 1064 2670 1102 se
2697 1045 3082 1102 substantiam.
3115 1042 3250 1098 Inde
3283 1050 3366 1096 est
3395 1040 3569 1108 enim,

1973 1145 2116 1215 quod
2147 1143 2385 1198 clamat:
2423 1140 2596 1208 Deus,
2623 1138 2766 1194 Deus
2798 1155 2940 1192 meus
2962 1182 2975 1205 ,
3005 1145 3058 1189 ut
3088 1135 3213 1206 quid
3253 1130 3574 1201 dereliquisti

1970 1254 2049 1292 me
2070 1237 2262 1307 (Marc.
2293 1251 2388 1301 xv,
2415 1234 2545 1304 Si)?
2570 1234 2635 1288 Et
2660 1235 2710 1286 in
2739 1230 3067 1302 Evangelia:
3103 1228 3366 1301 Apparuit
3388 1225 3434 1279 ei
3459 1225 3572 1279 An-

1968 1332 2111 1404 gelus
2137 1330 2202 1384 de
2232 1329 2378 1393 caelo,
2401 1327 2700 1397 confortans
2737 1342 2850 1378 eum
2883 1326 2899 1392 (
2931 1322 3056 1377 Luc.
3085 1337 3201 1376 xin
3228 1365 3242 1390 ,
3266 1318 3395 1389 45).
3445 1316 3569 1386 Ipse

1966 1437 2148 1482 autem
2176 1424 2534 1493 Omnipotens
2567 1419 2850 1476 benedixit
2893 1419 2978 1472 illi
3008 1418 3242 1471 dicendo
3288 1432 3299 1467 ε
3352 1411 3457 1466 Hic
3488 1420 3566 1465 est

1967 1520 2095 1574 mihi
2118 1519 2258 1587 ﬁlius
2291 1517 2546 1581 dilectus,
2583 1515 2637 1568 in
2666 1529 2768 1579 quo
2792 1510 3082 1580 complacui
3111 1507 3182 1576 (ll
3216 1506 3332 1560 Pet.
3368 1521 3416 1570 I,
3449 1503 3561 1574 17).

2041 1614 2122 1667 14.
2167 1608 2618 1666 Benedictionibus
2655 1608 2769 1662 εωιί
2805 1606 3028 1671 desuper
3051 1645 3064 1668 ,
3104 1612 3150 1657 et
3191 1599 3564 1656 benedictioni-

1965 1707 2055 1762 bus
2083 1707 2254 1778 abyssi
2272 1705 2498 1778 jacentis
2520 1702 2764 1756 deorsum
2793 1700 2869 1754 illi
2895 1697 3196 1763 benedixit,
3226 1695 3445 1766 quando
3471 1708 3562 1748 se-

1963 1803 2201 1856 Cundnm
2227 1798 2583 1870 Apostolum:
2611 1795 2766 1851 Dedit
2792 1796 2876 1850 illi
2907 1809 3114 1860 nomen,
3141 1791 3278 1863 quod
3307 1802 3380 1844 est
3410 1805 3564 1860 super

260 1914 419 1952 nuum
447 1897 587 1954 illius
622 1917 714 1967 per
743 1917 923 1954 manus
973 1900 1193 1970 potentis
1228 1897 1427 1965 Jacob,
1468 1913 1592 1953 cum
1643 1897 1857 1952 vincula
1895 1895 1934 1952 Β
1966 1910 2114 1948 omne
2150 1908 2370 1959 nomen,
2404 1899 2458 1944 ut
2504 1891 2557 1944 in
2599 1888 2805 1943 nomine
2828 1890 2939 1960 ejus
2972 1901 3122 1938 omne
3144 1899 3276 1955 genu
3297 1883 3561 1950 ﬂectatur,

258 1992 585 2061 sepulcralia
628 1992 858 2047 enodata
891 2004 1018 2047 sunt
1045 2038 1058 2061 ,
1093 2002 1259 2061 atque
1293 1991 1371 2046 illi
1407 2007 1498 2063 per
1542 2007 1721 2045 manus
1763 2005 1856 2060 po-

258 2084 407 2137 tentis
434 2083 620 2152 Jacob,
654 2084 708 2140 id
735 2096 841 2154 est,
876 2101 970 2156 per
1002 2085 1264 2140 virtutem
1300 2082 1477 2139 Patris
1521 2083 1855 2139 resurrectio

257 2190 363 2231 non
387 2187 472 2233 est
501 2178 787 2250 denegata.

327 2268 415 2324 10.
447 2266 584 2324 Inde
609 2281 788 2325 autem
823 2281 1000 2341 pastor
1026 2286 1260 2340 egressus
1280 2277 1375 2336 est,
1403 2277 1449 2322 et
1482 2267 1612 2340 lapis
1643 2265 1811 2320 Israel
1834 2281 1853 2331 ;

259 2362 312 2419 id
356 2373 464 2431 est,
502 2381 532 2419 a
565 2365 677 2420 Deo
708 2366 869 2421 Patre
915 2366 1172 2421 Dominus
1200 2372 1257 2419 et
1280 2363 1530 2419 Salvator
1557 2375 1813 2432 egressus
1838 2402 1851 2424 ,

263 2457 476 2514 visibus
497 2472 557 2514 se
588 2460 941 2528 prtesenlavit
969 2459 1244 2523 humanis,
1271 2461 1410 2514 sicut
1435 2459 1549 2527 ipse
1579 2457 1752 2510 dixit:

329 2551 489 2608 Exivi
515 2571 548 2607 a
578 2552 760 2622 Patre,
782 2566 830 2610 et
859 2555 974 2610 veni
1001 2555 1054 2608 in
1083 2553 1331 2607 mundum
1364 2550 1556 2623 (Joan.
1590 2566 1700 2617 va,
1722 2548 1851 2621 26).

330 2647 419 2702 11.
449 2646 592 2703 Deus
617 2649 782 2718 patris
801 2651 874 2704 tui
900 2651 993 2703 erit
1021 2650 1236 2722 adjutor
1259 2657 1396 2714 tuus,
1431 2661 1477 2700 et
1510 2647 1850 2718 Omnipotens

260 2740 520 2796 benedicet
552 2742 643 2796 tibi
666 2742 1108 2797 benedictionibus
1131 2743 1244 2797 caeli
1272 2743 1522 2809 desuper,
1541 2740 1854 2795 benedictio-

258 2833 406 2889 nibus
434 2836 606 2906 abyssi
627 2837 851 2909 jacentis
873 2837 1137 2903 deorsum,
1169 2834 1606 2890 benedictionibus
1635 2834 1850 2888 uberum

258 2936 304 2981 et
331 2926 497 2984 vulva:
525 2929 683 3001 (Gen.
709 2945 856 2995 XLIX,
890 2931 1000 3001 25).
1031 2929 1368 3000 lmprecatur
1393 2928 1501 2983 lilio
1524 2944 1620 2983 suo
1648 2928 1853 2998 adjuto-

256 3021 396 3078 rium
428 3025 525 3080 Dei
557 3025 732 3095 patris
759 3027 874 3092 sui,
903 3027 1046 3080 illius
1078 3026 1365 3090 videlicet,
1399 3025 1552 3094 cujus
1583 3023 1850 3093 adjutorio

259 3120 422 3173 tantis
445 3135 507 3175 se
529 3129 752 3175 exutum
781 3121 1108 3176 meminerat
1138 3121 1391 3190 periculis
1414 3162 1427 3184 ,
1454 3130 1508 3175 et
1537 3134 1697 3190 quem
1721 3134 1841 3172 om-

258 3211 594 3283 nipotentem
639 3231 736 3285 per
784 3214 1046 3270 benelieia
1079 3215 1182 3270 sibi
1213 3214 1453 3284 praestita
1494 3226 1847 3285 cognoverat.

255 3306 414 3376 Quod
445 3319 626 3365 autem
654 3311 762 3363 ait:
793 3311 1228 3364 benedictionibus
1248 3308 1360 3364 caeli
1384 3309 1621 3379 desuper,
1646 3306 1711 3362 ad
1734 3308 1851 3378 plu-
1881 3291 1925 3355 (εἶ

258 3404 398 3458 viam
431 3405 688 3476 aerisque
718 3407 956 3477 pertinet
987 3405 1308 3475 temperiem
1335 3449 1347 3471 ,
1375 3420 1480 3476 qua
1507 3404 1750 3475 frugibus
1781 3402 1850 3458 le-

257 3497 528 3553 cundatur
553 3507 696 3553 terra
723 3539 738 3562 ,
779 3509 940 3568 atque
982 3501 1240 3554 arborum
1270 3502 1586 3554 nutriuntur
1615 3513 1844 3568 proven-

256 3599 362 3647 tus.
397 3593 557 3661 Quod
592 3609 725 3648 vero
754 3595 1034 3666 subjungit
1069 3593 1546 3650 :benedictionibus
1576 3594 1748 3666 abyssi
1759 3594 1851 3665 ja-

253 3688 412 3742 centis
451 3689 694 3742 deorsum
721 3731 735 3754 ,
771 3688 836 3743 ad
871 3689 1208 3744 fertilitatem
1233 3689 1470 3758 pertinet
1497 3699 1656 3744 terra:
1679 3733 1692 3754 ,
1728 3703 1851 3758 qua:

254 3779 438 3853 abyssi
467 3782 766 3852 vaporibus
789 3782 936 3837 vehit
957 3784 1200 3852 spongia:
1223 3783 1535 3836 concavitas
1565 3781 1848 3851 irrigatur,

255 3883 313 3930 ut
337 3891 448 3931 non
477 3875 639 3932 facile
670 3877 806 3931 solis
839 3877 1057 3948 ignibus
1088 3877 1324 3930 arefacta
1359 3875 1571 3930 inutilis
1603 3876 1850 3929 siccitate

252 3969 539 4024 reddatur.
591 3968 1043 4024 Benedictionibus
1079 3969 1290 4022 uberum
1319 3978 1365 4022 et
1394 3967 1558 4022 vulvae
1588 3984 1709 4021 cum
1755 3968 1850 4021 be-

253 4061 491 4126 nedicit,
529 4071 587 4116 ut
621 4062 777 4133 prole
808 4077 1098 4117 numerosa
1123 4070 1465 4124 concrescat.
1501 4076 1567 4115 ne
1598 4058 1853 4114 videlicet

251 4157 542 4212 sterilitate
573 4166 666 4210 aut
695 4158 934 4211 virorum
961 4167 1052 4209 aut
1076 4155 1364 4210 mulierum
1387 4155 1693 4209 damnetur.

323 4250 411 4306 12.
444 4250 584 4306 Dicit
615 4259 796 4305 autem
834 4267 847 4303 :
881 4249 1276 4303 Benedictiones
1313 4248 1478 4320 patris
1523 4247 1598 4301 tui
1641 4247 1851 4316 confor-

251 4354 372 4401 tata:
398 4356 521 4401 sunt
555 4345 991 4400 benedictionibus
1030 4357 1236 4412 patrum
1271 4345 1382 4406 eius
1418 4339 1607 4413 (Ibid.,
1634 4337 1761 4410 26);
1795 4347 1853 4391 ut

256 4441 519 4496 videlicet
566 4454 672 4494 non
725 4439 1000 4493 dubitaret
1041 4435 1247 4506 Joseph
1298 4435 1430 4490 illttd
1478 4445 1851 4497 eventurum,

250 4535 395 4606 quod
427 4537 477 4591 ei
505 4542 732 4588 sanctus
759 4533 930 4589 Jacob
953 4547 1057 4586 non
1087 4542 1193 4585 tam
1228 4547 1294 4587 ex
1325 4545 1418 4584 sua
1453 4529 1609 4598 quasi
1647 4525 1854 4580 novitia

250 4628 636 4686 benedictione
667 4635 1056 4697 proventurqu
1094 4623 1517 4693 repromittebat
1551 4641 1565 4676 :
1600 4619 1695 4674 sed
1722 4618 1845 4690 quia

249 4721 316 4777 ad
347 4733 539 4793 patres
564 4692 704 4790 ejus,
731 4719 781 4773 id
814 4730 918 4783 est,
948 4692 1224 4772 Abraham
1250 4723 1306 4770 et
1332 4716 1498 4777 Isaae,
1526 4711 1850 4784 jamdudum
1881 4692 1934 4751 Ῑ)
1962 4706 2172 4763 Domini
2219 4700 2372 4775 (Luc.
2405 4714 2474 4764 ll,

248 4817 522 4888 promissa
552 4823 702 4870 sunt.
736 4813 850 4868 Hoc
874 4821 960 4868 est
988 4813 1130 4866 enim
1153 4810 1299 4882 quod
1323 4811 1400 4863 ait
1425 4829 1436 4862 :
1471 4807 1854 4862 benedictiones

250 4912 413 4983 patris
466 4911 542 4964 tui
591 4909 897 4981 confortatus
922 4917 1040 4960 sunt
1069 4948 1084 4973 ,
1125 4905 1280 4976 quasi
1320 4902 1532 4957 diceret
1562 4919 1574 4954 :
1610 4915 1716 4954 non
1752 4900 1854 4953 has

256 5005 672 5062 benedictiones
699 5004 869 5072 patris
905 5001 1057 5070 quasi
1089 4998 1348 5069 proprias
1377 4995 1526 5049 illius
1571 4993 1810 5062 accipias
1837 5032 1853 5055 ,

253 5117 354 5158 nec
383 5101 542 5174 quasi
573 5098 746 5155 semel
766 5098 952 5153 datas:
981 5095 1074 5150 sed
1105 5093 1228 5164 quia
1254 5109 1282 5146 a
1308 5092 1421 5147 Deo
1451 5089 1696 5159 patribus
1717 5088 1854 5141 meis

254 5199 435 5268 primo
468 5195 611 5251 datas
635 5203 766 5248 sunt
787 5237 801 5262 ,
835 5202 889 5246 et
923 5205 1031 5244 non
1059 5189 1265 5252 semel,
1296 5186 1390 5239 sed
1421 5182 1636 5238 crebro.
1677 5184 1854 5249 Atque

255 5291 382 5347 inde
404 5301 488 5346 est
507 5332 520 5353 ,
553 5287 699 5358 quod
727 5302 832 5355 ego
862 5299 1024 5354 super
1059 5293 1112 5336 te
1143 5281 1360 5335 easdem
1389 5277 1809 5333 benedictiones
1834 5317 1849 5342 ,

255 5399 382 5455 qua:
414 5382 549 5438 mihi
577 5391 631 5433 et
651 5380 898 5451 patribus
933 5376 1070 5430 meis
1101 5373 1385 5443 promissa:
1407 5378 1555 5432 sunt,
1577 5383 1642 5422 ex
1671 5378 1861 5422 aucto-

256 5478 421 5534 ritate
442 5476 731 5532 Dominica
751 5473 922 5544 capiti
949 5482 1042 5526 tuo
1065 5466 1423 5538 superl‘undo.

329 5572 423 5628 15.
457 5571 694 5626 Domino
723 5579 902 5623 autem
935 5574 988 5620 et
1024 5559 1295 5621 Salvatori
1330 5559 1474 5614 Deus
1505 5556 1860 5625 omnipotens

260 5676 314 5722 et
343 5666 510 5722 Pater
536 5665 752 5734 adjutor
780 5661 989 5718 exstitit
1016 5653 1272 5713 clamanti
1305 5653 1358 5706 in
1389 5651 1627 5721 psalmo:
1654 5649 1861 5721 Adjuva

333 5861 358 5890 α
399 5850 587 5906 Codex
624 5850 786 5906 habet
813 5847 1136 5904 humanitus.

333 5919 363 5960 ³⁵
403 5921 716 5992 Legendqu
749 5929 880 5993 puto
907 5927 1109 5974 uter-itm
1131 5925 1223 5971 aut
1244 5913 1458 5967 viscera.

1961 1985 2282 2039 terrestrium
2309 2029 2322 2052 ,
2360 1981 2642 2036 caelestium
2669 1989 2716 2034 et
2738 1979 3062 2047 infernarum
3083 1974 3315 2048 (Philip.
3349 1988 3410 2038 II,
3445 1970 3562 2041 10).

1958 2079 2407 2136 Benedictionibus
2451 2077 2669 2131 uberum
2706 2085 2753 2129 et
2805 2074 2967 2128 rulvw
3015 2088 3140 2126 eum
3202 2066 3562 2131 sublimavit,

1959 2173 2179 2244 quando
2209 2173 2261 2227 in
2289 2173 2413 2226 liliis
2443 2169 2736 2234 Ecclesiae,
2770 2167 2893 2220 aliis
2917 2163 3333 2220 catechumenis
3355 2205 3369 2230 ,
3403 2157 3562 2229 quasi

1961 2265 2140 2322 adhuc
2179 2267 2324 2320 intra
2367 2261 2556 2318 matris
2601 2265 2767 2314 ubera
2795 2256 2823 2296 ι’
2853 2256 3188 2327 iacentibus,
3229 2253 3352 2307 aliis
3375 2257 3559 2304 autem

1965 2378 2116 2417 more
2152 2362 2262 2431 jam
2309 2359 2618 2428 genitorum
2653 2354 2818 2409 ubera
2850 2360 3091 2407 materna
3139 2346 3508 2402 lambentibus
3540 2386 3556 2411 ,

1959 2455 2060 2510 sibi
2098 2460 2320 2525 prmstat
2347 2467 2443 2523 per
2474 2451 2660 2505 orbem
2697 2457 2964 2503 terrarum
2989 2441 3265 2498 benedici.
3297 2439 3432 2494 Nam
3457 2439 3553 2508 qui

1961 2552 2193 2608 necdum
2226 2551 2278 2605 in
2319 2548 2444 2603 lidei
2477 2546 2643 2600 robur
2696 2551 3016 2604 evaserunt,
3057 2537 3152 2592 sed
3181 2551 3278 2607 per
3303 2535 3559 2588 doctores

1958 2647 2024 2701 ad
2053 2662 2173 2701 eam
2205 2643 2514 2705 trahuntur,
2537 2639 2764 2693 audiunt
2787 2635 2854 2688 ab
2876 2633 3145 2702 Apostolo
3173 2645 3186 2681 :
3221 2625 3402 2680 Filioli
3428 2625 3550 2693 mei,

1955 2739 2282 2807 quositerum
2312 2733 2569 2804 parturio,
2600 2731 2763 2783 donec
2788 2725 3024 2781 Christus
3056 2726 3309 2793 formetur
3336 2719 3389 2771 in
3411 2715 3551 2770 vobis

1959 2829 2103 2903 (Gal.
2129 2845 2204 2893 Iv,
2237 2828 2349 2899 19).
2381 2825 2481 2894 Qui
2509 2820 2811 2890 autemjam
2835 2816 3054 2888 quidem
3085 2811 3213 2867 ﬁdei
3245 2810 3557 2865 rudimenta

1957 2901 2347 2998 perceperunt,
2381 2919 2478 2974 sed
2509 2916 2739 2972 necdum
2774 2913 2936 2982 plene
2967 2911 3016 2962 in
3049 2906 3322 2962 doctrinae
3377 2901 3556 2954 lirmi-

1958 2995 2068 3075 tate
2089 3017 2435 3080 coaluerunt,
2470 3010 2693 3065 audiqu
2720 3008 2788 3061 ab
2816 3003 3009 3059 eodem
3039 3017 3052 3053 :
3082 2997 3188 3051 Lac
3207 2995 3345 3049 vobis
3375 3002 3554 3064 potum

1955 3115 2115 3179 dedi,
2152 3127 2253 3165 non
2280 3124 2446 3163 escam
2482 3123 2494 3159 :
2547 3102 2768 3158 necdum
2808 3099 2944 3152 enim
2988 3092 3234 3167 poteratis
3281 3105 3296 3142 :
3343 3087 3434 3142 sed
3465 3100 3556 3138 nec

1954 3207 2124 3263 adhuc
2162 3203 2368 3276 quidem
2403 3197 2614 3272 potestis
2645 3196 2662 3268 (
2689 3195 2707 3249 ι
2735 3193 2853 3246 Cor.
2897 3206 2987 3254 Ill,
3022 3187 3113 3258 2).

2030 3301 2117 3359 15.
2164 3274 2417 3370 Sequitur
2458 3312 2471 3348 :
2519 3291 2697 3347 Donec
2739 3289 2928 3342 veniret
2981 3281 3295 3336 desiderium
3336 3274 3551 3329 collium

1957 3369 2266 3454 internarum
2306 3389 2462 3462 (Gen.
2512 3401 2667 3453 xux,
2699 3382 2817 3452 26).
2862 3379 2961 3433 Hic
3006 3373 3136 3430 nihil
3185 3369 3554 3428 historicum,

1955 3492 2050 3548 sed
2101 3497 2275 3544 totum
2316 3457 2544 3539 resonat
2593 3478 2860 3532 divinum.
2910 3468 3146 3524 Tamdiu
3194 3476 3426 3531 namque
3467 3457 3554 3512 his

1958 3581 2294 3656 pramuntiat
2363 3574 2627 3648 populum
2697 3565 3067 3624 lsraeliticum
3138 3553 3554 3613 sintcntandum

1955 3672 2462 3738 benedictionibus,
2494 3669 2670 3722 donec
2698 3659 3036 3718 desiderium
3064 3656 3290 3710 collium
3324 3660 3560 3704 aeternu-

1956 3790 2074 3828 rmn
2110 3772 2342 3826 veniret.
2378 3765 2558 3820 Colles
2589 3773 2822 3829 namque
2844 3798 2856 3819 ,
2889 3753 3059 3809 sancti
3100 3747 3479 3813 intelliguntur
3509 3744 3559 3796 in

1959 3865 2204 3922 Ecclesia
2235 3857 2550 3921 constituti,
2583 3855 2669 3926 qui
2701 3863 3030 3921 quamquam
3063 3842 3265 3898 merito
3295 3841 3560 3892 virtutum

1959 3957 2294 4030 praecellant,
2332 3963 2513 4006 tamen
2546 3963 2612 4001 ex
2653 3943 3016 3999 devotissima
3050 3934 3358 3990 humilitate
3390 3929 3562 3982 colles

1958 4025 2016 4106 se
2034 4063 2157 4104 esse
2182 4043 2568 4100 meminerunt.
2588 4037 2748 4093 Unde
2773 4035 3014 4104 psalmus
3039 4049 3049 4084 :
3079 4025 3382 4093 Suscipiunt
3417 4038 3564 4073 mon-

1959 4153 2029 4197 tes
2054 4155 2232 4213 pacem
2262 4134 2456 4209 papula
2477 4175 2491 4197 ,
2538 4141 2586 4184 et
2631 4129 2790 4182 colles
2816 4125 3077 4194 justitiam
3108 4117 3243 4188 (Ps.
3277 4129 3434 4176 ωικι,
3467 4115 3498 4166 5
3519 4115 3558 4178 ).

1961 4207 2312 4288 Desiderium
2349 4239 2580 4293 namque
2627 4221 2848 4274 illormn
2875 4256 2890 4280 ,
2935 4210 3152 4265 Domini
3190 4207 3318 4261 Jesu
3349 4212 3567 4257 constat

1961 4329 2130 4383 fuisse
2156 4338 2374 4393 semper
2401 4321 2720 4374 adventum.
2756 4311 2909 4367 Unde
2945 4308 3150 4375 primus
3175 4301 3425 4370 Moyses:
3459 4294 3567 4348 0b-

1960 4439 2128 4488 secro,
2156 4418 2397 4478 Domine,
2431 4415 2573 4468 mitte
2593 4425 2741 4480 quem
2769 4408 3015 4458 missurus
3040 4416 3090 4452 es
3110 4395 3305 4468 (Exod.
3340 4407 3414 4458 Iv,
3447 4388 3561 4459 13).

1962 4518 2030 4573 Et
2059 4487 2252 4571 beatus
2273 4511 2497 4568 Simeon
2524 4504 2721 4573 accepit
2750 4511 3048 4568 responsum
3071 4508 3099 4541 a
3130 4487 3332 4558 Spiritu
3365 4488 3566 4544 sancto,

1963 4630 2064 4668 non
2100 4614 2327 4665 visurum
2364 4620 2416 4657 se
2459 4609 2711 4666 mortem,
2755 4595 2853 4647 nisi
2901 4589 3048 4661 prius
3082 4583 3275 4638 videret
3306 4575 3572 4631 Christum

2522 4695 2637 4763 26).
2687 4690 2791 4760 Qui
2831 4684 3009 4741 wtet'ni
3057 4678 3214 4734 colles
3269 4672 3568 4733 dicuntur;

1958 4805 2084 4877 quia
2116 4799 2372 4856 videlicet
2401 4794 2466 4848 ad
2494 4788 2860 4846 aeternitatem
2905 4796 2934 4833 a
2985 4781 3095 4832 Deo
3125 4769 3298 4830 creati
3326 4780 3568 4868 noscun-

1962 4871 2068 4952 t'ur.
2101 4895 2218 4950 Non
2252 4892 2397 4946 enim
2426 4928 2441 4953 ,
2472 4887 2614 4940 sicut
2645 4879 2935 4935 stultorum
2963 4915 2978 4940 ,
3014 4883 3204 4926 eortun
3236 4871 3482 4919 mutatur
3514 4873 3568 4912 tn

1958 4991 2172 5046 diversa
2203 4984 2463 5046 intentio;
2511 4978 2606 5033 sed
2652 4987 2874 5042 semper
2922 4968 2992 5022 ad
3031 4963 3401 5019 aeternitatem
3449 4965 3569 5010 ten-

1957 5087 2148 5140 dentes
2180 5089 2236 5136 et
2263 5087 2466 5133 aeterno
2493 5073 2824 5127 inhaerentes
2843 5105 2858 5130 ,
2890 5062 2998 5132 ipsi
3024 5061 3188 5114 etiam
3215 5056 3284 5111 ab
3309 5070 3374 5109 eo
3403 5061 3565 5106 aeter-

1963 5177 2151 5235 nitatis
2189 5185 2210 5213 ο
2247 5172 2598 5227 mutaverunt
2639 5177 2858 5217 nomen.
2902 5157 2978 5210 De
3007 5153 3190 5208 stultis
3233 5151 3383 5204 enim
3429 5144 3566 5199 dici-

1961 5284 2078 5328 tur:
2113 5269 2320 5326 Stultus
2336 5264 2471 5319 enim
2502 5270 2557 5314 ut
2583 5259 2707 5311 luna
2733 5260 2968 5307 mutatur
3000 5245 3192 5319 (Eccli.
3227 5257 3402 5305 xxv",
3436 5234 3561 5328 12);

1962 5368 2029 5421 de
2060 5377 2188 5419 vere
2219 5369 2400 5413 autem
2431 5349 2812 5423 sapientibus:
2848 5343 3071 5414 Sapiens
3108 5342 3369 5406 permanet
3398 5337 3452 5382 ut
3483 5327 3562 5379 sol

1963 5457 2183 5530 (Ibid.).

2037 5550 2124 5606 16.
2143 5515 2423 5616 [Sequitur
2453 5559 2466 5596 :
2501 5538 2658 5593 Fiant
2683 5537 2738 5590 in
2763 5533 2933 5605 capite
2961 5524 3158 5593 Joseph
3177 5563 3192 5587 ,
3223 5530 3266 5574 et
3296 5521 3350 5572 in
3375 5515 3564 5616 vertice

1967 5640 2213 5700 Nazarari
2254 5606 2393 5692 inter
2435 5636 2618 5707 fratres
2657 5646 2776 5685 suos
2814 5624 2965 5697 (Gen.
3000 5633 3128 5674 xLIx
3149 5657 3161 5679 ,
3193 5613 3310 5683 26).
3345 5611 3436 5664 lla:
3470 5606 3566 5662 be-

2044 5843 2065 5870 °
2096 5830 2228 5894 Leg.
2261 5827 2645 5879 mutuaverunt.
2675 5816 2771 5894 Sic.
2803 5801 3201 5894 supraAcapj‘s
3224 5841 3238 5864 ,
3275 5797 3303 5869 §
3331 5797 3367 5852 2
3388 5842 3402 5866 ,
3433 5793 3570 5864 legi-

1969 5884 2130 5970 mus,
2165 5884 2313 5971 fortis
2341 5895 2475 5950 asini
2507 5905 2692 5947 nomen
2721 5885 2783 5938 ab
2811 5898 2868 5936 eo
2897 5884 3196 5933 uuruavn.
