  <div class='ocr_page' id='page_1' title='image "/cluster/home/n/w/nwhite01/storage/ocr_20150623/20/hvd.32044015471352/371.png"; bbox 0 0 4122 6346; ppageno 0'>
   <div class='ocr_carea' id='block_1_1' title="bbox 556 403 648 457">
    <p class='ocr_par' dir='ltr' id='par_1_1' title="bbox 556 403 648 457">
     <span class='ocr_line' id='line_1_1' title="bbox 556 403 648 457; baseline -0.011 0"><span class='ocrx_word' id='word_1_1' title='bbox 556 403 648 457; x_wconf 73' lang='grc'><strong>731</strong></span> 
     </span>
    </p>
   </div>
   <div class='ocr_carea' id='block_1_2' title="bbox 1629 379 2774 455">
    <p class='ocr_par' dir='ltr' id='par_1_2' title="bbox 1629 379 2774 455">
     <span class='ocr_line' id='line_1_2' title="bbox 1629 379 2774 455; baseline -0.01 0"><span class='ocrx_word' id='word_1_2' title='bbox 1629 393 1886 455; x_wconf 67' lang='lat' dir='ltr'><strong>sevum</strong></span> <span class='ocrx_word' id='word_1_3' title='bbox 1928 379 2238 448; x_wconf 78' lang='lat' dir='ltr'><strong>EPISCOPI</strong></span> <span class='ocrx_word' id='word_1_4' title='bbox 2277 385 2774 446; x_wconf 71' lang='lat' dir='ltr'><strong>MAJORICENSIS</strong></span> 
     </span>
    </p>
   </div>
   <div class='ocr_carea' id='block_1_3' title="bbox 3747 378 3850 437">
    <p class='ocr_par' dir='ltr' id='par_1_3' title="bbox 3747 378 3850 437">
     <span class='ocr_line' id='line_1_3' title="bbox 3747 378 3850 437; baseline -0.01 0"><span class='ocrx_word' id='word_1_5' title='bbox 3747 378 3850 437; x_wconf 68' lang='lat'><strong>15$</strong></span> 
     </span>
    </p>
   </div>
   <div class='ocr_carea' id='block_1_4' title="bbox 551 502 3844 588">
    <p class='ocr_par' dir='ltr' id='par_1_4' title="bbox 551 502 3844 588">
     <span class='ocr_line' id='line_1_4' title="bbox 551 502 3844 588; baseline -0.006 -13"><span class='ocrx_word' id='word_1_6' title='bbox 551 521 896 577; x_wconf 84' lang='lat' dir='ltr'><strong>nedictiones</strong></span> <span class='ocrx_word' id='word_1_7' title='bbox 929 520 1147 576; x_wconf 73' lang='lat' dir='ltr'><strong>fuerunt</strong></span> <span class='ocrx_word' id='word_1_8' title='bbox 1174 516 1226 572; x_wconf 80' lang='lat' dir='ltr'><strong>in</strong></span> <span class='ocrx_word' id='word_1_9' title='bbox 1266 516 1434 588; x_wconf 84' lang='lat' dir='ltr'><strong>capite</strong></span> <span class='ocrx_word' id='word_1_10' title='bbox 1457 513 1678 586; x_wconf 84' lang='lat' dir='ltr'><strong>Joseph;</strong></span> <span class='ocrx_word' id='word_1_11' title='bbox 1702 511 1826 582; x_wconf 88' lang='lat' dir='ltr'><strong>quia</strong></span> <span class='ocrx_word' id='word_1_12' title='bbox 1861 526 1953 578; x_wconf 70' lang='lat' dir='ltr'><strong>per</strong></span> <span class='ocrx_word' id='word_1_13' title='bbox 1989 506 2145 564; x_wconf 69' lang='lat' dir='ltr'><strong>Citrio</strong></span> <span class='ocrx_word' id='word_1_14' title='bbox 2178 509 2220 567; x_wconf 81' lang='grc' dir='ltr'>Λ</span> <span class='ocrx_word' id='word_1_15' title='bbox 2252 506 2508 562; x_wconf 78' lang='lat' dir='ltr'><strong>Cerdntes</strong></span> <span class='ocrx_word' id='word_1_16' title='bbox 2533 517 2584 561; x_wconf 89' lang='lat' dir='ltr'><strong>et</strong></span> <span class='ocrx_word' id='word_1_17' title='bbox 2612 505 2812 562; x_wconf 83' lang='lat' dir='ltr'><strong>levitas</strong></span> <span class='ocrx_word' id='word_1_18' title='bbox 2844 522 2907 562; x_wconf 85' lang='lat' dir='ltr'><strong>ea</strong></span> <span class='ocrx_word' id='word_1_19' title='bbox 2936 521 3061 576; x_wconf 67' lang='lat' dir='ltr'><strong>ante</strong></span> <span class='ocrx_word' id='word_1_20' title='bbox 3086 505 3307 562; x_wconf 84' lang='lat' dir='ltr'><strong>residua</strong></span> <span class='ocrx_word' id='word_1_21' title='bbox 3329 514 3483 560; x_wconf 85' lang='lat' dir='ltr'><strong>erant</strong></span> <span class='ocrx_word' id='word_1_22' title='bbox 3509 502 3642 575; x_wconf 73' lang='lat' dir='ltr'><strong>igni,</strong></span> <span class='ocrx_word' id='word_1_23' title='bbox 3675 511 3730 558; x_wconf 82' lang='lat' dir='ltr'><strong>et</strong></span> <span class='ocrx_word' id='word_1_24' title='bbox 3755 516 3844 571; x_wconf 82' lang='lat' dir='ltr'><strong>per</strong></span> 
     </span>
    </p>
   </div>
   <div class='ocr_carea' id='block_1_5' title="bbox 553 603 2151 669">
    <p class='ocr_par' dir='ltr' id='par_1_5' title="bbox 553 603 2151 669">
     <span class='ocr_line' id='line_1_5' title="bbox 553 603 2151 669; baseline -0.006 -1"><span class='ocrx_word' id='word_1_25' title='bbox 553 624 694 668; x_wconf 88' lang='lat' dir='ltr'><strong>stum</strong></span> <span class='ocrx_word' id='word_1_26' title='bbox 724 615 901 669; x_wconf 87' lang='lat' dir='ltr'><strong>omnis</strong></span> <span class='ocrx_word' id='word_1_27' title='bbox 935 615 1048 668; x_wconf 83' lang='lat' dir='ltr'><strong>laus</strong></span> <span class='ocrx_word' id='word_1_28' title='bbox 1078 623 1130 666; x_wconf 91' lang='lat' dir='ltr'><strong>el</strong></span> <span class='ocrx_word' id='word_1_29' title='bbox 1175 607 1484 664; x_wconf 73' lang='lat' dir='ltr'><strong>benedictio</strong></span> <span class='ocrx_word' id='word_1_30' title='bbox 1516 608 1658 660; x_wconf 80' lang='lat' dir='ltr'><strong>Patri</strong></span> <span class='ocrx_word' id='word_1_31' title='bbox 1694 606 1959 660; x_wconf 80' lang='lat' dir='ltr'><strong>redditur.</strong></span> <span class='ocrx_word' id='word_1_32' title='bbox 1999 603 2151 659; x_wconf 83' lang='lat' dir='ltr'><strong>Unde</strong></span> 
     </span>
    </p>
   </div>
   <div class='ocr_carea' id='block_1_6' title="bbox 553 697 2153 778">
    <p class='ocr_par' dir='ltr' id='par_1_6' title="bbox 553 697 2153 778">
     <span class='ocr_line' id='line_1_6' title="bbox 553 697 2153 778; baseline -0.009 -15"><span class='ocrx_word' id='word_1_33' title='bbox 553 709 671 778; x_wconf 90' lang='lat' dir='ltr'><strong>ipse</strong></span> <span class='ocrx_word' id='word_1_34' title='bbox 716 709 856 763; x_wconf 83' lang='lat' dir='ltr'><strong>Patri</strong></span> <span class='ocrx_word' id='word_1_35' title='bbox 888 707 1020 762; x_wconf 85' lang='lat' dir='ltr'><strong>dicit</strong></span> <span class='ocrx_word' id='word_1_36' title='bbox 1054 726 1065 761; x_wconf 91' lang='lat'>:</span> <span class='ocrx_word' id='word_1_37' title='bbox 1105 705 1278 759; x_wconf 81' lang='lat' dir='ltr'><strong>Pater.</strong></span> <span class='ocrx_word' id='word_1_38' title='bbox 1311 701 1542 772; x_wconf 83' lang='lat' dir='ltr'><strong>clari/ica</strong></span> <span class='ocrx_word' id='word_1_39' title='bbox 1579 697 1777 754; x_wconf 83' lang='lat' dir='ltr'><strong>Filium</strong></span> <span class='ocrx_word' id='word_1_40' title='bbox 1813 707 1988 754; x_wconf 86' lang='lat' dir='ltr'><strong>tuum.</strong></span> <span class='ocrx_word' id='word_1_41' title='bbox 2024 708 2077 751; x_wconf 87' lang='lat' dir='ltr'><strong>ut</strong></span> <span class='ocrx_word' id='word_1_42' title='bbox 2105 705 2153 751; x_wconf 84' lang='lat' dir='ltr'><strong>et</strong></span> 
     </span>
    </p>
   </div>
   <div class='ocr_carea' id='block_1_7' title="bbox 556 793 2149 868">
    <p class='ocr_par' dir='ltr' id='par_1_7' title="bbox 556 793 2149 868">
     <span class='ocr_line' id='line_1_7' title="bbox 556 793 2149 868; baseline -0.006 -15"><span class='ocrx_word' id='word_1_43' title='bbox 556 798 734 855; x_wconf 82' lang='lat' dir='ltr'><strong>Filius</strong></span> <span class='ocrx_word' id='word_1_44' title='bbox 774 813 888 856; x_wconf 87' lang='lat' dir='ltr'><strong>tuus</strong></span> <span class='ocrx_word' id='word_1_45' title='bbox 933 799 1176 868; x_wconf 78' lang='lat' dir='ltr'><strong>clari/ieci</strong></span> <span class='ocrx_word' id='word_1_46' title='bbox 1211 806 1253 850; x_wconf 80' lang='lat' dir='ltr'><strong>te</strong></span> <span class='ocrx_word' id='word_1_47' title='bbox 1282 795 1462 868; x_wconf 77' lang='lat' dir='ltr'><strong>(Joan.</strong></span> <span class='ocrx_word' id='word_1_48' title='bbox 1498 811 1636 858; x_wconf 78' lang='lat' dir='ltr'><strong>xv&quot;,</strong></span> <span class='ocrx_word' id='word_1_49' title='bbox 1682 794 1755 860; x_wconf 80' lang='lat' dir='ltr'><strong>l).</strong></span> <span class='ocrx_word' id='word_1_50' title='bbox 1793 793 1938 848; x_wconf 88' lang='lat' dir='ltr'><strong>Bene</strong></span> <span class='ocrx_word' id='word_1_51' title='bbox 1971 805 2149 846; x_wconf 88' lang='lat' dir='ltr'><strong>autent</strong></span> 
     </span>
    </p>
   </div>
   <div class='ocr_carea' id='block_1_8' title="bbox 552 883 2153 967">
    <p class='ocr_par' dir='ltr' id='par_1_8' title="bbox 552 883 2153 967">
     <span class='ocr_line' id='line_1_8' title="bbox 552 883 2153 967; baseline -0.005 -20"><span class='ocrx_word' id='word_1_52' title='bbox 552 894 606 948; x_wconf 88' lang='lat' dir='ltr'><strong>in</strong></span> <span class='ocrx_word' id='word_1_53' title='bbox 629 898 794 967; x_wconf 86' lang='lat' dir='ltr'><strong>capite</strong></span> <span class='ocrx_word' id='word_1_54' title='bbox 816 895 956 948; x_wconf 82' lang='lat' dir='ltr'><strong>illius</strong></span> <span class='ocrx_word' id='word_1_55' title='bbox 979 894 1088 964; x_wconf 76' lang='lat' dir='ltr'><strong>ﬁeri</strong></span> <span class='ocrx_word' id='word_1_56' title='bbox 1114 893 1397 952; x_wconf 87' lang='lat' dir='ltr'><strong>dicuntur;</strong></span> <span class='ocrx_word' id='word_1_57' title='bbox 1434 889 1554 959; x_wconf 86' lang='lat' dir='ltr'><strong>quia</strong></span> <span class='ocrx_word' id='word_1_58' title='bbox 1590 897 1744 959; x_wconf 84' lang='lat' dir='ltr'><strong>caput</strong></span> <span class='ocrx_word' id='word_1_59' title='bbox 1773 885 1985 953; x_wconf 84' lang='lat' dir='ltr'><strong>Christi,</strong></span> <span class='ocrx_word' id='word_1_60' title='bbox 2019 883 2153 940; x_wconf 83' lang='lat' dir='ltr'><strong>Deus</strong></span> 
     </span>
    </p>
   </div>
   <div class='ocr_carea' id='block_1_9' title="bbox 555 980 2153 1061">
    <p class='ocr_par' dir='ltr' id='par_1_9' title="bbox 555 980 2153 1061">
     <span class='ocr_line' id='line_1_9' title="bbox 555 980 2153 1061; baseline -0.006 -17"><span class='ocrx_word' id='word_1_61' title='bbox 555 988 596 1061; x_wconf 96' lang='lat' dir='ltr'><strong>(I</strong></span> <span class='ocrx_word' id='word_1_62' title='bbox 636 987 753 1044; x_wconf 88' lang='lat' dir='ltr'><strong>Cor.</strong></span> <span class='ocrx_word' id='word_1_63' title='bbox 785 1006 835 1044; x_wconf 74' lang='lat' dir='ltr'><strong>XI</strong></span> <span class='ocrx_word' id='word_1_64' title='bbox 859 1031 871 1052; x_wconf 89' lang='lat'><strong>,</strong></span> <span class='ocrx_word' id='word_1_65' title='bbox 903 987 980 1061; x_wconf 79' lang='lat'><strong>5).</strong></span> <span class='ocrx_word' id='word_1_66' title='bbox 1012 988 1214 1041; x_wconf 84' lang='lat' dir='ltr'><strong>Dicitur</strong></span> <span class='ocrx_word' id='word_1_67' title='bbox 1241 995 1424 1038; x_wconf 87' lang='lat' dir='ltr'><strong>autem</strong></span> <span class='ocrx_word' id='word_1_68' title='bbox 1471 983 1584 1053; x_wconf 90' lang='lat' dir='ltr'><strong>ipse</strong></span> <span class='ocrx_word' id='word_1_69' title='bbox 1628 985 1770 1036; x_wconf 86' lang='lat' dir='ltr'><strong>titius</strong></span> <span class='ocrx_word' id='word_1_70' title='bbox 1803 980 2096 1037; x_wconf 69' lang='lat' dir='ltr'><strong>Nazartcus</strong></span> <span class='ocrx_word' id='word_1_71' title='bbox 2128 988 2153 1016; x_wconf 69' lang='grc'><strong>⁸</strong></span> 
     </span>
    </p>
   </div>
   <div class='ocr_carea' id='block_1_10' title="bbox 555 1075 2158 1148">
    <p class='ocr_par' dir='ltr' id='par_1_10' title="bbox 555 1075 2158 1148">
     <span class='ocr_line' id='line_1_10' title="bbox 555 1075 2158 1148; baseline -0.006 -11"><span class='ocrx_word' id='word_1_72' title='bbox 555 1083 698 1137; x_wconf 87' lang='lat' dir='ltr'><strong>inter</strong></span> <span class='ocrx_word' id='word_1_73' title='bbox 731 1082 934 1138; x_wconf 77' lang='lat' dir='ltr'><strong>fratres</strong></span> <span class='ocrx_word' id='word_1_74' title='bbox 967 1095 1128 1144; x_wconf 87' lang='lat' dir='ltr'><strong>suos;</strong></span> <span class='ocrx_word' id='word_1_75' title='bbox 1154 1081 1277 1148; x_wconf 87' lang='lat' dir='ltr'><strong>quia</strong></span> <span class='ocrx_word' id='word_1_76' title='bbox 1313 1078 1427 1147; x_wconf 87' lang='lat' dir='ltr'><strong>ipse</strong></span> <span class='ocrx_word' id='word_1_77' title='bbox 1469 1076 1692 1144; x_wconf 76' lang='lat' dir='ltr'><strong>Speciali</strong></span> <span class='ocrx_word' id='word_1_78' title='bbox 1726 1075 1987 1146; x_wconf 76' lang='lat' dir='ltr'><strong>dignitate</strong></span> <span class='ocrx_word' id='word_1_79' title='bbox 2032 1089 2158 1128; x_wconf 90' lang='lat' dir='ltr'><strong>san-</strong></span> 
     </span>
    </p>
   </div>
   <div class='ocr_carea' id='block_1_11' title="bbox 555 1163 2156 1244">
    <p class='ocr_par' dir='ltr' id='par_1_11' title="bbox 555 1163 2156 1244">
     <span class='ocr_line' id='line_1_11' title="bbox 555 1163 2156 1244; baseline -0.004 -14"><span class='ocrx_word' id='word_1_80' title='bbox 555 1185 678 1232; x_wconf 79' lang='lat' dir='ltr'><strong>ctus</strong></span> <span class='ocrx_word' id='word_1_81' title='bbox 712 1187 794 1232; x_wconf 71' lang='lat' dir='ltr'><strong>est</strong></span> <span class='ocrx_word' id='word_1_82' title='bbox 822 1217 834 1241; x_wconf 90' lang='lat'><strong>,</strong></span> <span class='ocrx_word' id='word_1_83' title='bbox 870 1175 1013 1244; x_wconf 86' lang='lat' dir='ltr'><strong>quod</strong></span> <span class='ocrx_word' id='word_1_84' title='bbox 1050 1175 1439 1242; x_wconf 74' lang='lat' dir='ltr'><strong>interpretatur</strong></span> <span class='ocrx_word' id='word_1_85' title='bbox 1471 1169 1782 1225; x_wconf 72' lang='lat' dir='ltr'><strong>Nazara&#39;us.</strong></span> <span class='ocrx_word' id='word_1_86' title='bbox 1823 1163 1898 1224; x_wconf 87' lang='lat' dir='ltr'><strong>De</strong></span> <span class='ocrx_word' id='word_1_87' title='bbox 1934 1183 2043 1238; x_wconf 86' lang='lat' dir='ltr'><strong>quo</strong></span> <span class='ocrx_word' id='word_1_88' title='bbox 2064 1182 2156 1223; x_wconf 85' lang='lat' dir='ltr'><strong>ve-</strong></span> 
     </span>
    </p>
   </div>
   <div class='ocr_carea' id='block_1_12' title="bbox 555 1250 2154 1337">
    <p class='ocr_par' dir='ltr' id='par_1_12' title="bbox 555 1250 2154 1337">
     <span class='ocr_line' id='line_1_12' title="bbox 555 1250 2154 1337; baseline -0.004 -15"><span class='ocrx_word' id='word_1_89' title='bbox 555 1269 840 1322; x_wconf 81' lang='lat' dir='ltr'><strong>racissiine</strong></span> <span class='ocrx_word' id='word_1_90' title='bbox 868 1266 1158 1335; x_wconf 77' lang='lat' dir='ltr'><strong>Scriptura</strong></span> <span class='ocrx_word' id='word_1_91' title='bbox 1197 1267 1323 1319; x_wconf 84' lang='lat' dir='ltr'><strong>dicit</strong></span> <span class='ocrx_word' id='word_1_92' title='bbox 1352 1309 1365 1333; x_wconf 92' lang='lat'><strong>,</strong></span> <span class='ocrx_word' id='word_1_93' title='bbox 1401 1250 1563 1334; x_wconf 47' lang='lat' dir='ltr'><strong>quod.</strong></span> <span class='ocrx_word' id='word_1_94' title='bbox 1578 1273 1842 1337; x_wconf 86' lang='lat' dir='ltr'><strong>peccatum</strong></span> <span class='ocrx_word' id='word_1_95' title='bbox 1870 1279 1971 1316; x_wconf 86' lang='lat' dir='ltr'><strong>non</strong></span> <span class='ocrx_word' id='word_1_96' title='bbox 2002 1263 2119 1334; x_wconf 77' lang='lat' dir='ltr'><strong>frcit</strong></span> <span class='ocrx_word' id='word_1_97' title='bbox 2139 1303 2154 1328; x_wconf 94' lang='lat'><strong>,</strong></span> 
     </span>
    </p>
   </div>
   <div class='ocr_carea' id='block_1_13' title="bbox 555 1351 2155 1429">
    <p class='ocr_par' dir='ltr' id='par_1_13' title="bbox 555 1351 2155 1429">
     <span class='ocr_line' id='line_1_13' title="bbox 555 1351 2155 1429; baseline -0.005 -15"><span class='ocrx_word' id='word_1_98' title='bbox 555 1376 646 1414; x_wconf 81' lang='lat' dir='ltr'><strong>nec.</strong></span> <span class='ocrx_word' id='word_1_99' title='bbox 695 1361 928 1414; x_wconf 70' lang='lat' dir='ltr'><strong>inventus</strong></span> <span class='ocrx_word' id='word_1_100' title='bbox 973 1371 1047 1412; x_wconf 85' lang='lat' dir='ltr'><strong>est</strong></span> <span class='ocrx_word' id='word_1_101' title='bbox 1080 1358 1230 1412; x_wconf 97' lang='lat' dir='ltr'><strong>dolus</strong></span> <span class='ocrx_word' id='word_1_102' title='bbox 1271 1360 1321 1410; x_wconf 87' lang='lat' dir='ltr'><strong>in</strong></span> <span class='ocrx_word' id='word_1_103' title='bbox 1363 1373 1448 1411; x_wconf 87' lang='lat' dir='ltr'><strong>ore</strong></span> <span class='ocrx_word' id='word_1_104' title='bbox 1477 1359 1588 1429; x_wconf 84' lang='lat' dir='ltr'><strong>ejus</strong></span> <span class='ocrx_word' id='word_1_105' title='bbox 1623 1353 1667 1424; x_wconf 90' lang='lat' dir='ltr'><strong>(l</strong></span> <span class='ocrx_word' id='word_1_106' title='bbox 1695 1353 1836 1408; x_wconf 85' lang='lat' dir='ltr'><strong>Petr.</strong></span> <span class='ocrx_word' id='word_1_107' title='bbox 1900 1370 1970 1416; x_wconf 85' lang='lat' dir='ltr'><strong>tl,</strong></span> <span class='ocrx_word' id='word_1_108' title='bbox 2019 1351 2155 1422; x_wconf 69' lang='lat'><strong>22);</strong></span> 
     </span>
    </p>
   </div>
   <div class='ocr_carea' id='block_1_14' title="bbox 556 1449 2160 1522">
    <p class='ocr_par' dir='ltr' id='par_1_14' title="bbox 556 1449 2160 1522">
     <span class='ocr_line' id='line_1_14' title="bbox 556 1449 2160 1522; baseline -0.004 -15"><span class='ocrx_word' id='word_1_109' title='bbox 556 1464 612 1507; x_wconf 88' lang='lat' dir='ltr'><strong>et</strong></span> <span class='ocrx_word' id='word_1_110' title='bbox 638 1469 798 1522; x_wconf 88' lang='lat' dir='ltr'><strong>quem</strong></span> <span class='ocrx_word' id='word_1_111' title='bbox 834 1454 980 1506; x_wconf 72' lang='lat' dir='ltr'><strong>auxit</strong></span> <span class='ocrx_word' id='word_1_112' title='bbox 1015 1452 1150 1505; x_wconf 87' lang='lat' dir='ltr'><strong>Deus</strong></span> <span class='ocrx_word' id='word_1_113' title='bbox 1184 1451 1348 1506; x_wconf 85' lang='lat' dir='ltr'><strong>Pater</strong></span> <span class='ocrx_word' id='word_1_114' title='bbox 1374 1449 1599 1519; x_wconf 82' lang='lat' dir='ltr'><strong>Speciali</strong></span> <span class='ocrx_word' id='word_1_115' title='bbox 1633 1450 1884 1503; x_wconf 89' lang='lat' dir='ltr'><strong>unctione</strong></span> <span class='ocrx_word' id='word_1_116' title='bbox 1915 1463 2021 1521; x_wconf 73' lang='lat' dir='ltr'><strong>pra:</strong></span> <span class='ocrx_word' id='word_1_117' title='bbox 2041 1464 2160 1520; x_wconf 86' lang='lat' dir='ltr'><strong>par-</strong></span> 
     </span>
    </p>
   </div>
   <div class='ocr_carea' id='block_1_15' title="bbox 557 1546 1329 1618">
    <p class='ocr_par' dir='ltr' id='par_1_15' title="bbox 557 1546 1329 1618">
     <span class='ocr_line' id='line_1_15' title="bbox 557 1546 1329 1618; baseline 0 -20"><span class='ocrx_word' id='word_1_118' title='bbox 557 1547 796 1618; x_wconf 79' lang='lat' dir='ltr'><strong>ticipibus</strong></span> <span class='ocrx_word' id='word_1_119' title='bbox 816 1548 924 1601; x_wconf 82' lang='lat' dir='ltr'><strong>suis</strong></span> <span class='ocrx_word' id='word_1_120' title='bbox 948 1547 1136 1617; x_wconf 85' lang='lat' dir='ltr'><strong>(llebr.</strong></span> <span class='ocrx_word' id='word_1_121' title='bbox 1167 1563 1182 1601; x_wconf 92' lang='grc' dir='ltr'>ι</span> <span class='ocrx_word' id='word_1_122' title='bbox 1208 1589 1221 1612; x_wconf 92' lang='grc'><em>,</em></span> <span class='ocrx_word' id='word_1_123' title='bbox 1249 1546 1329 1615; x_wconf 83' lang='grc'><strong>9).</strong></span> 
     </span>
    </p>
   </div>
   <div class='ocr_carea' id='block_1_16' title="bbox 1184 1679 1550 1738">
    <p class='ocr_par' dir='ltr' id='par_1_16' title="bbox 1184 1679 1550 1738">
     <span class='ocr_line' id='line_1_16' title="bbox 1184 1679 1550 1738; baseline 0.003 -1"><span class='ocrx_word' id='word_1_124' title='bbox 1184 1681 1414 1737; x_wconf 78' lang='lat' dir='ltr'><strong>CAPUT</strong></span> <span class='ocrx_word' id='word_1_125' title='bbox 1457 1679 1550 1738; x_wconf 83' lang='lat' dir='ltr'><strong>XI.</strong></span> 
     </span>
    </p>
   </div>
   <div class='ocr_carea' id='block_1_17' title="bbox 1045 1794 1670 1866">
    <p class='ocr_par' dir='ltr' id='par_1_17' title="bbox 1045 1794 1670 1866">
     <span class='ocr_line' id='line_1_17' title="bbox 1045 1794 1670 1866; baseline 0 -16"><span class='ocrx_word' id='word_1_126' title='bbox 1045 1795 1340 1850; x_wconf 71' lang='lat' dir='ltr'><strong>Benedictio</strong></span> <span class='ocrx_word' id='word_1_127' title='bbox 1371 1794 1670 1866; x_wconf 84' lang='lat' dir='ltr'><strong>Benjamin.</strong></span> 
     </span>
    </p>
   </div>
   <div class='ocr_carea' id='block_1_18' title="bbox 2259 595 3846 670">
    <p class='ocr_par' dir='ltr' id='par_1_18' title="bbox 2259 595 3846 670">
     <span class='ocr_line' id='line_1_18' title="bbox 2259 595 3846 670; baseline -0.001 -16"><span class='ocrx_word' id='word_1_128' title='bbox 2259 600 2392 670; x_wconf 80' lang='lat' dir='ltr'><strong>legis</strong></span> <span class='ocrx_word' id='word_1_129' title='bbox 2417 599 2730 654; x_wconf 64' lang='lat' dir='ltr'><strong>mandatum</strong></span> <span class='ocrx_word' id='word_1_130' title='bbox 2757 599 2921 656; x_wconf 84' lang='lat' dir='ltr'><strong>victui</strong></span> <span class='ocrx_word' id='word_1_131' title='bbox 2945 601 3284 657; x_wconf 76' lang='lat' dir='ltr'><strong>debebantur</strong></span> <span class='ocrx_word' id='word_1_132' title='bbox 3309 599 3681 664; x_wconf 81' lang='lat' dir='ltr'><strong>sacerdotum,</strong></span> <span class='ocrx_word' id='word_1_133' title='bbox 3710 595 3846 650; x_wconf 79' lang='lat' dir='ltr'><strong>inter</strong></span> 
     </span>
    </p>
   </div>
   <div class='ocr_carea' id='block_1_19' title="bbox 2257 693 2879 748">
    <p class='ocr_par' dir='ltr' id='par_1_19' title="bbox 2257 693 2879 748">
     <span class='ocr_line' id='line_1_19' title="bbox 2257 693 2879 748; baseline -0.005 0"><span class='ocrx_word' id='word_1_134' title='bbox 2257 709 2351 748; x_wconf 90' lang='lat' dir='ltr'><strong>eos</strong></span> <span class='ocrx_word' id='word_1_135' title='bbox 2384 693 2625 747; x_wconf 81' lang='lat' dir='ltr'><strong>dividere</strong></span> <span class='ocrx_word' id='word_1_136' title='bbox 2647 693 2879 747; x_wconf 78' lang='lat' dir='ltr'><strong>solebat.</strong></span> 
     </span>
    </p>
   </div>
   <div class='ocr_carea' id='block_1_20' title="bbox 2325 783 3854 857">
    <p class='ocr_par' dir='ltr' id='par_1_20' title="bbox 2325 783 3854 857">
     <span class='ocr_line' id='line_1_20' title="bbox 2325 783 3854 857; baseline -0.004 -16"><span class='ocrx_word' id='word_1_137' title='bbox 2325 787 2377 841; x_wconf 75' lang='grc'><strong>2.</strong></span> <span class='ocrx_word' id='word_1_138' title='bbox 2411 786 2766 857; x_wconf 84' lang='lat' dir='ltr'><strong>Sigmticatur</strong></span> <span class='ocrx_word' id='word_1_139' title='bbox 2791 797 2970 842; x_wconf 87' lang='lat' dir='ltr'><strong>autem</strong></span> <span class='ocrx_word' id='word_1_140' title='bbox 3022 803 3116 856; x_wconf 89' lang='lat' dir='ltr'><strong>per</strong></span> <span class='ocrx_word' id='word_1_141' title='bbox 3146 787 3284 839; x_wconf 88' lang='lat' dir='ltr'><strong>hanc</strong></span> <span class='ocrx_word' id='word_1_142' title='bbox 3334 785 3620 840; x_wconf 75' lang='lat' dir='ltr'><strong>scientiam</strong></span> <span class='ocrx_word' id='word_1_143' title='bbox 3661 783 3854 836; x_wconf 78' lang='lat' dir='ltr'><strong>beatus</strong></span> 
     </span>
    </p>
   </div>
   <div class='ocr_carea' id='block_1_21' title="bbox 2257 875 3854 948">
    <p class='ocr_par' dir='ltr' id='par_1_21' title="bbox 2257 875 3854 948">
     <span class='ocr_line' id='line_1_21' title="bbox 2257 875 3854 948; baseline -0.006 -14"><span class='ocrx_word' id='word_1_144' title='bbox 2257 880 2457 934; x_wconf 78' lang='lat' dir='ltr'><strong>Paulus</strong></span> <span class='ocrx_word' id='word_1_145' title='bbox 2485 879 2552 934; x_wconf 79' lang='lat' dir='ltr'><strong>de</strong></span> <span class='ocrx_word' id='word_1_146' title='bbox 2577 880 2766 934; x_wconf 84' lang='lat' dir='ltr'><strong>eadem</strong></span> <span class='ocrx_word' id='word_1_147' title='bbox 2800 879 2940 933; x_wconf 88' lang='lat' dir='ltr'><strong>tribu</strong></span> <span class='ocrx_word' id='word_1_148' title='bbox 2976 880 3184 933; x_wconf 68' lang='lat' dir='ltr'><strong>iuturus</strong></span> <span class='ocrx_word' id='word_1_149' title='bbox 3207 921 3220 944; x_wconf 92' lang='lat'><strong>,</strong></span> <span class='ocrx_word' id='word_1_150' title='bbox 3262 879 3352 948; x_wconf 90' lang='lat' dir='ltr'><strong>qui</strong></span> <span class='ocrx_word' id='word_1_151' title='bbox 3387 894 3537 931; x_wconf 88' lang='lat' dir='ltr'><strong>tnore</strong></span> <span class='ocrx_word' id='word_1_152' title='bbox 3569 875 3676 941; x_wconf 87' lang='lat' dir='ltr'><strong>lupi</strong></span> <span class='ocrx_word' id='word_1_153' title='bbox 3703 888 3854 943; x_wconf 85' lang='lat' dir='ltr'><strong>rapa-</strong></span> 
     </span>
    </p>
   </div>
   <div class='ocr_carea' id='block_1_22' title="bbox 2257 969 3852 1038">
    <p class='ocr_par' dir='ltr' id='par_1_22' title="bbox 2257 969 3852 1038">
     <span class='ocr_line' id='line_1_22' title="bbox 2257 969 3852 1038; baseline -0.006 -9"><span class='ocrx_word' id='word_1_154' title='bbox 2257 976 2358 1038; x_wconf 91' lang='lat' dir='ltr'><strong>cis,</strong></span> <span class='ocrx_word' id='word_1_155' title='bbox 2389 989 2572 1038; x_wconf 89' lang='lat' dir='ltr'><strong>mane,</strong></span> <span class='ocrx_word' id='word_1_156' title='bbox 2602 971 2656 1027; x_wconf 89' lang='lat' dir='ltr'><strong>id</strong></span> <span class='ocrx_word' id='word_1_157' title='bbox 2688 984 2792 1037; x_wconf 81' lang='lat' dir='ltr'><strong>t&#39;Sl,</strong></span> <span class='ocrx_word' id='word_1_158' title='bbox 2826 973 2876 1025; x_wconf 92' lang='lat' dir='ltr'><strong>in</strong></span> <span class='ocrx_word' id='word_1_159' title='bbox 2900 972 3267 1027; x_wconf 75' lang='lat' dir='ltr'><strong>adolescentia</strong></span> <span class='ocrx_word' id='word_1_160' title='bbox 3298 987 3392 1026; x_wconf 82' lang='lat' dir='ltr'><strong>sua</strong></span> <span class='ocrx_word' id='word_1_161' title='bbox 3417 969 3690 1033; x_wconf 84' lang='lat' dir='ltr'><strong>comedit;</strong></span> <span class='ocrx_word' id='word_1_162' title='bbox 3722 981 3852 1037; x_wconf 83' lang='lat' dir='ltr'><strong>quo-</strong></span> 
     </span>
    </p>
   </div>
   <div class='ocr_carea' id='block_1_23' title="bbox 2261 1064 3852 1135">
    <p class='ocr_par' dir='ltr' id='par_1_23' title="bbox 2261 1064 3852 1135">
     <span class='ocr_line' id='line_1_23' title="bbox 2261 1064 3852 1135; baseline -0.006 -14"><span class='ocrx_word' id='word_1_163' title='bbox 2261 1067 2401 1122; x_wconf 65' lang='lat' dir='ltr'><strong>niam</strong></span> <span class='ocrx_word' id='word_1_164' title='bbox 2433 1069 2558 1120; x_wconf 85' lang='lat' dir='ltr'><strong>dum</strong></span> <span class='ocrx_word' id='word_1_165' title='bbox 2587 1066 2637 1119; x_wconf 87' lang='lat' dir='ltr'><strong>in</strong></span> <span class='ocrx_word' id='word_1_166' title='bbox 2675 1080 2809 1121; x_wconf 73' lang='lat' dir='ltr'><strong>nece</strong></span> <span class='ocrx_word' id='word_1_167' title='bbox 2843 1066 2984 1119; x_wconf 78' lang='lat' dir='ltr'><strong>bcati</strong></span> <span class='ocrx_word' id='word_1_168' title='bbox 3019 1066 3283 1135; x_wconf 89' lang='lat' dir='ltr'><strong>Stephani</strong></span> <span class='ocrx_word' id='word_1_169' title='bbox 3325 1064 3681 1119; x_wconf 79' lang='lat' dir='ltr'><strong>consentiens</strong></span> <span class='ocrx_word' id='word_1_170' title='bbox 3703 1101 3716 1125; x_wconf 93' lang='lat'><strong>,</strong></span> <span class='ocrx_word' id='word_1_171' title='bbox 3743 1071 3797 1114; x_wconf 80' lang='lat' dir='ltr'><strong>et</strong></span> <span class='ocrx_word' id='word_1_172' title='bbox 3822 1073 3852 1113; x_wconf 77' lang='grc' dir='ltr'>ι</span> 
     </span>
    </p>
   </div>
   <div class='ocr_carea' id='block_1_24' title="bbox 2262 1158 3857 1232">
    <p class='ocr_par' dir='ltr' id='par_1_24' title="bbox 2262 1158 3857 1232">
     <span class='ocr_line' id='line_1_24' title="bbox 2262 1158 3857 1232; baseline -0.004 -19"><span class='ocrx_word' id='word_1_173' title='bbox 2262 1161 2599 1232; x_wconf 77' lang='lat' dir='ltr'><strong>principibus</strong></span> <span class='ocrx_word' id='word_1_174' title='bbox 2643 1160 2987 1214; x_wconf 86' lang='lat' dir='ltr'><strong>sacerdotum</strong></span> <span class='ocrx_word' id='word_1_175' title='bbox 3040 1169 3204 1229; x_wconf 81' lang='lat' dir='ltr'><strong>atque</strong></span> <span class='ocrx_word' id='word_1_176' title='bbox 3251 1158 3544 1229; x_wconf 82' lang='lat' dir='ltr'><strong>majoribus</strong></span> <span class='ocrx_word' id='word_1_177' title='bbox 3595 1165 3731 1210; x_wconf 85' lang='lat' dir='ltr'><strong>natu</strong></span> <span class='ocrx_word' id='word_1_178' title='bbox 3766 1167 3857 1222; x_wconf 85' lang='lat' dir='ltr'><strong>po-</strong></span> 
     </span>
    </p>
   </div>
   <div class='ocr_carea' id='block_1_25' title="bbox 2263 1249 3858 1327">
    <p class='ocr_par' dir='ltr' id='par_1_25' title="bbox 2263 1249 3858 1327">
     <span class='ocr_line' id='line_1_25' title="bbox 2263 1249 3858 1327; baseline -0.005 -17"><span class='ocrx_word' id='word_1_179' title='bbox 2263 1257 2372 1327; x_wconf 92' lang='lat' dir='ltr'><strong>puli</strong></span> <span class='ocrx_word' id='word_1_180' title='bbox 2402 1254 2609 1310; x_wconf 82' lang='lat' dir='ltr'><strong>Judaici</strong></span> <span class='ocrx_word' id='word_1_181' title='bbox 2643 1253 2901 1324; x_wconf 68' lang='lat' dir='ltr'><strong>epistolas</strong></span> <span class='ocrx_word' id='word_1_182' title='bbox 2951 1253 3005 1306; x_wconf 90' lang='lat' dir='ltr'><strong>in</strong></span> <span class='ocrx_word' id='word_1_183' title='bbox 3055 1253 3375 1307; x_wconf 82' lang='lat' dir='ltr'><strong>Damascum</strong></span> <span class='ocrx_word' id='word_1_184' title='bbox 3422 1259 3476 1305; x_wconf 88' lang='lat' dir='ltr'><strong>et</strong></span> <span class='ocrx_word' id='word_1_185' title='bbox 3517 1249 3582 1303; x_wconf 85' lang='lat' dir='ltr'><strong>ad</strong></span> <span class='ocrx_word' id='word_1_186' title='bbox 3631 1259 3858 1302; x_wconf 68' lang='lat' dir='ltr'><strong>castch</strong></span> 
     </span>
    </p>
   </div>
   <div class='ocr_carea' id='block_1_26' title="bbox 2261 1341 3858 1416">
    <p class='ocr_par' dir='ltr' id='par_1_26' title="bbox 2261 1341 3858 1416">
     <span class='ocr_line' id='line_1_26' title="bbox 2261 1341 3858 1416; baseline -0.005 -12"><span class='ocrx_word' id='word_1_187' title='bbox 2261 1350 2511 1404; x_wconf 86' lang='lat' dir='ltr'><strong>civitates</strong></span> <span class='ocrx_word' id='word_1_188' title='bbox 2540 1347 2846 1416; x_wconf 82' lang='lat' dir='ltr'><strong>accipiens,</strong></span> <span class='ocrx_word' id='word_1_189' title='bbox 2881 1354 3014 1416; x_wconf 89' lang='lat' dir='ltr'><strong>quot</strong></span> <span class='ocrx_word' id='word_1_190' title='bbox 3056 1357 3274 1401; x_wconf 85' lang='lat' dir='ltr'><strong>sanctos</strong></span> <span class='ocrx_word' id='word_1_191' title='bbox 3303 1345 3516 1398; x_wconf 75' lang='lat' dir='ltr'><strong>diversa</strong></span> <span class='ocrx_word' id='word_1_192' title='bbox 3541 1342 3691 1397; x_wconf 61' lang='lat' dir='ltr'><strong>caede</strong></span> <span class='ocrx_word' id='word_1_193' title='bbox 3722 1341 3858 1396; x_wconf 77' lang='lat' dir='ltr'><strong>lace-</strong></span> 
     </span>
    </p>
   </div>
   <div class='ocr_carea' id='block_1_27' title="bbox 2264 1433 3862 1512">
    <p class='ocr_par' dir='ltr' id='par_1_27' title="bbox 2264 1433 3862 1512">
     <span class='ocr_line' id='line_1_27' title="bbox 2264 1433 3862 1512; baseline -0.006 -16"><span class='ocrx_word' id='word_1_194' title='bbox 2264 1442 2437 1506; x_wconf 83' lang='lat' dir='ltr'><strong>ravit,</strong></span> <span class='ocrx_word' id='word_1_195' title='bbox 2471 1449 2548 1495; x_wconf 90' lang='lat' dir='ltr'><strong>tot</strong></span> <span class='ocrx_word' id='word_1_196' title='bbox 2575 1440 2730 1512; x_wconf 87' lang='lat' dir='ltr'><strong>quasi</strong></span> <span class='ocrx_word' id='word_1_197' title='bbox 2767 1441 2924 1508; x_wconf 87' lang='lat' dir='ltr'><strong>lupus</strong></span> <span class='ocrx_word' id='word_1_198' title='bbox 2948 1454 3113 1508; x_wconf 75' lang='lat' dir='ltr'><strong>rapax</strong></span> <span class='ocrx_word' id='word_1_199' title='bbox 3149 1439 3363 1509; x_wconf 58' lang='lat' dir='ltr'><strong>praedas</strong></span> <span class='ocrx_word' id='word_1_200' title='bbox 3402 1437 3668 1492; x_wconf 86' lang='lat' dir='ltr'><strong>comedit.</strong></span> <span class='ocrx_word' id='word_1_201' title='bbox 3707 1433 3862 1488; x_wconf 74' lang='lat' dir='ltr'><strong>Atta-</strong></span> 
     </span>
    </p>
   </div>
   <div class='ocr_carea' id='block_1_28' title="bbox 2263 1531 3861 1602">
    <p class='ocr_par' dir='ltr' id='par_1_28' title="bbox 2263 1531 3861 1602">
     <span class='ocr_line' id='line_1_28' title="bbox 2263 1531 3861 1602; baseline -0.004 -14"><span class='ocrx_word' id='word_1_202' title='bbox 2263 1550 2386 1588; x_wconf 86' lang='lat' dir='ltr'><strong>men</strong></span> <span class='ocrx_word' id='word_1_203' title='bbox 2417 1549 2625 1602; x_wconf 73' lang='lat' dir='ltr'><strong>vespere</strong></span> <span class='ocrx_word' id='word_1_204' title='bbox 2659 1533 2830 1602; x_wconf 87' lang='lat' dir='ltr'><strong>spolia</strong></span> <span class='ocrx_word' id='word_1_205' title='bbox 2862 1531 3072 1594; x_wconf 63' lang='lat' dir='ltr'><strong>divisit,</strong></span> <span class='ocrx_word' id='word_1_206' title='bbox 3116 1534 3339 1601; x_wconf 82' lang='lat' dir='ltr'><strong>quando</strong></span> <span class='ocrx_word' id='word_1_207' title='bbox 3381 1539 3691 1600; x_wconf 62' lang='lat' dir='ltr'><strong>prostratus</strong></span> <span class='ocrx_word' id='word_1_208' title='bbox 3732 1540 3861 1582; x_wconf 75' lang='lat' dir='ltr'><strong>voco</strong></span> 
     </span>
    </p>
   </div>
   <div class='ocr_carea' id='block_1_29' title="bbox 2263 1621 3863 1689">
    <p class='ocr_par' dir='ltr' id='par_1_29' title="bbox 2263 1621 3863 1689">
     <span class='ocr_line' id='line_1_29' title="bbox 2263 1621 3863 1689; baseline -0.004 -8"><span class='ocrx_word' id='word_1_209' title='bbox 2263 1626 2535 1681; x_wconf 88' lang='lat' dir='ltr'><strong>dominica</strong></span> <span class='ocrx_word' id='word_1_210' title='bbox 2560 1635 2615 1682; x_wconf 85' lang='lat' dir='ltr'><strong>et</strong></span> <span class='ocrx_word' id='word_1_211' title='bbox 2658 1625 2871 1680; x_wconf 81' lang='lat' dir='ltr'><strong>visione</strong></span> <span class='ocrx_word' id='word_1_212' title='bbox 2890 1667 2902 1689; x_wconf 85' lang='lat'><strong>,</strong></span> <span class='ocrx_word' id='word_1_213' title='bbox 2941 1623 3194 1680; x_wconf 76' lang='lat' dir='ltr'><strong>fidelibus</strong></span> <span class='ocrx_word' id='word_1_214' title='bbox 3222 1625 3364 1679; x_wconf 90' lang='lat' dir='ltr'><strong>intra</strong></span> <span class='ocrx_word' id='word_1_215' title='bbox 3394 1635 3643 1679; x_wconf 82' lang='lat' dir='ltr'><strong>sanctam</strong></span> <span class='ocrx_word' id='word_1_216' title='bbox 3671 1621 3863 1676; x_wconf 79' lang='lat' dir='ltr'><strong>Eccle-</strong></span> 
     </span>
    </p>
   </div>
   <div class='ocr_carea' id='block_1_30' title="bbox 2265 1719 3857 1792">
    <p class='ocr_par' dir='ltr' id='par_1_30' title="bbox 2265 1719 3857 1792">
     <span class='ocr_line' id='line_1_30' title="bbox 2265 1719 3857 1792; baseline -0.004 -15"><span class='ocrx_word' id='word_1_217' title='bbox 2265 1722 2400 1777; x_wconf 85' lang='lat' dir='ltr'><strong>siatn</strong></span> <span class='ocrx_word' id='word_1_218' title='bbox 2427 1721 2742 1776; x_wconf 75' lang='lat' dir='ltr'><strong>constitutis</strong></span> <span class='ocrx_word' id='word_1_219' title='bbox 2767 1737 3004 1792; x_wconf 84' lang='lat' dir='ltr'><strong>congrua</strong></span> <span class='ocrx_word' id='word_1_220' title='bbox 3028 1719 3229 1774; x_wconf 70' lang='lat' dir='ltr'><strong>divina:</strong></span> <span class='ocrx_word' id='word_1_221' title='bbox 3257 1721 3516 1774; x_wconf 79' lang='lat' dir='ltr'><strong>alimonia</strong></span> <span class='ocrx_word' id='word_1_222' title='bbox 3547 1719 3810 1772; x_wconf 66' lang='lat' dir='ltr'><strong>doctrina!</strong></span> <span class='ocrx_word' id='word_1_223' title='bbox 3837 1729 3857 1756; x_wconf 69' lang='grc' dir='ltr'>ε</span> 
     </span>
    </p>
   </div>
   <div class='ocr_carea' id='block_1_31' title="bbox 2267 1811 3862 1885">
    <p class='ocr_par' dir='ltr' id='par_1_31' title="bbox 2267 1811 3862 1885">
     <span class='ocr_line' id='line_1_31' title="bbox 2267 1811 3862 1885; baseline -0.004 -14"><span class='ocrx_word' id='word_1_224' title='bbox 2267 1816 2545 1872; x_wconf 82' lang='lat' dir='ltr'><strong>distribuit</strong></span> <span class='ocrx_word' id='word_1_225' title='bbox 2579 1833 2592 1868; x_wconf 75' lang='grc' dir='ltr'>ε</span> <span class='ocrx_word' id='word_1_226' title='bbox 2626 1815 2788 1882; x_wconf 86' lang='lat' dir='ltr'><strong>aliis,</strong></span> <span class='ocrx_word' id='word_1_227' title='bbox 2836 1823 2896 1869; x_wconf 86' lang='lat' dir='ltr'><strong>ut</strong></span> <span class='ocrx_word' id='word_1_228' title='bbox 2935 1815 3174 1885; x_wconf 77' lang='lat' dir='ltr'><strong>parvulis</strong></span> <span class='ocrx_word' id='word_1_229' title='bbox 3213 1813 3266 1868; x_wconf 92' lang='lat' dir='ltr'><strong>in</strong></span> <span class='ocrx_word' id='word_1_230' title='bbox 3311 1814 3534 1868; x_wconf 77' lang='lat' dir='ltr'><strong>Christo</strong></span> <span class='ocrx_word' id='word_1_231' title='bbox 3557 1852 3571 1877; x_wconf 94' lang='lat'><strong>,</strong></span> <span class='ocrx_word' id='word_1_232' title='bbox 3602 1811 3690 1865; x_wconf 75' lang='lat' dir='ltr'><strong>lac</strong></span> <span class='ocrx_word' id='word_1_233' title='bbox 3733 1811 3862 1865; x_wconf 72' lang='lat' dir='ltr'><strong>dans</strong></span> 
     </span>
    </p>
   </div>
   <div class='ocr_carea' id='block_1_32' title="bbox 631 1908 3866 1984">
    <p class='ocr_par' dir='ltr' id='par_1_32' title="bbox 631 1908 3866 1984">
     <span class='ocr_line' id='line_1_32' title="bbox 631 1908 3866 1984; baseline -0.002 -17"><span class='ocrx_word' id='word_1_234' title='bbox 631 1909 682 1967; x_wconf 81' lang='grc'><strong>1.</strong></span> <span class='ocrx_word' id='word_1_235' title='bbox 731 1909 1007 1983; x_wconf 82' lang='lat' dir='ltr'><strong>Bcujamin</strong></span> <span class='ocrx_word' id='word_1_236' title='bbox 1035 1908 1086 1975; x_wconf 69' lang='grc' dir='ltr'><strong>ι’,</strong></span> <span class='ocrx_word' id='word_1_237' title='bbox 1127 1910 1282 1980; x_wconf 85' lang='lat' dir='ltr'><strong>lupus</strong></span> <span class='ocrx_word' id='word_1_238' title='bbox 1321 1926 1518 1980; x_wconf 78' lang='lat' dir='ltr'><strong>rapax,</strong></span> <span class='ocrx_word' id='word_1_239' title='bbox 1562 1925 1711 1963; x_wconf 87' lang='lat' dir='ltr'><strong>mane</strong></span> <span class='ocrx_word' id='word_1_240' title='bbox 1753 1908 1983 1963; x_wconf 77' lang='lat' dir='ltr'><strong>comedet</strong></span> <span class='ocrx_word' id='word_1_241' title='bbox 2029 1924 2163 1981; x_wconf 73' lang='lat' dir='ltr'><strong>prtz-</strong></span> <span class='ocrx_word' id='word_1_242' title='bbox 2197 1924 2240 1984; x_wconf 73' lang='grc' dir='ltr'><strong>Β</strong></span> <span class='ocrx_word' id='word_1_243' title='bbox 2267 1910 2590 1981; x_wconf 76' lang='lat' dir='ltr'><strong>sapientizc;</strong></span> <span class='ocrx_word' id='word_1_244' title='bbox 2635 1919 2690 1964; x_wconf 88' lang='lat' dir='ltr'><strong>et</strong></span> <span class='ocrx_word' id='word_1_245' title='bbox 2733 1908 3054 1980; x_wconf 85' lang='lat' dir='ltr'><strong>quibusdam</strong></span> <span class='ocrx_word' id='word_1_246' title='bbox 3105 1909 3284 1962; x_wconf 83' lang='lat' dir='ltr'><strong>adhuc</strong></span> <span class='ocrx_word' id='word_1_247' title='bbox 3328 1908 3671 1978; x_wconf 84' lang='lat' dir='ltr'><strong>compatiens</strong></span> <span class='ocrx_word' id='word_1_248' title='bbox 3719 1919 3866 1962; x_wconf 79' lang='lat' dir='ltr'><strong>more</strong></span> 
     </span>
    </p>
   </div>
   <div class='ocr_carea' id='block_1_33' title="bbox 560 2000 2162 2072">
    <p class='ocr_par' dir='ltr' id='par_1_33' title="bbox 560 2000 2162 2072">
     <span class='ocr_line' id='line_1_33' title="bbox 560 2000 2162 2072; baseline 0.001 -17"><span class='ocrx_word' id='word_1_249' title='bbox 560 2000 680 2056; x_wconf 87' lang='lat' dir='ltr'><strong>dam</strong></span> <span class='ocrx_word' id='word_1_250' title='bbox 709 2044 722 2068; x_wconf 97' lang='lat'><strong>,</strong></span> <span class='ocrx_word' id='word_1_251' title='bbox 757 2015 800 2056; x_wconf 89' lang='lat' dir='ltr'><strong>et</strong></span> <span class='ocrx_word' id='word_1_252' title='bbox 829 2020 1025 2072; x_wconf 69' lang='lat' dir='ltr'><strong>vespere</strong></span> <span class='ocrx_word' id='word_1_253' title='bbox 1050 2002 1235 2056; x_wconf 64' lang='lat' dir='ltr'><strong>divulet</strong></span> <span class='ocrx_word' id='word_1_254' title='bbox 1269 2000 1433 2071; x_wconf 86' lang='lat' dir='ltr'><strong>spolia</strong></span> <span class='ocrx_word' id='word_1_255' title='bbox 1465 2001 1618 2072; x_wconf 82' lang='lat' dir='ltr'><strong>(Gen.</strong></span> <span class='ocrx_word' id='word_1_256' title='bbox 1645 2017 1768 2057; x_wconf 74' lang='lat' dir='ltr'><strong>XLIX</strong></span> <span class='ocrx_word' id='word_1_257' title='bbox 1790 2045 1802 2066; x_wconf 90' lang='lat'><strong>,</strong></span> <span class='ocrx_word' id='word_1_258' title='bbox 1831 2002 1945 2071; x_wconf 74' lang='grc'><strong>27).</strong></span> <span class='ocrx_word' id='word_1_259' title='bbox 1971 2001 2162 2056; x_wconf 85' lang='lat' dir='ltr'><strong>Tradi-</strong></span> 
     </span>
    </p>
   </div>
   <div class='ocr_carea' id='block_1_34' title="bbox 563 2094 2160 2164">
    <p class='ocr_par' dir='ltr' id='par_1_34' title="bbox 563 2094 2160 2164">
     <span class='ocr_line' id='line_1_34' title="bbox 563 2094 2160 2164; baseline -0.001 -15"><span class='ocrx_word' id='word_1_260' title='bbox 563 2094 638 2150; x_wconf 90' lang='lat' dir='ltr'><strong>tio</strong></span> <span class='ocrx_word' id='word_1_261' title='bbox 662 2095 1014 2150; x_wconf 65' lang='lat' dir='ltr'><strong>Hebraeorum</strong></span> <span class='ocrx_word' id='word_1_262' title='bbox 1051 2097 1213 2148; x_wconf 71' lang='lat' dir='ltr'><strong>Ciiattl</strong></span> <span class='ocrx_word' id='word_1_263' title='bbox 1244 2137 1256 2159; x_wconf 89' lang='lat'><strong>,</strong></span> <span class='ocrx_word' id='word_1_264' title='bbox 1306 2105 1358 2148; x_wconf 84' lang='lat' dir='ltr'><strong>et</strong></span> <span class='ocrx_word' id='word_1_265' title='bbox 1402 2095 1546 2148; x_wconf 80' lang='lat' dir='ltr'><strong>beati</strong></span> <span class='ocrx_word' id='word_1_266' title='bbox 1577 2094 1890 2164; x_wconf 80' lang='lat' dir='ltr'><strong>Hieronymi</strong></span> <span class='ocrx_word' id='word_1_267' title='bbox 1924 2109 2160 2149; x_wconf 80' lang='lat' dir='ltr'><strong>consen-</strong></span> 
     </span>
    </p>
   </div>
   <div class='ocr_carea' id='block_1_35' title="bbox 557 2186 2164 2259">
    <p class='ocr_par' dir='ltr' id='par_1_35' title="bbox 557 2186 2164 2259">
     <span class='ocr_line' id='line_1_35' title="bbox 557 2186 2164 2259; baseline -0.001 -16"><span class='ocrx_word' id='word_1_268' title='bbox 557 2204 653 2243; x_wconf 71' lang='lat' dir='ltr'><strong>sus</strong></span> <span class='ocrx_word' id='word_1_269' title='bbox 687 2188 886 2253; x_wconf 85' lang='lat' dir='ltr'><strong>habet,</strong></span> <span class='ocrx_word' id='word_1_270' title='bbox 920 2186 1002 2241; x_wconf 88' lang='lat' dir='ltr'><strong>his</strong></span> <span class='ocrx_word' id='word_1_271' title='bbox 1027 2187 1206 2242; x_wconf 77' lang='lat' dir='ltr'><strong>verbis</strong></span> <span class='ocrx_word' id='word_1_272' title='bbox 1235 2188 1532 2258; x_wconf 72' lang='lat' dir='ltr'><strong>signiﬁcari</strong></span> <span class='ocrx_word' id='word_1_273' title='bbox 1560 2187 1734 2242; x_wconf 88' lang='lat' dir='ltr'><strong>altare</strong></span> <span class='ocrx_word' id='word_1_274' title='bbox 1767 2186 2164 2259; x_wconf 81' lang='lat' dir='ltr'><strong>Hierosolymi-</strong></span> 
     </span>
    </p>
   </div>
   <div class='ocr_carea' id='block_1_36' title="bbox 558 2281 2156 2352">
    <p class='ocr_par' dir='ltr' id='par_1_36' title="bbox 558 2281 2156 2352">
     <span class='ocr_line' id='line_1_36' title="bbox 558 2281 2156 2352; baseline 0 -18"><span class='ocrx_word' id='word_1_275' title='bbox 558 2289 768 2347; x_wconf 82' lang='lat' dir='ltr'><strong>tanmn,</strong></span> <span class='ocrx_word' id='word_1_276' title='bbox 797 2281 939 2352; x_wconf 87' lang='lat' dir='ltr'><strong>quod</strong></span> <span class='ocrx_word' id='word_1_277' title='bbox 967 2281 1019 2333; x_wconf 90' lang='lat' dir='ltr'><strong>in</strong></span> <span class='ocrx_word' id='word_1_278' title='bbox 1047 2281 1186 2334; x_wconf 88' lang='lat' dir='ltr'><strong>tribu</strong></span> <span class='ocrx_word' id='word_1_279' title='bbox 1220 2281 1505 2349; x_wconf 72' lang='lat' dir='ltr'><strong>Beniamin</strong></span> <span class='ocrx_word' id='word_1_280' title='bbox 1527 2290 1896 2335; x_wconf 80' lang='lat' dir='ltr'><strong>CottSlt‘ltCltlttt</strong></span> <span class='ocrx_word' id='word_1_281' title='bbox 1922 2290 2156 2334; x_wconf 81' lang='lat' dir='ltr'><strong>Constat.</strong></span> 
     </span>
    </p>
   </div>
   <div class='ocr_carea' id='block_1_37' title="bbox 557 2373 2161 2445">
    <p class='ocr_par' dir='ltr' id='par_1_37' title="bbox 557 2373 2161 2445">
     <span class='ocr_line' id='line_1_37' title="bbox 557 2373 2161 2445; baseline 0 -19"><span class='ocrx_word' id='word_1_282' title='bbox 557 2373 714 2442; x_wconf 88' lang='lat' dir='ltr'><strong>Quod</strong></span> <span class='ocrx_word' id='word_1_283' title='bbox 751 2391 901 2428; x_wconf 88' lang='lat' dir='ltr'><strong>more</strong></span> <span class='ocrx_word' id='word_1_284' title='bbox 925 2375 1032 2444; x_wconf 91' lang='lat' dir='ltr'><strong>lupi</strong></span> <span class='ocrx_word' id='word_1_285' title='bbox 1066 2376 1279 2445; x_wconf 82' lang='lat' dir='ltr'><strong>rapacis</strong></span> <span class='ocrx_word' id='word_1_286' title='bbox 1314 2378 1638 2428; x_wconf 91' lang='lat' dir='ltr'><strong>matutinum</strong></span> <span class='ocrx_word' id='word_1_287' title='bbox 1661 2373 1991 2428; x_wconf 88' lang='lat' dir='ltr'><strong>sacrilicium</strong></span> <span class='ocrx_word' id='word_1_288' title='bbox 2023 2373 2161 2442; x_wconf 79' lang='lat' dir='ltr'><strong>ignis</strong></span> 
     </span>
    </p>
   </div>
   <div class='ocr_carea' id='block_1_38' title="bbox 559 2465 2164 2536">
    <p class='ocr_par' dir='ltr' id='par_1_38' title="bbox 559 2465 2164 2536">
     <span class='ocr_line' id='line_1_38' title="bbox 559 2465 2164 2536; baseline -0.001 -14"><span class='ocrx_word' id='word_1_289' title='bbox 559 2467 880 2522; x_wconf 80' lang='lat' dir='ltr'><strong>excoctione</strong></span> <span class='ocrx_word' id='word_1_290' title='bbox 909 2465 1203 2522; x_wconf 84' lang='lat' dir='ltr'><strong>devorabat</strong></span> <span class='ocrx_word' id='word_1_291' title='bbox 1233 2482 1246 2519; x_wconf 89' lang='lat'><strong>:</strong></span> <span class='ocrx_word' id='word_1_292' title='bbox 1278 2482 1504 2536; x_wconf 61' lang='lat' dir='ltr'><strong>vestiere</strong></span> <span class='ocrx_word' id='word_1_293' title='bbox 1534 2478 1711 2520; x_wconf 87' lang='lat' dir='ltr'><strong>autem</strong></span> <span class='ocrx_word' id='word_1_294' title='bbox 1743 2465 1874 2533; x_wconf 78' lang='lat' dir='ltr'><strong>dici,</strong></span> <span class='ocrx_word' id='word_1_295' title='bbox 1898 2481 2164 2522; x_wconf 83' lang='lat' dir='ltr'><strong>COltSttm-</strong></span> 
     </span>
    </p>
   </div>
   <div class='ocr_carea' id='block_1_39' title="bbox 559 2555 2162 2625">
    <p class='ocr_par' dir='ltr' id='par_1_39' title="bbox 559 2555 2162 2625">
     <span class='ocr_line' id='line_1_39' title="bbox 559 2555 2162 2625; baseline 0.001 -12"><span class='ocrx_word' id='word_1_296' title='bbox 559 2557 723 2613; x_wconf 88' lang='lat' dir='ltr'><strong>matis</strong></span> <span class='ocrx_word' id='word_1_297' title='bbox 758 2556 1042 2612; x_wconf 79' lang='lat' dir='ltr'><strong>sacriﬁciis</strong></span> <span class='ocrx_word' id='word_1_298' title='bbox 1074 2569 1128 2612; x_wconf 89' lang='lat' dir='ltr'><strong>et</strong></span> <span class='ocrx_word' id='word_1_299' title='bbox 1157 2559 1458 2612; x_wconf 73' lang='lat' dir='ltr'><strong>hostiarum</strong></span> <span class='ocrx_word' id='word_1_300' title='bbox 1488 2558 1834 2613; x_wconf 71' lang='lat' dir='ltr'><strong>cznrcrnonlis</strong></span> <span class='ocrx_word' id='word_1_301' title='bbox 1858 2603 1871 2625; x_wconf 94' lang='lat'><strong>,</strong></span> <span class='ocrx_word' id='word_1_302' title='bbox 1902 2555 2045 2615; x_wconf 89' lang='lat' dir='ltr'><strong>inter</strong></span> <span class='ocrx_word' id='word_1_303' title='bbox 2075 2573 2162 2614; x_wconf 81' lang='lat' dir='ltr'><strong>sa-</strong></span> 
     </span>
    </p>
   </div>
   <div class='ocr_carea' id='block_1_40' title="bbox 633 2721 1709 2778">
    <p class='ocr_par' dir='ltr' id='par_1_40' title="bbox 633 2721 1709 2778">
     <span class='ocr_line' id='line_1_40' title="bbox 633 2721 1709 2778; baseline -0.003 -2"><span class='ocrx_word' id='word_1_304' title='bbox 633 2732 660 2761; x_wconf 72' lang='grc' dir='ltr'><strong>α</strong></span> <span class='ocrx_word' id='word_1_305' title='bbox 688 2721 874 2778; x_wconf 79' lang='lat' dir='ltr'><strong>Codex</strong></span> <span class='ocrx_word' id='word_1_306' title='bbox 904 2721 1170 2776; x_wconf 80' lang='lat' dir='ltr'><strong>mendose</strong></span> <span class='ocrx_word' id='word_1_307' title='bbox 1197 2721 1358 2776; x_wconf 86' lang='lat' dir='ltr'><strong>habet</strong></span> <span class='ocrx_word' id='word_1_308' title='bbox 1382 2721 1709 2777; x_wconf 67' lang='lat' dir='ltr'><strong>Nazareni».</strong></span> 
     </span>
    </p>
   </div>
   <div class='ocr_carea' id='block_1_41' title="bbox 633 2794 1944 2870">
    <p class='ocr_par' dir='ltr' id='par_1_41' title="bbox 633 2794 1944 2870">
     <span class='ocr_line' id='line_1_41' title="bbox 633 2794 1944 2870; baseline -0.001 -19"><span class='ocrx_word' id='word_1_309' title='bbox 633 2794 660 2834; x_wconf 64' lang='grc' dir='ltr'>δ</span> <span class='ocrx_word' id='word_1_310' title='bbox 686 2794 870 2851; x_wconf 75' lang='lat' dir='ltr'><strong>Codex</strong></span> <span class='ocrx_word' id='word_1_311' title='bbox 903 2794 1167 2850; x_wconf 73' lang='lat' dir='ltr'><strong>mendose</strong></span> <span class='ocrx_word' id='word_1_312' title='bbox 1199 2795 1360 2848; x_wconf 88' lang='lat' dir='ltr'><strong>habet</strong></span> <span class='ocrx_word' id='word_1_313' title='bbox 1392 2796 1593 2865; x_wconf 85' lang='lat' dir='ltr'><strong>ubique</strong></span> <span class='ocrx_word' id='word_1_314' title='bbox 1631 2794 1944 2870; x_wconf 84' lang='lat' dir='ltr'><strong>Beujamim.</strong></span> 
     </span>
    </p>
   </div>
   <div class='ocr_carea' id='block_1_42' title="bbox 2253 2000 3866 2072">
    <p class='ocr_par' dir='ltr' id='par_1_42' title="bbox 2253 2000 3866 2072">
     <span class='ocr_line' id='line_1_42' title="bbox 2253 2000 3866 2072; baseline -0.001 -16"><span class='ocrx_word' id='word_1_315' title='bbox 2253 2003 2626 2072; x_wconf 80' lang='lat' dir='ltr'><strong>parturientis</strong></span> <span class='ocrx_word' id='word_1_316' title='bbox 2657 2002 2946 2063; x_wconf 84' lang='lat' dir='ltr'><strong>condoiet;</strong></span> <span class='ocrx_word' id='word_1_317' title='bbox 2975 2001 3398 2071; x_wconf 79' lang='lat' dir='ltr'><strong>pertoctiorihus</strong></span> <span class='ocrx_word' id='word_1_318' title='bbox 3421 2010 3603 2057; x_wconf 87' lang='lat' dir='ltr'><strong>autem</strong></span> <span class='ocrx_word' id='word_1_319' title='bbox 3630 2000 3866 2054; x_wconf 74' lang='lat' dir='ltr'><strong>solidum</strong></span> 
     </span>
    </p>
   </div>
   <div class='ocr_carea' id='block_1_43' title="bbox 2223 2083 3866 2168">
    <p class='ocr_par' dir='ltr' id='par_1_43' title="bbox 2223 2083 3866 2168">
     <span class='ocr_line' id='line_1_43' title="bbox 2223 2083 3866 2168; baseline -0.002 -18"><span class='ocrx_word' id='word_1_320' title='bbox 2223 2083 2229 2090; x_wconf 59' lang='grc'><strong>’</strong></span> <span class='ocrx_word' id='word_1_321' title='bbox 2265 2085 2528 2150; x_wconf 83' lang='lat' dir='ltr'><strong>doctrina-</strong></span> <span class='ocrx_word' id='word_1_322' title='bbox 2572 2095 2754 2150; x_wconf 90' lang='lat' dir='ltr'><strong>cibum</strong></span> <span class='ocrx_word' id='word_1_323' title='bbox 2787 2095 3143 2149; x_wconf 86' lang='lat' dir='ltr'><strong>contradens.</strong></span> <span class='ocrx_word' id='word_1_324' title='bbox 3183 2094 3368 2168; x_wconf 81' lang='lat' dir='ltr'><strong>Spolia</strong></span> <span class='ocrx_word' id='word_1_325' title='bbox 3409 2109 3651 2166; x_wconf 81' lang='lat' dir='ltr'><strong>namque</strong></span> <span class='ocrx_word' id='word_1_326' title='bbox 3693 2095 3866 2148; x_wconf 78' lang='lat' dir='ltr'><strong>divina</strong></span> 
     </span>
    </p>
   </div>
   <div class='ocr_carea' id='block_1_44' title="bbox 2265 2187 3868 2259">
    <p class='ocr_par' dir='ltr' id='par_1_44' title="bbox 2265 2187 3868 2259">
     <span class='ocr_line' id='line_1_44' title="bbox 2265 2187 3868 2259; baseline -0.002 -16"><span class='ocrx_word' id='word_1_327' title='bbox 2265 2189 2580 2259; x_wconf 77' lang='lat' dir='ltr'><strong>signiﬁcare</strong></span> <span class='ocrx_word' id='word_1_328' title='bbox 2629 2187 2918 2254; x_wconf 85' lang='lat' dir='ltr'><strong>mandata,</strong></span> <span class='ocrx_word' id='word_1_329' title='bbox 2972 2189 3126 2243; x_wconf 66' lang='lat' dir='ltr'><strong>testis</strong></span> <span class='ocrx_word' id='word_1_330' title='bbox 3179 2196 3264 2242; x_wconf 84' lang='lat' dir='ltr'><strong>est</strong></span> <span class='ocrx_word' id='word_1_331' title='bbox 3322 2188 3527 2255; x_wconf 82' lang='lat' dir='ltr'><strong>David,</strong></span> <span class='ocrx_word' id='word_1_332' title='bbox 3577 2187 3812 2241; x_wconf 85' lang='lat' dir='ltr'><strong>dicendo</strong></span> <span class='ocrx_word' id='word_1_333' title='bbox 3853 2203 3868 2240; x_wconf 70' lang='grc' dir='ltr'>ε</span> 
     </span>
    </p>
   </div>
   <div class='ocr_carea' id='block_1_45' title="bbox 2269 2277 3868 2352">
    <p class='ocr_par' dir='ltr' id='par_1_45' title="bbox 2269 2277 3868 2352">
     <span class='ocr_line' id='line_1_45' title="bbox 2269 2277 3868 2352; baseline -0.003 -16"><span class='ocrx_word' id='word_1_334' title='bbox 2269 2277 2506 2336; x_wconf 75' lang='lat' dir='ltr'><strong>Lwtabor</strong></span> <span class='ocrx_word' id='word_1_335' title='bbox 2530 2297 2624 2350; x_wconf 78' lang='lat' dir='ltr'><strong>ego</strong></span> <span class='ocrx_word' id='word_1_336' title='bbox 2653 2298 2806 2352; x_wconf 80' lang='lat' dir='ltr'><strong>super</strong></span> <span class='ocrx_word' id='word_1_337' title='bbox 2832 2282 3032 2349; x_wconf 82' lang='lat' dir='ltr'><strong>eloquia</strong></span> <span class='ocrx_word' id='word_1_338' title='bbox 3061 2291 3146 2334; x_wconf 87' lang='lat' dir='ltr'><strong>tua</strong></span> <span class='ocrx_word' id='word_1_339' title='bbox 3175 2324 3188 2347; x_wconf 93' lang='lat'><strong>,</strong></span> <span class='ocrx_word' id='word_1_340' title='bbox 3222 2282 3352 2335; x_wconf 85' lang='lat' dir='ltr'><strong>sicut</strong></span> <span class='ocrx_word' id='word_1_341' title='bbox 3375 2281 3463 2351; x_wconf 85' lang='lat' dir='ltr'><strong>qui</strong></span> <span class='ocrx_word' id='word_1_342' title='bbox 3485 2281 3686 2336; x_wconf 75' lang='lat' dir='ltr'><strong>int-cuit</strong></span> <span class='ocrx_word' id='word_1_343' title='bbox 3705 2278 3868 2346; x_wconf 72' lang='lat' dir='ltr'><strong>spolia</strong></span> 
     </span>
    </p>
   </div>
   <div class='ocr_carea' id='block_1_46' title="bbox 2269 2371 3872 2446">
    <p class='ocr_par' dir='ltr' id='par_1_46' title="bbox 2269 2371 3872 2446">
     <span class='ocr_line' id='line_1_46' title="bbox 2269 2371 3872 2446; baseline -0.002 -17"><span class='ocrx_word' id='word_1_344' title='bbox 2269 2377 2432 2429; x_wconf 87' lang='lat' dir='ltr'><strong>multa</strong></span> <span class='ocrx_word' id='word_1_345' title='bbox 2464 2373 2581 2444; x_wconf 87' lang='lat' dir='ltr'><strong>(Ps.</strong></span> <span class='ocrx_word' id='word_1_346' title='bbox 2618 2389 2782 2428; x_wconf 77' lang='lat' dir='ltr'><strong>cxrnt</strong></span> <span class='ocrx_word' id='word_1_347' title='bbox 2806 2416 2819 2438; x_wconf 95' lang='lat'><strong>,</strong></span> <span class='ocrx_word' id='word_1_348' title='bbox 2852 2373 3003 2446; x_wconf 68' lang='lat'><strong>162).</strong></span> <span class='ocrx_word' id='word_1_349' title='bbox 3041 2375 3104 2428; x_wconf 82' lang='lat' dir='ltr'><strong>Et</strong></span> <span class='ocrx_word' id='word_1_350' title='bbox 3135 2376 3326 2428; x_wconf 85' lang='lat' dir='ltr'><strong>beatus</strong></span> <span class='ocrx_word' id='word_1_351' title='bbox 3351 2373 3524 2426; x_wconf 77' lang='lat' dir='ltr'><strong>lssias</strong></span> <span class='ocrx_word' id='word_1_352' title='bbox 3553 2371 3624 2426; x_wconf 86' lang='lat' dir='ltr'><strong>de</strong></span> <span class='ocrx_word' id='word_1_353' title='bbox 3645 2372 3872 2443; x_wconf 80' lang='lat' dir='ltr'><strong>Aposto-</strong></span> 
     </span>
    </p>
   </div>
   <div class='ocr_carea' id='block_1_47' title="bbox 2270 2466 3870 2531">
    <p class='ocr_par' dir='ltr' id='par_1_47' title="bbox 2270 2466 3870 2531">
     <span class='ocr_line' id='line_1_47' title="bbox 2270 2466 3870 2531; baseline -0.003 -9"><span class='ocrx_word' id='word_1_354' title='bbox 2270 2469 2377 2524; x_wconf 89' lang='lat' dir='ltr'><strong>lis:</strong></span> <span class='ocrx_word' id='word_1_355' title='bbox 2410 2466 2754 2522; x_wconf 75' lang='lat' dir='ltr'><strong>Lwlabttntttr</strong></span> <span class='ocrx_word' id='word_1_356' title='bbox 2799 2483 2970 2519; x_wconf 84' lang='lat' dir='ltr'><strong>coram</strong></span> <span class='ocrx_word' id='word_1_357' title='bbox 3017 2477 3092 2531; x_wconf 88' lang='lat' dir='ltr'><strong>te,</strong></span> <span class='ocrx_word' id='word_1_358' title='bbox 3127 2466 3258 2520; x_wconf 80' lang='lat' dir='ltr'><strong>sicut</strong></span> <span class='ocrx_word' id='word_1_359' title='bbox 3296 2467 3536 2520; x_wconf 70' lang='lat' dir='ltr'><strong>[moritur</strong></span> <span class='ocrx_word' id='word_1_360' title='bbox 3583 2466 3638 2518; x_wconf 78' lang='lat' dir='ltr'><strong>in</strong></span> <span class='ocrx_word' id='word_1_361' title='bbox 3669 2475 3870 2518; x_wconf 76' lang='lat' dir='ltr'><strong>messe:</strong></span> 
     </span>
    </p>
   </div>
   <div class='ocr_carea' id='block_1_48' title="bbox 2269 2556 3658 2632">
    <p class='ocr_par' dir='ltr' id='par_1_48' title="bbox 2269 2556 3658 2632">
     <span class='ocr_line' id='line_1_48' title="bbox 2269 2556 3658 2632; baseline -0.004 -18"><span class='ocrx_word' id='word_1_362' title='bbox 2269 2561 2402 2614; x_wconf 83' lang='lat' dir='ltr'><strong>sicut</strong></span> <span class='ocrx_word' id='word_1_363' title='bbox 2429 2561 2689 2614; x_wconf 68' lang='lat' dir='ltr'><strong>exsultant</strong></span> <span class='ocrx_word' id='word_1_364' title='bbox 2715 2560 2801 2630; x_wconf 76' lang='lat' dir='ltr'><strong>qui</strong></span> <span class='ocrx_word' id='word_1_365' title='bbox 2835 2558 3071 2612; x_wconf 77' lang='lat' dir='ltr'><strong>dividunt</strong></span> <span class='ocrx_word' id='word_1_366' title='bbox 3093 2559 3264 2628; x_wconf 80' lang='lat' dir='ltr'><strong>spolia</strong></span> <span class='ocrx_word' id='word_1_367' title='bbox 3292 2556 3424 2632; x_wconf 83' lang='lat' dir='ltr'><strong>(lsa.</strong></span> <span class='ocrx_word' id='word_1_368' title='bbox 3458 2571 3506 2612; x_wconf 78' lang='lat' dir='ltr'><strong>Ix</strong></span> <span class='ocrx_word' id='word_1_369' title='bbox 3527 2600 3542 2626; x_wconf 93' lang='lat'><strong>,</strong></span> <span class='ocrx_word' id='word_1_370' title='bbox 3578 2556 3658 2628; x_wconf 75' lang='lat'><strong>3).</strong></span> 
     </span>
    </p>
   </div>
   <div class='ocr_carea' id='block_1_49' title="bbox 2345 2723 3870 2780">
    <p class='ocr_par' dir='ltr' id='par_1_49' title="bbox 2345 2723 3870 2780">
     <span class='ocr_line' id='line_1_49' title="bbox 2345 2723 3870 2780; baseline 0.001 -2"><span class='ocrx_word' id='word_1_371' title='bbox 2345 2735 2366 2763; x_wconf 77' lang='grc' dir='ltr'><strong>ο</strong></span> <span class='ocrx_word' id='word_1_372' title='bbox 2403 2725 2516 2780; x_wconf 74' lang='lat' dir='ltr'><strong>Vox</strong></span> <span class='ocrx_word' id='word_1_373' title='bbox 2555 2726 2800 2780; x_wconf 72' lang='lat' dir='ltr'><strong>doctrinm</strong></span> <span class='ocrx_word' id='word_1_374' title='bbox 2827 2724 2982 2780; x_wconf 80' lang='lat' dir='ltr'><strong>deest</strong></span> <span class='ocrx_word' id='word_1_375' title='bbox 3020 2723 3074 2780; x_wconf 91' lang='lat' dir='ltr'><strong>in</strong></span> <span class='ocrx_word' id='word_1_376' title='bbox 3114 2723 3354 2780; x_wconf 82' lang='lat' dir='ltr'><strong>Codice:</strong></span> <span class='ocrx_word' id='word_1_377' title='bbox 3396 2723 3651 2780; x_wconf 80' lang='lat' dir='ltr'><strong>addenda</strong></span> <span class='ocrx_word' id='word_1_378' title='bbox 3681 2731 3765 2780; x_wconf 72' lang='lat' dir='ltr'><strong>est</strong></span> <span class='ocrx_word' id='word_1_379' title='bbox 3790 2730 3870 2779; x_wconf 75' lang='lat' dir='ltr'><strong>ta-</strong></span> 
     </span>
    </p>
   </div>
   <div class='ocr_carea' id='block_1_50' title="bbox 2276 2814 2421 2852">
    <p class='ocr_par' dir='ltr' id='par_1_50' title="bbox 2276 2814 2421 2852">
     <span class='ocr_line' id='line_1_50' title="bbox 2276 2814 2421 2852; baseline 0 -2"><span class='ocrx_word' id='word_1_380' title='bbox 2276 2814 2421 2852; x_wconf 87' lang='lat' dir='ltr'><strong>tuen.</strong></span> 
     </span>
    </p>
   </div>
   <div class='ocr_carea' id='block_1_51' title="bbox 573 2963 3865 3011">
    <p class='ocr_par' dir='ltr' id='par_1_51' title="bbox 573 2963 3865 3011">
     <span class='ocr_line' id='line_1_51' title="bbox 573 2963 3865 3011; baseline -0 -3"><span class='ocrx_word' id='word_1_381' title='bbox 573 2963 3865 3011; x_wconf 36' lang='grc' dir='ltr'><em>Μ</em></span> 
     </span>
    </p>
   </div>
   <div class='ocr_carea' id='block_1_52' title="bbox 1810 3137 2656 3188">
    <p class='ocr_par' dir='ltr' id='par_1_52' title="bbox 1810 3137 2656 3188">
     <span class='ocr_line' id='line_1_52' title="bbox 1810 3137 2656 3188; baseline 0.006 -5"><span class='ocrx_word' id='word_1_382' title='bbox 1810 3137 1980 3184; x_wconf 79' lang='lat' dir='ltr'><strong>ANNO</strong></span> <span class='ocrx_word' id='word_1_383' title='bbox 2025 3138 2260 3186; x_wconf 66' lang='lat' dir='ltr'><strong>DOMINI</strong></span> <span class='ocrx_word' id='word_1_384' title='bbox 2305 3142 2656 3188; x_wconf 77' lang='lat' dir='ltr'><strong>CCCCXVIH.</strong></span> 
     </span>
    </p>
   </div>
   <div class='ocr_carea' id='block_1_53' title="bbox 439 3308 3743 3538">
    <p class='ocr_par' dir='ltr' id='par_1_53' title="bbox 439 3308 3743 3538">
     <span class='ocr_line' id='line_1_53' title="bbox 439 3308 3743 3538; baseline 0.003 -71"><span class='ocrx_word' id='word_1_385' title='bbox 439 3362 515 3418; x_wconf 62' lang='grc' dir='ltr'><strong>ηπ</strong></span> <span class='ocrx_word' id='word_1_386' title='bbox 694 3308 1782 3538; x_wconf 73' lang='lat' dir='ltr'><strong>SEVERUS</strong></span> <span class='ocrx_word' id='word_1_387' title='bbox 1914 3309 3743 3480; x_wconf 77' lang='lat' dir='ltr'><strong>MAJORICENSIS.</strong></span> 
     </span>
    </p>
   </div>
   <div class='ocr_carea' id='block_1_54' title="bbox 568 3605 3872 3685">
    <p class='ocr_par' dir='ltr' id='par_1_54' title="bbox 568 3605 3872 3685">
     <span class='ocr_line' id='line_1_54' title="bbox 568 3605 3872 3685; baseline 0.001 -21"><span class='ocrx_word' id='word_1_388' title='bbox 568 3609 786 3665; x_wconf 87' lang='lat' dir='ltr'><strong>Nullam</strong></span> <span class='ocrx_word' id='word_1_389' title='bbox 809 3609 862 3660; x_wconf 85' lang='lat' dir='ltr'><strong>in</strong></span> <span class='ocrx_word' id='word_1_390' title='bbox 885 3608 1038 3660; x_wconf 82' lang='lat' dir='ltr'><strong>rariis</strong></span> <span class='ocrx_word' id='word_1_391' title='bbox 1066 3605 1279 3660; x_wconf 81' lang='lat' dir='ltr'><strong>Patrum</strong></span> <span class='ocrx_word' id='word_1_392' title='bbox 1300 3605 1629 3660; x_wconf 84' lang='lat' dir='ltr'><strong>Bibliothecis</strong></span> <span class='ocrx_word' id='word_1_393' title='bbox 1648 3606 1710 3662; x_wconf 86' lang='lat' dir='ltr'><strong>de</strong></span> <span class='ocrx_word' id='word_1_394' title='bbox 1737 3608 1831 3662; x_wconf 89' lang='lat' dir='ltr'><strong>hoc</strong></span> <span class='ocrx_word' id='word_1_395' title='bbox 1856 3607 1927 3663; x_wconf 90' lang='lat' dir='ltr'><strong>Se</strong></span> <span class='ocrx_word' id='word_1_396' title='bbox 1961 3626 2044 3662; x_wconf 86' lang='lat' dir='ltr'><strong>cro</strong></span> <span class='ocrx_word' id='word_1_397' title='bbox 2069 3611 2373 3665; x_wconf 81' lang='lat' dir='ltr'><strong>mentionem</strong></span> <span class='ocrx_word' id='word_1_398' title='bbox 2399 3612 2655 3682; x_wconf 72' lang='lat' dir='ltr'><strong>erpiscari</strong></span> <span class='ocrx_word' id='word_1_399' title='bbox 2680 3613 2823 3667; x_wconf 82' lang='lat' dir='ltr'><strong>licuit</strong></span> <span class='ocrx_word' id='word_1_400' title='bbox 2847 3631 2866 3681; x_wconf 88' lang='lat'><strong><em>;</em></strong></span> <span class='ocrx_word' id='word_1_401' title='bbox 2898 3631 3056 3683; x_wconf 65' lang='lat' dir='ltr'><strong>mque</strong></span> <span class='ocrx_word' id='word_1_402' title='bbox 3085 3612 3233 3666; x_wconf 87' lang='lat' dir='ltr'><strong>aliud</strong></span> <span class='ocrx_word' id='word_1_403' title='bbox 3246 3613 3305 3664; x_wconf 86' lang='lat' dir='ltr'><strong>de</strong></span> <span class='ocrx_word' id='word_1_404' title='bbox 3337 3609 3456 3666; x_wconf 85' lang='lat' dir='ltr'><strong>Vita</strong></span> <span class='ocrx_word' id='word_1_405' title='bbox 3485 3615 3597 3685; x_wconf 77' lang='lat' dir='ltr'><strong>ejus</strong></span> <span class='ocrx_word' id='word_1_406' title='bbox 3617 3611 3872 3668; x_wconf 67' lang='lat' dir='ltr'><strong>memoria</strong></span> 
     </span>
    </p>
   </div>
   <div class='ocr_carea' id='block_1_55' title="bbox 604 3723 3843 3798">
    <p class='ocr_par' dir='ltr' id='par_1_55' title="bbox 604 3723 3843 3798">
     <span class='ocr_line' id='line_1_55' title="bbox 604 3723 3843 3798; baseline 0.002 -21"><span class='ocrx_word' id='word_1_407' title='bbox 604 3723 861 3795; x_wconf 83' lang='lat' dir='ltr'><strong>proditum</strong></span> <span class='ocrx_word' id='word_1_408' title='bbox 878 3731 975 3788; x_wconf 80' lang='lat' dir='ltr'><strong>est,</strong></span> <span class='ocrx_word' id='word_1_409' title='bbox 1007 3731 1346 3794; x_wconf 64' lang='lat' dir='ltr'><strong>praeterquam</strong></span> <span class='ocrx_word' id='word_1_410' title='bbox 1370 3723 1504 3792; x_wconf 82' lang='lat' dir='ltr'><strong>quod</strong></span> <span class='ocrx_word' id='word_1_411' title='bbox 1531 3725 1751 3778; x_wconf 78' lang='lat' dir='ltr'><strong>continet</strong></span> <span class='ocrx_word' id='word_1_412' title='bbox 1778 3724 1994 3794; x_wconf 67' lang='lat' dir='ltr'><strong>cpistola</strong></span> <span class='ocrx_word' id='word_1_413' title='bbox 2019 3742 2252 3793; x_wconf 70' lang='lat' dir='ltr'><strong>sequens,</strong></span> <span class='ocrx_word' id='word_1_414' title='bbox 2279 3725 2341 3781; x_wconf 85' lang='lat' dir='ltr'><strong>ab</strong></span> <span class='ocrx_word' id='word_1_415' title='bbox 2371 3729 2590 3783; x_wconf 82' lang='lat' dir='ltr'><strong>Anualin</strong></span> <span class='ocrx_word' id='word_1_416' title='bbox 2616 3749 2641 3781; x_wconf 81' lang='lat'><strong>.~=</strong></span> <span class='ocrx_word' id='word_1_417' title='bbox 2670 3741 2879 3785; x_wconf 84' lang='lat' dir='ltr'><strong>auctore</strong></span> <span class='ocrx_word' id='word_1_418' title='bbox 2909 3731 3089 3797; x_wconf 85' lang='lat' dir='ltr'><strong>edita,.</strong></span> <span class='ocrx_word' id='word_1_419' title='bbox 3127 3729 3276 3785; x_wconf 88' lang='lat' dir='ltr'><strong>Tom.</strong></span> <span class='ocrx_word' id='word_1_420' title='bbox 3301 3729 3387 3798; x_wconf 75' lang='grc' dir='ltr'><strong>ιν,</strong></span> <span class='ocrx_word' id='word_1_421' title='bbox 3409 3731 3475 3785; x_wconf 86' lang='lat' dir='ltr'><strong>ad</strong></span> <span class='ocrx_word' id='word_1_422' title='bbox 3493 3747 3688 3784; x_wconf 83' lang='lat' dir='ltr'><strong>annum</strong></span> <span class='ocrx_word' id='word_1_423' title='bbox 3719 3733 3745 3783; x_wconf 41' lang='lat' dir='ltr'><strong>At</strong></span> <span class='ocrx_word' id='word_1_424' title='bbox 3759 3728 3843 3786; x_wconf 71' lang='grc'><strong>18.</strong></span> 
     </span>
    </p>
   </div>
   <div class='ocr_carea' id='block_1_56' title="bbox 963 3895 3433 3992">
    <p class='ocr_par' dir='ltr' id='par_1_56' title="bbox 963 3895 3433 3992">
     <span class='ocr_line' id='line_1_56' title="bbox 963 3895 3433 3992; baseline 0.001 -12"><span class='ocrx_word' id='word_1_425' title='bbox 963 3897 1393 3981; x_wconf 77' lang='lat' dir='ltr'>SEVERI</span> <span class='ocrx_word' id='word_1_426' title='bbox 1470 3895 2002 3986; x_wconf 87' lang='lat' dir='ltr'><strong>EPISCOPI</strong></span> <span class='ocrx_word' id='word_1_427' title='bbox 2078 3902 2644 3988; x_wconf 88' lang='lat' dir='ltr'><strong>EPISTOLA</strong></span> <span class='ocrx_word' id='word_1_428' title='bbox 2724 3905 2881 3989; x_wconf 89' lang='lat' dir='ltr'><strong>DE</strong></span> <span class='ocrx_word' id='word_1_429' title='bbox 2956 3905 3433 3992; x_wconf 73' lang='lat' dir='ltr'><strong>JUD/EIS.</strong></span> 
     </span>
    </p>
   </div>
   <div class='ocr_carea' id='block_1_57' title="bbox 2058 4085 2389 4103">
    <p class='ocr_par' dir='ltr' id='par_1_57' title="bbox 2058 4085 2389 4103">
     <span class='ocr_line' id='line_1_57' title="bbox 2058 4085 2389 4103; baseline 0.003 -1"><span class='ocrx_word' id='word_1_430' title='bbox 2058 4085 2389 4103; x_wconf 45' lang='grc' dir='ltr'><strong>ξ...-</strong></span> 
     </span>
    </p>
   </div>
   <div class='ocr_carea' id='block_1_58' title="bbox 636 4226 3872 4304">
    <p class='ocr_par' dir='ltr' id='par_1_58' title="bbox 636 4226 3872 4304">
     <span class='ocr_line' id='line_1_58' title="bbox 636 4226 3872 4304; baseline 0.001 -20"><span class='ocrx_word' id='word_1_431' title='bbox 636 4228 830 4284; x_wconf 83' lang='lat' dir='ltr'><strong>Datum</strong></span> <span class='ocrx_word' id='word_1_432' title='bbox 857 4236 930 4283; x_wconf 86' lang='lat' dir='ltr'><strong>est</strong></span> <span class='ocrx_word' id='word_1_433' title='bbox 952 4237 1123 4282; x_wconf 85' lang='lat' dir='ltr'><strong>autem</strong></span> <span class='ocrx_word' id='word_1_434' title='bbox 1151 4227 1297 4281; x_wconf 86' lang='lat' dir='ltr'><strong>nobis</strong></span> <span class='ocrx_word' id='word_1_435' title='bbox 1323 4227 1554 4297; x_wconf 80' lang='lat' dir='ltr'><strong>ejusdem</strong></span> <span class='ocrx_word' id='word_1_436' title='bbox 1600 4226 2008 4299; x_wconf 80' lang='lat' dir='ltr'><strong>Protomartyris</strong></span> <span class='ocrx_word' id='word_1_437' title='bbox 2037 4245 2160 4299; x_wconf 82' lang='lat' dir='ltr'><strong>gra-</strong></span> <span class='ocrx_word' id='word_1_438' title='bbox 2189 4229 2234 4291; x_wconf 89' lang='lat' dir='ltr'>C</span> <span class='ocrx_word' id='word_1_439' title='bbox 2268 4240 2352 4287; x_wconf 69' lang='lat' dir='ltr'><strong>est</strong></span> <span class='ocrx_word' id='word_1_440' title='bbox 2376 4248 2389 4288; x_wconf 88' lang='lat'><strong>:</strong></span> <span class='ocrx_word' id='word_1_441' title='bbox 2420 4231 2473 4286; x_wconf 90' lang='lat' dir='ltr'><strong>in</strong></span> <span class='ocrx_word' id='word_1_442' title='bbox 2505 4232 2698 4303; x_wconf 84' lang='lat' dir='ltr'><strong>quibus</strong></span> <span class='ocrx_word' id='word_1_443' title='bbox 2729 4242 2905 4287; x_wconf 88' lang='lat' dir='ltr'><strong>tamen</strong></span> <span class='ocrx_word' id='word_1_444' title='bbox 2937 4231 3369 4288; x_wconf 83' lang='lat' dir='ltr'><strong>annumerandis</strong></span> <span class='ocrx_word' id='word_1_445' title='bbox 3398 4247 3483 4288; x_wconf 88' lang='lat' dir='ltr'><strong>ma</strong></span> <span class='ocrx_word' id='word_1_446' title='bbox 3507 4233 3597 4302; x_wconf 91' lang='lat' dir='ltr'><strong>jor</strong></span> <span class='ocrx_word' id='word_1_447' title='bbox 3633 4239 3720 4290; x_wconf 82' lang='lat' dir='ltr'><strong>est</strong></span> <span class='ocrx_word' id='word_1_448' title='bbox 3747 4245 3872 4304; x_wconf 63' lang='lat' dir='ltr'><strong>gra-</strong></span> 
     </span>
    </p>
   </div>
   <div class='ocr_carea' id='block_1_59' title="bbox 567 4322 2169 4395">
    <p class='ocr_par' dir='ltr' id='par_1_59' title="bbox 567 4322 2169 4395">
     <span class='ocr_line' id='line_1_59' title="bbox 567 4322 2169 4395; baseline -0.002 -14"><span class='ocrx_word' id='word_1_449' title='bbox 567 4327 642 4381; x_wconf 87' lang='lat' dir='ltr'><strong>tia</strong></span> <span class='ocrx_word' id='word_1_450' title='bbox 663 4373 676 4395; x_wconf 95' lang='lat'><strong>,</strong></span> <span class='ocrx_word' id='word_1_451' title='bbox 708 4335 761 4380; x_wconf 88' lang='lat' dir='ltr'><strong>ut</strong></span> <span class='ocrx_word' id='word_1_452' title='bbox 794 4325 928 4380; x_wconf 84' lang='lat' dir='ltr'><strong>inter</strong></span> <span class='ocrx_word' id='word_1_453' title='bbox 959 4323 1257 4377; x_wconf 81' lang='lat' dir='ltr'><strong>scribendas</strong></span> <span class='ocrx_word' id='word_1_454' title='bbox 1297 4322 1564 4377; x_wconf 69' lang='lat' dir='ltr'><strong>Vaticana?</strong></span> <span class='ocrx_word' id='word_1_455' title='bbox 1590 4323 1912 4378; x_wconf 70' lang='lat' dir='ltr'><strong>bibliothecae</strong></span> <span class='ocrx_word' id='word_1_456' title='bbox 1935 4325 2169 4394; x_wconf 80' lang='lat' dir='ltr'><strong>antiqui-</strong></span> 
     </span>
    </p>
   </div>
   <div class='ocr_carea' id='block_1_60' title="bbox 565 4417 2172 4490">
    <p class='ocr_par' dir='ltr' id='par_1_60' title="bbox 565 4417 2172 4490">
     <span class='ocr_line' id='line_1_60' title="bbox 565 4417 2172 4490; baseline -0.002 -16"><span class='ocrx_word' id='word_1_457' title='bbox 565 4430 714 4490; x_wconf 87' lang='lat' dir='ltr'><strong>tates,</strong></span> <span class='ocrx_word' id='word_1_458' title='bbox 741 4421 973 4474; x_wconf 79' lang='lat' dir='ltr'><strong>eamdem</strong></span> <span class='ocrx_word' id='word_1_459' title='bbox 999 4419 1336 4486; x_wconf 83' lang='lat' dir='ltr'><strong>repererimus</strong></span> <span class='ocrx_word' id='word_1_460' title='bbox 1381 4417 1553 4472; x_wconf 76' lang='lat' dir='ltr'><strong>Severi</strong></span> <span class='ocrx_word' id='word_1_461' title='bbox 1601 4418 1878 4487; x_wconf 80' lang='lat' dir='ltr'><strong>epistolam</strong></span> <span class='ocrx_word' id='word_1_462' title='bbox 1903 4419 2172 4487; x_wconf 74' lang='lat' dir='ltr'><strong>integram</strong></span> 
     </span>
    </p>
   </div>
   <div class='ocr_carea' id='block_1_61' title="bbox 564 4512 2168 4585">
    <p class='ocr_par' dir='ltr' id='par_1_61' title="bbox 564 4512 2168 4585">
     <span class='ocr_line' id='line_1_61' title="bbox 564 4512 2168 4585; baseline -0.002 -15"><span class='ocrx_word' id='word_1_463' title='bbox 564 4517 619 4570; x_wconf 87' lang='lat' dir='ltr'><strong>in</strong></span> <span class='ocrx_word' id='word_1_464' title='bbox 659 4516 802 4569; x_wconf 90' lang='lat' dir='ltr'><strong>nullo</strong></span> <span class='ocrx_word' id='word_1_465' title='bbox 843 4514 1205 4568; x_wconf 71' lang='lat' dir='ltr'><strong>detrimentum</strong></span> <span class='ocrx_word' id='word_1_466' title='bbox 1263 4529 1470 4581; x_wconf 85' lang='lat' dir='ltr'><strong>passam</strong></span> <span class='ocrx_word' id='word_1_467' title='bbox 1505 4529 1522 4567; x_wconf 92' lang='lat'><strong><em>:</em></strong></span> <span class='ocrx_word' id='word_1_468' title='bbox 1552 4529 1707 4583; x_wconf 84' lang='lat' dir='ltr'><strong>quam</strong></span> <span class='ocrx_word' id='word_1_469' title='bbox 1747 4513 1926 4585; x_wconf 80' lang='lat' dir='ltr'><strong>(quod</strong></span> <span class='ocrx_word' id='word_1_470' title='bbox 1965 4512 2168 4566; x_wconf 45' lang='lat' dir='ltr'><strong>uesci»</strong></span> 
     </span>
    </p>
   </div>
   <div class='ocr_carea' id='block_1_62' title="bbox 563 4608 2154 4677">
    <p class='ocr_par' dir='ltr' id='par_1_62' title="bbox 563 4608 2154 4677">
     <span class='ocr_line' id='line_1_62' title="bbox 563 4608 2154 4677; baseline -0.002 -14"><span class='ocrx_word' id='word_1_471' title='bbox 563 4627 675 4663; x_wconf 87' lang='lat' dir='ltr'><strong>mus</strong></span> <span class='ocrx_word' id='word_1_472' title='bbox 705 4609 766 4662; x_wconf 88' lang='lat' dir='ltr'><strong>ab</strong></span> <span class='ocrx_word' id='word_1_473' title='bbox 798 4609 901 4661; x_wconf 85' lang='lat' dir='ltr'><strong>alio</strong></span> <span class='ocrx_word' id='word_1_474' title='bbox 928 4608 1161 4674; x_wconf 85' lang='lat' dir='ltr'><strong>editam)</strong></span> <span class='ocrx_word' id='word_1_475' title='bbox 1193 4608 1272 4660; x_wconf 87' lang='lat' dir='ltr'><strong>hic</strong></span> <span class='ocrx_word' id='word_1_476' title='bbox 1305 4608 1555 4677; x_wconf 64' lang='lat' dir='ltr'><strong>integrant</strong></span> <span class='ocrx_word' id='word_1_477' title='bbox 1584 4608 1892 4672; x_wconf 81' lang='lat' dir='ltr'><strong>describere,</strong></span> <span class='ocrx_word' id='word_1_478' title='bbox 1920 4617 1978 4660; x_wconf 76' lang='lat' dir='ltr'><strong>ut</strong></span> <span class='ocrx_word' id='word_1_479' title='bbox 2007 4621 2154 4675; x_wconf 75' lang='lat' dir='ltr'><strong>egre-</strong></span> 
     </span>
    </p>
   </div>
   <div class='ocr_carea' id='block_1_63' title="bbox 563 4699 2170 4773">
    <p class='ocr_par' dir='ltr' id='par_1_63' title="bbox 563 4699 2170 4773">
     <span class='ocr_line' id='line_1_63' title="bbox 563 4699 2170 4773; baseline -0.001 -19"><span class='ocrx_word' id='word_1_480' title='bbox 563 4704 707 4773; x_wconf 85' lang='lat' dir='ltr'><strong>gium</strong></span> <span class='ocrx_word' id='word_1_481' title='bbox 729 4701 1048 4771; x_wconf 83' lang='lat' dir='ltr'><strong>antiquitatis</strong></span> <span class='ocrx_word' id='word_1_482' title='bbox 1072 4709 1475 4767; x_wconf 82' lang='lat' dir='ltr'><strong>monumentum,</strong></span> <span class='ocrx_word' id='word_1_483' title='bbox 1497 4700 1714 4773; x_wconf 82' lang='lat' dir='ltr'><strong>dignum</strong></span> <span class='ocrx_word' id='word_1_484' title='bbox 1737 4699 2170 4766; x_wconf 62' lang='lat' dir='ltr'><strong>existimavimus;</strong></span> 
     </span>
    </p>
   </div>
   <div class='ocr_carea' id='block_1_64' title="bbox 566 4789 1115 4846">
    <p class='ocr_par' dir='ltr' id='par_1_64' title="bbox 566 4789 1115 4846">
     <span class='ocr_line' id='line_1_64' title="bbox 566 4789 1115 4846; baseline -0.002 0"><span class='ocrx_word' id='word_1_485' title='bbox 566 4793 641 4846; x_wconf 80' lang='lat' dir='ltr'><strong>sic</strong></span> <span class='ocrx_word' id='word_1_486' title='bbox 669 4793 805 4845; x_wconf 88' lang='lat' dir='ltr'><strong>enim</strong></span> <span class='ocrx_word' id='word_1_487' title='bbox 837 4809 888 4843; x_wconf 80' lang='lat' dir='ltr'><strong>se</strong></span> <span class='ocrx_word' id='word_1_488' title='bbox 914 4789 1067 4844; x_wconf 79' lang='lat' dir='ltr'><strong>habet</strong></span> <span class='ocrx_word' id='word_1_489' title='bbox 1097 4805 1115 4845; x_wconf 84' lang='lat'><strong>.&#39;</strong></span> 
     </span>
    </p>
   </div>
   <div class='ocr_carea' id='block_1_65' title="bbox 636 4883 2171 4956">
    <p class='ocr_par' dir='ltr' id='par_1_65' title="bbox 636 4883 2171 4956">
     <span class='ocr_line' id='line_1_65' title="bbox 636 4883 2171 4956; baseline 0.001 -18"><span class='ocrx_word' id='word_1_490' title='bbox 636 4884 1006 4938; x_wconf 71' lang='lat' dir='ltr'><strong>Sanctissimis</strong></span> <span class='ocrx_word' id='word_1_491' title='bbox 1028 4898 1089 4937; x_wconf 89' lang='lat' dir='ltr'><strong>ac</strong></span> <span class='ocrx_word' id='word_1_492' title='bbox 1107 4883 1430 4938; x_wconf 85' lang='lat' dir='ltr'><strong>bcatissimis</strong></span> <span class='ocrx_word' id='word_1_493' title='bbox 1453 4883 1713 4950; x_wconf 88' lang='lat' dir='ltr'><strong>dominis,</strong></span> <span class='ocrx_word' id='word_1_494' title='bbox 1741 4885 2034 4956; x_wconf 79' lang='lat' dir='ltr'><strong>episcopis,</strong></span> <span class='ocrx_word' id='word_1_495' title='bbox 2056 4901 2171 4955; x_wconf 82' lang='lat' dir='ltr'><strong>pre-</strong></span> 
     </span>
    </p>
   </div>
   <div class='ocr_carea' id='block_1_66' title="bbox 565 4973 2171 5047">
    <p class='ocr_par' dir='ltr' id='par_1_66' title="bbox 565 4973 2171 5047">
     <span class='ocr_line' id='line_1_66' title="bbox 565 4973 2171 5047; baseline 0.002 -17"><span class='ocrx_word' id='word_1_496' title='bbox 565 4973 822 5047; x_wconf 84' lang='lat' dir='ltr'><strong>sbyteris,</strong></span> <span class='ocrx_word' id='word_1_497' title='bbox 873 4974 1220 5039; x_wconf 86' lang='lat' dir='ltr'><strong>diaconihus,</strong></span> <span class='ocrx_word' id='word_1_498' title='bbox 1242 4986 1298 5030; x_wconf 91' lang='lat' dir='ltr'><strong>et</strong></span> <span class='ocrx_word' id='word_1_499' title='bbox 1329 4977 1593 5031; x_wconf 83' lang='lat' dir='ltr'><strong>universe</strong></span> <span class='ocrx_word' id='word_1_500' title='bbox 1622 4977 1970 5038; x_wconf 74' lang='lat' dir='ltr'><strong>fraternitati.</strong></span> <span class='ocrx_word' id='word_1_501' title='bbox 2004 4978 2171 5034; x_wconf 77' lang='lat' dir='ltr'><strong>totius</strong></span> 
     </span>
    </p>
   </div>
   <div class='ocr_carea' id='block_1_67' title="bbox 565 5068 2167 5140">
    <p class='ocr_par' dir='ltr' id='par_1_67' title="bbox 565 5068 2167 5140">
     <span class='ocr_line' id='line_1_67' title="bbox 565 5068 2167 5140; baseline 0.002 -16"><span class='ocrx_word' id='word_1_502' title='bbox 565 5068 713 5124; x_wconf 82' lang='lat' dir='ltr'><strong>orbis</strong></span> <span class='ocrx_word' id='word_1_503' title='bbox 748 5078 1036 5131; x_wconf 86' lang='lat' dir='ltr'><strong>terrarum,</strong></span> <span class='ocrx_word' id='word_1_504' title='bbox 1062 5070 1306 5124; x_wconf 81' lang='lat' dir='ltr'><strong>Severus</strong></span> <span class='ocrx_word' id='word_1_505' title='bbox 1334 5072 1624 5140; x_wconf 83' lang='lat' dir='ltr'><strong>episc0ptts</strong></span> <span class='ocrx_word' id='word_1_506' title='bbox 1655 5073 2038 5127; x_wconf 78' lang='lat' dir='ltr'><strong>misericordia</strong></span> <span class='ocrx_word' id='word_1_507' title='bbox 2069 5073 2167 5128; x_wconf 88' lang='lat' dir='ltr'><strong>Dei</strong></span> 
     </span>
    </p>
   </div>
   <div class='ocr_carea' id='block_1_68' title="bbox 564 5165 2167 5237">
    <p class='ocr_par' dir='ltr' id='par_1_68' title="bbox 564 5165 2167 5237">
     <span class='ocr_line' id='line_1_68' title="bbox 564 5165 2167 5237; baseline 0.001 -16"><span class='ocrx_word' id='word_1_508' title='bbox 564 5165 813 5237; x_wconf 78' lang='lat' dir='ltr'><strong>indigens</strong></span> <span class='ocrx_word' id='word_1_509' title='bbox 845 5175 898 5218; x_wconf 91' lang='lat' dir='ltr'><strong>et</strong></span> <span class='ocrx_word' id='word_1_510' title='bbox 929 5165 1173 5219; x_wconf 86' lang='lat' dir='ltr'><strong>omnium</strong></span> <span class='ocrx_word' id='word_1_511' title='bbox 1204 5165 1449 5230; x_wconf 86' lang='lat' dir='ltr'><strong>ultimus,</strong></span> <span class='ocrx_word' id='word_1_512' title='bbox 1479 5169 1530 5220; x_wconf 93' lang='lat' dir='ltr'><strong>in</strong></span> <span class='ocrx_word' id='word_1_513' title='bbox 1553 5167 1774 5222; x_wconf 77' lang='lat' dir='ltr'><strong>Christo</strong></span> <span class='ocrx_word' id='word_1_514' title='bbox 1804 5167 2167 5237; x_wconf 79' lang='lat' dir='ltr'><strong>Redemptore</strong></span> 
     </span>
    </p>
   </div>
   <div class='ocr_carea' id='block_1_69' title="bbox 564 5259 2168 5333">
    <p class='ocr_par' dir='ltr' id='par_1_69' title="bbox 564 5259 2168 5333">
     <span class='ocr_line' id='line_1_69' title="bbox 564 5259 2168 5333; baseline 0 -18"><span class='ocrx_word' id='word_1_515' title='bbox 564 5267 753 5315; x_wconf 89' lang='lat' dir='ltr'><strong>nostro</strong></span> <span class='ocrx_word' id='word_1_516' title='bbox 781 5269 1039 5314; x_wconf 77' lang='lat' dir='ltr'><strong>:eternam</strong></span> <span class='ocrx_word' id='word_1_517' title='bbox 1092 5259 1345 5314; x_wconf 69' lang='lat' dir='ltr'><strong>Salutem.</strong></span> <span class='ocrx_word' id='word_1_518' title='bbox 1397 5260 1653 5333; x_wconf 79' lang='lat' dir='ltr'><strong>Intelligis</strong></span> <span class='ocrx_word' id='word_1_519' title='bbox 1684 5271 1980 5315; x_wconf 75' lang='lat' dir='ltr'><strong>consuetum</strong></span> <span class='ocrx_word' id='word_1_520' title='bbox 2009 5261 2168 5331; x_wconf 83' lang='lat' dir='ltr'><strong>hujus</strong></span> 
     </span>
    </p>
   </div>
   <div class='ocr_carea' id='block_1_70' title="bbox 565 5354 2168 5429">
    <p class='ocr_par' dir='ltr' id='par_1_70' title="bbox 565 5354 2168 5429">
     <span class='ocr_line' id='line_1_70' title="bbox 565 5354 2168 5429; baseline -0.001 -20"><span class='ocrx_word' id='word_1_521' title='bbox 565 5357 810 5426; x_wconf 83' lang='lat' dir='ltr'><strong>temporis</strong></span> <span class='ocrx_word' id='word_1_522' title='bbox 844 5354 1130 5426; x_wconf 83' lang='lat' dir='ltr'><strong>symbolum</strong></span> <span class='ocrx_word' id='word_1_523' title='bbox 1165 5355 1562 5423; x_wconf 83' lang='lat' dir='ltr'><strong>catholicorum,</strong></span> <span class='ocrx_word' id='word_1_524' title='bbox 1593 5358 1682 5428; x_wconf 85' lang='lat' dir='ltr'><strong>qui</strong></span> <span class='ocrx_word' id='word_1_525' title='bbox 1713 5367 1766 5411; x_wconf 87' lang='lat' dir='ltr'><strong>ut</strong></span> <span class='ocrx_word' id='word_1_526' title='bbox 1808 5373 1864 5411; x_wconf 81' lang='lat' dir='ltr'><strong>se</strong></span> <span class='ocrx_word' id='word_1_527' title='bbox 1902 5358 2054 5429; x_wconf 83' lang='lat' dir='ltr'><strong>longe</strong></span> <span class='ocrx_word' id='word_1_528' title='bbox 2076 5357 2168 5408; x_wconf 68' lang='lat' dir='ltr'><strong>ab-</strong></span> 
     </span>
    </p>
   </div>
   <div class='ocr_carea' id='block_1_71' title="bbox 562 5449 2168 5525">
    <p class='ocr_par' dir='ltr' id='par_1_71' title="bbox 562 5449 2168 5525">
     <span class='ocr_line' id='line_1_71' title="bbox 562 5449 2168 5525; baseline 0.001 -20"><span class='ocrx_word' id='word_1_529' title='bbox 562 5467 672 5505; x_wconf 85' lang='lat' dir='ltr'><strong>esse</strong></span> <span class='ocrx_word' id='word_1_530' title='bbox 697 5468 728 5504; x_wconf 91' lang='lat' dir='ltr'><strong>a</strong></span> <span class='ocrx_word' id='word_1_531' title='bbox 759 5449 1047 5524; x_wconf 81' lang='lat' dir='ltr'><strong>Pelagiana</strong></span> <span class='ocrx_word' id='word_1_532' title='bbox 1089 5451 1360 5525; x_wconf 84' lang='lat' dir='ltr'><strong>ingruente</strong></span> <span class='ocrx_word' id='word_1_533' title='bbox 1387 5451 1573 5506; x_wconf 74' lang='lat' dir='ltr'><strong>hazresi</strong></span> <span class='ocrx_word' id='word_1_534' title='bbox 1619 5452 2060 5516; x_wconf 79' lang='lat' dir='ltr'><strong>demonstrarent,</strong></span> <span class='ocrx_word' id='word_1_535' title='bbox 2113 5463 2168 5506; x_wconf 79' lang='lat' dir='ltr'><strong>se</strong></span> 
     </span>
    </p>
   </div>
   <div class='ocr_carea' id='block_1_72' title="bbox 560 5544 2164 5616">
    <p class='ocr_par' dir='ltr' id='par_1_72' title="bbox 560 5544 2164 5616">
     <span class='ocr_line' id='line_1_72' title="bbox 560 5544 2164 5616; baseline 0 -18"><span class='ocrx_word' id='word_1_536' title='bbox 560 5545 614 5599; x_wconf 84' lang='lat' dir='ltr'><strong>in</strong></span> <span class='ocrx_word' id='word_1_537' title='bbox 643 5547 757 5612; x_wconf 83' lang='lat' dir='ltr'><strong>ipso</strong></span> <span class='ocrx_word' id='word_1_538' title='bbox 786 5545 936 5598; x_wconf 86' lang='lat' dir='ltr'><strong>titulo</strong></span> <span class='ocrx_word' id='word_1_539' title='bbox 982 5545 1150 5616; x_wconf 84' lang='lat' dir='ltr'><strong>gratia</strong></span> <span class='ocrx_word' id='word_1_540' title='bbox 1179 5555 1225 5598; x_wconf 88' lang='lat' dir='ltr'><strong>et</strong></span> <span class='ocrx_word' id='word_1_541' title='bbox 1256 5545 1611 5598; x_wconf 75' lang='lat' dir='ltr'><strong>misericordia</strong></span> <span class='ocrx_word' id='word_1_542' title='bbox 1645 5544 1738 5598; x_wconf 84' lang='lat' dir='ltr'><strong>Dei</strong></span> <span class='ocrx_word' id='word_1_543' title='bbox 1766 5544 2004 5614; x_wconf 78' lang='lat' dir='ltr'><strong>indigere</strong></span> <span class='ocrx_word' id='word_1_544' title='bbox 2041 5560 2164 5612; x_wconf 79' lang='lat' dir='ltr'><strong>pro-</strong></span> 
     </span>
    </p>
   </div>
   <div class='ocr_carea' id='block_1_73' title="bbox 567 5638 1788 5709">
    <p class='ocr_par' dir='ltr' id='par_1_73' title="bbox 567 5638 1788 5709">
     <span class='ocr_line' id='line_1_73' title="bbox 567 5638 1788 5709; baseline -0.001 -17"><span class='ocrx_word' id='word_1_545' title='bbox 567 5640 798 5709; x_wconf 79' lang='lat' dir='ltr'><strong>ﬁtentur.</strong></span> <span class='ocrx_word' id='word_1_546' title='bbox 835 5639 942 5693; x_wconf 86' lang='lat' dir='ltr'><strong>Sed</strong></span> <span class='ocrx_word' id='word_1_547' title='bbox 962 5640 1128 5708; x_wconf 84' lang='lat' dir='ltr'><strong>ipsam</strong></span> <span class='ocrx_word' id='word_1_548' title='bbox 1163 5638 1441 5693; x_wconf 84' lang='lat' dir='ltr'><strong>reddamus</strong></span> <span class='ocrx_word' id='word_1_549' title='bbox 1472 5639 1743 5708; x_wconf 81' lang='lat' dir='ltr'><strong>epistolam</strong></span> <span class='ocrx_word' id='word_1_550' title='bbox 1769 5653 1788 5691; x_wconf 88' lang='lat'><strong><em>:</em></strong></span> 
     </span>
    </p>
   </div>
   <div class='ocr_carea' id='block_1_74' title="bbox 555 5725 2159 5804">
    <p class='ocr_par' dir='ltr' id='par_1_74' title="bbox 555 5725 2159 5804">
     <span class='ocr_line' id='line_1_74' title="bbox 555 5725 2159 5804; baseline -0.004 -12"><span class='ocrx_word' id='word_1_551' title='bbox 555 5725 584 5792; x_wconf 10' lang='lat' dir='ltr'><strong>ii</strong></span> <span class='ocrx_word' id='word_1_552' title='bbox 629 5732 765 5788; x_wconf 89' lang='lat' dir='ltr'><strong>Cum</strong></span> <span class='ocrx_word' id='word_1_553' title='bbox 811 5733 900 5789; x_wconf 88' lang='lat' dir='ltr'><strong>Dei</strong></span> <span class='ocrx_word' id='word_1_554' title='bbox 935 5749 1094 5804; x_wconf 87' lang='lat' dir='ltr'><strong>opera</strong></span> <span class='ocrx_word' id='word_1_555' title='bbox 1130 5733 1361 5786; x_wconf 86' lang='lat' dir='ltr'><strong>revelari</strong></span> <span class='ocrx_word' id='word_1_556' title='bbox 1410 5742 1464 5786; x_wconf 91' lang='lat' dir='ltr'><strong>et</strong></span> <span class='ocrx_word' id='word_1_557' title='bbox 1505 5732 1751 5787; x_wconf 82' lang='lat' dir='ltr'><strong>conﬁteri</strong></span> <span class='ocrx_word' id='word_1_558' title='bbox 1792 5731 2159 5786; x_wconf 84' lang='lat' dir='ltr'><strong>honoriﬁcum</strong></span> 
     </span>
    </p>
   </div>
   <div class='ocr_carea' id='block_1_75' title="bbox 563 5826 2162 5898">
    <p class='ocr_par' dir='ltr' id='par_1_75' title="bbox 563 5826 2162 5898">
     <span class='ocr_line' id='line_1_75' title="bbox 563 5826 2162 5898; baseline -0.003 -15"><span class='ocrx_word' id='word_1_559' title='bbox 563 5841 702 5895; x_wconf 84' lang='lat' dir='ltr'><strong>esse,</strong></span> <span class='ocrx_word' id='word_1_560' title='bbox 741 5827 984 5898; x_wconf 83' lang='lat' dir='ltr'><strong>Raphael</strong></span> <span class='ocrx_word' id='word_1_561' title='bbox 1016 5826 1373 5897; x_wconf 81' lang='lat' dir='ltr'><strong>archangelus</strong></span> <span class='ocrx_word' id='word_1_562' title='bbox 1406 5833 1624 5882; x_wconf 83' lang='lat' dir='ltr'><strong>moneat</strong></span> <span class='ocrx_word' id='word_1_563' title='bbox 1653 5826 1818 5896; x_wconf 86' lang='lat' dir='ltr'><strong>(Tob.</strong></span> <span class='ocrx_word' id='word_1_564' title='bbox 1863 5826 2162 5897; x_wconf 83' lang='lat' dir='ltr'><strong>xu):pro-</strong></span> 
     </span>
    </p>
   </div>
   <div class='ocr_carea' id='block_1_76' title="bbox 558 5918 2158 5998">
    <p class='ocr_par' dir='ltr' id='par_1_76' title="bbox 558 5918 2158 5998">
     <span class='ocr_line' id='line_1_76' title="bbox 558 5918 2158 5998; baseline 0.002 -22"><span class='ocrx_word' id='word_1_565' title='bbox 558 5920 708 5996; x_wconf 71' lang='lat' dir='ltr'><strong>lecto</strong></span> <span class='ocrx_word' id='word_1_566' title='bbox 765 5922 928 5982; x_wconf 78' lang='lat' dir='ltr'><strong>silere</strong></span> <span class='ocrx_word' id='word_1_567' title='bbox 974 5923 1054 5979; x_wconf 69' lang='lat' dir='ltr'><strong>vel</strong></span> <span class='ocrx_word' id='word_1_568' title='bbox 1107 5923 1288 5980; x_wconf 84' lang='lat' dir='ltr'><strong>celare</strong></span> <span class='ocrx_word' id='word_1_569' title='bbox 1338 5935 1502 5994; x_wconf 84' lang='lat' dir='ltr'><strong>opera</strong></span> <span class='ocrx_word' id='word_1_570' title='bbox 1543 5918 1742 5979; x_wconf 84' lang='lat' dir='ltr'><strong>Christi</strong></span> <span class='ocrx_word' id='word_1_571' title='bbox 1799 5921 2158 5998; x_wconf 84' lang='lat' dir='ltr'><strong>periculosum</strong></span> 
     </span>
    </p>
   </div>
   <div class='ocr_carea' id='block_1_77' title="bbox 2277 4323 3870 4396">
    <p class='ocr_par' dir='ltr' id='par_1_77' title="bbox 2277 4323 3870 4396">
     <span class='ocr_line' id='line_1_77' title="bbox 2277 4323 3870 4396; baseline 0.005 -19"><span class='ocrx_word' id='word_1_572' title='bbox 2277 4323 2368 4392; x_wconf 71' lang='lat' dir='ltr'><strong>tia,</strong></span> <span class='ocrx_word' id='word_1_573' title='bbox 2422 4327 2466 4380; x_wconf 88' lang='lat' dir='ltr'><strong>si</strong></span> <span class='ocrx_word' id='word_1_574' title='bbox 2519 4327 2796 4382; x_wconf 88' lang='lat' dir='ltr'><strong>communi</strong></span> <span class='ocrx_word' id='word_1_575' title='bbox 2842 4335 2896 4383; x_wconf 86' lang='lat' dir='ltr'><strong>et</strong></span> <span class='ocrx_word' id='word_1_576' title='bbox 2943 4325 3176 4396; x_wconf 88' lang='lat' dir='ltr'><strong>simplici</strong></span> <span class='ocrx_word' id='word_1_577' title='bbox 3227 4340 3483 4383; x_wconf 86' lang='lat' dir='ltr'><strong>sermone</strong></span> <span class='ocrx_word' id='word_1_578' title='bbox 3539 4328 3870 4385; x_wconf 83' lang='lat' dir='ltr'><strong>reterantur.</strong></span> 
     </span>
    </p>
   </div>
   <div class='ocr_carea' id='block_1_78' title="bbox 2273 4415 3870 4492">
    <p class='ocr_par' dir='ltr' id='par_1_78' title="bbox 2273 4415 3870 4492">
     <span class='ocr_line' id='line_1_78' title="bbox 2273 4415 3870 4492; baseline 0.003 -20"><span class='ocrx_word' id='word_1_579' title='bbox 2273 4415 2493 4473; x_wconf 84' lang='lat' dir='ltr'><strong>Celatur</strong></span> <span class='ocrx_word' id='word_1_580' title='bbox 2534 4421 2676 4474; x_wconf 88' lang='lat' dir='ltr'><strong>enim</strong></span> <span class='ocrx_word' id='word_1_581' title='bbox 2725 4420 3128 4490; x_wconf 67' lang='lat' dir='ltr'><strong>quoiammodo</strong></span> <span class='ocrx_word' id='word_1_582' title='bbox 3171 4421 3582 4488; x_wconf 71' lang='lat' dir='ltr'><strong>Speciosissima</strong></span> <span class='ocrx_word' id='word_1_583' title='bbox 3634 4421 3870 4492; x_wconf 72' lang='lat' dir='ltr'><strong>pulchri-</strong></span> 
     </span>
    </p>
   </div>
   <div class='ocr_carea' id='block_1_79' title="bbox 2274 4511 3867 4586">
    <p class='ocr_par' dir='ltr' id='par_1_79' title="bbox 2274 4511 3867 4586">
     <span class='ocr_line' id='line_1_79' title="bbox 2274 4511 3867 4586; baseline 0.004 -20"><span class='ocrx_word' id='word_1_584' title='bbox 2274 4511 2406 4567; x_wconf 87' lang='lat' dir='ltr'><strong>tudo</strong></span> <span class='ocrx_word' id='word_1_585' title='bbox 2445 4512 2691 4578; x_wconf 87' lang='lat' dir='ltr'><strong>virtutis,</strong></span> <span class='ocrx_word' id='word_1_586' title='bbox 2746 4515 2789 4567; x_wconf 90' lang='lat' dir='ltr'><strong>si</strong></span> <span class='ocrx_word' id='word_1_587' title='bbox 2835 4513 3218 4570; x_wconf 82' lang='lat' dir='ltr'><strong>abundantiori</strong></span> <span class='ocrx_word' id='word_1_588' title='bbox 3267 4515 3488 4586; x_wconf 75' lang='lat' dir='ltr'><strong>eloquio</strong></span> <span class='ocrx_word' id='word_1_589' title='bbox 3533 4515 3867 4572; x_wconf 79' lang='lat' dir='ltr'><strong>circumdata</strong></span> 
     </span>
    </p>
   </div>
   <div class='ocr_carea' id='block_1_80' title="bbox 2276 4604 3866 4678">
    <p class='ocr_par' dir='ltr' id='par_1_80' title="bbox 2276 4604 3866 4678">
     <span class='ocr_line' id='line_1_80' title="bbox 2276 4604 3866 4678; baseline 0 -20"><span class='ocrx_word' id='word_1_590' title='bbox 2276 4604 2429 4658; x_wconf 78' lang='lat' dir='ltr'><strong>fuerit</strong></span> <span class='ocrx_word' id='word_1_591' title='bbox 2457 4617 2620 4676; x_wconf 85' lang='lat' dir='ltr'><strong>atque</strong></span> <span class='ocrx_word' id='word_1_592' title='bbox 2650 4606 2849 4662; x_wconf 80' lang='lat' dir='ltr'><strong>fucata.</strong></span> <span class='ocrx_word' id='word_1_593' title='bbox 2883 4605 3226 4678; x_wconf 83' lang='lat' dir='ltr'><strong>Quapropter</strong></span> <span class='ocrx_word' id='word_1_594' title='bbox 3257 4622 3358 4678; x_wconf 75' lang='lat' dir='ltr'><strong>ego</strong></span> <span class='ocrx_word' id='word_1_595' title='bbox 3395 4623 3611 4677; x_wconf 87' lang='lat' dir='ltr'><strong>quoque</strong></span> <span class='ocrx_word' id='word_1_596' title='bbox 3643 4624 3866 4678; x_wconf 71' lang='lat' dir='ltr'><strong>inagna-</strong></span> 
     </span>
    </p>
   </div>
   <div class='ocr_carea' id='block_1_81' title="bbox 2273 4699 3867 4770">
    <p class='ocr_par' dir='ltr' id='par_1_81' title="bbox 2273 4699 3867 4770">
     <span class='ocr_line' id='line_1_81' title="bbox 2273 4699 3867 4770; baseline 0.004 -17"><span class='ocrx_word' id='word_1_597' title='bbox 2273 4699 2364 4765; x_wconf 87' lang='lat' dir='ltr'><strong>lia,</strong></span> <span class='ocrx_word' id='word_1_598' title='bbox 2397 4716 2514 4769; x_wconf 59' lang='lat' dir='ltr'><strong>qua!</strong></span> <span class='ocrx_word' id='word_1_599' title='bbox 2541 4700 2682 4770; x_wconf 88' lang='lat' dir='ltr'><strong>apud</strong></span> <span class='ocrx_word' id='word_1_600' title='bbox 2715 4715 2812 4753; x_wconf 89' lang='lat' dir='ltr'><strong>nos</strong></span> <span class='ocrx_word' id='word_1_601' title='bbox 2853 4699 3104 4755; x_wconf 81' lang='lat' dir='ltr'><strong>Christus</strong></span> <span class='ocrx_word' id='word_1_602' title='bbox 3152 4713 3412 4769; x_wconf 84' lang='lat' dir='ltr'><strong>operatus</strong></span> <span class='ocrx_word' id='word_1_603' title='bbox 3444 4713 3546 4768; x_wconf 82' lang='lat' dir='ltr'><strong>est,</strong></span> <span class='ocrx_word' id='word_1_604' title='bbox 3581 4718 3688 4756; x_wconf 88' lang='lat' dir='ltr'><strong>non</strong></span> <span class='ocrx_word' id='word_1_605' title='bbox 3719 4716 3867 4759; x_wconf 81' lang='lat' dir='ltr'><strong>com-</strong></span> 
     </span>
    </p>
   </div>
   <div class='ocr_carea' id='block_1_82' title="bbox 2271 4792 3863 4863">
    <p class='ocr_par' dir='ltr' id='par_1_82' title="bbox 2271 4792 3863 4863">
     <span class='ocr_line' id='line_1_82' title="bbox 2271 4792 3863 4863; baseline 0.007 -22"><span class='ocrx_word' id='word_1_606' title='bbox 2271 4793 2468 4861; x_wconf 79' lang='lat' dir='ltr'><strong>posito,</strong></span> <span class='ocrx_word' id='word_1_607' title='bbox 2499 4793 2592 4847; x_wconf 83' lang='lat' dir='ltr'><strong>sed</strong></span> <span class='ocrx_word' id='word_1_608' title='bbox 2636 4792 2877 4847; x_wconf 80' lang='lat' dir='ltr'><strong>veridico</strong></span> <span class='ocrx_word' id='word_1_609' title='bbox 2905 4808 3158 4848; x_wconf 86' lang='lat' dir='ltr'><strong>sermone</strong></span> <span class='ocrx_word' id='word_1_610' title='bbox 3192 4793 3397 4852; x_wconf 79' lang='lat' dir='ltr'><strong>referre</strong></span> <span class='ocrx_word' id='word_1_611' title='bbox 3429 4793 3747 4863; x_wconf 76' lang='lat' dir='ltr'><strong>aggredior.</strong></span> <span class='ocrx_word' id='word_1_612' title='bbox 3779 4793 3863 4853; x_wconf 52' lang='lat' dir='ltr'><strong>lu.</strong></span> 
     </span>
    </p>
   </div>
   <div class='ocr_carea' id='block_1_83' title="bbox 2272 4885 3864 4959">
    <p class='ocr_par' dir='ltr' id='par_1_83' title="bbox 2272 4885 3864 4959">
     <span class='ocr_line' id='line_1_83' title="bbox 2272 4885 3864 4959; baseline 0.003 -19"><span class='ocrx_word' id='word_1_613' title='bbox 2272 4886 2387 4940; x_wconf 77' lang='lat' dir='ltr'><strong>snla</strong></span> <span class='ocrx_word' id='word_1_614' title='bbox 2414 4885 2693 4952; x_wconf 76' lang='lat' dir='ltr'><strong>Minoi-ica,</strong></span> <span class='ocrx_word' id='word_1_615' title='bbox 2721 4901 2822 4939; x_wconf 89' lang='lat' dir='ltr'><strong>una</strong></span> <span class='ocrx_word' id='word_1_616' title='bbox 2852 4901 2922 4940; x_wconf 80' lang='lat' dir='ltr'><strong>ex</strong></span> <span class='ocrx_word' id='word_1_617' title='bbox 2950 4885 3262 4942; x_wconf 73' lang='lat' dir='ltr'><strong>Balearibus</strong></span> <span class='ocrx_word' id='word_1_618' title='bbox 3287 4887 3475 4940; x_wconf 79' lang='lat' dir='ltr'><strong>insulis</strong></span> <span class='ocrx_word' id='word_1_619' title='bbox 3505 4897 3608 4947; x_wconf 85' lang='lat' dir='ltr'><strong>est.</strong></span> <span class='ocrx_word' id='word_1_620' title='bbox 3635 4903 3864 4959; x_wconf 81' lang='lat' dir='ltr'><strong>quarum</strong></span> 
     </span>
    </p>
   </div>
   <div class='ocr_carea' id='block_1_84' title="bbox 2273 4979 3868 5050">
    <p class='ocr_par' dir='ltr' id='par_1_84' title="bbox 2273 4979 3868 5050">
     <span class='ocr_line' id='line_1_84' title="bbox 2273 4979 3868 5050; baseline 0.001 -16"><span class='ocrx_word' id='word_1_621' title='bbox 2273 4995 2469 5034; x_wconf 83' lang='lat' dir='ltr'><strong>nomen</strong></span> <span class='ocrx_word' id='word_1_622' title='bbox 2521 4981 2730 5034; x_wconf 86' lang='lat' dir='ltr'><strong>cunctis</strong></span> <span class='ocrx_word' id='word_1_623' title='bbox 2775 4979 3012 5050; x_wconf 85' lang='lat' dir='ltr'><strong>populis,</strong></span> <span class='ocrx_word' id='word_1_624' title='bbox 3045 4980 3387 5036; x_wconf 75' lang='lat' dir='ltr'><strong>szecularium</strong></span> <span class='ocrx_word' id='word_1_625' title='bbox 3417 4995 3633 5049; x_wconf 82' lang='lat' dir='ltr'><strong>quoque</strong></span> <span class='ocrx_word' id='word_1_626' title='bbox 3679 4990 3868 5038; x_wconf 86' lang='lat' dir='ltr'><strong>aucto-</strong></span> 
     </span>
    </p>
   </div>
   <div class='ocr_carea' id='block_1_85' title="bbox 2271 5074 3865 5142">
    <p class='ocr_par' dir='ltr' id='par_1_85' title="bbox 2271 5074 3865 5142">
     <span class='ocr_line' id='line_1_85' title="bbox 2271 5074 3865 5142; baseline 0.001 -13"><span class='ocrx_word' id='word_1_627' title='bbox 2271 5091 2392 5129; x_wconf 88' lang='lat' dir='ltr'><strong>rum</strong></span> <span class='ocrx_word' id='word_1_628' title='bbox 2435 5074 2655 5136; x_wconf 86' lang='lat' dir='ltr'><strong>litteris,</strong></span> <span class='ocrx_word' id='word_1_629' title='bbox 2707 5074 3083 5142; x_wconf 76' lang='lat' dir='ltr'><strong>pervulgatum</strong></span> <span class='ocrx_word' id='word_1_630' title='bbox 3123 5086 3229 5130; x_wconf 83' lang='lat' dir='ltr'><strong>eSt.</strong></span> <span class='ocrx_word' id='word_1_631' title='bbox 3279 5075 3402 5132; x_wconf 74' lang='lat' dir='ltr'><strong>lla&#39;c</strong></span> <span class='ocrx_word' id='word_1_632' title='bbox 3435 5075 3577 5130; x_wconf 84' lang='lat' dir='ltr'><strong>inter</strong></span> <span class='ocrx_word' id='word_1_633' title='bbox 3609 5076 3865 5132; x_wconf 71' lang='lat' dir='ltr'><strong>Maurita-</strong></span> 
     </span>
    </p>
   </div>
   <div class='ocr_carea' id='block_1_86' title="bbox 2271 5165 3863 5237">
    <p class='ocr_par' dir='ltr' id='par_1_86' title="bbox 2271 5165 3863 5237">
     <span class='ocr_line' id='line_1_86' title="bbox 2271 5165 3863 5237; baseline 0.001 -17"><span class='ocrx_word' id='word_1_634' title='bbox 2271 5166 2412 5220; x_wconf 87' lang='lat' dir='ltr'><strong>niam</strong></span> <span class='ocrx_word' id='word_1_635' title='bbox 2445 5165 2837 5221; x_wconf 73' lang='lat' dir='ltr'><strong>Czusariensetn</strong></span> <span class='ocrx_word' id='word_1_636' title='bbox 2882 5176 2937 5219; x_wconf 84' lang='lat' dir='ltr'><strong>et</strong></span> <span class='ocrx_word' id='word_1_637' title='bbox 2981 5166 3297 5234; x_wconf 82' lang='lat' dir='ltr'><strong>Hispaniam</strong></span> <span class='ocrx_word' id='word_1_638' title='bbox 3347 5165 3524 5225; x_wconf 84' lang='lat' dir='ltr'><strong>medio</strong></span> <span class='ocrx_word' id='word_1_639' title='bbox 3570 5182 3863 5237; x_wconf 82' lang='lat' dir='ltr'><strong>propemo-</strong></span> 
     </span>
    </p>
   </div>
   <div class='ocr_carea' id='block_1_87' title="bbox 2270 5261 3864 5331">
    <p class='ocr_par' dir='ltr' id='par_1_87' title="bbox 2270 5261 3864 5331">
     <span class='ocr_line' id='line_1_87' title="bbox 2270 5261 3864 5331; baseline -0.001 -15"><span class='ocrx_word' id='word_1_640' title='bbox 2270 5261 2399 5316; x_wconf 89' lang='lat' dir='ltr'><strong>dum</strong></span> <span class='ocrx_word' id='word_1_641' title='bbox 2423 5263 2658 5331; x_wconf 47' lang='lat' dir='ltr'><strong>aiquoris</strong></span> <span class='ocrx_word' id='word_1_642' title='bbox 2679 5261 2855 5330; x_wconf 79' lang='lat' dir='ltr'><strong>spatio</strong></span> <span class='ocrx_word' id='word_1_643' title='bbox 2879 5261 3002 5327; x_wconf 74' lang='lat' dir='ltr'><strong>sita,</strong></span> <span class='ocrx_word' id='word_1_644' title='bbox 3027 5263 3272 5329; x_wconf 73' lang='lat' dir='ltr'><strong>angu~tis</strong></span> <span class='ocrx_word' id='word_1_645' title='bbox 3298 5262 3587 5318; x_wconf 83' lang='lat' dir='ltr'><strong>admodum</strong></span> <span class='ocrx_word' id='word_1_646' title='bbox 3619 5261 3864 5318; x_wconf 83' lang='lat' dir='ltr'><strong>terminis</strong></span> 
     </span>
    </p>
   </div>
   <div class='ocr_carea' id='block_1_88' title="bbox 2267 5355 3862 5425">
    <p class='ocr_par' dir='ltr' id='par_1_88' title="bbox 2267 5355 3862 5425">
     <span class='ocr_line' id='line_1_88' title="bbox 2267 5355 3862 5425; baseline 0 -15"><span class='ocrx_word' id='word_1_647' title='bbox 2267 5355 2561 5420; x_wconf 80' lang='lat' dir='ltr'><strong>clauditur,</strong></span> <span class='ocrx_word' id='word_1_648' title='bbox 2620 5355 3014 5425; x_wconf 76' lang='lat' dir='ltr'><strong>longitudinem</strong></span> <span class='ocrx_word' id='word_1_649' title='bbox 3069 5355 3313 5424; x_wconf 79' lang='lat' dir='ltr'><strong>triginta,</strong></span> <span class='ocrx_word' id='word_1_650' title='bbox 3359 5355 3705 5413; x_wconf 85' lang='lat' dir='ltr'><strong>latitudinem</strong></span> <span class='ocrx_word' id='word_1_651' title='bbox 3739 5370 3862 5411; x_wconf 82' lang='lat' dir='ltr'><strong>vero</strong></span> 
     </span>
    </p>
   </div>
   <div class='ocr_carea' id='block_1_89' title="bbox 2271 5449 3863 5519">
    <p class='ocr_par' dir='ltr' id='par_1_89' title="bbox 2271 5449 3863 5519">
     <span class='ocr_line' id='line_1_89' title="bbox 2271 5449 3863 5519; baseline 0.001 -16"><span class='ocrx_word' id='word_1_652' title='bbox 2271 5451 2370 5504; x_wconf 85' lang='lat' dir='ltr'><strong>tria</strong></span> <span class='ocrx_word' id='word_1_653' title='bbox 2404 5450 2572 5504; x_wconf 89' lang='lat' dir='ltr'><strong>tnillia</strong></span> <span class='ocrx_word' id='word_1_654' title='bbox 2598 5465 2857 5519; x_wconf 89' lang='lat' dir='ltr'><strong>passuum</strong></span> <span class='ocrx_word' id='word_1_655' title='bbox 2889 5449 3116 5505; x_wconf 74' lang='lat' dir='ltr'><strong>habens.</strong></span> <span class='ocrx_word' id='word_1_656' title='bbox 3147 5449 3278 5517; x_wconf 67' lang='lat' dir='ltr'><strong>Quae</strong></span> <span class='ocrx_word' id='word_1_657' title='bbox 3313 5465 3456 5508; x_wconf 87' lang='lat' dir='ltr'><strong>nunc</strong></span> <span class='ocrx_word' id='word_1_658' title='bbox 3487 5449 3690 5510; x_wconf 80' lang='lat' dir='ltr'><strong>idcirco</strong></span> <span class='ocrx_word' id='word_1_659' title='bbox 3718 5465 3863 5510; x_wconf 80' lang='lat' dir='ltr'><strong>com-</strong></span> 
     </span>
    </p>
   </div>
   <div class='ocr_carea' id='block_1_90' title="bbox 2269 5543 3861 5611">
    <p class='ocr_par' dir='ltr' id='par_1_90' title="bbox 2269 5543 3861 5611">
     <span class='ocr_line' id='line_1_90' title="bbox 2269 5543 3861 5611; baseline 0.001 -11"><span class='ocrx_word' id='word_1_660' title='bbox 2269 5545 2589 5610; x_wconf 86' lang='lat' dir='ltr'><strong>memoravi,</strong></span> <span class='ocrx_word' id='word_1_661' title='bbox 2630 5554 2687 5600; x_wconf 91' lang='lat' dir='ltr'><strong>ut</strong></span> <span class='ocrx_word' id='word_1_662' title='bbox 2713 5543 2932 5611; x_wconf 66' lang='lat' dir='ltr'><strong>agnosci</strong></span> <span class='ocrx_word' id='word_1_663' title='bbox 2969 5544 3164 5611; x_wconf 70' lang='lat' dir='ltr'><strong>possit,</strong></span> <span class='ocrx_word' id='word_1_664' title='bbox 3196 5544 3631 5610; x_wconf 83' lang='lat' dir='ltr'><strong>contetnptibilia</strong></span> <span class='ocrx_word' id='word_1_665' title='bbox 3681 5543 3861 5604; x_wconf 72' lang='lat' dir='ltr'><strong>uitandi</strong></span> 
     </span>
    </p>
   </div>
   <div class='ocr_carea' id='block_1_91' title="bbox 2195 5627 3863 5705">
    <p class='ocr_par' dir='ltr' id='par_1_91' title="bbox 2195 5627 3863 5705">
     <span class='ocr_line' id='line_1_91' title="bbox 2195 5627 3863 5705; baseline -0.002 -12"><span class='ocrx_word' id='word_1_666' title='bbox 2195 5627 2246 5687; x_wconf 84' lang='grc' dir='ltr'><strong>Ι)</strong></span> <span class='ocrx_word' id='word_1_667' title='bbox 2271 5655 2299 5693; x_wconf 81' lang='lat' dir='ltr'><strong>a</strong></span> <span class='ocrx_word' id='word_1_668' title='bbox 2329 5640 2561 5694; x_wconf 87' lang='lat' dir='ltr'><strong>Domino</strong></span> <span class='ocrx_word' id='word_1_669' title='bbox 2593 5655 2699 5695; x_wconf 91' lang='lat' dir='ltr'><strong>non</strong></span> <span class='ocrx_word' id='word_1_670' title='bbox 2731 5640 2905 5694; x_wconf 89' lang='lat' dir='ltr'><strong>solum</strong></span> <span class='ocrx_word' id='word_1_671' title='bbox 2938 5638 2989 5693; x_wconf 89' lang='lat' dir='ltr'><strong>iu</strong></span> <span class='ocrx_word' id='word_1_672' title='bbox 3019 5637 3358 5705; x_wconf 85' lang='lat' dir='ltr'><strong>hominibus,</strong></span> <span class='ocrx_word' id='word_1_673' title='bbox 3387 5636 3483 5696; x_wconf 80' lang='lat' dir='ltr'><strong>sed</strong></span> <span class='ocrx_word' id='word_1_674' title='bbox 3515 5638 3757 5694; x_wconf 86' lang='lat' dir='ltr'><strong>etiamin</strong></span> <span class='ocrx_word' id='word_1_675' title='bbox 3791 5637 3863 5691; x_wconf 86' lang='lat' dir='ltr'><strong>lo-</strong></span> 
     </span>
    </p>
   </div>
   <div class='ocr_carea' id='block_1_92' title="bbox 2273 5730 3864 5803">
    <p class='ocr_par' dir='ltr' id='par_1_92' title="bbox 2273 5730 3864 5803">
     <span class='ocr_line' id='line_1_92' title="bbox 2273 5730 3864 5803; baseline -0.003 -15"><span class='ocrx_word' id='word_1_676' title='bbox 2273 5735 2352 5788; x_wconf 92' lang='lat' dir='ltr'><strong>cis</strong></span> <span class='ocrx_word' id='word_1_677' title='bbox 2382 5734 2505 5803; x_wconf 82' lang='lat' dir='ltr'><strong>eligi</strong></span> <span class='ocrx_word' id='word_1_678' title='bbox 2538 5733 2590 5800; x_wconf 90' lang='lat' dir='ltr'><strong>(l</strong></span> <span class='ocrx_word' id='word_1_679' title='bbox 2629 5732 2748 5788; x_wconf 87' lang='lat' dir='ltr'><strong>Cor.</strong></span> <span class='ocrx_word' id='word_1_680' title='bbox 2785 5733 2858 5801; x_wconf 77' lang='grc' dir='ltr'><strong>ι).</strong></span> <span class='ocrx_word' id='word_1_681' title='bbox 2904 5730 2959 5786; x_wconf 84' lang='grc' dir='ltr'><strong>1η</strong></span> <span class='ocrx_word' id='word_1_682' title='bbox 2992 5731 3092 5784; x_wconf 76' lang='lat' dir='ltr'><strong>hac.</strong></span> <span class='ocrx_word' id='word_1_683' title='bbox 3135 5731 3315 5798; x_wconf 84' lang='lat' dir='ltr'><strong>itaque</strong></span> <span class='ocrx_word' id='word_1_684' title='bbox 3347 5731 3542 5792; x_wconf 88' lang='lat' dir='ltr'><strong>insula,</strong></span> <span class='ocrx_word' id='word_1_685' title='bbox 3587 5745 3709 5800; x_wconf 67' lang='lat' dir='ltr'><strong>quae</strong></span> <span class='ocrx_word' id='word_1_686' title='bbox 3751 5747 3864 5785; x_wconf 81' lang='lat' dir='ltr'><strong>om—</strong></span> 
     </span>
    </p>
   </div>
   <div class='ocr_carea' id='block_1_93' title="bbox 2271 5824 3863 5898">
    <p class='ocr_par' dir='ltr' id='par_1_93' title="bbox 2271 5824 3863 5898">
     <span class='ocr_line' id='line_1_93' title="bbox 2271 5824 3863 5898; baseline -0.001 -17"><span class='ocrx_word' id='word_1_687' title='bbox 2271 5830 2417 5882; x_wconf 91' lang='lat' dir='ltr'><strong>nium</strong></span> <span class='ocrx_word' id='word_1_688' title='bbox 2450 5838 2740 5890; x_wconf 84' lang='lat' dir='ltr'><strong>terrarum,</strong></span> <span class='ocrx_word' id='word_1_689' title='bbox 2778 5826 3065 5898; x_wconf 85' lang='lat' dir='ltr'><strong>parvitate,</strong></span> <span class='ocrx_word' id='word_1_690' title='bbox 3105 5826 3379 5890; x_wconf 77' lang='lat' dir='ltr'><strong>ariditate,</strong></span> <span class='ocrx_word' id='word_1_691' title='bbox 3422 5824 3737 5892; x_wconf 62' lang='lat' dir='ltr'><strong>asiieriutte,</strong></span> <span class='ocrx_word' id='word_1_692' title='bbox 3774 5841 3863 5893; x_wconf 87' lang='lat' dir='ltr'><strong>po—</strong></span> 
     </span>
    </p>
   </div>
   <div class='ocr_carea' id='block_1_94' title="bbox 2269 5917 3864 5996">
    <p class='ocr_par' dir='ltr' id='par_1_94' title="bbox 2269 5917 3864 5996">
     <span class='ocr_line' id='line_1_94' title="bbox 2269 5917 3864 5996; baseline -0.003 -15"><span class='ocrx_word' id='word_1_693' title='bbox 2269 5934 2467 5982; x_wconf 83' lang='lat' dir='ltr'><strong>strema</strong></span> <span class='ocrx_word' id='word_1_694' title='bbox 2495 5933 2602 5994; x_wconf 87' lang='lat' dir='ltr'><strong>est,</strong></span> <span class='ocrx_word' id='word_1_695' title='bbox 2635 5923 2742 5979; x_wconf 88' lang='lat' dir='ltr'><strong>duo</strong></span> <span class='ocrx_word' id='word_1_696' title='bbox 2772 5934 2938 5996; x_wconf 81' lang='lat' dir='ltr'><strong>parva</strong></span> <span class='ocrx_word' id='word_1_697' title='bbox 2960 5919 3184 5994; x_wconf 77' lang='lat' dir='ltr'><strong>Oppida,</strong></span> <span class='ocrx_word' id='word_1_698' title='bbox 3217 5919 3413 5994; x_wconf 84' lang='lat' dir='ltr'><strong>quibus</strong></span> <span class='ocrx_word' id='word_1_699' title='bbox 3440 5934 3467 5975; x_wconf 83' lang='lat' dir='ltr'><strong>a</strong></span> <span class='ocrx_word' id='word_1_700' title='bbox 3497 5918 3681 5982; x_wconf 61' lang='lat' dir='ltr'><strong>Panis</strong></span> <span class='ocrx_word' id='word_1_701' title='bbox 3701 5917 3864 5996; x_wconf 78' lang='lat' dir='ltr'><strong>indita</strong></span> 
     </span>
    </p>
   </div>
  </div>
