  <div class='ocr_page' id='page_1' title='image "/cluster/home/n/w/nwhite01/storage/ocr_20150623/20/hvd.32044015471352/372.png"; bbox 0 0 4122 6346; ppageno 0'>
   <div class='ocr_carea' id='block_1_1' title="bbox 310 364 1927 431">
    <p class='ocr_par' dir='ltr' id='par_1_1' title="bbox 310 372 1927 431">
     <span class='ocr_line' id='line_1_1' title="bbox 310 372 1927 431; baseline -0.001 0"><span class='ocrx_word' id='word_1_1' title='bbox 310 372 407 431; x_wconf 73' lang='lat'><strong>755</strong></span> <span class='ocrx_word' id='word_1_2' title='bbox 1534 372 1868 431; x_wconf 66' lang='lat' dir='ltr'><strong>EPISTOLA</strong></span> <span class='ocrx_word' id='word_1_3' title='bbox 1917 377 1927 430; x_wconf 98' lang='lat' dir='ltr'><strong>l</strong></span> 
     </span>
    </p>
   </div>
   <div class='ocr_carea' id='block_1_2' title="bbox 2033 364 2329 431">
    <p class='ocr_par' dir='ltr' id='par_1_2' title="bbox 2043 364 2329 431">
     <span class='ocr_line' id='line_1_2' title="bbox 2043 364 2329 431; baseline -0.003 -1"><span class='ocrx_word' id='word_1_4' title='bbox 2043 364 2329 431; x_wconf 68' lang='lat' dir='ltr'><strong>JUDASIS.</strong></span> 
     </span>
    </p>
   </div>
   <div class='ocr_carea' id='block_1_3' title="bbox 3506 376 3615 431">
    <p class='ocr_par' dir='ltr' id='par_1_3' title="bbox 3506 376 3615 431">
     <span class='ocr_line' id='line_1_3' title="bbox 3506 376 3615 431; baseline 0.018 -2"><span class='ocrx_word' id='word_1_5' title='bbox 3506 376 3615 431; x_wconf 73' lang='lat' dir='ltr'><strong>73H</strong></span> 
     </span>
    </p>
   </div>
   <div class='ocr_carea' id='block_1_4' title="bbox 305 489 3611 565">
    <p class='ocr_par' dir='ltr' id='par_1_4' title="bbox 305 489 3611 565">
     <span class='ocr_line' id='line_1_4' title="bbox 305 489 3611 565; baseline -0.002 -15"><span class='ocrx_word' id='word_1_6' title='bbox 305 494 521 550; x_wconf 79' lang='lat' dir='ltr'><strong>nomina</strong></span> <span class='ocrx_word' id='word_1_7' title='bbox 553 506 583 550; x_wconf 87' lang='lat' dir='ltr'><strong>e</strong></span> <span class='ocrx_word' id='word_1_8' title='bbox 617 494 842 565; x_wconf 84' lang='lat' dir='ltr'><strong>regione</strong></span> <span class='ocrx_word' id='word_1_9' title='bbox 870 492 1089 547; x_wconf 81' lang='lat' dir='ltr'><strong>fundata</strong></span> <span class='ocrx_word' id='word_1_10' title='bbox 1119 504 1243 546; x_wconf 85' lang='lat' dir='ltr'><strong>sunt</strong></span> <span class='ocrx_word' id='word_1_11' title='bbox 1271 491 1590 547; x_wconf 80' lang='lat' dir='ltr'><strong>:Jammona</strong></span> <span class='ocrx_word' id='word_1_12' title='bbox 1639 491 1705 545; x_wconf 89' lang='lat' dir='ltr'><strong>ad</strong></span> <span class='ocrx_word' id='word_1_13' title='bbox 1741 491 1910 548; x_wconf 79' lang='lat' dir='ltr'><strong>Ocra-</strong></span> <span class='ocrx_word' id='word_1_14' title='bbox 1940 496 1985 557; x_wconf 66' lang='grc' dir='ltr'><strong>Α</strong></span> <span class='ocrx_word' id='word_1_15' title='bbox 2016 494 2321 558; x_wconf 81' lang='lat' dir='ltr'><strong>exstiterat,</strong></span> <span class='ocrx_word' id='word_1_16' title='bbox 2377 497 2431 547; x_wconf 85' lang='lat' dir='ltr'><strong>et</strong></span> <span class='ocrx_word' id='word_1_17' title='bbox 2467 491 2576 562; x_wconf 88' lang='lat' dir='ltr'><strong>jam</strong></span> <span class='ocrx_word' id='word_1_18' title='bbox 2618 502 2758 545; x_wconf 86' lang='lat' dir='ltr'><strong>nunc</strong></span> <span class='ocrx_word' id='word_1_19' title='bbox 2807 499 3071 562; x_wconf 78' lang='lat' dir='ltr'><strong>patronus</strong></span> <span class='ocrx_word' id='word_1_20' title='bbox 3106 489 3458 560; x_wconf 85' lang='lat' dir='ltr'><strong>municipium</strong></span> <span class='ocrx_word' id='word_1_21' title='bbox 3511 490 3611 547; x_wconf 84' lang='lat' dir='ltr'><strong>ha-</strong></span> 
     </span>
    </p>
   </div>
   <div class='ocr_carea' id='block_1_5' title="bbox 306 584 1907 657">
    <p class='ocr_par' dir='ltr' id='par_1_5' title="bbox 306 584 1907 657">
     <span class='ocr_line' id='line_1_5' title="bbox 306 584 1907 657; baseline -0.001 -16"><span class='ocrx_word' id='word_1_22' title='bbox 306 600 446 653; x_wconf 89' lang='lat' dir='ltr'><strong>sum,</strong></span> <span class='ocrx_word' id='word_1_23' title='bbox 486 587 709 657; x_wconf 79' lang='lat' dir='ltr'><strong>Magona</strong></span> <span class='ocrx_word' id='word_1_24' title='bbox 747 587 813 640; x_wconf 81' lang='lat' dir='ltr'><strong>ad</strong></span> <span class='ocrx_word' id='word_1_25' title='bbox 846 586 1124 641; x_wconf 78' lang='lat' dir='ltr'><strong>Orientem</strong></span> <span class='ocrx_word' id='word_1_26' title='bbox 1153 596 1380 656; x_wconf 82' lang='lat' dir='ltr'><strong>spectat.</strong></span> <span class='ocrx_word' id='word_1_27' title='bbox 1426 584 1478 638; x_wconf 86' lang='lat' dir='ltr'><strong>lit</strong></span> <span class='ocrx_word' id='word_1_28' title='bbox 1512 584 1599 638; x_wconf 88' lang='lat' dir='ltr'><strong>his</strong></span> <span class='ocrx_word' id='word_1_29' title='bbox 1629 584 1757 639; x_wconf 92' lang='lat' dir='ltr'><strong>mihi</strong></span> <span class='ocrx_word' id='word_1_30' title='bbox 1788 598 1907 640; x_wconf 90' lang='lat' dir='ltr'><strong>om-</strong></span> 
     </span>
    </p>
   </div>
   <div class='ocr_carea' id='block_1_6' title="bbox 307 676 1910 749">
    <p class='ocr_par' dir='ltr' id='par_1_6' title="bbox 307 676 1910 749">
     <span class='ocr_line' id='line_1_6' title="bbox 307 676 1910 749; baseline -0.004 -12"><span class='ocrx_word' id='word_1_31' title='bbox 307 683 454 737; x_wconf 89' lang='lat' dir='ltr'><strong>ttiunt</strong></span> <span class='ocrx_word' id='word_1_32' title='bbox 514 681 822 735; x_wconf 89' lang='lat' dir='ltr'><strong>mortalium</strong></span> <span class='ocrx_word' id='word_1_33' title='bbox 875 679 1066 735; x_wconf 87' lang='lat' dir='ltr'><strong>ultimo</strong></span> <span class='ocrx_word' id='word_1_34' title='bbox 1118 695 1290 749; x_wconf 90' lang='lat' dir='ltr'><strong>nuper</strong></span> <span class='ocrx_word' id='word_1_35' title='bbox 1343 678 1700 732; x_wconf 70' lang='lat' dir='ltr'><strong>sacerdotalis</strong></span> <span class='ocrx_word' id='word_1_36' title='bbox 1742 676 1910 731; x_wconf 92' lang='lat' dir='ltr'><strong>oflicii</strong></span> 
     </span>
    </p>
   </div>
   <div class='ocr_carea' id='block_1_7' title="bbox 308 773 1911 849">
    <p class='ocr_par' dir='ltr' id='par_1_7' title="bbox 308 773 1911 849">
     <span class='ocr_line' id='line_1_7' title="bbox 308 773 1911 849; baseline -0.004 -17"><span class='ocrx_word' id='word_1_37' title='bbox 308 779 523 849; x_wconf 88' lang='lat' dir='ltr'><strong>pondus</strong></span> <span class='ocrx_word' id='word_1_38' title='bbox 571 777 888 847; x_wconf 82' lang='lat' dir='ltr'><strong>impositum</strong></span> <span class='ocrx_word' id='word_1_39' title='bbox 922 785 1023 828; x_wconf 81' lang='lat' dir='ltr'><strong>est.</strong></span> <span class='ocrx_word' id='word_1_40' title='bbox 1076 773 1183 829; x_wconf 86' lang='lat' dir='ltr'><strong>Sed</strong></span> <span class='ocrx_word' id='word_1_41' title='bbox 1237 774 1520 828; x_wconf 83' lang='lat' dir='ltr'><strong>Jammona</strong></span> <span class='ocrx_word' id='word_1_42' title='bbox 1570 774 1853 841; x_wconf 87' lang='lat' dir='ltr'><strong>antiquum</strong></span> <span class='ocrx_word' id='word_1_43' title='bbox 1882 786 1911 825; x_wconf 89' lang='lat' dir='ltr'><strong>a</strong></span> 
     </span>
    </p>
   </div>
   <div class='ocr_carea' id='block_1_8' title="bbox 308 867 1911 934">
    <p class='ocr_par' dir='ltr' id='par_1_8' title="bbox 308 867 1911 934">
     <span class='ocr_line' id='line_1_8' title="bbox 308 867 1911 934; baseline -0.006 -5"><span class='ocrx_word' id='word_1_44' title='bbox 308 873 421 929; x_wconf 85' lang='lat' dir='ltr'><strong>Deo</strong></span> <span class='ocrx_word' id='word_1_45' title='bbox 451 887 652 926; x_wconf 90' lang='lat' dir='ltr'><strong>munus</strong></span> <span class='ocrx_word' id='word_1_46' title='bbox 683 871 844 924; x_wconf 73' lang='lat' dir='ltr'><strong>etiam</strong></span> <span class='ocrx_word' id='word_1_47' title='bbox 890 884 1036 923; x_wconf 89' lang='lat' dir='ltr'><strong>nune</strong></span> <span class='ocrx_word' id='word_1_48' title='bbox 1084 870 1305 934; x_wconf 90' lang='lat' dir='ltr'><strong>retinet,</strong></span> <span class='ocrx_word' id='word_1_49' title='bbox 1339 878 1397 922; x_wconf 83' lang='grc' dir='ltr'><strong>ιιι</strong></span> <span class='ocrx_word' id='word_1_50' title='bbox 1443 867 1616 922; x_wconf 70' lang='lat' dir='ltr'><strong>Judaei</strong></span> <span class='ocrx_word' id='word_1_51' title='bbox 1669 867 1911 920; x_wconf 78' lang='lat' dir='ltr'><strong>habitare</strong></span> 
     </span>
    </p>
   </div>
   <div class='ocr_carea' id='block_1_9' title="bbox 308 960 1911 1036">
    <p class='ocr_par' dir='ltr' id='par_1_9' title="bbox 308 960 1911 1036">
     <span class='ocr_line' id='line_1_9' title="bbox 308 960 1911 1036; baseline -0.007 -13"><span class='ocrx_word' id='word_1_52' title='bbox 308 967 361 1023; x_wconf 87' lang='lat' dir='ltr'><strong>in</strong></span> <span class='ocrx_word' id='word_1_53' title='bbox 389 982 450 1022; x_wconf 91' lang='lat' dir='ltr'><strong>ea</strong></span> <span class='ocrx_word' id='word_1_54' title='bbox 486 979 826 1036; x_wconf 83' lang='lat' dir='ltr'><strong>nequaquam</strong></span> <span class='ocrx_word' id='word_1_55' title='bbox 853 964 1076 1033; x_wconf 78' lang='lat' dir='ltr'><strong>possint.</strong></span> <span class='ocrx_word' id='word_1_56' title='bbox 1112 962 1308 1016; x_wconf 85' lang='lat' dir='ltr'><strong>Multos</strong></span> <span class='ocrx_word' id='word_1_57' title='bbox 1338 960 1605 1032; x_wconf 81' lang='lat' dir='ltr'><strong>siquidem</strong></span> <span class='ocrx_word' id='word_1_58' title='bbox 1633 961 1682 1013; x_wconf 92' lang='lat' dir='ltr'><strong>id</strong></span> <span class='ocrx_word' id='word_1_59' title='bbox 1708 971 1911 1013; x_wconf 83' lang='lat' dir='ltr'><strong>temere</strong></span> 
     </span>
    </p>
   </div>
   <div class='ocr_carea' id='block_1_10' title="bbox 309 1053 1909 1127">
    <p class='ocr_par' dir='ltr' id='par_1_10' title="bbox 309 1053 1909 1127">
     <span class='ocr_line' id='line_1_10' title="bbox 309 1053 1909 1127; baseline -0.006 -13"><span class='ocrx_word' id='word_1_60' title='bbox 309 1058 597 1123; x_wconf 73' lang='lat' dir='ltr'><strong>audentes,</strong></span> <span class='ocrx_word' id='word_1_61' title='bbox 641 1064 737 1111; x_wconf 81' lang='lat' dir='ltr'><strong>aut</strong></span> <span class='ocrx_word' id='word_1_62' title='bbox 763 1054 1084 1127; x_wconf 79' lang='lat' dir='ltr'><strong>:egritndine</strong></span> <span class='ocrx_word' id='word_1_63' title='bbox 1130 1063 1460 1124; x_wconf 67' lang='lat' dir='ltr'><strong>prterentos,</strong></span> <span class='ocrx_word' id='word_1_64' title='bbox 1510 1063 1603 1106; x_wconf 89' lang='lat' dir='ltr'><strong>aut</strong></span> <span class='ocrx_word' id='word_1_65' title='bbox 1636 1053 1909 1121; x_wconf 56' lang='lat' dir='ltr'><strong>repulsos,</strong></span> 
     </span>
    </p>
   </div>
   <div class='ocr_carea' id='block_1_11' title="bbox 308 1146 1913 1215">
    <p class='ocr_par' dir='ltr' id='par_1_11' title="bbox 308 1146 1913 1215">
     <span class='ocr_line' id='line_1_11' title="bbox 308 1146 1913 1215; baseline -0.005 -7"><span class='ocrx_word' id='word_1_66' title='bbox 308 1160 402 1208; x_wconf 83' lang='lat' dir='ltr'><strong>aut</strong></span> <span class='ocrx_word' id='word_1_67' title='bbox 433 1160 610 1207; x_wconf 85' lang='lat' dir='ltr'><strong>morte</strong></span> <span class='ocrx_word' id='word_1_68' title='bbox 644 1150 926 1205; x_wconf 86' lang='lat' dir='ltr'><strong>sohitanea</strong></span> <span class='ocrx_word' id='word_1_69' title='bbox 976 1150 1301 1215; x_wconf 81' lang='lat' dir='ltr'><strong>ex5tinclos,</strong></span> <span class='ocrx_word' id='word_1_70' title='bbox 1349 1159 1441 1201; x_wconf 88' lang='lat' dir='ltr'><strong>aut</strong></span> <span class='ocrx_word' id='word_1_71' title='bbox 1473 1149 1639 1201; x_wconf 78' lang='lat' dir='ltr'><strong>etiam</strong></span> <span class='ocrx_word' id='word_1_72' title='bbox 1691 1146 1913 1200; x_wconf 77' lang='lat' dir='ltr'><strong>fulmine</strong></span> 
     </span>
    </p>
   </div>
   <div class='ocr_carea' id='block_1_12' title="bbox 309 1240 1913 1309">
    <p class='ocr_par' dir='ltr' id='par_1_12' title="bbox 309 1240 1913 1309">
     <span class='ocr_line' id='line_1_12' title="bbox 309 1240 1913 1309; baseline -0.004 -8"><span class='ocrx_word' id='word_1_73' title='bbox 309 1247 610 1302; x_wconf 87' lang='lat' dir='ltr'><strong>trucidatos</strong></span> <span class='ocrx_word' id='word_1_74' title='bbox 655 1244 820 1299; x_wconf 78' lang='lat' dir='ltr'><strong>tradit</strong></span> <span class='ocrx_word' id='word_1_75' title='bbox 854 1252 1099 1299; x_wconf 88' lang='lat' dir='ltr'><strong>vetustas</strong></span> <span class='ocrx_word' id='word_1_76' title='bbox 1136 1262 1147 1296; x_wconf 89' lang='lat'>:</span> <span class='ocrx_word' id='word_1_77' title='bbox 1189 1244 1327 1296; x_wconf 90' lang='lat' dir='ltr'><strong>adeo</strong></span> <span class='ocrx_word' id='word_1_78' title='bbox 1357 1251 1415 1295; x_wconf 85' lang='grc' dir='ltr'><strong>ιιι</strong></span> <span class='ocrx_word' id='word_1_79' title='bbox 1460 1241 1695 1295; x_wconf 80' lang='lat' dir='ltr'><strong>celebris</strong></span> <span class='ocrx_word' id='word_1_80' title='bbox 1754 1240 1913 1309; x_wconf 85' lang='lat' dir='ltr'><strong>hujus</strong></span> 
     </span>
    </p>
   </div>
   <div class='ocr_carea' id='block_1_13' title="bbox 302 1336 1916 1409">
    <p class='ocr_par' dir='ltr' id='par_1_13' title="bbox 302 1336 1916 1409">
     <span class='ocr_line' id='line_1_13' title="bbox 302 1336 1916 1409; baseline -0.006 -13"><span class='ocrx_word' id='word_1_81' title='bbox 302 1340 389 1396; x_wconf 74' lang='lat' dir='ltr'><strong>rei</strong></span> <span class='ocrx_word' id='word_1_82' title='bbox 416 1341 555 1394; x_wconf 63' lang='lat' dir='ltr'><strong>fama</strong></span> <span class='ocrx_word' id='word_1_83' title='bbox 588 1340 718 1409; x_wconf 80' lang='lat' dir='ltr'><strong>ipsis</strong></span> <span class='ocrx_word' id='word_1_84' title='bbox 742 1352 958 1408; x_wconf 90' lang='lat' dir='ltr'><strong>quoque</strong></span> <span class='ocrx_word' id='word_1_85' title='bbox 985 1336 1206 1403; x_wconf 51' lang='lat' dir='ltr'><strong>Judatis,</strong></span> <span class='ocrx_word' id='word_1_86' title='bbox 1243 1353 1308 1389; x_wconf 81' lang='lat' dir='ltr'><strong>ne</strong></span> <span class='ocrx_word' id='word_1_87' title='bbox 1339 1336 1387 1389; x_wconf 91' lang='lat' dir='ltr'><strong>id</strong></span> <span class='ocrx_word' id='word_1_88' title='bbox 1412 1336 1551 1389; x_wconf 87' lang='lat' dir='ltr'><strong>ultra</strong></span> <span class='ocrx_word' id='word_1_89' title='bbox 1581 1350 1791 1389; x_wconf 87' lang='lat' dir='ltr'><strong>temere</strong></span> <span class='ocrx_word' id='word_1_90' title='bbox 1820 1350 1916 1387; x_wconf 87' lang='lat' dir='ltr'><strong>att-</strong></span> 
     </span>
    </p>
   </div>
   <div class='ocr_carea' id='block_1_14' title="bbox 311 1426 1915 1501">
    <p class='ocr_par' dir='ltr' id='par_1_14' title="bbox 311 1426 1915 1501">
     <span class='ocr_line' id='line_1_14' title="bbox 311 1426 1915 1501; baseline -0.005 -12"><span class='ocrx_word' id='word_1_91' title='bbox 311 1434 499 1501; x_wconf 75' lang='lat' dir='ltr'><strong>deant,</strong></span> <span class='ocrx_word' id='word_1_92' title='bbox 533 1439 738 1487; x_wconf 89' lang='lat' dir='ltr'><strong>metum</strong></span> <span class='ocrx_word' id='word_1_93' title='bbox 770 1431 978 1487; x_wconf 82' lang='lat' dir='ltr'><strong>fecerit.</strong></span> <span class='ocrx_word' id='word_1_94' title='bbox 1012 1430 1123 1485; x_wconf 86' lang='lat' dir='ltr'><strong>Nec</strong></span> <span class='ocrx_word' id='word_1_95' title='bbox 1165 1431 1264 1483; x_wconf 87' lang='lat' dir='ltr'><strong>hoc</strong></span> <span class='ocrx_word' id='word_1_96' title='bbox 1300 1428 1405 1483; x_wconf 85' lang='lat' dir='ltr'><strong>fide</strong></span> <span class='ocrx_word' id='word_1_97' title='bbox 1448 1428 1729 1498; x_wconf 87' lang='lat' dir='ltr'><strong>indignum</strong></span> <span class='ocrx_word' id='word_1_98' title='bbox 1763 1426 1915 1481; x_wconf 88' lang='lat' dir='ltr'><strong>duci—</strong></span> 
     </span>
    </p>
   </div>
   <div class='ocr_carea' id='block_1_15' title="bbox 312 1520 1916 1593">
    <p class='ocr_par' dir='ltr' id='par_1_15' title="bbox 312 1520 1916 1593">
     <span class='ocr_line' id='line_1_15' title="bbox 312 1520 1916 1593; baseline -0.006 -11"><span class='ocrx_word' id='word_1_99' title='bbox 312 1544 455 1593; x_wconf 86' lang='lat' dir='ltr'><strong>mus,</strong></span> <span class='ocrx_word' id='word_1_100' title='bbox 490 1543 615 1581; x_wconf 90' lang='lat' dir='ltr'><strong>enm</strong></span> <span class='ocrx_word' id='word_1_101' title='bbox 664 1527 830 1582; x_wconf 89' lang='lat' dir='ltr'><strong>etiam</strong></span> <span class='ocrx_word' id='word_1_102' title='bbox 884 1530 1043 1591; x_wconf 88' lang='lat' dir='ltr'><strong>lupos</strong></span> <span class='ocrx_word' id='word_1_103' title='bbox 1097 1523 1396 1593; x_wconf 75' lang='lat' dir='ltr'><strong>vttlpesque</strong></span> <span class='ocrx_word' id='word_1_104' title='bbox 1447 1532 1501 1577; x_wconf 86' lang='lat' dir='ltr'><strong>et</strong></span> <span class='ocrx_word' id='word_1_105' title='bbox 1530 1522 1713 1575; x_wconf 89' lang='lat' dir='ltr'><strong>omnia</strong></span> <span class='ocrx_word' id='word_1_106' title='bbox 1760 1520 1916 1575; x_wconf 77' lang='lat' dir='ltr'><strong>noxia</strong></span> 
     </span>
    </p>
   </div>
   <div class='ocr_carea' id='block_1_16' title="bbox 311 1612 1918 1681">
    <p class='ocr_par' dir='ltr' id='par_1_16' title="bbox 311 1612 1918 1681">
     <span class='ocr_line' id='line_1_16' title="bbox 311 1612 1918 1681; baseline -0.006 -4"><span class='ocrx_word' id='word_1_107' title='bbox 311 1623 567 1677; x_wconf 83' lang='lat' dir='ltr'><strong>animalia</strong></span> <span class='ocrx_word' id='word_1_108' title='bbox 613 1621 807 1676; x_wconf 64' lang='lat' dir='ltr'><strong>deesse</strong></span> <span class='ocrx_word' id='word_1_109' title='bbox 860 1618 1137 1674; x_wconf 82' lang='lat' dir='ltr'><strong>videamus</strong></span> <span class='ocrx_word' id='word_1_110' title='bbox 1198 1634 1211 1671; x_wconf 90' lang='lat'><strong>:</strong></span> <span class='ocrx_word' id='word_1_111' title='bbox 1256 1632 1377 1671; x_wconf 91' lang='lat' dir='ltr'><strong>cum</strong></span> <span class='ocrx_word' id='word_1_112' title='bbox 1429 1630 1617 1669; x_wconf 87' lang='lat' dir='ltr'><strong>earum</strong></span> <span class='ocrx_word' id='word_1_113' title='bbox 1680 1630 1801 1681; x_wconf 78' lang='lat' dir='ltr'><strong>qum</strong></span> <span class='ocrx_word' id='word_1_114' title='bbox 1851 1612 1918 1667; x_wconf 87' lang='lat' dir='ltr'><strong>ad</strong></span> 
     </span>
    </p>
   </div>
   <div class='ocr_carea' id='block_1_17' title="bbox 310 1711 1915 1781">
    <p class='ocr_par' dir='ltr' id='par_1_17' title="bbox 310 1711 1915 1781">
     <span class='ocr_line' id='line_1_17' title="bbox 310 1711 1915 1781; baseline -0.006 -10"><span class='ocrx_word' id='word_1_115' title='bbox 310 1716 641 1771; x_wconf 88' lang='lat' dir='ltr'><strong>vescendum</strong></span> <span class='ocrx_word' id='word_1_116' title='bbox 688 1714 841 1769; x_wconf 69' lang='lat' dir='ltr'><strong>bona:</strong></span> <span class='ocrx_word' id='word_1_117' title='bbox 889 1723 1035 1779; x_wconf 89' lang='lat' dir='ltr'><strong>sunt,</strong></span> <span class='ocrx_word' id='word_1_118' title='bbox 1085 1712 1324 1767; x_wconf 85' lang='lat' dir='ltr'><strong>ferarum</strong></span> <span class='ocrx_word' id='word_1_119' title='bbox 1372 1712 1525 1781; x_wconf 78' lang='lat' dir='ltr'><strong>copia</strong></span> <span class='ocrx_word' id='word_1_120' title='bbox 1586 1724 1783 1778; x_wconf 86' lang='lat' dir='ltr'><strong>magna</strong></span> <span class='ocrx_word' id='word_1_121' title='bbox 1826 1711 1915 1763; x_wconf 87' lang='lat' dir='ltr'><strong>sit.</strong></span> 
     </span>
    </p>
   </div>
   <div class='ocr_carea' id='block_1_18' title="bbox 312 1804 1921 1879">
    <p class='ocr_par' dir='ltr' id='par_1_18' title="bbox 312 1804 1921 1879">
     <span class='ocr_line' id='line_1_18' title="bbox 312 1804 1921 1879; baseline -0.006 -14"><span class='ocrx_word' id='word_1_122' title='bbox 312 1810 452 1865; x_wconf 83' lang='lat' dir='ltr'><strong>illud</strong></span> <span class='ocrx_word' id='word_1_123' title='bbox 484 1811 647 1865; x_wconf 87' lang='lat' dir='ltr'><strong>etiam</strong></span> <span class='ocrx_word' id='word_1_124' title='bbox 679 1809 847 1879; x_wconf 84' lang='lat' dir='ltr'><strong>magis</strong></span> <span class='ocrx_word' id='word_1_125' title='bbox 880 1808 1073 1862; x_wconf 85' lang='lat' dir='ltr'><strong>mirum</strong></span> <span class='ocrx_word' id='word_1_126' title='bbox 1118 1816 1222 1872; x_wconf 92' lang='lat' dir='ltr'><strong>est,</strong></span> <span class='ocrx_word' id='word_1_127' title='bbox 1257 1805 1398 1874; x_wconf 88' lang='lat' dir='ltr'><strong>qttod</strong></span> <span class='ocrx_word' id='word_1_128' title='bbox 1430 1804 1635 1858; x_wconf 78' lang='lat' dir='ltr'><strong>colubri</strong></span> <span class='ocrx_word' id='word_1_129' title='bbox 1669 1812 1724 1858; x_wconf 88' lang='lat' dir='ltr'><strong>et</strong></span> <span class='ocrx_word' id='word_1_130' title='bbox 1770 1816 1921 1857; x_wconf 55' lang='lat' dir='ltr'><strong>scord-</strong></span> 
     </span>
    </p>
   </div>
   <div class='ocr_carea' id='block_1_19' title="bbox 2017 582 3620 651">
    <p class='ocr_par' dir='ltr' id='par_1_19' title="bbox 2017 582 3620 651">
     <span class='ocr_line' id='line_1_19' title="bbox 2017 582 3620 651; baseline -0.001 -11"><span class='ocrx_word' id='word_1_131' title='bbox 2017 588 2198 642; x_wconf 88' lang='lat' dir='ltr'><strong>behat.</strong></span> <span class='ocrx_word' id='word_1_132' title='bbox 2232 585 2526 641; x_wconf 78' lang='lat' dir='ltr'><strong>Christiani</strong></span> <span class='ocrx_word' id='word_1_133' title='bbox 2560 596 2742 639; x_wconf 88' lang='lat' dir='ltr'><strong>autem</strong></span> <span class='ocrx_word' id='word_1_134' title='bbox 2777 589 2831 639; x_wconf 87' lang='lat' dir='ltr'><strong>nt</strong></span> <span class='ocrx_word' id='word_1_135' title='bbox 2869 582 3061 651; x_wconf 87' lang='lat' dir='ltr'><strong>corde,</strong></span> <span class='ocrx_word' id='word_1_136' title='bbox 3090 582 3164 637; x_wconf 85' lang='lat' dir='ltr'><strong>ita</strong></span> <span class='ocrx_word' id='word_1_137' title='bbox 3191 582 3356 638; x_wconf 89' lang='lat' dir='ltr'><strong>etiam</strong></span> <span class='ocrx_word' id='word_1_138' title='bbox 3402 591 3459 637; x_wconf 83' lang='lat' dir='ltr'><strong>et</strong></span> <span class='ocrx_word' id='word_1_139' title='bbox 3482 585 3620 639; x_wconf 77' lang='lat' dir='ltr'><strong>viri—</strong></span> 
     </span>
    </p>
   </div>
   <div class='ocr_carea' id='block_1_20' title="bbox 2015 678 3619 747">
    <p class='ocr_par' dir='ltr' id='par_1_20' title="bbox 2015 678 3619 747">
     <span class='ocr_line' id='line_1_20' title="bbox 2015 678 3619 747; baseline -0.003 -13"><span class='ocrx_word' id='word_1_140' title='bbox 2015 682 2115 735; x_wconf 89' lang='lat' dir='ltr'><strong>bus</strong></span> <span class='ocrx_word' id='word_1_141' title='bbox 2160 678 2414 747; x_wconf 80' lang='lat' dir='ltr'><strong>humiles,</strong></span> <span class='ocrx_word' id='word_1_142' title='bbox 2465 678 2560 735; x_wconf 92' lang='lat' dir='ltr'><strong>scd</strong></span> <span class='ocrx_word' id='word_1_143' title='bbox 2595 678 2839 734; x_wconf 78' lang='lat' dir='ltr'><strong>veritatis</strong></span> <span class='ocrx_word' id='word_1_144' title='bbox 2884 680 3084 733; x_wconf 84' lang='lat' dir='ltr'><strong>robore</strong></span> <span class='ocrx_word' id='word_1_145' title='bbox 3131 678 3474 747; x_wconf 76' lang='lat' dir='ltr'><strong>superiores,</strong></span> <span class='ocrx_word' id='word_1_146' title='bbox 3521 692 3619 747; x_wconf 83' lang='lat' dir='ltr'><strong>pa-</strong></span> 
     </span>
    </p>
   </div>
   <div class='ocr_carea' id='block_1_21' title="bbox 2018 770 3621 843">
    <p class='ocr_par' dir='ltr' id='par_1_21' title="bbox 2018 770 3621 843">
     <span class='ocr_line' id='line_1_21' title="bbox 2018 770 3621 843; baseline -0.001 -15"><span class='ocrx_word' id='word_1_147' title='bbox 2018 775 2158 828; x_wconf 87' lang='lat' dir='ltr'><strong>troni</strong></span> <span class='ocrx_word' id='word_1_148' title='bbox 2209 773 2469 843; x_wconf 65' lang='lat' dir='ltr'><strong>Stephani</strong></span> <span class='ocrx_word' id='word_1_149' title='bbox 2525 772 2885 840; x_wconf 74' lang='lat' dir='ltr'><strong>patrocinium</strong></span> <span class='ocrx_word' id='word_1_150' title='bbox 2920 770 3360 841; x_wconf 84' lang='lat' dir='ltr'><strong>deprecabantur</strong></span> <span class='ocrx_word' id='word_1_151' title='bbox 3394 785 3407 824; x_wconf 89' lang='lat'><strong>:</strong></span> <span class='ocrx_word' id='word_1_152' title='bbox 3442 770 3621 826; x_wconf 88' lang='lat' dir='ltr'><strong>donec</strong></span> 
     </span>
    </p>
   </div>
   <div class='ocr_carea' id='block_1_22' title="bbox 2016 863 3619 937">
    <p class='ocr_par' dir='ltr' id='par_1_22' title="bbox 2016 863 3619 937">
     <span class='ocr_line' id='line_1_22' title="bbox 2016 863 3619 937; baseline -0.001 -18"><span class='ocrx_word' id='word_1_153' title='bbox 2016 875 2230 937; x_wconf 66' lang='lat' dir='ltr'><strong>utrique</strong></span> <span class='ocrx_word' id='word_1_154' title='bbox 2260 868 2559 930; x_wconf 78' lang='lat' dir='ltr'><strong>etercitus,</strong></span> <span class='ocrx_word' id='word_1_155' title='bbox 2595 881 2717 920; x_wconf 86' lang='lat' dir='ltr'><strong>cum</strong></span> <span class='ocrx_word' id='word_1_156' title='bbox 2745 865 2857 935; x_wconf 83' lang='lat' dir='ltr'><strong>jam</strong></span> <span class='ocrx_word' id='word_1_157' title='bbox 2894 865 3037 919; x_wconf 83' lang='lat' dir='ltr'><strong>diem</strong></span> <span class='ocrx_word' id='word_1_158' title='bbox 3069 864 3385 917; x_wconf 87' lang='lat' dir='ltr'><strong>certaminis</strong></span> <span class='ocrx_word' id='word_1_159' title='bbox 3417 863 3619 918; x_wconf 45' lang='lat' dir='ltr'><strong>eundi.</strong></span> 
     </span>
    </p>
   </div>
   <div class='ocr_carea' id='block_1_23' title="bbox 2016 956 3617 1027">
    <p class='ocr_par' dir='ltr' id='par_1_23' title="bbox 2016 956 3617 1027">
     <span class='ocr_line' id='line_1_23' title="bbox 2016 956 3617 1027; baseline 0 -13"><span class='ocrx_word' id='word_1_160' title='bbox 2016 962 2246 1027; x_wconf 54' lang='lat' dir='ltr'><strong>sissent,</strong></span> <span class='ocrx_word' id='word_1_161' title='bbox 2291 960 2435 1014; x_wconf 88' lang='lat' dir='ltr'><strong>datis</strong></span> <span class='ocrx_word' id='word_1_162' title='bbox 2470 969 2597 1014; x_wconf 90' lang='lat' dir='ltr'><strong>tunc</strong></span> <span class='ocrx_word' id='word_1_163' title='bbox 2628 960 2866 1014; x_wconf 83' lang='lat' dir='ltr'><strong>induciis</strong></span> <span class='ocrx_word' id='word_1_164' title='bbox 2896 959 3295 1025; x_wconf 69' lang='lat' dir='ltr'><strong>discesserunt,</strong></span> <span class='ocrx_word' id='word_1_165' title='bbox 3326 958 3533 1014; x_wconf 68' lang='lat' dir='ltr'><strong>ludi-is</strong></span> <span class='ocrx_word' id='word_1_166' title='bbox 3563 956 3617 1014; x_wconf 90' lang='lat' dir='ltr'><strong>id</strong></span> 
     </span>
    </p>
   </div>
   <div class='ocr_carea' id='block_1_24' title="bbox 2018 1050 3617 1124">
    <p class='ocr_par' dir='ltr' id='par_1_24' title="bbox 2018 1050 3617 1124">
     <span class='ocr_line' id='line_1_24' title="bbox 2018 1050 3617 1124; baseline -0.002 -15"><span class='ocrx_word' id='word_1_167' title='bbox 2018 1068 2349 1124; x_wconf 84' lang='lat' dir='ltr'><strong>magnopere</strong></span> <span class='ocrx_word' id='word_1_168' title='bbox 2402 1053 2869 1121; x_wconf 85' lang='lat' dir='ltr'><strong>exspectantibus,</strong></span> <span class='ocrx_word' id='word_1_169' title='bbox 2914 1062 2974 1108; x_wconf 91' lang='lat' dir='ltr'><strong>ut</strong></span> <span class='ocrx_word' id='word_1_170' title='bbox 3020 1051 3229 1107; x_wconf 87' lang='lat' dir='ltr'><strong>scilicet</strong></span> <span class='ocrx_word' id='word_1_171' title='bbox 3266 1050 3617 1119; x_wconf 83' lang='lat' dir='ltr'><strong>Theodorus,</strong></span> 
     </span>
    </p>
   </div>
   <div class='ocr_carea' id='block_1_25' title="bbox 2019 1142 3619 1218">
    <p class='ocr_par' dir='ltr' id='par_1_25' title="bbox 2019 1142 3619 1218">
     <span class='ocr_line' id='line_1_25' title="bbox 2019 1142 3619 1218; baseline -0.001 -18"><span class='ocrx_word' id='word_1_172' title='bbox 2019 1147 2070 1200; x_wconf 89' lang='lat' dir='ltr'><strong>itt</strong></span> <span class='ocrx_word' id='word_1_173' title='bbox 2121 1146 2275 1215; x_wconf 84' lang='lat' dir='ltr'><strong>cujus</strong></span> <span class='ocrx_word' id='word_1_174' title='bbox 2320 1160 2378 1200; x_wconf 90' lang='lat' dir='ltr'><strong>se</strong></span> <span class='ocrx_word' id='word_1_175' title='bbox 2407 1149 2581 1199; x_wconf 82' lang='lat' dir='ltr'><strong>omnis</strong></span> <span class='ocrx_word' id='word_1_176' title='bbox 2630 1160 2903 1218; x_wconf 80' lang='lat' dir='ltr'><strong>synagoga</strong></span> <span class='ocrx_word' id='word_1_177' title='bbox 2934 1146 3137 1200; x_wconf 89' lang='lat' dir='ltr'><strong>viribus</strong></span> <span class='ocrx_word' id='word_1_178' title='bbox 3182 1142 3515 1209; x_wconf 87' lang='lat' dir='ltr'><strong>acclinabat,</strong></span> <span class='ocrx_word' id='word_1_179' title='bbox 3552 1156 3619 1199; x_wconf 75' lang='lat' dir='ltr'><strong>ex</strong></span> 
     </span>
    </p>
   </div>
   <div class='ocr_carea' id='block_1_26' title="bbox 2018 1240 3621 1311">
    <p class='ocr_par' dir='ltr' id='par_1_26' title="bbox 2018 1240 3621 1311">
     <span class='ocr_line' id='line_1_26' title="bbox 2018 1240 3621 1311; baseline 0.001 -16"><span class='ocrx_word' id='word_1_180' title='bbox 2018 1240 2381 1309; x_wconf 78' lang='lat' dir='ltr'><strong>Maioricense</strong></span> <span class='ocrx_word' id='word_1_181' title='bbox 2409 1241 2583 1295; x_wconf 82' lang='lat' dir='ltr'><strong>insula</strong></span> <span class='ocrx_word' id='word_1_182' title='bbox 2616 1249 3026 1307; x_wconf 81' lang='lat' dir='ltr'><strong>reverteretur,</strong></span> <span class='ocrx_word' id='word_1_183' title='bbox 3050 1240 3118 1294; x_wconf 89' lang='lat' dir='ltr'><strong>ad</strong></span> <span class='ocrx_word' id='word_1_184' title='bbox 3143 1256 3333 1311; x_wconf 90' lang='lat' dir='ltr'><strong>quam,</strong></span> <span class='ocrx_word' id='word_1_185' title='bbox 3372 1240 3513 1296; x_wconf 82' lang='lat' dir='ltr'><strong>forte.</strong></span> <span class='ocrx_word' id='word_1_186' title='bbox 3543 1240 3621 1297; x_wconf 82' lang='lat' dir='ltr'><strong>vl-</strong></span> 
     </span>
    </p>
   </div>
   <div class='ocr_carea' id='block_1_27' title="bbox 2018 1336 3622 1409">
    <p class='ocr_par' dir='ltr' id='par_1_27' title="bbox 2018 1336 3622 1409">
     <span class='ocr_line' id='line_1_27' title="bbox 2018 1336 3622 1409; baseline 0.002 -18"><span class='ocrx_word' id='word_1_187' title='bbox 2018 1337 2202 1391; x_wconf 66' lang='lat' dir='ltr'><strong>seudae</strong></span> <span class='ocrx_word' id='word_1_188' title='bbox 2238 1337 2606 1407; x_wconf 83' lang='lat' dir='ltr'><strong>possessionis</strong></span> <span class='ocrx_word' id='word_1_189' title='bbox 2636 1337 2833 1405; x_wconf 88' lang='lat' dir='ltr'><strong>gratia,</strong></span> <span class='ocrx_word' id='word_1_190' title='bbox 2867 1344 3209 1406; x_wconf 82' lang='lat' dir='ltr'><strong>perrexerat.</strong></span> <span class='ocrx_word' id='word_1_191' title='bbox 3243 1336 3347 1404; x_wconf 87' lang='lat' dir='ltr'><strong>Qui</strong></span> <span class='ocrx_word' id='word_1_192' title='bbox 3375 1339 3622 1409; x_wconf 88' lang='lat' dir='ltr'><strong>quidem,</strong></span> 
     </span>
    </p>
   </div>
   <div class='ocr_carea' id='block_1_28' title="bbox 2022 1431 3634 1502">
    <p class='ocr_par' dir='ltr' id='par_1_28' title="bbox 2022 1431 3634 1502">
     <span class='ocr_line' id='line_1_28' title="bbox 2022 1431 3634 1502; baseline 0.001 -16"><span class='ocrx_word' id='word_1_193' title='bbox 2022 1434 2204 1486; x_wconf 82' lang='lat' dir='ltr'><strong>statim</strong></span> <span class='ocrx_word' id='word_1_194' title='bbox 2236 1442 2289 1484; x_wconf 90' lang='lat' dir='ltr'><strong>ut</strong></span> <span class='ocrx_word' id='word_1_195' title='bbox 2320 1431 2387 1485; x_wconf 91' lang='lat' dir='ltr'><strong>ad</strong></span> <span class='ocrx_word' id='word_1_196' title='bbox 2417 1446 2540 1485; x_wconf 86' lang='lat' dir='ltr'><strong>eum</strong></span> <span class='ocrx_word' id='word_1_197' title='bbox 2578 1433 2749 1485; x_wconf 73' lang='lat' dir='ltr'><strong>missa</strong></span> <span class='ocrx_word' id='word_1_198' title='bbox 2781 1431 2979 1502; x_wconf 79' lang='lat' dir='ltr'><strong>legatio</strong></span> <span class='ocrx_word' id='word_1_199' title='bbox 3011 1440 3117 1499; x_wconf 83' lang='lat' dir='ltr'><strong>est,</strong></span> <span class='ocrx_word' id='word_1_200' title='bbox 3142 1446 3416 1501; x_wconf 87' lang='lat' dir='ltr'><strong>remeans,</strong></span> <span class='ocrx_word' id='word_1_201' title='bbox 3443 1440 3634 1487; x_wconf 85' lang='lat' dir='ltr'><strong>aucto-</strong></span> 
     </span>
    </p>
   </div>
   <div class='ocr_carea' id='block_1_29' title="bbox 2023 1523 3632 1591">
    <p class='ocr_par' dir='ltr' id='par_1_29' title="bbox 2023 1523 3632 1591">
     <span class='ocr_line' id='line_1_29' title="bbox 2023 1523 3632 1591; baseline 0.001 -12"><span class='ocrx_word' id='word_1_202' title='bbox 2023 1526 2186 1579; x_wconf 86' lang='lat' dir='ltr'><strong>ritate</strong></span> <span class='ocrx_word' id='word_1_203' title='bbox 2208 1537 2301 1577; x_wconf 69' lang='lat' dir='ltr'><strong>sua</strong></span> <span class='ocrx_word' id='word_1_204' title='bbox 2330 1523 2529 1578; x_wconf 88' lang='lat' dir='ltr'><strong>multos</strong></span> <span class='ocrx_word' id='word_1_205' title='bbox 2559 1525 2779 1588; x_wconf 86' lang='lat' dir='ltr'><strong>terruit,</strong></span> <span class='ocrx_word' id='word_1_206' title='bbox 2812 1524 2910 1579; x_wconf 86' lang='lat' dir='ltr'><strong>sed</strong></span> <span class='ocrx_word' id='word_1_207' title='bbox 2938 1540 3043 1579; x_wconf 89' lang='lat' dir='ltr'><strong>non</strong></span> <span class='ocrx_word' id='word_1_208' title='bbox 3073 1526 3352 1591; x_wconf 72' lang='lat' dir='ltr'><strong>exstinxit,</strong></span> <span class='ocrx_word' id='word_1_209' title='bbox 3380 1525 3475 1580; x_wconf 80' lang='lat' dir='ltr'><strong>sed</strong></span> <span class='ocrx_word' id='word_1_210' title='bbox 3500 1539 3632 1580; x_wconf 86' lang='lat' dir='ltr'><strong>con-</strong></span> 
     </span>
    </p>
   </div>
   <div class='ocr_carea' id='block_1_30' title="bbox 2024 1616 3629 1691">
    <p class='ocr_par' dir='ltr' id='par_1_30' title="bbox 2024 1616 3629 1691">
     <span class='ocr_line' id='line_1_30' title="bbox 2024 1616 3629 1691; baseline 0.001 -18"><span class='ocrx_word' id='word_1_211' title='bbox 2024 1619 2231 1688; x_wconf 80' lang='lat' dir='ltr'><strong>Sopivit</strong></span> <span class='ocrx_word' id='word_1_212' title='bbox 2279 1618 2652 1673; x_wconf 89' lang='lat' dir='ltr'><strong>contentionis</strong></span> <span class='ocrx_word' id='word_1_213' title='bbox 2704 1616 3019 1674; x_wconf 89' lang='lat' dir='ltr'><strong>incendium</strong></span> <span class='ocrx_word' id='word_1_214' title='bbox 3056 1637 3068 1672; x_wconf 90' lang='lat'><strong>:</strong></span> <span class='ocrx_word' id='word_1_215' title='bbox 3103 1620 3311 1689; x_wconf 83' lang='lat' dir='ltr'><strong>majore</strong></span> <span class='ocrx_word' id='word_1_216' title='bbox 3356 1619 3629 1691; x_wconf 73' lang='lat' dir='ltr'><strong>siquidem</strong></span> 
     </span>
    </p>
   </div>
   <div class='ocr_carea' id='block_1_31' title="bbox 2028 1713 3629 1786">
    <p class='ocr_par' dir='ltr' id='par_1_31' title="bbox 2028 1713 3629 1786">
     <span class='ocr_line' id='line_1_31' title="bbox 2028 1713 3629 1786; baseline 0.001 -17"><span class='ocrx_word' id='word_1_217' title='bbox 2028 1714 2173 1769; x_wconf 85' lang='lat' dir='ltr'><strong>illico</strong></span> <span class='ocrx_word' id='word_1_218' title='bbox 2196 1714 2567 1769; x_wconf 78' lang='lat' dir='ltr'><strong>exardescens</strong></span> <span class='ocrx_word' id='word_1_219' title='bbox 2596 1713 2879 1779; x_wconf 81' lang='lat' dir='ltr'><strong>violentia,</strong></span> <span class='ocrx_word' id='word_1_220' title='bbox 2906 1715 3068 1769; x_wconf 85' lang='lat' dir='ltr'><strong>etiam</strong></span> <span class='ocrx_word' id='word_1_221' title='bbox 3102 1714 3341 1769; x_wconf 90' lang='lat' dir='ltr'><strong>vicinmn</strong></span> <span class='ocrx_word' id='word_1_222' title='bbox 3367 1715 3629 1786; x_wconf 87' lang='lat' dir='ltr'><strong>oppidum</strong></span> 
     </span>
    </p>
   </div>
   <div class='ocr_carea' id='block_1_32' title="bbox 2029 1806 3633 1878">
    <p class='ocr_par' dir='ltr' id='par_1_32' title="bbox 2029 1806 3633 1878">
     <span class='ocr_line' id='line_1_32' title="bbox 2029 1806 3633 1878; baseline -0.001 -15"><span class='ocrx_word' id='word_1_223' title='bbox 2029 1810 2153 1863; x_wconf 83' lang='lat' dir='ltr'><strong>lidci</strong></span> <span class='ocrx_word' id='word_1_224' title='bbox 2195 1808 2411 1864; x_wconf 85' lang='lat' dir='ltr'><strong>flamma</strong></span> <span class='ocrx_word' id='word_1_225' title='bbox 2468 1808 2755 1878; x_wconf 85' lang='lat' dir='ltr'><strong>corripuit.</strong></span> <span class='ocrx_word' id='word_1_226' title='bbox 2808 1806 2876 1863; x_wconf 86' lang='lat' dir='ltr'><strong>Et</strong></span> <span class='ocrx_word' id='word_1_227' title='bbox 2905 1817 2961 1861; x_wconf 91' lang='lat' dir='ltr'><strong>ut</strong></span> <span class='ocrx_word' id='word_1_228' title='bbox 2996 1807 3129 1862; x_wconf 91' lang='lat' dir='ltr'><strong>illud</strong></span> <span class='ocrx_word' id='word_1_229' title='bbox 3172 1808 3479 1863; x_wconf 86' lang='lat' dir='ltr'><strong>Salomonis</strong></span> <span class='ocrx_word' id='word_1_230' title='bbox 3534 1810 3633 1863; x_wconf 83' lang='lat' dir='ltr'><strong>im—</strong></span> 
     </span>
    </p>
   </div>
   <div class='ocr_carea' id='block_1_33' title="bbox 312 1896 3633 1975">
    <p class='ocr_par' dir='ltr' id='par_1_33' title="bbox 312 1896 3633 1975">
     <span class='ocr_line' id='line_1_33' title="bbox 312 1896 3633 1975; baseline -0.003 -9"><span class='ocrx_word' id='word_1_231' title='bbox 312 1906 503 1975; x_wconf 68' lang='lat' dir='ltr'><strong>itiones</strong></span> <span class='ocrx_word' id='word_1_232' title='bbox 534 1914 662 1957; x_wconf 82' lang='lat' dir='ltr'><strong>sum</strong></span> <span class='ocrx_word' id='word_1_233' title='bbox 684 1900 1088 1973; x_wconf 78' lang='lat' dir='ltr'><strong>quamplurimi.</strong></span> <span class='ocrx_word' id='word_1_234' title='bbox 1128 1899 1221 1954; x_wconf 82' lang='lat' dir='ltr'><strong>sed</strong></span> <span class='ocrx_word' id='word_1_235' title='bbox 1256 1899 1557 1952; x_wconf 68' lang='lat' dir='ltr'><strong>amiserunt</strong></span> <span class='ocrx_word' id='word_1_236' title='bbox 1584 1896 1804 1951; x_wconf 69' lang='lat' dir='ltr'><strong>omnium</strong></span> <span class='ocrx_word' id='word_1_237' title='bbox 1830 1911 1918 1949; x_wconf 80' lang='grc' dir='ltr'><strong>ηο-</strong></span> <span class='ocrx_word' id='word_1_238' title='bbox 1952 1904 1995 1964; x_wconf 84' lang='grc' dir='ltr'><strong>Β</strong></span> <span class='ocrx_word' id='word_1_239' title='bbox 2031 1904 2315 1972; x_wconf 81' lang='lat' dir='ltr'><strong>plerelur:</strong></span> <span class='ocrx_word' id='word_1_240' title='bbox 2351 1900 2543 1957; x_wconf 72' lang='lat' dir='ltr'><strong>Frater</strong></span> <span class='ocrx_word' id='word_1_241' title='bbox 2576 1907 2795 1973; x_wconf 81' lang='lat' dir='ltr'><strong>fratrem</strong></span> <span class='ocrx_word' id='word_1_242' title='bbox 2840 1902 3099 1974; x_wconf 81' lang='lat' dir='ltr'><strong>adjuvans</strong></span> <span class='ocrx_word' id='word_1_243' title='bbox 3130 1901 3474 1957; x_wconf 77' lang='lat' dir='ltr'><strong>exsultabitur</strong></span> <span class='ocrx_word' id='word_1_244' title='bbox 3499 1904 3633 1957; x_wconf 76' lang='lat' dir='ltr'><strong>sicut</strong></span> 
     </span>
    </p>
   </div>
   <div class='ocr_carea' id='block_1_34' title="bbox 312 1990 1916 2061">
    <p class='ocr_par' dir='ltr' id='par_1_34' title="bbox 312 1990 1916 2061">
     <span class='ocr_line' id='line_1_34' title="bbox 312 1990 1916 2061; baseline -0.005 -9"><span class='ocrx_word' id='word_1_245' title='bbox 312 1997 469 2052; x_wconf 88' lang='lat' dir='ltr'><strong>eendi</strong></span> <span class='ocrx_word' id='word_1_246' title='bbox 498 1996 833 2049; x_wconf 80' lang='lat' dir='ltr'><strong>violentiam.</strong></span> <span class='ocrx_word' id='word_1_247' title='bbox 869 1996 1003 2049; x_wconf 82' lang='lat' dir='ltr'><strong>Cum</strong></span> <span class='ocrx_word' id='word_1_248' title='bbox 1034 1993 1202 2061; x_wconf 80' lang='lat' dir='ltr'><strong>igitur</strong></span> <span class='ocrx_word' id='word_1_249' title='bbox 1230 1991 1569 2046; x_wconf 80' lang='lat' dir='ltr'><strong>.Iammonam</strong></span> <span class='ocrx_word' id='word_1_250' title='bbox 1606 1991 1787 2045; x_wconf 89' lang='lat' dir='ltr'><strong>nullus</strong></span> <span class='ocrx_word' id='word_1_251' title='bbox 1822 1990 1916 2045; x_wconf 82' lang='lat' dir='ltr'><strong>Ju-</strong></span> 
     </span>
    </p>
   </div>
   <div class='ocr_carea' id='block_1_35' title="bbox 312 2086 1919 2162">
    <p class='ocr_par' dir='ltr' id='par_1_35' title="bbox 312 2086 1919 2162">
     <span class='ocr_line' id='line_1_35' title="bbox 312 2086 1919 2162; baseline -0.006 -14"><span class='ocrx_word' id='word_1_252' title='bbox 312 2093 578 2157; x_wconf 60' lang='lat' dir='ltr'><strong>darorum,</strong></span> <span class='ocrx_word' id='word_1_253' title='bbox 608 2092 698 2162; x_wconf 88' lang='lat' dir='ltr'><strong>qui</strong></span> <span class='ocrx_word' id='word_1_254' title='bbox 722 2090 859 2159; x_wconf 85' lang='lat' dir='ltr'><strong>lupis</strong></span> <span class='ocrx_word' id='word_1_255' title='bbox 882 2105 946 2145; x_wconf 91' lang='lat' dir='ltr'><strong>ac</strong></span> <span class='ocrx_word' id='word_1_256' title='bbox 975 2089 1232 2159; x_wconf 81' lang='lat' dir='ltr'><strong>vulpibus</strong></span> <span class='ocrx_word' id='word_1_257' title='bbox 1262 2087 1474 2142; x_wconf 87' lang='lat' dir='ltr'><strong>feritate</strong></span> <span class='ocrx_word' id='word_1_258' title='bbox 1499 2097 1660 2156; x_wconf 88' lang='lat' dir='ltr'><strong>atque</strong></span> <span class='ocrx_word' id='word_1_259' title='bbox 1685 2086 1919 2156; x_wconf 77' lang='lat' dir='ltr'><strong>nequitia</strong></span> 
     </span>
    </p>
   </div>
   <div class='ocr_carea' id='block_1_36' title="bbox 314 2179 1921 2255">
    <p class='ocr_par' dir='ltr' id='par_1_36' title="bbox 314 2179 1921 2255">
     <span class='ocr_line' id='line_1_36' title="bbox 314 2179 1921 2255; baseline -0.004 -15"><span class='ocrx_word' id='word_1_260' title='bbox 314 2188 508 2240; x_wconf 78' lang='lat' dir='ltr'><strong>merito</strong></span> <span class='ocrx_word' id='word_1_261' title='bbox 540 2192 952 2255; x_wconf 84' lang='lat' dir='ltr'><strong>comparantur,</strong></span> <span class='ocrx_word' id='word_1_262' title='bbox 989 2199 1055 2236; x_wconf 78' lang='lat' dir='ltr'><strong>ne</strong></span> <span class='ocrx_word' id='word_1_263' title='bbox 1090 2182 1311 2249; x_wconf 77' lang='lat' dir='ltr'><strong>unsuitii</strong></span> <span class='ocrx_word' id='word_1_264' title='bbox 1340 2180 1561 2252; x_wconf 88' lang='lat' dir='ltr'><strong>quidem</strong></span> <span class='ocrx_word' id='word_1_265' title='bbox 1612 2179 1736 2250; x_wconf 86' lang='lat' dir='ltr'><strong>jure</strong></span> <span class='ocrx_word' id='word_1_266' title='bbox 1766 2194 1921 2234; x_wconf 88' lang='lat' dir='ltr'><strong>accc-</strong></span> 
     </span>
    </p>
   </div>
   <div class='ocr_carea' id='block_1_37' title="bbox 314 2272 1923 2345">
    <p class='ocr_par' dir='ltr' id='par_1_37' title="bbox 314 2272 1923 2345">
     <span class='ocr_line' id='line_1_37' title="bbox 314 2272 1923 2345; baseline -0.003 -15"><span class='ocrx_word' id='word_1_267' title='bbox 314 2275 445 2331; x_wconf 89' lang='lat' dir='ltr'><strong>dere</strong></span> <span class='ocrx_word' id='word_1_268' title='bbox 473 2276 709 2331; x_wconf 81' lang='lat' dir='ltr'><strong>audeat:</strong></span> <span class='ocrx_word' id='word_1_269' title='bbox 736 2275 961 2345; x_wconf 77' lang='lat' dir='ltr'><strong>Magona</strong></span> <span class='ocrx_word' id='word_1_270' title='bbox 995 2284 1205 2329; x_wconf 89' lang='lat' dir='ltr'><strong>tantum</strong></span> <span class='ocrx_word' id='word_1_271' title='bbox 1239 2273 1403 2328; x_wconf 86' lang='lat' dir='ltr'><strong>veluti</strong></span> <span class='ocrx_word' id='word_1_272' title='bbox 1431 2272 1673 2326; x_wconf 84' lang='lat' dir='ltr'><strong>colubris</strong></span> <span class='ocrx_word' id='word_1_273' title='bbox 1696 2280 1751 2327; x_wconf 89' lang='lat' dir='ltr'><strong>et</strong></span> <span class='ocrx_word' id='word_1_274' title='bbox 1772 2286 1923 2325; x_wconf 86' lang='lat' dir='ltr'><strong>scor-</strong></span> 
     </span>
    </p>
   </div>
   <div class='ocr_carea' id='block_1_38' title="bbox 314 2362 1922 2439">
    <p class='ocr_par' dir='ltr' id='par_1_38' title="bbox 314 2362 1922 2439">
     <span class='ocr_line' id='line_1_38' title="bbox 314 2362 1922 2439; baseline -0.003 -17"><span class='ocrx_word' id='word_1_275' title='bbox 314 2371 569 2439; x_wconf 86' lang='lat' dir='ltr'><strong>pionibus</strong></span> <span class='ocrx_word' id='word_1_276' title='bbox 602 2369 692 2439; x_wconf 92' lang='lat' dir='ltr'><strong>(ut</strong></span> <span class='ocrx_word' id='word_1_277' title='bbox 724 2366 1065 2437; x_wconf 77' lang='lat' dir='ltr'><strong>tradebatur)</strong></span> <span class='ocrx_word' id='word_1_278' title='bbox 1092 2366 1353 2435; x_wconf 76' lang='lat' dir='ltr'><strong>fervebat,</strong></span> <span class='ocrx_word' id='word_1_279' title='bbox 1385 2374 1447 2418; x_wconf 85' lang='lat' dir='ltr'><strong>ut</strong></span> <span class='ocrx_word' id='word_1_280' title='bbox 1469 2365 1715 2435; x_wconf 86' lang='lat' dir='ltr'><strong>quotidie</strong></span> <span class='ocrx_word' id='word_1_281' title='bbox 1742 2364 1807 2417; x_wconf 88' lang='lat' dir='ltr'><strong>ab</strong></span> <span class='ocrx_word' id='word_1_282' title='bbox 1838 2362 1922 2417; x_wconf 90' lang='lat' dir='ltr'><strong>his</strong></span> 
     </span>
    </p>
   </div>
   <div class='ocr_carea' id='block_1_39' title="bbox 314 2456 1922 2526">
    <p class='ocr_par' dir='ltr' id='par_1_39' title="bbox 314 2456 1922 2526">
     <span class='ocr_line' id='line_1_39' title="bbox 314 2456 1922 2526; baseline -0.006 -6"><span class='ocrx_word' id='word_1_283' title='bbox 314 2466 515 2520; x_wconf 59' lang='lat' dir='ltr'><strong>Christi</strong></span> <span class='ocrx_word' id='word_1_284' title='bbox 570 2463 812 2518; x_wconf 85' lang='lat' dir='ltr'><strong>Ecclesia</strong></span> <span class='ocrx_word' id='word_1_285' title='bbox 868 2461 1231 2516; x_wconf 85' lang='lat' dir='ltr'><strong>merderetur.</strong></span> <span class='ocrx_word' id='word_1_286' title='bbox 1296 2460 1402 2516; x_wconf 85' lang='lat' dir='ltr'><strong>Sed</strong></span> <span class='ocrx_word' id='word_1_287' title='bbox 1455 2459 1743 2526; x_wconf 87' lang='lat' dir='ltr'><strong>antiqumn</strong></span> <span class='ocrx_word' id='word_1_288' title='bbox 1789 2456 1922 2510; x_wconf 88' lang='lat' dir='ltr'><strong>illud</strong></span> 
     </span>
    </p>
   </div>
   <div class='ocr_carea' id='block_1_40' title="bbox 318 2552 1927 2623">
    <p class='ocr_par' dir='ltr' id='par_1_40' title="bbox 318 2552 1927 2623">
     <span class='ocr_line' id='line_1_40' title="bbox 318 2552 1927 2623; baseline -0.006 -10"><span class='ocrx_word' id='word_1_289' title='bbox 318 2558 643 2613; x_wconf 71' lang='lat' dir='ltr'><strong>beneficium</strong></span> <span class='ocrx_word' id='word_1_290' title='bbox 696 2556 939 2621; x_wconf 81' lang='lat' dir='ltr'><strong>carnale,</strong></span> <span class='ocrx_word' id='word_1_291' title='bbox 974 2568 1144 2623; x_wconf 86' lang='lat' dir='ltr'><strong>nuper</strong></span> <span class='ocrx_word' id='word_1_292' title='bbox 1179 2554 1333 2609; x_wconf 87' lang='lat' dir='ltr'><strong>nobis</strong></span> <span class='ocrx_word' id='word_1_293' title='bbox 1380 2552 1663 2621; x_wconf 86' lang='lat' dir='ltr'><strong>Spirituale</strong></span> <span class='ocrx_word' id='word_1_294' title='bbox 1692 2567 1927 2605; x_wconf 85' lang='lat' dir='ltr'><strong>renova-</strong></span> 
     </span>
    </p>
   </div>
   <div class='ocr_carea' id='block_1_41' title="bbox 319 2644 1920 2721">
    <p class='ocr_par' dir='ltr' id='par_1_41' title="bbox 319 2644 1920 2721">
     <span class='ocr_line' id='line_1_41' title="bbox 319 2644 1920 2721; baseline -0.006 -15"><span class='ocrx_word' id='word_1_295' title='bbox 319 2662 431 2706; x_wconf 87' lang='lat' dir='ltr'><strong>tum</strong></span> <span class='ocrx_word' id='word_1_296' title='bbox 466 2660 583 2717; x_wconf 89' lang='lat' dir='ltr'><strong>est;</strong></span> <span class='ocrx_word' id='word_1_297' title='bbox 616 2660 674 2703; x_wconf 89' lang='lat' dir='ltr'><strong>ut</strong></span> <span class='ocrx_word' id='word_1_298' title='bbox 702 2648 797 2703; x_wconf 88' lang='lat' dir='ltr'><strong>illa</strong></span> <span class='ocrx_word' id='word_1_299' title='bbox 829 2648 1007 2721; x_wconf 85' lang='lat' dir='ltr'><strong>(sicut</strong></span> <span class='ocrx_word' id='word_1_300' title='bbox 1034 2648 1295 2719; x_wconf 83' lang='lat' dir='ltr'><strong>scriptum</strong></span> <span class='ocrx_word' id='word_1_301' title='bbox 1339 2656 1421 2701; x_wconf 84' lang='lat' dir='ltr'><strong>est</strong></span> <span class='ocrx_word' id='word_1_302' title='bbox 1474 2645 1604 2699; x_wconf 76' lang='lat' dir='ltr'><strong>an.</strong></span> <span class='ocrx_word' id='word_1_303' title='bbox 1634 2644 1736 2716; x_wconf 88' lang='grc' dir='ltr'>ιιι)</span> <span class='ocrx_word' id='word_1_304' title='bbox 1768 2659 1920 2715; x_wconf 80' lang='lat' dir='ltr'><strong>gene-</strong></span> 
     </span>
    </p>
   </div>
   <div class='ocr_carea' id='block_1_42' title="bbox 317 2740 1922 2816">
    <p class='ocr_par' dir='ltr' id='par_1_42' title="bbox 317 2740 1922 2816">
     <span class='ocr_line' id='line_1_42' title="bbox 317 2740 1922 2816; baseline -0.006 -15"><span class='ocrx_word' id='word_1_305' title='bbox 317 2749 456 2801; x_wconf 76' lang='lat' dir='ltr'><strong>ratio</strong></span> <span class='ocrx_word' id='word_1_306' title='bbox 475 2748 803 2816; x_wconf 77' lang='lat' dir='ltr'><strong>viperarum,</strong></span> <span class='ocrx_word' id='word_1_307' title='bbox 834 2759 954 2814; x_wconf 73' lang='lat' dir='ltr'><strong>qute</strong></span> <span class='ocrx_word' id='word_1_308' title='bbox 982 2742 1265 2797; x_wconf 70' lang='lat' dir='ltr'><strong>venenatis</strong></span> <span class='ocrx_word' id='word_1_309' title='bbox 1294 2741 1488 2795; x_wconf 70' lang='lat' dir='ltr'><strong>ictibus</strong></span> <span class='ocrx_word' id='word_1_310' title='bbox 1524 2740 1799 2807; x_wconf 68' lang='lat' dir='ltr'><strong>szcviebat,</strong></span> <span class='ocrx_word' id='word_1_311' title='bbox 1830 2753 1922 2791; x_wconf 76' lang='lat' dir='ltr'><strong>su-</strong></span> 
     </span>
    </p>
   </div>
   <div class='ocr_carea' id='block_1_43' title="bbox 319 2832 1927 2905">
    <p class='ocr_par' dir='ltr' id='par_1_43' title="bbox 319 2832 1927 2905">
     <span class='ocr_line' id='line_1_43' title="bbox 319 2832 1927 2905; baseline -0.007 -9"><span class='ocrx_word' id='word_1_312' title='bbox 319 2843 433 2898; x_wconf 78' lang='lat' dir='ltr'><strong>bito</strong></span> <span class='ocrx_word' id='word_1_313' title='bbox 476 2842 658 2895; x_wconf 88' lang='lat' dir='ltr'><strong>divina</strong></span> <span class='ocrx_word' id='word_1_314' title='bbox 690 2839 889 2893; x_wconf 70' lang='lat' dir='ltr'><strong>vit-nite</strong></span> <span class='ocrx_word' id='word_1_315' title='bbox 921 2837 1231 2905; x_wconf 83' lang='lat' dir='ltr'><strong>eotnpnlsa,</strong></span> <span class='ocrx_word' id='word_1_316' title='bbox 1255 2835 1599 2889; x_wconf 80' lang='lat' dir='ltr'><strong>mortiferum</strong></span> <span class='ocrx_word' id='word_1_317' title='bbox 1623 2834 1751 2887; x_wconf 84' lang='lat' dir='ltr'><strong>illud</strong></span> <span class='ocrx_word' id='word_1_318' title='bbox 1778 2832 1927 2886; x_wconf 83' lang='lat' dir='ltr'><strong>virus</strong></span> 
     </span>
    </p>
   </div>
   <div class='ocr_carea' id='block_1_44' title="bbox 322 2931 1035 2999">
    <p class='ocr_par' dir='ltr' id='par_1_44' title="bbox 322 2931 1035 2999">
     <span class='ocr_line' id='line_1_44' title="bbox 322 2931 1035 2999; baseline -0.008 -10"><span class='ocrx_word' id='word_1_319' title='bbox 322 2932 721 2989; x_wconf 55' lang='lat' dir='ltr'><strong>itteredulitatis</strong></span> <span class='ocrx_word' id='word_1_320' title='bbox 752 2931 1035 2999; x_wconf 74' lang='lat' dir='ltr'><strong>abiecerit.</strong></span> 
     </span>
    </p>
   </div>
   <div class='ocr_carea' id='block_1_45' title="bbox 394 3021 1920 3098">
    <p class='ocr_par' dir='ltr' id='par_1_45' title="bbox 394 3021 1920 3098">
     <span class='ocr_line' id='line_1_45' title="bbox 394 3021 1920 3098; baseline -0.008 -16"><span class='ocrx_word' id='word_1_321' title='bbox 394 3029 636 3098; x_wconf 70' lang='lat' dir='ltr'><strong>Namque</strong></span> <span class='ocrx_word' id='word_1_322' title='bbox 666 3026 857 3081; x_wconf 78' lang='lat' dir='ltr'><strong>diebus</strong></span> <span class='ocrx_word' id='word_1_323' title='bbox 882 3040 1016 3095; x_wconf 69' lang='lat' dir='ltr'><strong>j-ene</strong></span> <span class='ocrx_word' id='word_1_324' title='bbox 1046 3023 1185 3091; x_wconf 87' lang='lat' dir='ltr'><strong>istis,</strong></span> <span class='ocrx_word' id='word_1_325' title='bbox 1213 3021 1407 3092; x_wconf 85' lang='lat' dir='ltr'><strong>quibus</strong></span> <span class='ocrx_word' id='word_1_326' title='bbox 1439 3037 1539 3092; x_wconf 86' lang='lat' dir='ltr'><strong>ego</strong></span> <span class='ocrx_word' id='word_1_327' title='bbox 1574 3022 1703 3073; x_wconf 82' lang='lat' dir='ltr'><strong>tanti</strong></span> <span class='ocrx_word' id='word_1_328' title='bbox 1735 3033 1920 3073; x_wconf 81' lang='lat' dir='ltr'><strong>sacer-</strong></span> 
     </span>
    </p>
   </div>
   <div class='ocr_carea' id='block_1_46' title="bbox 323 3116 1927 3190">
    <p class='ocr_par' dir='ltr' id='par_1_46' title="bbox 323 3116 1927 3190">
     <span class='ocr_line' id='line_1_46' title="bbox 323 3116 1927 3190; baseline -0.005 -15"><span class='ocrx_word' id='word_1_329' title='bbox 323 3121 452 3176; x_wconf 91' lang='lat' dir='ltr'><strong>dotii</strong></span> <span class='ocrx_word' id='word_1_330' title='bbox 477 3134 701 3188; x_wconf 87' lang='lat' dir='ltr'><strong>nomen,</strong></span> <span class='ocrx_word' id='word_1_331' title='bbox 738 3119 867 3175; x_wconf 86' lang='lat' dir='ltr'><strong>licet</strong></span> <span class='ocrx_word' id='word_1_332' title='bbox 896 3119 1171 3190; x_wconf 89' lang='lat' dir='ltr'><strong>indignus,</strong></span> <span class='ocrx_word' id='word_1_333' title='bbox 1202 3117 1433 3186; x_wconf 87' lang='lat' dir='ltr'><strong>adeptus</strong></span> <span class='ocrx_word' id='word_1_334' title='bbox 1457 3131 1573 3168; x_wconf 85' lang='lat' dir='ltr'><strong>sunt</strong></span> <span class='ocrx_word' id='word_1_335' title='bbox 1609 3116 1927 3185; x_wconf 80' lang='lat' dir='ltr'><strong>:preshyter</strong></span> 
     </span>
    </p>
   </div>
   <div class='ocr_carea' id='block_1_47' title="bbox 323 3209 1925 3287">
    <p class='ocr_par' dir='ltr' id='par_1_47' title="bbox 323 3209 1925 3287">
     <span class='ocr_line' id='line_1_47' title="bbox 323 3209 1925 3287; baseline -0.006 -17"><span class='ocrx_word' id='word_1_336' title='bbox 323 3216 538 3287; x_wconf 85' lang='lat' dir='ltr'><strong>quidam</strong></span> <span class='ocrx_word' id='word_1_337' title='bbox 562 3216 849 3269; x_wconf 88' lang='lat' dir='ltr'><strong>sanctitate</strong></span> <span class='ocrx_word' id='word_1_338' title='bbox 874 3213 1200 3283; x_wconf 69' lang='lat' dir='ltr'><strong>prteripuns,</strong></span> <span class='ocrx_word' id='word_1_339' title='bbox 1228 3226 1256 3265; x_wconf 89' lang='lat' dir='ltr'><strong>a</strong></span> <span class='ocrx_word' id='word_1_340' title='bbox 1284 3210 1655 3280; x_wconf 84' lang='lat' dir='ltr'><strong>Hierosolyma</strong></span> <span class='ocrx_word' id='word_1_341' title='bbox 1679 3209 1925 3273; x_wconf 82' lang='lat' dir='ltr'><strong>veniens,</strong></span> 
     </span>
    </p>
   </div>
   <div class='ocr_carea' id='block_1_48' title="bbox 2025 1996 3630 2069">
    <p class='ocr_par' dir='ltr' id='par_1_48' title="bbox 2025 1996 3630 2069">
     <span class='ocr_line' id='line_1_48' title="bbox 2025 1996 3630 2069; baseline -0.002 -16"><span class='ocrx_word' id='word_1_342' title='bbox 2025 2000 2203 2053; x_wconf 75' lang='lat' dir='ltr'><strong>civitas</strong></span> <span class='ocrx_word' id='word_1_343' title='bbox 2230 2000 2383 2067; x_wconf 82' lang='lat' dir='ltr'><strong>firma</strong></span> <span class='ocrx_word' id='word_1_344' title='bbox 2416 2008 2466 2053; x_wconf 82' lang='lat' dir='ltr'><strong>et</strong></span> <span class='ocrx_word' id='word_1_345' title='bbox 2498 1997 2607 2052; x_wconf 85' lang='lat' dir='ltr'><strong>alta</strong></span> <span class='ocrx_word' id='word_1_346' title='bbox 2648 1997 2665 2069; x_wconf 96' lang='lat'><strong>(</strong></span> <span class='ocrx_word' id='word_1_347' title='bbox 2693 1996 2850 2052; x_wconf 86' lang='lat' dir='ltr'><strong>Prov.</strong></span> <span class='ocrx_word' id='word_1_348' title='bbox 2893 2012 3020 2051; x_wconf 76' lang='lat' dir='ltr'><strong>xviri</strong></span> <span class='ocrx_word' id='word_1_349' title='bbox 3041 1996 3087 2069; x_wconf 90' lang='lat'><strong>);</strong></span> <span class='ocrx_word' id='word_1_350' title='bbox 3136 2008 3441 2051; x_wconf 85' lang='lat' dir='ltr'><strong>statuerunt</strong></span> <span class='ocrx_word' id='word_1_351' title='bbox 3474 1996 3630 2051; x_wconf 88' lang='lat' dir='ltr'><strong>multi</strong></span> 
     </span>
    </p>
   </div>
   <div class='ocr_carea' id='block_1_49' title="bbox 2025 2092 3628 2161">
    <p class='ocr_par' dir='ltr' id='par_1_49' title="bbox 2025 2092 3628 2161">
     <span class='ocr_line' id='line_1_49' title="bbox 2025 2092 3628 2161; baseline 0.001 -15"><span class='ocrx_word' id='word_1_352' title='bbox 2025 2093 2209 2146; x_wconf 62' lang='lat' dir='ltr'><strong>famuli</strong></span> <span class='ocrx_word' id='word_1_353' title='bbox 2242 2092 2474 2156; x_wconf 78' lang='lat' dir='ltr'><strong>tLhristi,</strong></span> <span class='ocrx_word' id='word_1_354' title='bbox 2511 2092 2753 2147; x_wconf 87' lang='lat' dir='ltr'><strong>laborem</strong></span> <span class='ocrx_word' id='word_1_355' title='bbox 2787 2092 3001 2146; x_wconf 90' lang='lat' dir='ltr'><strong>itineris</strong></span> <span class='ocrx_word' id='word_1_356' title='bbox 3033 2093 3255 2145; x_wconf 87' lang='lat' dir='ltr'><strong>minime</strong></span> <span class='ocrx_word' id='word_1_357' title='bbox 3290 2104 3628 2161; x_wconf 87' lang='lat' dir='ltr'><strong>recusantes,</strong></span> 
     </span>
    </p>
   </div>
   <div class='ocr_carea' id='block_1_50' title="bbox 2024 2184 3194 2241">
    <p class='ocr_par' dir='ltr' id='par_1_50' title="bbox 2024 2184 3194 2241">
     <span class='ocr_line' id='line_1_50' title="bbox 2024 2184 3194 2241; baseline 0.002 -2"><span class='ocrx_word' id='word_1_358' title='bbox 2024 2198 2246 2241; x_wconf 79' lang='lat' dir='ltr'><strong>t&#39;tlthtas</strong></span> <span class='ocrx_word' id='word_1_359' title='bbox 2271 2184 2435 2239; x_wconf 88' lang='lat' dir='ltr'><strong>animi</strong></span> <span class='ocrx_word' id='word_1_360' title='bbox 2460 2187 2605 2239; x_wconf 78' lang='lat' dir='ltr'><strong>vires</strong></span> <span class='ocrx_word' id='word_1_361' title='bbox 2632 2184 2753 2239; x_wconf 71' lang='lat' dir='ltr'><strong>huic</strong></span> <span class='ocrx_word' id='word_1_362' title='bbox 2779 2184 2929 2240; x_wconf 90' lang='lat' dir='ltr'><strong>bello</strong></span> <span class='ocrx_word' id='word_1_363' title='bbox 2956 2185 3194 2241; x_wconf 81' lang='lat' dir='ltr'><strong>tradere.</strong></span> 
     </span>
    </p>
   </div>
   <div class='ocr_carea' id='block_1_51' title="bbox 2098 2275 3630 2349">
    <p class='ocr_par' dir='ltr' id='par_1_51' title="bbox 2098 2275 3630 2349">
     <span class='ocr_line' id='line_1_51' title="bbox 2098 2275 3630 2349; baseline 0.001 -18"><span class='ocrx_word' id='word_1_364' title='bbox 2098 2277 2375 2333; x_wconf 89' lang='lat' dir='ltr'><strong>Pendente</strong></span> <span class='ocrx_word' id='word_1_365' title='bbox 2418 2277 2582 2349; x_wconf 79' lang='lat' dir='ltr'><strong>igitur</strong></span> <span class='ocrx_word' id='word_1_366' title='bbox 2609 2277 2825 2349; x_wconf 67' lang='lat' dir='ltr'><strong>prtelio,</strong></span> <span class='ocrx_word' id='word_1_367' title='bbox 2876 2291 2974 2331; x_wconf 82' lang='lat' dir='ltr'><strong>nos</strong></span> <span class='ocrx_word' id='word_1_368' title='bbox 3002 2275 3219 2346; x_wconf 89' lang='lat' dir='ltr'><strong>quidem</strong></span> <span class='ocrx_word' id='word_1_369' title='bbox 3252 2276 3435 2347; x_wconf 85' lang='lat' dir='ltr'><strong>qualia</strong></span> <span class='ocrx_word' id='word_1_370' title='bbox 3491 2291 3630 2347; x_wconf 76' lang='lat' dir='ltr'><strong>pra:-</strong></span> 
     </span>
    </p>
   </div>
   <div class='ocr_carea' id='block_1_52' title="bbox 2025 2370 3624 2444">
    <p class='ocr_par' dir='ltr' id='par_1_52' title="bbox 2025 2370 3624 2444">
     <span class='ocr_line' id='line_1_52' title="bbox 2025 2370 3624 2444; baseline 0.001 -19"><span class='ocrx_word' id='word_1_371' title='bbox 2025 2371 2397 2444; x_wconf 87' lang='lat' dir='ltr'><strong>paraverimus</strong></span> <span class='ocrx_word' id='word_1_372' title='bbox 2430 2386 2599 2436; x_wconf 76' lang='lat' dir='ltr'><strong>arma,</strong></span> <span class='ocrx_word' id='word_1_373' title='bbox 2634 2370 2911 2425; x_wconf 85' lang='lat' dir='ltr'><strong>subditum</strong></span> <span class='ocrx_word' id='word_1_374' title='bbox 2946 2372 3073 2426; x_wconf 87' lang='lat' dir='ltr'><strong>huic</strong></span> <span class='ocrx_word' id='word_1_375' title='bbox 3102 2371 3354 2439; x_wconf 68' lang='lat' dir='ltr'><strong>epistola}</strong></span> <span class='ocrx_word' id='word_1_376' title='bbox 3385 2386 3624 2426; x_wconf 83' lang='lat' dir='ltr'><strong>commo-</strong></span> 
     </span>
    </p>
   </div>
   <div class='ocr_carea' id='block_1_53' title="bbox 2025 2463 3616 2536">
    <p class='ocr_par' dir='ltr' id='par_1_53' title="bbox 2025 2463 3616 2536">
     <span class='ocr_line' id='line_1_53' title="bbox 2025 2463 3616 2536; baseline 0 -17"><span class='ocrx_word' id='word_1_377' title='bbox 2025 2467 2279 2519; x_wconf 86' lang='lat' dir='ltr'><strong>nitorium</strong></span> <span class='ocrx_word' id='word_1_378' title='bbox 2316 2467 2542 2535; x_wconf 88' lang='lat' dir='ltr'><strong>probat;</strong></span> <span class='ocrx_word' id='word_1_379' title='bbox 2570 2463 2711 2536; x_wconf 80' lang='lat' dir='ltr'><strong>quod</strong></span> <span class='ocrx_word' id='word_1_380' title='bbox 2742 2465 2959 2535; x_wconf 89' lang='lat' dir='ltr'><strong>quidem</strong></span> <span class='ocrx_word' id='word_1_381' title='bbox 2992 2479 3097 2519; x_wconf 93' lang='lat' dir='ltr'><strong>non</strong></span> <span class='ocrx_word' id='word_1_382' title='bbox 3134 2480 3233 2536; x_wconf 82' lang='lat' dir='ltr'><strong>pro</strong></span> <span class='ocrx_word' id='word_1_383' title='bbox 3255 2464 3616 2534; x_wconf 88' lang='lat' dir='ltr'><strong>quorumdam</strong></span> 
     </span>
    </p>
   </div>
   <div class='ocr_carea' id='block_1_54' title="bbox 2028 2556 3622 2630">
    <p class='ocr_par' dir='ltr' id='par_1_54' title="bbox 2028 2556 3622 2630">
     <span class='ocr_line' id='line_1_54' title="bbox 2028 2556 3622 2630; baseline 0.001 -18"><span class='ocrx_word' id='word_1_384' title='bbox 2028 2559 2390 2613; x_wconf 84' lang='lat' dir='ltr'><strong>instructione</strong></span> <span class='ocrx_word' id='word_1_385' title='bbox 2436 2557 2521 2613; x_wconf 89' lang='lat' dir='ltr'><strong>edi</strong></span> <span class='ocrx_word' id='word_1_386' title='bbox 2558 2558 2826 2613; x_wconf 88' lang='lat' dir='ltr'><strong>voluimus</strong></span> <span class='ocrx_word' id='word_1_387' title='bbox 2857 2559 3092 2630; x_wconf 84' lang='lat' dir='ltr'><strong>(quippe</strong></span> <span class='ocrx_word' id='word_1_388' title='bbox 3136 2559 3262 2628; x_wconf 86' lang='lat' dir='ltr'><strong>quia</strong></span> <span class='ocrx_word' id='word_1_389' title='bbox 3308 2572 3369 2613; x_wconf 90' lang='lat' dir='ltr'><strong>ea</strong></span> <span class='ocrx_word' id='word_1_390' title='bbox 3406 2556 3622 2627; x_wconf 86' lang='lat' dir='ltr'><strong>penitus</strong></span> 
     </span>
    </p>
   </div>
   <div class='ocr_carea' id='block_1_55' title="bbox 2028 2653 3629 2725">
    <p class='ocr_par' dir='ltr' id='par_1_55' title="bbox 2028 2653 3629 2725">
     <span class='ocr_line' id='line_1_55' title="bbox 2028 2653 3629 2725; baseline -0.002 -16"><span class='ocrx_word' id='word_1_391' title='bbox 2028 2670 2270 2725; x_wconf 90' lang='lat' dir='ltr'><strong>egemus,</strong></span> <span class='ocrx_word' id='word_1_392' title='bbox 2319 2662 2375 2706; x_wconf 75' lang='lat' dir='ltr'><strong>et</strong></span> <span class='ocrx_word' id='word_1_393' title='bbox 2403 2668 2561 2724; x_wconf 89' lang='lat' dir='ltr'><strong>quam</strong></span> <span class='ocrx_word' id='word_1_394' title='bbox 2592 2667 2622 2706; x_wconf 91' lang='lat' dir='ltr'><strong>a</strong></span> <span class='ocrx_word' id='word_1_395' title='bbox 2652 2653 2987 2707; x_wconf 83' lang='lat' dir='ltr'><strong>beatitudine</strong></span> <span class='ocrx_word' id='word_1_396' title='bbox 3020 2661 3200 2706; x_wconf 90' lang='lat' dir='ltr'><strong>vestra</strong></span> <span class='ocrx_word' id='word_1_397' title='bbox 3238 2655 3406 2723; x_wconf 86' lang='lat' dir='ltr'><strong>magis</strong></span> <span class='ocrx_word' id='word_1_398' title='bbox 3439 2666 3629 2722; x_wconf 86' lang='lat' dir='ltr'><strong>spera-</strong></span> 
     </span>
    </p>
   </div>
   <div class='ocr_carea' id='block_1_56' title="bbox 2029 2746 3629 2818">
    <p class='ocr_par' dir='ltr' id='par_1_56' title="bbox 2029 2746 3629 2818">
     <span class='ocr_line' id='line_1_56' title="bbox 2029 2746 3629 2818; baseline -0.001 -15"><span class='ocrx_word' id='word_1_399' title='bbox 2029 2752 2204 2818; x_wconf 86' lang='lat' dir='ltr'><strong>mus),</strong></span> <span class='ocrx_word' id='word_1_400' title='bbox 2237 2747 2328 2803; x_wconf 90' lang='lat' dir='ltr'><strong>sed</strong></span> <span class='ocrx_word' id='word_1_401' title='bbox 2361 2758 2417 2802; x_wconf 90' lang='lat' dir='ltr'><strong>ut</strong></span> <span class='ocrx_word' id='word_1_402' title='bbox 2446 2746 2812 2802; x_wconf 86' lang='lat' dir='ltr'><strong>animadverti</strong></span> <span class='ocrx_word' id='word_1_403' title='bbox 2848 2746 3043 2816; x_wconf 89' lang='lat' dir='ltr'><strong>possit,</strong></span> <span class='ocrx_word' id='word_1_404' title='bbox 3075 2760 3181 2800; x_wconf 91' lang='lat' dir='ltr'><strong>non</strong></span> <span class='ocrx_word' id='word_1_405' title='bbox 3216 2746 3492 2799; x_wconf 87' lang='lat' dir='ltr'><strong>minimam</strong></span> <span class='ocrx_word' id='word_1_406' title='bbox 3528 2759 3629 2803; x_wconf 89' lang='lat' dir='ltr'><strong>nos</strong></span> 
     </span>
    </p>
   </div>
   <div class='ocr_carea' id='block_1_57' title="bbox 2028 2840 3631 2910">
    <p class='ocr_par' dir='ltr' id='par_1_57' title="bbox 2028 2840 3631 2910">
     <span class='ocr_line' id='line_1_57' title="bbox 2028 2840 3631 2910; baseline -0.002 -12"><span class='ocrx_word' id='word_1_407' title='bbox 2028 2842 2447 2899; x_wconf 88' lang='lat' dir='ltr'><strong>sollicitudinem</strong></span> <span class='ocrx_word' id='word_1_408' title='bbox 2473 2841 2776 2897; x_wconf 90' lang='lat' dir='ltr'><strong>secundum</strong></span> <span class='ocrx_word' id='word_1_409' title='bbox 2808 2841 3086 2896; x_wconf 86' lang='lat' dir='ltr'><strong>modulum</strong></span> <span class='ocrx_word' id='word_1_410' title='bbox 3122 2840 3501 2910; x_wconf 77' lang='lat' dir='ltr'><strong>poSsibilitatis</strong></span> <span class='ocrx_word' id='word_1_411' title='bbox 3532 2853 3631 2894; x_wconf 87' lang='lat' dir='ltr'><strong>no-</strong></span> 
     </span>
    </p>
   </div>
   <div class='ocr_carea' id='block_1_58' title="bbox 2028 2930 3624 3005">
    <p class='ocr_par' dir='ltr' id='par_1_58' title="bbox 2028 2930 3624 3005">
     <span class='ocr_line' id='line_1_58' title="bbox 2028 2930 3624 3005; baseline -0.001 -16"><span class='ocrx_word' id='word_1_412' title='bbox 2028 2945 2154 2990; x_wconf 79' lang='lat' dir='ltr'><strong>stra:</strong></span> <span class='ocrx_word' id='word_1_413' title='bbox 2197 2934 2433 3005; x_wconf 67' lang='lat' dir='ltr'><strong>sn&lt;cepti</strong></span> <span class='ocrx_word' id='word_1_414' title='bbox 2479 2935 2735 2990; x_wconf 89' lang='lat' dir='ltr'><strong>habuisse</strong></span> <span class='ocrx_word' id='word_1_415' title='bbox 2778 2933 3125 3000; x_wconf 86' lang='lat' dir='ltr'><strong>certaminis;</strong></span> <span class='ocrx_word' id='word_1_416' title='bbox 3156 2930 3432 2989; x_wconf 86' lang='lat' dir='ltr'><strong>Chiistum</strong></span> <span class='ocrx_word' id='word_1_417' title='bbox 3467 2947 3624 2999; x_wconf 88' lang='lat' dir='ltr'><strong>vero,</strong></span> 
     </span>
    </p>
   </div>
   <div class='ocr_carea' id='block_1_59' title="bbox 2030 3026 3624 3098">
    <p class='ocr_par' dir='ltr' id='par_1_59' title="bbox 2030 3026 3624 3098">
     <span class='ocr_line' id='line_1_59' title="bbox 2030 3026 3624 3098; baseline -0.002 -16"><span class='ocrx_word' id='word_1_418' title='bbox 2030 3030 2184 3098; x_wconf 90' lang='lat' dir='ltr'><strong>cujus</strong></span> <span class='ocrx_word' id='word_1_419' title='bbox 2234 3043 2462 3098; x_wconf 87' lang='lat' dir='ltr'><strong>regnum</strong></span> <span class='ocrx_word' id='word_1_420' title='bbox 2509 3043 2614 3081; x_wconf 88' lang='lat' dir='ltr'><strong>tton</strong></span> <span class='ocrx_word' id='word_1_421' title='bbox 2664 3029 2716 3081; x_wconf 90' lang='lat' dir='ltr'><strong>in</strong></span> <span class='ocrx_word' id='word_1_422' title='bbox 2766 3041 3039 3090; x_wconf 85' lang='lat' dir='ltr'><strong>sermone,</strong></span> <span class='ocrx_word' id='word_1_423' title='bbox 3076 3028 3171 3082; x_wconf 85' lang='lat' dir='ltr'><strong>sed</strong></span> <span class='ocrx_word' id='word_1_424' title='bbox 3206 3027 3256 3081; x_wconf 87' lang='lat' dir='ltr'><strong>in</strong></span> <span class='ocrx_word' id='word_1_425' title='bbox 3291 3026 3491 3080; x_wconf 89' lang='lat' dir='ltr'><strong>virtute</strong></span> <span class='ocrx_word' id='word_1_426' title='bbox 3516 3036 3624 3096; x_wconf 88' lang='lat' dir='ltr'><strong>est,</strong></span> 
     </span>
    </p>
   </div>
   <div class='ocr_carea' id='block_1_60' title="bbox 2034 3120 3628 3191">
    <p class='ocr_par' dir='ltr' id='par_1_60' title="bbox 2034 3120 3628 3191">
     <span class='ocr_line' id='line_1_60' title="bbox 2034 3120 3628 3191; baseline -0.003 -14"><span class='ocrx_word' id='word_1_427' title='bbox 2034 3123 2192 3178; x_wconf 80' lang='lat' dir='ltr'><strong>nobis</strong></span> <span class='ocrx_word' id='word_1_428' title='bbox 2222 3137 2290 3177; x_wconf 90' lang='lat' dir='ltr'><strong>ne</strong></span> <span class='ocrx_word' id='word_1_429' title='bbox 2323 3122 2545 3177; x_wconf 76' lang='lat' dir='ltr'><strong>verbum</strong></span> <span class='ocrx_word' id='word_1_430' title='bbox 2581 3121 2801 3191; x_wconf 89' lang='lat' dir='ltr'><strong>quidem</strong></span> <span class='ocrx_word' id='word_1_431' title='bbox 2835 3120 3261 3191; x_wconf 89' lang='lat' dir='ltr'><strong>proferentibns,</strong></span> <span class='ocrx_word' id='word_1_432' title='bbox 3306 3122 3418 3175; x_wconf 80' lang='lat' dir='ltr'><strong>suis</strong></span> <span class='ocrx_word' id='word_1_433' title='bbox 3448 3120 3628 3173; x_wconf 86' lang='lat' dir='ltr'><strong>omnia</strong></span> 
     </span>
    </p>
   </div>
   <div class='ocr_carea' id='block_1_61' title="bbox 2033 3212 3624 3282">
    <p class='ocr_par' dir='ltr' id='par_1_61' title="bbox 2033 3212 3624 3282">
     <span class='ocr_line' id='line_1_61' title="bbox 2033 3212 3624 3282; baseline -0.003 -15"><span class='ocrx_word' id='word_1_434' title='bbox 2033 3213 2237 3268; x_wconf 89' lang='lat' dir='ltr'><strong>viribus</strong></span> <span class='ocrx_word' id='word_1_435' title='bbox 2278 3226 2710 3279; x_wconf 62' lang='lat' dir='ltr'><strong>C(lllSllDlthSC,</strong></span> <span class='ocrx_word' id='word_1_436' title='bbox 2756 3223 2808 3266; x_wconf 85' lang='lat' dir='ltr'><strong>et</strong></span> <span class='ocrx_word' id='word_1_437' title='bbox 2833 3213 3039 3282; x_wconf 89' lang='lat' dir='ltr'><strong>absque</strong></span> <span class='ocrx_word' id='word_1_438' title='bbox 3080 3212 3189 3266; x_wconf 90' lang='lat' dir='ltr'><strong>ullo</strong></span> <span class='ocrx_word' id='word_1_439' title='bbox 3220 3212 3421 3265; x_wconf 89' lang='lat' dir='ltr'><strong>sudore</strong></span> <span class='ocrx_word' id='word_1_440' title='bbox 3446 3220 3624 3264; x_wconf 87' lang='lat' dir='ltr'><strong>certa-</strong></span> 
     </span>
    </p>
   </div>
   <div class='ocr_carea' id='block_1_62' title="bbox 324 3302 3628 3379">
    <p class='ocr_par' dir='ltr' id='par_1_62' title="bbox 324 3302 3628 3379">
     <span class='ocr_line' id='line_1_62' title="bbox 324 3302 3628 3379; baseline -0.003 -14"><span class='ocrx_word' id='word_1_441' title='bbox 324 3311 568 3379; x_wconf 79' lang='lat' dir='ltr'><strong>Magomc</strong></span> <span class='ocrx_word' id='word_1_442' title='bbox 600 3325 703 3362; x_wconf 89' lang='lat' dir='ltr'><strong>non</strong></span> <span class='ocrx_word' id='word_1_443' title='bbox 737 3309 898 3378; x_wconf 82' lang='lat' dir='ltr'><strong>longo</strong></span> <span class='ocrx_word' id='word_1_444' title='bbox 947 3317 1192 3376; x_wconf 90' lang='lat' dir='ltr'><strong>tempore</strong></span> <span class='ocrx_word' id='word_1_445' title='bbox 1239 3316 1483 3359; x_wconf 84' lang='lat' dir='ltr'><strong>moratus</strong></span> <span class='ocrx_word' id='word_1_446' title='bbox 1511 3316 1613 3369; x_wconf 88' lang='lat' dir='ltr'><strong>est,</strong></span> <span class='ocrx_word' id='word_1_447' title='bbox 1647 3304 1734 3373; x_wconf 79' lang='lat' dir='ltr'><strong>qui</strong></span> <span class='ocrx_word' id='word_1_448' title='bbox 1781 3311 1917 3373; x_wconf 55' lang='lat' dir='ltr'><strong>post»</strong></span> <span class='ocrx_word' id='word_1_449' title='bbox 1955 3314 1998 3376; x_wconf 61' lang='grc' dir='ltr'><strong>(ζ</strong></span> <span class='ocrx_word' id='word_1_450' title='bbox 2034 3309 2192 3361; x_wconf 87' lang='lat' dir='ltr'><strong>minis</strong></span> <span class='ocrx_word' id='word_1_451' title='bbox 2236 3307 2498 3361; x_wconf 76' lang='lat' dir='ltr'><strong>exercitui</strong></span> <span class='ocrx_word' id='word_1_452' title='bbox 2542 3321 2639 3360; x_wconf 88' lang='lat' dir='ltr'><strong>suo</strong></span> <span class='ocrx_word' id='word_1_453' title='bbox 2682 3302 2839 3371; x_wconf 88' lang='lat' dir='ltr'><strong>hanc,</strong></span> <span class='ocrx_word' id='word_1_454' title='bbox 2892 3321 3053 3375; x_wconf 89' lang='lat' dir='ltr'><strong>quam</strong></span> <span class='ocrx_word' id='word_1_455' title='bbox 3104 3321 3264 3358; x_wconf 90' lang='lat' dir='ltr'><strong>nemo</strong></span> <span class='ocrx_word' id='word_1_456' title='bbox 3295 3314 3388 3358; x_wconf 89' lang='lat' dir='ltr'><strong>aut</strong></span> <span class='ocrx_word' id='word_1_457' title='bbox 3437 3314 3628 3373; x_wconf 81' lang='lat' dir='ltr'><strong>Optare</strong></span> 
     </span>
    </p>
   </div>
   <div class='ocr_carea' id='block_1_63' title="bbox 324 3398 1925 3472">
    <p class='ocr_par' dir='ltr' id='par_1_63' title="bbox 324 3398 1925 3472">
     <span class='ocr_line' id='line_1_63' title="bbox 324 3398 1925 3472; baseline -0.002 -18"><span class='ocrx_word' id='word_1_458' title='bbox 324 3418 481 3472; x_wconf 83' lang='lat' dir='ltr'><strong>quam</strong></span> <span class='ocrx_word' id='word_1_459' title='bbox 510 3400 784 3456; x_wconf 81' lang='lat' dir='ltr'><strong>lransvehi</strong></span> <span class='ocrx_word' id='word_1_460' title='bbox 819 3400 883 3454; x_wconf 83' lang='lat' dir='ltr'><strong>nd</strong></span> <span class='ocrx_word' id='word_1_461' title='bbox 920 3401 1223 3469; x_wconf 70' lang='lat' dir='ltr'><strong>Hispanias,</strong></span> <span class='ocrx_word' id='word_1_462' title='bbox 1252 3400 1390 3452; x_wconf 83' lang='lat' dir='ltr'><strong>sicut</strong></span> <span class='ocrx_word' id='word_1_463' title='bbox 1437 3398 1804 3463; x_wconf 53' lang='lat' dir='ltr'><strong>desiderahst,</strong></span> <span class='ocrx_word' id='word_1_464' title='bbox 1834 3412 1925 3451; x_wconf 18' lang='lat' dir='ltr'><strong>nes</strong></span> 
     </span>
    </p>
   </div>
   <div class='ocr_carea' id='block_1_64' title="bbox 325 3491 1926 3566">
    <p class='ocr_par' dir='ltr' id='par_1_64' title="bbox 325 3491 1926 3566">
     <span class='ocr_line' id='line_1_64' title="bbox 325 3491 1926 3566; baseline -0.004 -17"><span class='ocrx_word' id='word_1_465' title='bbox 325 3496 515 3566; x_wconf 83' lang='lat' dir='ltr'><strong>quivit,</strong></span> <span class='ocrx_word' id='word_1_466' title='bbox 552 3511 797 3549; x_wconf 84' lang='lat' dir='ltr'><strong>remeare</strong></span> <span class='ocrx_word' id='word_1_467' title='bbox 822 3491 888 3548; x_wconf 79' lang='lat' dir='ltr'><strong>ad</strong></span> <span class='ocrx_word' id='word_1_468' title='bbox 922 3493 1159 3548; x_wconf 69' lang='lat' dir='ltr'><strong>.tfi-icim</strong></span> <span class='ocrx_word' id='word_1_469' title='bbox 1193 3492 1375 3546; x_wconf 72' lang='lat' dir='ltr'><strong>denuo</strong></span> <span class='ocrx_word' id='word_1_470' title='bbox 1400 3496 1605 3545; x_wconf 67' lang='lat' dir='ltr'><strong>stituit.</strong></span> <span class='ocrx_word' id='word_1_471' title='bbox 1648 3493 1771 3544; x_wconf 68' lang='lat' dir='ltr'><strong>[Crat</strong></span> <span class='ocrx_word' id='word_1_472' title='bbox 1793 3492 1926 3543; x_wconf 73' lang='lat' dir='ltr'><strong>enim</strong></span> 
     </span>
    </p>
   </div>
   <div class='ocr_carea' id='block_1_65' title="bbox 330 3582 1929 3662">
    <p class='ocr_par' dir='ltr' id='par_1_65' title="bbox 330 3582 1929 3662">
     <span class='ocr_line' id='line_1_65' title="bbox 330 3582 1929 3662; baseline -0.004 -19"><span class='ocrx_word' id='word_1_473' title='bbox 330 3590 586 3662; x_wconf 76' lang='lat' dir='ltr'><strong>Hispania</strong></span> <span class='ocrx_word' id='word_1_474' title='bbox 615 3590 819 3642; x_wconf 74' lang='lat' dir='ltr'><strong>obsesso</strong></span> <span class='ocrx_word' id='word_1_475' title='bbox 844 3588 941 3641; x_wconf 77' lang='lat' dir='ltr'><strong>hoc</strong></span> <span class='ocrx_word' id='word_1_476' title='bbox 973 3598 1201 3655; x_wconf 78' lang='lat' dir='ltr'><strong>tempore</strong></span> <span class='ocrx_word' id='word_1_477' title='bbox 1225 3604 1255 3639; x_wconf 88' lang='lat' dir='ltr'><strong>a</strong></span> <span class='ocrx_word' id='word_1_478' title='bbox 1286 3585 1492 3648; x_wconf 72' lang='lat' dir='ltr'><strong>Gut/tis,</strong></span> <span class='ocrx_word' id='word_1_479' title='bbox 1521 3586 1660 3657; x_wconf 80' lang='lat' dir='ltr'><strong>quod</strong></span> <span class='ocrx_word' id='word_1_480' title='bbox 1693 3602 1787 3639; x_wconf 68' lang='lat' dir='ltr'><strong>suo</strong></span> <span class='ocrx_word' id='word_1_481' title='bbox 1815 3582 1929 3637; x_wconf 71' lang='lat' dir='ltr'><strong>loco</strong></span> 
     </span>
    </p>
   </div>
   <div class='ocr_carea' id='block_1_66' title="bbox 326 3678 1930 3751">
    <p class='ocr_par' dir='ltr' id='par_1_66' title="bbox 326 3678 1930 3751">
     <span class='ocr_line' id='line_1_66' title="bbox 326 3678 1930 3751; baseline -0.005 -14"><span class='ocrx_word' id='word_1_482' title='bbox 326 3692 399 3737; x_wconf 78' lang='lat' dir='ltr'><strong>est</strong></span> <span class='ocrx_word' id='word_1_483' title='bbox 447 3683 905 3736; x_wconf 77' lang='lat' dir='ltr'><strong>demonstratum:</strong></span> <span class='ocrx_word' id='word_1_484' title='bbox 956 3690 1002 3733; x_wconf 76' lang='lat' dir='ltr'><strong>et</strong></span> <span class='ocrx_word' id='word_1_485' title='bbox 1052 3681 1135 3733; x_wconf 83' lang='lat' dir='ltr'><strong>Itt&#39;c</strong></span> <span class='ocrx_word' id='word_1_486' title='bbox 1184 3679 1447 3751; x_wconf 74' lang='lat' dir='ltr'><strong>presbyter</strong></span> <span class='ocrx_word' id='word_1_487' title='bbox 1500 3678 1775 3750; x_wconf 72' lang='lat' dir='ltr'><strong>Hispanus</strong></span> <span class='ocrx_word' id='word_1_488' title='bbox 1824 3687 1930 3730; x_wconf 81' lang='lat' dir='ltr'><strong>erat</strong></span> 
     </span>
    </p>
   </div>
   <div class='ocr_carea' id='block_1_67' title="bbox 331 3770 1926 3845">
    <p class='ocr_par' dir='ltr' id='par_1_67' title="bbox 331 3770 1926 3845">
     <span class='ocr_line' id='line_1_67' title="bbox 331 3770 1926 3845; baseline -0.005 -16"><span class='ocrx_word' id='word_1_489' title='bbox 331 3778 569 3830; x_wconf 80' lang='lat' dir='ltr'><strong>Orosius.</strong></span> <span class='ocrx_word' id='word_1_490' title='bbox 601 3774 710 3829; x_wconf 77' lang='lat' dir='ltr'><strong>Sed</strong></span> <span class='ocrx_word' id='word_1_491' title='bbox 736 3776 897 3845; x_wconf 74' lang='lat' dir='ltr'><strong>pergi‘</strong></span> <span class='ocrx_word' id='word_1_492' title='bbox 934 3790 951 3826; x_wconf 93' lang='lat'><em>:</em></span> <span class='ocrx_word' id='word_1_493' title='bbox 982 3773 1137 3827; x_wconf 87' lang='lat' dir='ltr'><strong>Tunc</strong></span> <span class='ocrx_word' id='word_1_494' title='bbox 1170 3772 1310 3826; x_wconf 87' lang='lat' dir='ltr'><strong>beati</strong></span> <span class='ocrx_word' id='word_1_495' title='bbox 1343 3770 1613 3842; x_wconf 80' lang='lat' dir='ltr'><strong>Stephani</strong></span> <span class='ocrx_word' id='word_1_496' title='bbox 1648 3771 1926 3840; x_wconf 81' lang='lat' dir='ltr'><strong>reliquias,</strong></span> 
     </span>
    </p>
   </div>
   <div class='ocr_carea' id='block_1_68' title="bbox 330 3864 1929 3939">
    <p class='ocr_par' dir='ltr' id='par_1_68' title="bbox 330 3864 1929 3939">
     <span class='ocr_line' id='line_1_68' title="bbox 330 3864 1929 3939; baseline -0.004 -18"><span class='ocrx_word' id='word_1_497' title='bbox 330 3885 450 3939; x_wconf 66' lang='lat' dir='ltr'><strong>quae</strong></span> <span class='ocrx_word' id='word_1_498' title='bbox 484 3883 658 3937; x_wconf 86' lang='lat' dir='ltr'><strong>nuper</strong></span> <span class='ocrx_word' id='word_1_499' title='bbox 709 3870 964 3921; x_wconf 75' lang='lat' dir='ltr'><strong>revelata:</strong></span> <span class='ocrx_word' id='word_1_500' title='bbox 1014 3873 1161 3930; x_wconf 89' lang='lat' dir='ltr'><strong>sunt,</strong></span> <span class='ocrx_word' id='word_1_501' title='bbox 1208 3879 1332 3917; x_wconf 88' lang='lat' dir='ltr'><strong>cum</strong></span> <span class='ocrx_word' id='word_1_502' title='bbox 1380 3864 1443 3916; x_wconf 85' lang='lat' dir='ltr'><strong>ad</strong></span> <span class='ocrx_word' id='word_1_503' title='bbox 1494 3864 1929 3931; x_wconf 71' lang='lat' dir='ltr'><strong>lliSpaniaspor-</strong></span> 
     </span>
    </p>
   </div>
   <div class='ocr_carea' id='block_1_69' title="bbox 333 3954 1934 4027">
    <p class='ocr_par' dir='ltr' id='par_1_69' title="bbox 333 3954 1934 4027">
     <span class='ocr_line' id='line_1_69' title="bbox 333 3954 1934 4027; baseline -0.007 -8"><span class='ocrx_word' id='word_1_504' title='bbox 333 3975 450 4019; x_wconf 89' lang='lat' dir='ltr'><strong>lare</strong></span> <span class='ocrx_word' id='word_1_505' title='bbox 479 3961 853 4017; x_wconf 82' lang='lat' dir='ltr'><strong>coastituisset</strong></span> <span class='ocrx_word' id='word_1_506' title='bbox 890 3976 904 4011; x_wconf 88' lang='lat'><strong>:</strong></span> <span class='ocrx_word' id='word_1_507' title='bbox 936 3958 1102 4027; x_wconf 76' lang='lat' dir='ltr'><strong>ipsas,</strong></span> <span class='ocrx_word' id='word_1_508' title='bbox 1137 3956 1259 4011; x_wconf 86' lang='lat' dir='ltr'><strong>sine</strong></span> <span class='ocrx_word' id='word_1_509' title='bbox 1300 3956 1463 4009; x_wconf 85' lang='lat' dir='ltr'><strong>dubio</strong></span> <span class='ocrx_word' id='word_1_510' title='bbox 1494 3967 1732 4026; x_wconf 89' lang='lat' dir='ltr'><strong>martyre</strong></span> <span class='ocrx_word' id='word_1_511' title='bbox 1765 3954 1934 4022; x_wconf 75' lang='lat' dir='ltr'><strong>iiiSpi-</strong></span> 
     </span>
    </p>
   </div>
   <div class='ocr_carea' id='block_1_70' title="bbox 331 4048 1935 4121">
    <p class='ocr_par' dir='ltr' id='par_1_70' title="bbox 331 4048 1935 4121">
     <span class='ocr_line' id='line_1_70' title="bbox 331 4048 1935 4121; baseline -0.009 -8"><span class='ocrx_word' id='word_1_512' title='bbox 331 4064 511 4121; x_wconf 88' lang='lat' dir='ltr'><strong>rante,</strong></span> <span class='ocrx_word' id='word_1_513' title='bbox 556 4056 607 4109; x_wconf 88' lang='lat' dir='ltr'><strong>itt</strong></span> <span class='ocrx_word' id='word_1_514' title='bbox 652 4052 935 4108; x_wconf 87' lang='lat' dir='ltr'><strong>memorati</strong></span> <span class='ocrx_word' id='word_1_515' title='bbox 974 4051 1155 4120; x_wconf 80' lang='lat' dir='ltr'><strong>oppidi</strong></span> <span class='ocrx_word' id='word_1_516' title='bbox 1190 4050 1419 4103; x_wconf 71' lang='lat' dir='ltr'><strong>ecclesia</strong></span> <span class='ocrx_word' id='word_1_517' title='bbox 1462 4049 1769 4101; x_wconf 86' lang='lat' dir='ltr'><strong>collocavit.</strong></span> <span class='ocrx_word' id='word_1_518' title='bbox 1817 4048 1935 4113; x_wconf 78' lang='lat' dir='ltr'><strong>Quo</strong></span> 
     </span>
    </p>
   </div>
   <div class='ocr_carea' id='block_1_71' title="bbox 335 4140 1936 4221">
    <p class='ocr_par' dir='ltr' id='par_1_71' title="bbox 335 4140 1936 4221">
     <span class='ocr_line' id='line_1_71' title="bbox 335 4140 1936 4221; baseline -0.009 -14"><span class='ocrx_word' id='word_1_519' title='bbox 335 4154 500 4221; x_wconf 89' lang='lat' dir='ltr'><strong>facto,</strong></span> <span class='ocrx_word' id='word_1_520' title='bbox 534 4149 784 4221; x_wconf 87' lang='lat' dir='ltr'><strong>protinus</strong></span> <span class='ocrx_word' id='word_1_521' title='bbox 814 4146 906 4202; x_wconf 86' lang='lat' dir='ltr'><strong>ille</strong></span> <span class='ocrx_word' id='word_1_522' title='bbox 944 4146 1100 4215; x_wconf 82' lang='lat' dir='ltr'><strong>ignis,</strong></span> <span class='ocrx_word' id='word_1_523' title='bbox 1135 4160 1295 4216; x_wconf 88' lang='lat' dir='ltr'><strong>quem</strong></span> <span class='ocrx_word' id='word_1_524' title='bbox 1338 4144 1596 4197; x_wconf 86' lang='lat' dir='ltr'><strong>Dominus</strong></span> <span class='ocrx_word' id='word_1_525' title='bbox 1636 4142 1781 4196; x_wconf 88' lang='lat' dir='ltr'><strong>venit</strong></span> <span class='ocrx_word' id='word_1_526' title='bbox 1812 4140 1936 4194; x_wconf 85' lang='lat' dir='ltr'><strong>mit-</strong></span> 
     </span>
    </p>
   </div>
   <div class='ocr_carea' id='block_1_72' title="bbox 337 4237 1934 4311">
    <p class='ocr_par' dir='ltr' id='par_1_72' title="bbox 337 4237 1934 4311">
     <span class='ocr_line' id='line_1_72' title="bbox 337 4237 1934 4311; baseline -0.007 -9"><span class='ocrx_word' id='word_1_527' title='bbox 337 4257 452 4303; x_wconf 90' lang='lat' dir='ltr'><strong>tere</strong></span> <span class='ocrx_word' id='word_1_528' title='bbox 500 4247 553 4300; x_wconf 89' lang='lat' dir='ltr'><strong>iu</strong></span> <span class='ocrx_word' id='word_1_529' title='bbox 586 4254 810 4310; x_wconf 84' lang='lat' dir='ltr'><strong>terrain,</strong></span> <span class='ocrx_word' id='word_1_530' title='bbox 846 4254 897 4296; x_wconf 85' lang='lat' dir='ltr'><strong>et</strong></span> <span class='ocrx_word' id='word_1_531' title='bbox 928 4258 1090 4311; x_wconf 87' lang='lat' dir='ltr'><strong>quem</strong></span> <span class='ocrx_word' id='word_1_532' title='bbox 1120 4244 1275 4298; x_wconf 82' lang='lat' dir='ltr'><strong>valde</strong></span> <span class='ocrx_word' id='word_1_533' title='bbox 1306 4242 1499 4296; x_wconf 88' lang='lat' dir='ltr'><strong>ardere</strong></span> <span class='ocrx_word' id='word_1_534' title='bbox 1550 4240 1713 4309; x_wconf 64' lang='lat' dir='ltr'><strong>cupit,</strong></span> <span class='ocrx_word' id='word_1_535' title='bbox 1752 4237 1934 4291; x_wconf 88' lang='lat' dir='ltr'><strong>chari-</strong></span> 
     </span>
    </p>
   </div>
   <div class='ocr_carea' id='block_1_73' title="bbox 335 4332 1935 4415">
    <p class='ocr_par' dir='ltr' id='par_1_73' title="bbox 335 4332 1935 4415">
     <span class='ocr_line' id='line_1_73' title="bbox 335 4332 1935 4415; baseline -0.009 -15"><span class='ocrx_word' id='word_1_536' title='bbox 335 4354 446 4401; x_wconf 90' lang='lat' dir='ltr'><strong>tate</strong></span> <span class='ocrx_word' id='word_1_537' title='bbox 483 4344 602 4415; x_wconf 83' lang='lat' dir='ltr'><strong>ejus</strong></span> <span class='ocrx_word' id='word_1_538' title='bbox 642 4356 907 4397; x_wconf 87' lang='lat' dir='ltr'><strong>accensus</strong></span> <span class='ocrx_word' id='word_1_539' title='bbox 933 4350 1017 4395; x_wconf 91' lang='lat' dir='ltr'><strong>est</strong></span> <span class='ocrx_word' id='word_1_540' title='bbox 1047 4340 1210 4412; x_wconf 84' lang='lat' dir='ltr'><strong>(Luc.</strong></span> <span class='ocrx_word' id='word_1_541' title='bbox 1265 4337 1397 4408; x_wconf 80' lang='lat' dir='ltr'><strong>xu).</strong></span> <span class='ocrx_word' id='word_1_542' title='bbox 1425 4337 1617 4392; x_wconf 88' lang='lat' dir='ltr'><strong>Statim</strong></span> <span class='ocrx_word' id='word_1_543' title='bbox 1667 4332 1935 4404; x_wconf 88' lang='lat' dir='ltr'><strong>siquidem</strong></span> 
     </span>
    </p>
   </div>
   <div class='ocr_carea' id='block_1_74' title="bbox 334 4437 1938 4507">
    <p class='ocr_par' dir='ltr' id='par_1_74' title="bbox 334 4437 1938 4507">
     <span class='ocr_line' id='line_1_74' title="bbox 334 4437 1938 4507; baseline -0.008 -11"><span class='ocrx_word' id='word_1_544' title='bbox 334 4450 492 4507; x_wconf 84' lang='lat' dir='ltr'><strong>tepor</strong></span> <span class='ocrx_word' id='word_1_545' title='bbox 538 4448 723 4494; x_wconf 90' lang='lat' dir='ltr'><strong>uoster</strong></span> <span class='ocrx_word' id='word_1_546' title='bbox 782 4439 1027 4502; x_wconf 76' lang='lat' dir='ltr'><strong>incoluit,</strong></span> <span class='ocrx_word' id='word_1_547' title='bbox 1081 4448 1134 4494; x_wconf 92' lang='lat' dir='ltr'><strong>ct</strong></span> <span class='ocrx_word' id='word_1_548' title='bbox 1184 4437 1389 4494; x_wconf 87' lang='lat' dir='ltr'><strong>factum</strong></span> <span class='ocrx_word' id='word_1_549' title='bbox 1442 4444 1525 4491; x_wconf 90' lang='lat' dir='ltr'><strong>est</strong></span> <span class='ocrx_word' id='word_1_550' title='bbox 1566 4449 1657 4488; x_wconf 90' lang='lat' dir='ltr'><strong>cor</strong></span> <span class='ocrx_word' id='word_1_551' title='bbox 1690 4445 1938 4487; x_wconf 81' lang='lat' dir='ltr'><strong>noStrum</strong></span> 
     </span>
    </p>
   </div>
   <div class='ocr_carea' id='block_1_75' title="bbox 339 4526 1942 4605">
    <p class='ocr_par' dir='ltr' id='par_1_75' title="bbox 339 4526 1942 4605">
     <span class='ocr_line' id='line_1_75' title="bbox 339 4526 1942 4605; baseline -0.004 -18"><span class='ocrx_word' id='word_1_552' title='bbox 339 4534 518 4604; x_wconf 85' lang='lat' dir='ltr'><strong>(sicut</strong></span> <span class='ocrx_word' id='word_1_553' title='bbox 545 4533 809 4601; x_wconf 86' lang='lat' dir='ltr'><strong>scriptum</strong></span> <span class='ocrx_word' id='word_1_554' title='bbox 836 4542 921 4587; x_wconf 87' lang='lat' dir='ltr'><strong>est</strong></span> <span class='ocrx_word' id='word_1_555' title='bbox 944 4531 1099 4605; x_wconf 85' lang='lat' dir='ltr'><strong>[Luc.</strong></span> <span class='ocrx_word' id='word_1_556' title='bbox 1126 4531 1313 4604; x_wconf 50' lang='grc' dir='ltr'>χειή)</span> <span class='ocrx_word' id='word_1_557' title='bbox 1344 4530 1542 4584; x_wconf 70' lang='lat' dir='ltr'><strong>ardens</strong></span> <span class='ocrx_word' id='word_1_558' title='bbox 1573 4530 1622 4583; x_wconf 92' lang='lat' dir='ltr'><strong>in</strong></span> <span class='ocrx_word' id='word_1_559' title='bbox 1648 4528 1754 4581; x_wconf 78' lang='lat' dir='ltr'><strong>via.</strong></span> <span class='ocrx_word' id='word_1_560' title='bbox 1788 4526 1942 4580; x_wconf 89' lang='lat' dir='ltr'><strong>Tunc</strong></span> 
     </span>
    </p>
   </div>
   <div class='ocr_carea' id='block_1_76' title="bbox 334 4619 1941 4697">
    <p class='ocr_par' dir='ltr' id='par_1_76' title="bbox 334 4619 1941 4697">
     <span class='ocr_line' id='line_1_76' title="bbox 334 4619 1941 4697; baseline -0.006 -14"><span class='ocrx_word' id='word_1_561' title='bbox 334 4628 484 4683; x_wconf 88' lang='lat' dir='ltr'><strong>enim</strong></span> <span class='ocrx_word' id='word_1_562' title='bbox 534 4627 625 4681; x_wconf 89' lang='lat' dir='ltr'><strong>ille</strong></span> <span class='ocrx_word' id='word_1_563' title='bbox 678 4627 728 4681; x_wconf 93' lang='lat' dir='ltr'><strong>in</strong></span> <span class='ocrx_word' id='word_1_564' title='bbox 787 4627 890 4682; x_wconf 89' lang='lat' dir='ltr'><strong>fide</strong></span> <span class='ocrx_word' id='word_1_565' title='bbox 914 4627 1027 4697; x_wconf 83' lang='lat' dir='ltr'><strong>jam</strong></span> <span class='ocrx_word' id='word_1_566' title='bbox 1059 4626 1292 4681; x_wconf 84' lang='lat' dir='ltr'><strong>ardebat</strong></span> <span class='ocrx_word' id='word_1_567' title='bbox 1324 4624 1496 4693; x_wconf 81' lang='lat' dir='ltr'><strong>zelus,</strong></span> <span class='ocrx_word' id='word_1_568' title='bbox 1532 4636 1659 4677; x_wconf 89' lang='lat' dir='ltr'><strong>tunc</strong></span> <span class='ocrx_word' id='word_1_569' title='bbox 1687 4636 1783 4691; x_wconf 82' lang='lat' dir='ltr'><strong>Spe</strong></span> <span class='ocrx_word' id='word_1_570' title='bbox 1825 4619 1941 4674; x_wconf 87' lang='lat' dir='ltr'><strong>sal-</strong></span> 
     </span>
    </p>
   </div>
   <div class='ocr_carea' id='block_1_77' title="bbox 2032 3400 3629 3471">
    <p class='ocr_par' dir='ltr' id='par_1_77' title="bbox 2032 3400 3629 3471">
     <span class='ocr_line' id='line_1_77' title="bbox 2032 3400 3629 3471; baseline -0.002 -17"><span class='ocrx_word' id='word_1_571' title='bbox 2032 3403 2283 3463; x_wconf 74' lang='lat' dir='ltr'><strong>:indebat,</strong></span> <span class='ocrx_word' id='word_1_572' title='bbox 2310 3412 2399 3455; x_wconf 88' lang='lat' dir='ltr'><strong>aut</strong></span> <span class='ocrx_word' id='word_1_573' title='bbox 2430 3416 2649 3471; x_wconf 78' lang='lat' dir='ltr'><strong>sperare</strong></span> <span class='ocrx_word' id='word_1_574' title='bbox 2685 3410 2918 3469; x_wconf 84' lang='lat' dir='ltr'><strong>poterat,</strong></span> <span class='ocrx_word' id='word_1_575' title='bbox 2950 3401 3234 3453; x_wconf 86' lang='lat' dir='ltr'><strong>victoriam</strong></span> <span class='ocrx_word' id='word_1_576' title='bbox 3265 3400 3629 3453; x_wconf 75' lang='lat' dir='ltr'><strong>Concessisse.</strong></span> 
     </span>
    </p>
   </div>
   <div class='ocr_carea' id='block_1_78' title="bbox 2032 3492 3633 3565">
    <p class='ocr_par' dir='ltr' id='par_1_78' title="bbox 2032 3492 3633 3565">
     <span class='ocr_line' id='line_1_78' title="bbox 2032 3492 3633 3565; baseline -0.001 -16"><span class='ocrx_word' id='word_1_577' title='bbox 2032 3496 2201 3551; x_wconf 66' lang='lat' dir='ltr'><strong>Judaei</strong></span> <span class='ocrx_word' id='word_1_578' title='bbox 2233 3494 2396 3565; x_wconf 81' lang='lat' dir='ltr'><strong>igitur</strong></span> <span class='ocrx_word' id='word_1_579' title='bbox 2424 3495 2688 3563; x_wconf 72' lang='lat' dir='ltr'><strong>exemplis</strong></span> <span class='ocrx_word' id='word_1_580' title='bbox 2721 3509 2780 3548; x_wconf 89' lang='lat' dir='ltr'><strong>se</strong></span> <span class='ocrx_word' id='word_1_581' title='bbox 2813 3493 3108 3548; x_wconf 64' lang='lat' dir='ltr'><strong>Machaba-i</strong></span> <span class='ocrx_word' id='word_1_582' title='bbox 3141 3494 3403 3563; x_wconf 79' lang='lat' dir='ltr'><strong>temporis</strong></span> <span class='ocrx_word' id='word_1_583' title='bbox 3432 3492 3633 3547; x_wconf 81' lang='lat' dir='ltr'><strong>exhor-</strong></span> 
     </span>
    </p>
   </div>
   <div class='ocr_carea' id='block_1_79' title="bbox 2034 3586 3635 3659">
    <p class='ocr_par' dir='ltr' id='par_1_79' title="bbox 2034 3586 3635 3659">
     <span class='ocr_line' id='line_1_79' title="bbox 2034 3586 3635 3659; baseline -0.002 -15"><span class='ocrx_word' id='word_1_584' title='bbox 2034 3598 2231 3655; x_wconf 88' lang='lat' dir='ltr'><strong>tantes,</strong></span> <span class='ocrx_word' id='word_1_585' title='bbox 2285 3598 2520 3643; x_wconf 88' lang='lat' dir='ltr'><strong>mortcm</strong></span> <span class='ocrx_word' id='word_1_586' title='bbox 2569 3603 2786 3659; x_wconf 88' lang='lat' dir='ltr'><strong>quoque</strong></span> <span class='ocrx_word' id='word_1_587' title='bbox 2843 3604 2937 3659; x_wconf 87' lang='lat' dir='ltr'><strong>pro</strong></span> <span class='ocrx_word' id='word_1_588' title='bbox 2972 3587 3335 3642; x_wconf 70' lang='lat' dir='ltr'><strong>defendendis</strong></span> <span class='ocrx_word' id='word_1_589' title='bbox 3377 3586 3635 3657; x_wconf 89' lang='lat' dir='ltr'><strong>legitimis</strong></span> 
     </span>
    </p>
   </div>
   <div class='ocr_carea' id='block_1_80' title="bbox 2033 3679 3635 3751">
    <p class='ocr_par' dir='ltr' id='par_1_80' title="bbox 2033 3679 3635 3751">
     <span class='ocr_line' id='line_1_80' title="bbox 2033 3679 3635 3751; baseline -0.001 -15"><span class='ocrx_word' id='word_1_590' title='bbox 2033 3683 2145 3737; x_wconf 79' lang='lat' dir='ltr'><strong>suis</strong></span> <span class='ocrx_word' id='word_1_591' title='bbox 2170 3680 2575 3737; x_wconf 65' lang='lat' dir='ltr'><strong>desiderabant.</strong></span> <span class='ocrx_word' id='word_1_592' title='bbox 2602 3679 2787 3751; x_wconf 85' lang='lat' dir='ltr'><strong>itaque</strong></span> <span class='ocrx_word' id='word_1_593' title='bbox 2809 3698 2915 3737; x_wconf 91' lang='lat' dir='ltr'><strong>non</strong></span> <span class='ocrx_word' id='word_1_594' title='bbox 2941 3682 3112 3736; x_wconf 82' lang='lat' dir='ltr'><strong>Solum</strong></span> <span class='ocrx_word' id='word_1_595' title='bbox 3137 3682 3301 3736; x_wconf 89' lang='lat' dir='ltr'><strong>lihros</strong></span> <span class='ocrx_word' id='word_1_596' title='bbox 3324 3680 3635 3747; x_wconf 72' lang='lat' dir='ltr'><strong>revolvere,</strong></span> 
     </span>
    </p>
   </div>
   <div class='ocr_carea' id='block_1_81' title="bbox 2036 3774 3638 3845">
    <p class='ocr_par' dir='ltr' id='par_1_81' title="bbox 2036 3774 3638 3845">
     <span class='ocr_line' id='line_1_81' title="bbox 2036 3774 3638 3845; baseline -0.001 -16"><span class='ocrx_word' id='word_1_597' title='bbox 2036 3776 2127 3829; x_wconf 89' lang='lat' dir='ltr'><strong>sed</strong></span> <span class='ocrx_word' id='word_1_598' title='bbox 2154 3776 2315 3831; x_wconf 66' lang='lat' dir='ltr'><strong>etiam</strong></span> <span class='ocrx_word' id='word_1_599' title='bbox 2344 3791 2495 3838; x_wconf 77' lang='lat' dir='ltr'><strong>saxa,</strong></span> <span class='ocrx_word' id='word_1_600' title='bbox 2532 3774 2717 3841; x_wconf 72' lang='lat' dir='ltr'><strong>sudes,</strong></span> <span class='ocrx_word' id='word_1_601' title='bbox 2740 3774 2918 3845; x_wconf 85' lang='lat' dir='ltr'><strong>jacula</strong></span> <span class='ocrx_word' id='word_1_602' title='bbox 2952 3776 3244 3844; x_wconf 84' lang='lat' dir='ltr'><strong>omniaque</strong></span> <span class='ocrx_word' id='word_1_603' title='bbox 3285 3774 3512 3828; x_wconf 89' lang='lat' dir='ltr'><strong>telorum</strong></span> <span class='ocrx_word' id='word_1_604' title='bbox 3543 3789 3638 3844; x_wconf 84' lang='lat' dir='ltr'><strong>ge-</strong></span> 
     </span>
    </p>
   </div>
   <div class='ocr_carea' id='block_1_82' title="bbox 2038 3866 3641 3939">
    <p class='ocr_par' dir='ltr' id='par_1_82' title="bbox 2038 3866 3641 3939">
     <span class='ocr_line' id='line_1_82' title="bbox 2038 3866 3641 3939; baseline -0.001 -17"><span class='ocrx_word' id='word_1_605' title='bbox 2038 3884 2167 3923; x_wconf 90' lang='lat' dir='ltr'><strong>nera</strong></span> <span class='ocrx_word' id='word_1_606' title='bbox 2194 3868 2260 3922; x_wconf 90' lang='lat' dir='ltr'><strong>ad</strong></span> <span class='ocrx_word' id='word_1_607' title='bbox 2295 3882 2624 3939; x_wconf 76' lang='lat' dir='ltr'><strong>synagogam</strong></span> <span class='ocrx_word' id='word_1_608' title='bbox 2654 3868 2903 3921; x_wconf 89' lang='lat' dir='ltr'><strong>conferre</strong></span> <span class='ocrx_word' id='word_1_609' title='bbox 2936 3882 3181 3937; x_wconf 38' lang='lat' dir='ltr'><strong>coepere.</strong></span> <span class='ocrx_word' id='word_1_610' title='bbox 3214 3874 3271 3921; x_wconf 84' lang='lat' dir='ltr'><strong>tit</strong></span> <span class='ocrx_word' id='word_1_611' title='bbox 3300 3866 3641 3921; x_wconf 83' lang='lat' dir='ltr'><strong>Christiano-</strong></span> 
     </span>
    </p>
   </div>
   <div class='ocr_carea' id='block_1_83' title="bbox 2036 3961 3640 4032">
    <p class='ocr_par' dir='ltr' id='par_1_83' title="bbox 2036 3961 3640 4032">
     <span class='ocr_line' id='line_1_83' title="bbox 2036 3961 3640 4032; baseline -0.002 -15"><span class='ocrx_word' id='word_1_612' title='bbox 2036 3977 2155 4017; x_wconf 88' lang='lat' dir='ltr'><strong>rum</strong></span> <span class='ocrx_word' id='word_1_613' title='bbox 2192 3964 2363 4017; x_wconf 88' lang='lat' dir='ltr'><strong>acietn</strong></span> <span class='ocrx_word' id='word_1_614' title='bbox 2410 3962 2609 4016; x_wconf 89' lang='lat' dir='ltr'><strong>virtute</strong></span> <span class='ocrx_word' id='word_1_615' title='bbox 2655 3962 2831 4015; x_wconf 88' lang='lat' dir='ltr'><strong>sancti</strong></span> <span class='ocrx_word' id='word_1_616' title='bbox 2881 3961 3116 4032; x_wconf 86' lang='lat' dir='ltr'><strong>Spiritus</strong></span> <span class='ocrx_word' id='word_1_617' title='bbox 3162 3962 3421 4015; x_wconf 86' lang='lat' dir='ltr'><strong>munitam</strong></span> <span class='ocrx_word' id='word_1_618' title='bbox 3452 3961 3534 4030; x_wconf 90' lang='lat' dir='ltr'><strong>(si</strong></span> <span class='ocrx_word' id='word_1_619' title='bbox 3567 3961 3640 4015; x_wconf 89' lang='lat' dir='ltr'><strong>ita</strong></span> 
     </span>
    </p>
   </div>
   <div class='ocr_carea' id='block_1_84' title="bbox 2038 4053 3576 4124">
    <p class='ocr_par' dir='ltr' id='par_1_84' title="bbox 2038 4053 3576 4124">
     <span class='ocr_line' id='line_1_84' title="bbox 2038 4053 3576 4124; baseline -0.003 -16"><span class='ocrx_word' id='word_1_620' title='bbox 2038 4070 2126 4109; x_wconf 82' lang='lat' dir='ltr'><strong>res</strong></span> <span class='ocrx_word' id='word_1_621' title='bbox 2150 4055 2434 4124; x_wconf 87' lang='lat' dir='ltr'><strong>posceret)</strong></span> <span class='ocrx_word' id='word_1_622' title='bbox 2460 4054 2621 4107; x_wconf 90' lang='lat' dir='ltr'><strong>etiam</strong></span> <span class='ocrx_word' id='word_1_623' title='bbox 2658 4054 2905 4122; x_wconf 76' lang='lat' dir='ltr'><strong>corporis</strong></span> <span class='ocrx_word' id='word_1_624' title='bbox 2941 4053 3144 4107; x_wconf 84' lang='lat' dir='ltr'><strong>viribus</strong></span> <span class='ocrx_word' id='word_1_625' title='bbox 3175 4054 3576 4122; x_wconf 87' lang='lat' dir='ltr'><strong>propulsarent.</strong></span> 
     </span>
    </p>
   </div>
   <div class='ocr_carea' id='block_1_85' title="bbox 2112 4152 3645 4219">
    <p class='ocr_par' dir='ltr' id='par_1_85' title="bbox 2112 4152 3645 4219">
     <span class='ocr_line' id='line_1_85' title="bbox 2112 4152 3645 4219; baseline -0.005 -13"><span class='ocrx_word' id='word_1_626' title='bbox 2112 4154 2319 4208; x_wconf 85' lang='lat' dir='ltr'><strong>lnterea</strong></span> <span class='ocrx_word' id='word_1_627' title='bbox 2352 4153 2481 4207; x_wconf 88' lang='lat' dir='ltr'><strong>dttm</strong></span> <span class='ocrx_word' id='word_1_628' title='bbox 2521 4152 2572 4204; x_wconf 92' lang='lat' dir='ltr'><strong>hi</strong></span> <span class='ocrx_word' id='word_1_629' title='bbox 2617 4158 2913 4219; x_wconf 81' lang='lat' dir='ltr'><strong>apparatus</strong></span> <span class='ocrx_word' id='word_1_630' title='bbox 2953 4154 3301 4219; x_wconf 89' lang='lat' dir='ltr'><strong>gererentur,</strong></span> <span class='ocrx_word' id='word_1_631' title='bbox 3336 4158 3645 4214; x_wconf 83' lang='lat' dir='ltr'><strong>magnoque</strong></span> 
     </span>
    </p>
   </div>
   <div class='ocr_carea' id='block_1_86' title="bbox 2043 4238 3644 4301">
    <p class='ocr_par' dir='ltr' id='par_1_86' title="bbox 2043 4238 3644 4301">
     <span class='ocr_line' id='line_1_86' title="bbox 2043 4238 3644 4301; baseline -0.007 0"><span class='ocrx_word' id='word_1_632' title='bbox 2043 4248 2367 4301; x_wconf 88' lang='lat' dir='ltr'><strong>altrinsecus</strong></span> <span class='ocrx_word' id='word_1_633' title='bbox 2398 4246 2578 4300; x_wconf 90' lang='lat' dir='ltr'><strong>studio</strong></span> <span class='ocrx_word' id='word_1_634' title='bbox 2604 4244 2843 4298; x_wconf 85' lang='lat' dir='ltr'><strong>futurum</strong></span> <span class='ocrx_word' id='word_1_635' title='bbox 2873 4242 3175 4297; x_wconf 86' lang='lat' dir='ltr'><strong>instituitur</strong></span> <span class='ocrx_word' id='word_1_636' title='bbox 3196 4240 3396 4295; x_wconf 87' lang='lat' dir='ltr'><strong>bellum</strong></span> <span class='ocrx_word' id='word_1_637' title='bbox 3428 4257 3440 4293; x_wconf 89' lang='lat'><strong>:</strong></span> <span class='ocrx_word' id='word_1_638' title='bbox 3466 4238 3644 4291; x_wconf 84' lang='lat' dir='ltr'><strong>utrin—</strong></span> 
     </span>
    </p>
   </div>
   <div class='ocr_carea' id='block_1_87' title="bbox 2041 4332 3651 4411">
    <p class='ocr_par' dir='ltr' id='par_1_87' title="bbox 2041 4332 3651 4411">
     <span class='ocr_line' id='line_1_87' title="bbox 2041 4332 3651 4411; baseline -0.006 -17"><span class='ocrx_word' id='word_1_639' title='bbox 2041 4357 2145 4411; x_wconf 91' lang='lat' dir='ltr'><strong>que</strong></span> <span class='ocrx_word' id='word_1_640' title='bbox 2168 4342 2441 4395; x_wconf 77' lang='lat' dir='ltr'><strong>exercitus</strong></span> <span class='ocrx_word' id='word_1_641' title='bbox 2474 4334 2931 4393; x_wconf 87' lang='lat' dir='ltr'><strong>iuenarrabilibus</strong></span> <span class='ocrx_word' id='word_1_642' title='bbox 2962 4345 3016 4391; x_wconf 89' lang='lat' dir='ltr'><strong>et</strong></span> <span class='ocrx_word' id='word_1_643' title='bbox 3048 4332 3473 4399; x_wconf 75' lang='lat' dir='ltr'><strong>absiilutissitnis</strong></span> <span class='ocrx_word' id='word_1_644' title='bbox 3503 4346 3651 4384; x_wconf 87' lang='lat' dir='ltr'><strong>sont-</strong></span> 
     </span>
    </p>
   </div>
   <div class='ocr_carea' id='block_1_88' title="bbox 2043 4422 3650 4500">
    <p class='ocr_par' dir='ltr' id='par_1_88' title="bbox 2043 4422 3650 4500">
     <span class='ocr_line' id='line_1_88' title="bbox 2043 4422 3650 4500; baseline -0.009 -11"><span class='ocrx_word' id='word_1_645' title='bbox 2043 4435 2146 4490; x_wconf 90' lang='lat' dir='ltr'><strong>niis</strong></span> <span class='ocrx_word' id='word_1_646' title='bbox 2186 4443 2597 4489; x_wconf 79' lang='lat' dir='ltr'><strong>commoventur</strong></span> <span class='ocrx_word' id='word_1_647' title='bbox 2642 4450 2651 4485; x_wconf 93' lang='lat'>:</span> <span class='ocrx_word' id='word_1_648' title='bbox 2708 4445 2943 4500; x_wconf 91' lang='lat' dir='ltr'><strong>quorum</strong></span> <span class='ocrx_word' id='word_1_649' title='bbox 2990 4429 3035 4483; x_wconf 89' lang='lat' dir='ltr'><strong>si</strong></span> <span class='ocrx_word' id='word_1_650' title='bbox 3070 4427 3269 4481; x_wconf 89' lang='lat' dir='ltr'><strong>nullam</strong></span> <span class='ocrx_word' id='word_1_651' title='bbox 3303 4426 3520 4493; x_wconf 89' lang='lat' dir='ltr'><strong>penitus</strong></span> <span class='ocrx_word' id='word_1_652' title='bbox 3565 4422 3650 4475; x_wconf 89' lang='lat' dir='ltr'><strong>fa-</strong></span> 
     </span>
    </p>
   </div>
   <div class='ocr_carea' id='block_1_89' title="bbox 2043 4518 3652 4588">
    <p class='ocr_par' dir='ltr' id='par_1_89' title="bbox 2043 4518 3652 4588">
     <span class='ocr_line' id='line_1_89' title="bbox 2043 4518 3652 4588; baseline -0.009 -5"><span class='ocrx_word' id='word_1_653' title='bbox 2043 4543 2223 4584; x_wconf 79' lang='lat' dir='ltr'><strong>cerem</strong></span> <span class='ocrx_word' id='word_1_654' title='bbox 2274 4527 2636 4588; x_wconf 88' lang='lat' dir='ltr'><strong>mentionem,</strong></span> <span class='ocrx_word' id='word_1_655' title='bbox 2690 4540 2801 4581; x_wconf 92' lang='lat' dir='ltr'><strong>non</strong></span> <span class='ocrx_word' id='word_1_656' title='bbox 2855 4522 3136 4576; x_wconf 87' lang='lat' dir='ltr'><strong>minimam</strong></span> <span class='ocrx_word' id='word_1_657' title='bbox 3184 4518 3414 4573; x_wconf 86' lang='lat' dir='ltr'><strong>videbor</strong></span> <span class='ocrx_word' id='word_1_658' title='bbox 3441 4523 3652 4587; x_wconf 84' lang='lat' dir='ltr'><strong>partem</strong></span> 
     </span>
    </p>
   </div>
   <div class='ocr_carea' id='block_1_90' title="bbox 2047 4607 3657 4691">
    <p class='ocr_par' dir='ltr' id='par_1_90' title="bbox 2047 4607 3657 4691">
     <span class='ocr_line' id='line_1_90' title="bbox 2047 4607 3657 4691; baseline -0.008 -14"><span class='ocrx_word' id='word_1_659' title='bbox 2047 4623 2244 4678; x_wconf 85' lang='lat' dir='ltr'><strong>(livime</strong></span> <span class='ocrx_word' id='word_1_660' title='bbox 2275 4621 2470 4691; x_wconf 70' lang='lat' dir='ltr'><strong>glorire</strong></span> <span class='ocrx_word' id='word_1_661' title='bbox 2502 4622 2815 4691; x_wconf 74' lang='lat' dir='ltr'><strong>operuisse.</strong></span> <span class='ocrx_word' id='word_1_662' title='bbox 2850 4616 2939 4673; x_wconf 91' lang='lat' dir='ltr'><strong>Sic</strong></span> <span class='ocrx_word' id='word_1_663' title='bbox 2965 4618 3107 4671; x_wconf 90' lang='lat' dir='ltr'><strong>enim</strong></span> <span class='ocrx_word' id='word_1_664' title='bbox 3140 4615 3197 4668; x_wconf 89' lang='lat' dir='ltr'><strong>S.</strong></span> <span class='ocrx_word' id='word_1_665' title='bbox 3226 4612 3471 4683; x_wconf 80' lang='lat' dir='ltr'><strong>Apostoli</strong></span> <span class='ocrx_word' id='word_1_666' title='bbox 3503 4607 3657 4665; x_wconf 87' lang='lat' dir='ltr'><strong>Pauli</strong></span> 
     </span>
    </p>
   </div>
   <div class='ocr_carea' id='block_1_91' title="bbox 337 4702 3660 4791">
    <p class='ocr_par' dir='ltr' id='par_1_91' title="bbox 337 4702 3660 4791">
     <span class='ocr_line' id='line_1_91' title="bbox 337 4702 3660 4791; baseline -0.005 -16"><span class='ocrx_word' id='word_1_667' title='bbox 337 4721 532 4776; x_wconf 78' lang='lat' dir='ltr'><strong>vanda:</strong></span> <span class='ocrx_word' id='word_1_668' title='bbox 562 4721 923 4775; x_wconf 68' lang='lat' dir='ltr'><strong>multitudinis</strong></span> <span class='ocrx_word' id='word_1_669' title='bbox 951 4721 1220 4791; x_wconf 82' lang='lat' dir='ltr'><strong>erigebat.</strong></span> <span class='ocrx_word' id='word_1_670' title='bbox 1278 4720 1521 4790; x_wconf 80' lang='lat' dir='ltr'><strong>bonique</strong></span> <span class='ocrx_word' id='word_1_671' title='bbox 1554 4718 1734 4772; x_wconf 81' lang='lat' dir='ltr'><strong>statim</strong></span> <span class='ocrx_word' id='word_1_672' title='bbox 1771 4718 1940 4770; x_wconf 87' lang='lat' dir='ltr'><strong>inter-</strong></span> <span class='ocrx_word' id='word_1_673' title='bbox 1969 4723 2018 4784; x_wconf 80' lang='grc' dir='ltr'>ἰ)</span> <span class='ocrx_word' id='word_1_674' title='bbox 2046 4718 2319 4772; x_wconf 90' lang='lat' dir='ltr'><strong>somnium</strong></span> <span class='ocrx_word' id='word_1_675' title='bbox 2367 4713 2542 4768; x_wconf 89' lang='lat' dir='ltr'><strong>Lucas</strong></span> <span class='ocrx_word' id='word_1_676' title='bbox 2565 4715 2717 4783; x_wconf 76' lang='lat' dir='ltr'><strong>(.ict.</strong></span> <span class='ocrx_word' id='word_1_677' title='bbox 2744 4710 2873 4783; x_wconf 82' lang='lat' dir='ltr'><strong>xvi)</strong></span> <span class='ocrx_word' id='word_1_678' title='bbox 2904 4725 3073 4763; x_wconf 69' lang='lat' dir='ltr'><strong>sacra:</strong></span> <span class='ocrx_word' id='word_1_679' title='bbox 3119 4707 3369 4763; x_wconf 74' lang='lat' dir='ltr'><strong>historia:</strong></span> <span class='ocrx_word' id='word_1_680' title='bbox 3401 4702 3660 4768; x_wconf 83' lang='lat' dir='ltr'><strong>inseruit,</strong></span> 
     </span>
    </p>
   </div>
   <div class='ocr_carea' id='block_1_92' title="bbox 336 4808 1944 4879">
    <p class='ocr_par' dir='ltr' id='par_1_92' title="bbox 336 4808 1944 4879">
     <span class='ocr_line' id='line_1_92' title="bbox 336 4808 1944 4879; baseline -0.004 -8"><span class='ocrx_word' id='word_1_681' title='bbox 336 4818 448 4872; x_wconf 87' lang='lat' dir='ltr'><strong>cisa</strong></span> <span class='ocrx_word' id='word_1_682' title='bbox 476 4824 601 4869; x_wconf 79' lang='lat' dir='ltr'><strong>sunt</strong></span> <span class='ocrx_word' id='word_1_683' title='bbox 630 4815 794 4870; x_wconf 88' lang='lat' dir='ltr'><strong>etiam</strong></span> <span class='ocrx_word' id='word_1_684' title='bbox 833 4815 1151 4870; x_wconf 86' lang='lat' dir='ltr'><strong>salvationis</strong></span> <span class='ocrx_word' id='word_1_685' title='bbox 1187 4813 1391 4879; x_wconf 86' lang='lat' dir='ltr'><strong>officia,</strong></span> <span class='ocrx_word' id='word_1_686' title='bbox 1422 4822 1476 4868; x_wconf 89' lang='lat' dir='ltr'><strong>et</strong></span> <span class='ocrx_word' id='word_1_687' title='bbox 1517 4829 1623 4867; x_wconf 91' lang='lat' dir='ltr'><strong>non</strong></span> <span class='ocrx_word' id='word_1_688' title='bbox 1653 4813 1828 4867; x_wconf 85' lang='lat' dir='ltr'><strong>solum</strong></span> <span class='ocrx_word' id='word_1_689' title='bbox 1864 4808 1944 4865; x_wconf 87' lang='lat' dir='ltr'><strong>fa-</strong></span> 
     </span>
    </p>
   </div>
   <div class='ocr_carea' id='block_1_93' title="bbox 339 4905 1940 4974">
    <p class='ocr_par' dir='ltr' id='par_1_93' title="bbox 339 4905 1940 4974">
     <span class='ocr_line' id='line_1_93' title="bbox 339 4905 1940 4974; baseline -0.006 -6"><span class='ocrx_word' id='word_1_690' title='bbox 339 4912 674 4968; x_wconf 88' lang='lat' dir='ltr'><strong>miliaritatis</strong></span> <span class='ocrx_word' id='word_1_691' title='bbox 718 4911 1065 4965; x_wconf 88' lang='lat' dir='ltr'><strong>consuetudo</strong></span> <span class='ocrx_word' id='word_1_692' title='bbox 1118 4909 1355 4974; x_wconf 78' lang='lat' dir='ltr'><strong>divulsa,</strong></span> <span class='ocrx_word' id='word_1_693' title='bbox 1404 4906 1499 4962; x_wconf 87' lang='lat' dir='ltr'><strong>sed</strong></span> <span class='ocrx_word' id='word_1_694' title='bbox 1556 4907 1720 4963; x_wconf 87' lang='lat' dir='ltr'><strong>etiam</strong></span> <span class='ocrx_word' id='word_1_695' title='bbox 1778 4905 1940 4959; x_wconf 86' lang='lat' dir='ltr'><strong>noxia</strong></span> 
     </span>
    </p>
   </div>
   <div class='ocr_carea' id='block_1_94' title="bbox 340 4997 1940 5069">
    <p class='ocr_par' dir='ltr' id='par_1_94' title="bbox 340 4997 1940 5069">
     <span class='ocr_line' id='line_1_94' title="bbox 340 4997 1940 5069; baseline -0.005 -9"><span class='ocrx_word' id='word_1_696' title='bbox 340 5005 660 5060; x_wconf 74' lang='lat' dir='ltr'><strong>inveterata:</strong></span> <span class='ocrx_word' id='word_1_697' title='bbox 706 5003 925 5069; x_wconf 79' lang='lat' dir='ltr'><strong>species</strong></span> <span class='ocrx_word' id='word_1_698' title='bbox 956 5002 1241 5058; x_wconf 87' lang='lat' dir='ltr'><strong>charitatis</strong></span> <span class='ocrx_word' id='word_1_699' title='bbox 1283 5001 1351 5054; x_wconf 87' lang='lat' dir='ltr'><strong>ad</strong></span> <span class='ocrx_word' id='word_1_700' title='bbox 1389 5000 1576 5055; x_wconf 88' lang='lat' dir='ltr'><strong>odium</strong></span> <span class='ocrx_word' id='word_1_701' title='bbox 1613 4997 1940 5067; x_wconf 86' lang='lat' dir='ltr'><strong>temporale,</strong></span> 
     </span>
    </p>
   </div>
   <div class='ocr_carea' id='block_1_95' title="bbox 340 5091 1945 5170">
    <p class='ocr_par' dir='ltr' id='par_1_95' title="bbox 340 5091 1945 5170">
     <span class='ocr_line' id='line_1_95' title="bbox 340 5091 1945 5170; baseline -0.007 -15"><span class='ocrx_word' id='word_1_702' title='bbox 340 5099 435 5155; x_wconf 89' lang='lat' dir='ltr'><strong>sed</strong></span> <span class='ocrx_word' id='word_1_703' title='bbox 466 5113 568 5170; x_wconf 87' lang='lat' dir='ltr'><strong>pro</strong></span> <span class='ocrx_word' id='word_1_704' title='bbox 599 5109 819 5152; x_wconf 78' lang='lat' dir='ltr'><strong>a-ternze</strong></span> <span class='ocrx_word' id='word_1_705' title='bbox 839 5098 1036 5153; x_wconf 87' lang='lat' dir='ltr'><strong>salutis</strong></span> <span class='ocrx_word' id='word_1_706' title='bbox 1066 5113 1255 5151; x_wconf 85' lang='lat' dir='ltr'><strong>amore</strong></span> <span class='ocrx_word' id='word_1_707' title='bbox 1285 5095 1546 5149; x_wconf 86' lang='lat' dir='ltr'><strong>translata</strong></span> <span class='ocrx_word' id='word_1_708' title='bbox 1591 5104 1693 5148; x_wconf 86' lang='lat' dir='ltr'><strong>est.</strong></span> <span class='ocrx_word' id='word_1_709' title='bbox 1724 5091 1782 5146; x_wconf 86' lang='lat' dir='ltr'><strong>lu</strong></span> <span class='ocrx_word' id='word_1_710' title='bbox 1826 5108 1945 5144; x_wconf 88' lang='lat' dir='ltr'><strong>om-</strong></span> 
     </span>
    </p>
   </div>
   <div class='ocr_carea' id='block_1_96' title="bbox 343 5182 1944 5260">
    <p class='ocr_par' dir='ltr' id='par_1_96' title="bbox 343 5182 1944 5260">
     <span class='ocr_line' id='line_1_96' title="bbox 343 5182 1944 5260; baseline -0.005 -14"><span class='ocrx_word' id='word_1_711' title='bbox 343 5193 505 5247; x_wconf 89' lang='lat' dir='ltr'><strong>nibus</strong></span> <span class='ocrx_word' id='word_1_712' title='bbox 538 5191 735 5260; x_wconf 88' lang='lat' dir='ltr'><strong>plateis</strong></span> <span class='ocrx_word' id='word_1_713' title='bbox 760 5191 1028 5244; x_wconf 59' lang='lat' dir='ltr'><strong>adversus</strong></span> <span class='ocrx_word' id='word_1_714' title='bbox 1050 5189 1269 5246; x_wconf 71' lang='lat' dir='ltr'><strong>ludat-os</strong></span> <span class='ocrx_word' id='word_1_715' title='bbox 1291 5204 1483 5259; x_wconf 74' lang='lat' dir='ltr'><strong>pugna:</strong></span> <span class='ocrx_word' id='word_1_716' title='bbox 1507 5188 1662 5258; x_wconf 85' lang='lat' dir='ltr'><strong>legis,</strong></span> <span class='ocrx_word' id='word_1_717' title='bbox 1697 5187 1751 5240; x_wconf 93' lang='lat' dir='ltr'><strong>in</strong></span> <span class='ocrx_word' id='word_1_718' title='bbox 1775 5182 1944 5241; x_wconf 86' lang='lat' dir='ltr'><strong>omni-</strong></span> 
     </span>
    </p>
   </div>
   <div class='ocr_carea' id='block_1_97' title="bbox 346 5282 1472 5353">
    <p class='ocr_par' dir='ltr' id='par_1_97' title="bbox 346 5282 1472 5353">
     <span class='ocr_line' id='line_1_97' title="bbox 346 5282 1472 5353; baseline -0.004 -13"><span class='ocrx_word' id='word_1_719' title='bbox 346 5286 448 5340; x_wconf 90' lang='lat' dir='ltr'><strong>bus</strong></span> <span class='ocrx_word' id='word_1_720' title='bbox 479 5284 733 5339; x_wconf 86' lang='lat' dir='ltr'><strong>domibus</strong></span> <span class='ocrx_word' id='word_1_721' title='bbox 758 5282 880 5337; x_wconf 83' lang='lat' dir='ltr'><strong>fidei</strong></span> <span class='ocrx_word' id='word_1_722' title='bbox 912 5283 1094 5353; x_wconf 68' lang='lat' dir='ltr'><strong>praelia</strong></span> <span class='ocrx_word' id='word_1_723' title='bbox 1124 5282 1472 5353; x_wconf 82' lang='lat' dir='ltr'><strong>gerebantur.</strong></span> 
     </span>
    </p>
   </div>
   <div class='ocr_carea' id='block_1_98' title="bbox 418 5370 1944 5446">
    <p class='ocr_par' dir='ltr' id='par_1_98' title="bbox 418 5370 1944 5446">
     <span class='ocr_line' id='line_1_98' title="bbox 418 5370 1944 5446; baseline -0.005 -12"><span class='ocrx_word' id='word_1_724' title='bbox 418 5378 729 5434; x_wconf 78' lang='lat' dir='ltr'><strong>Juda-orum</strong></span> <span class='ocrx_word' id='word_1_725' title='bbox 765 5377 1000 5446; x_wconf 90' lang='lat' dir='ltr'><strong>populus</strong></span> <span class='ocrx_word' id='word_1_726' title='bbox 1047 5378 1279 5430; x_wconf 83' lang='lat' dir='ltr'><strong>maxime</strong></span> <span class='ocrx_word' id='word_1_727' title='bbox 1332 5374 1619 5443; x_wconf 90' lang='lat' dir='ltr'><strong>cujusdam</strong></span> <span class='ocrx_word' id='word_1_728' title='bbox 1664 5370 1944 5427; x_wconf 66' lang='lat' dir='ltr'><strong>The~dori</strong></span> 
     </span>
    </p>
   </div>
   <div class='ocr_carea' id='block_1_99' title="bbox 346 5466 1947 5541">
    <p class='ocr_par' dir='ltr' id='par_1_99' title="bbox 346 5466 1947 5541">
     <span class='ocr_line' id='line_1_99' title="bbox 346 5466 1947 5541; baseline -0.006 -13"><span class='ocrx_word' id='word_1_729' title='bbox 346 5473 678 5528; x_wconf 87' lang='lat' dir='ltr'><strong>auctoritate</strong></span> <span class='ocrx_word' id='word_1_730' title='bbox 709 5484 755 5524; x_wconf 89' lang='lat' dir='ltr'><strong>ct</strong></span> <span class='ocrx_word' id='word_1_731' title='bbox 787 5471 1031 5541; x_wconf 87' lang='lat' dir='ltr'><strong>potentia</strong></span> <span class='ocrx_word' id='word_1_732' title='bbox 1064 5470 1360 5533; x_wconf 85' lang='lat' dir='ltr'><strong>nitebatur,</strong></span> <span class='ocrx_word' id='word_1_733' title='bbox 1391 5467 1481 5538; x_wconf 89' lang='lat' dir='ltr'><strong>qui</strong></span> <span class='ocrx_word' id='word_1_734' title='bbox 1515 5484 1618 5521; x_wconf 82' lang='lat' dir='ltr'><strong>non</strong></span> <span class='ocrx_word' id='word_1_735' title='bbox 1654 5468 1829 5520; x_wconf 91' lang='lat' dir='ltr'><strong>solum</strong></span> <span class='ocrx_word' id='word_1_736' title='bbox 1865 5466 1947 5519; x_wconf 83' lang='lat' dir='ltr'><strong>in-</strong></span> 
     </span>
    </p>
   </div>
   <div class='ocr_carea' id='block_1_100' title="bbox 350 5559 1945 5632">
    <p class='ocr_par' dir='ltr' id='par_1_100' title="bbox 350 5559 1945 5632">
     <span class='ocr_line' id='line_1_100' title="bbox 350 5559 1945 5632; baseline -0.004 -13"><span class='ocrx_word' id='word_1_737' title='bbox 350 5574 435 5622; x_wconf 92' lang='lat' dir='ltr'><strong>ter</strong></span> <span class='ocrx_word' id='word_1_738' title='bbox 464 5564 709 5632; x_wconf 68' lang='lat' dir='ltr'><strong>Judaaos,</strong></span> <span class='ocrx_word' id='word_1_739' title='bbox 742 5579 934 5618; x_wconf 89' lang='lat' dir='ltr'><strong>verum</strong></span> <span class='ocrx_word' id='word_1_740' title='bbox 969 5562 1135 5617; x_wconf 85' lang='lat' dir='ltr'><strong>etiam</strong></span> <span class='ocrx_word' id='word_1_741' title='bbox 1162 5562 1305 5617; x_wconf 87' lang='lat' dir='ltr'><strong>inter</strong></span> <span class='ocrx_word' id='word_1_742' title='bbox 1326 5560 1664 5615; x_wconf 75' lang='lat' dir='ltr'><strong>Christianos</strong></span> <span class='ocrx_word' id='word_1_743' title='bbox 1697 5559 1945 5631; x_wconf 82' lang='lat' dir='ltr'><strong>ejusdem</strong></span> 
     </span>
    </p>
   </div>
   <div class='ocr_carea' id='block_1_101' title="bbox 350 5654 1945 5729">
    <p class='ocr_par' dir='ltr' id='par_1_101' title="bbox 350 5654 1945 5729">
     <span class='ocr_line' id='line_1_101' title="bbox 350 5654 1945 5729; baseline -0.004 -15"><span class='ocrx_word' id='word_1_744' title='bbox 350 5657 536 5729; x_wconf 80' lang='lat' dir='ltr'><strong>oppidi</strong></span> <span class='ocrx_word' id='word_1_745' title='bbox 586 5666 640 5711; x_wconf 89' lang='lat' dir='ltr'><strong>et</strong></span> <span class='ocrx_word' id='word_1_746' title='bbox 683 5670 847 5711; x_wconf 86' lang='lat' dir='ltr'><strong>sensu</strong></span> <span class='ocrx_word' id='word_1_747' title='bbox 895 5665 949 5710; x_wconf 94' lang='lat' dir='ltr'><strong>ct</strong></span> <span class='ocrx_word' id='word_1_748' title='bbox 979 5656 1187 5709; x_wconf 84' lang='lat' dir='ltr'><strong>honore</strong></span> <span class='ocrx_word' id='word_1_749' title='bbox 1221 5655 1401 5708; x_wconf 66' lang='lat' dir='ltr'><strong>steculi</strong></span> <span class='ocrx_word' id='word_1_750' title='bbox 1453 5654 1761 5724; x_wconf 69' lang='lat' dir='ltr'><strong>przecipuus</strong></span> <span class='ocrx_word' id='word_1_751' title='bbox 1792 5661 1945 5708; x_wconf 83' lang='lat' dir='ltr'><strong>erat:</strong></span> 
     </span>
    </p>
   </div>
   <div class='ocr_carea' id='block_1_102' title="bbox 352 5748 1947 5824">
    <p class='ocr_par' dir='ltr' id='par_1_102' title="bbox 352 5748 1947 5824">
     <span class='ocr_line' id='line_1_102' title="bbox 352 5748 1947 5824; baseline -0.004 -15"><span class='ocrx_word' id='word_1_752' title='bbox 352 5752 627 5824; x_wconf 84' lang='lat' dir='ltr'><strong>siquidem</strong></span> <span class='ocrx_word' id='word_1_753' title='bbox 673 5750 819 5821; x_wconf 86' lang='lat' dir='ltr'><strong>apud</strong></span> <span class='ocrx_word' id='word_1_754' title='bbox 867 5750 990 5805; x_wconf 90' lang='lat' dir='ltr'><strong>illos</strong></span> <span class='ocrx_word' id='word_1_755' title='bbox 1041 5749 1179 5820; x_wconf 87' lang='lat' dir='ltr'><strong>legis</strong></span> <span class='ocrx_word' id='word_1_756' title='bbox 1223 5749 1435 5817; x_wconf 87' lang='lat' dir='ltr'><strong>doctor,</strong></span> <span class='ocrx_word' id='word_1_757' title='bbox 1472 5757 1527 5804; x_wconf 89' lang='lat' dir='ltr'><strong>et</strong></span> <span class='ocrx_word' id='word_1_758' title='bbox 1556 5748 1573 5821; x_wconf 96' lang='lat'><strong>(</strong></span> <span class='ocrx_word' id='word_1_759' title='bbox 1602 5759 1659 5803; x_wconf 89' lang='lat' dir='ltr'><strong>ut</strong></span> <span class='ocrx_word' id='word_1_760' title='bbox 1704 5750 1947 5819; x_wconf 91' lang='lat' dir='ltr'><strong>ipsorum</strong></span> 
     </span>
    </p>
   </div>
   <div class='ocr_carea' id='block_1_103' title="bbox 346 5843 1950 5915">
    <p class='ocr_par' dir='ltr' id='par_1_103' title="bbox 346 5843 1950 5915">
     <span class='ocr_line' id='line_1_103' title="bbox 346 5843 1950 5915; baseline -0.002 -13"><span class='ocrx_word' id='word_1_761' title='bbox 346 5856 478 5902; x_wconf 61' lang='lat' dir='ltr'><strong>’ntar</strong></span> <span class='ocrx_word' id='word_1_762' title='bbox 523 5845 736 5915; x_wconf 90' lang='lat' dir='ltr'><strong>verbo)</strong></span> <span class='ocrx_word' id='word_1_763' title='bbox 765 5854 918 5915; x_wconf 89' lang='lat' dir='ltr'><strong>pater</strong></span> <span class='ocrx_word' id='word_1_764' title='bbox 951 5858 1163 5914; x_wconf 88' lang='lat' dir='ltr'><strong>patrum</strong></span> <span class='ocrx_word' id='word_1_765' title='bbox 1218 5844 1350 5910; x_wconf 87' lang='lat' dir='ltr'><strong>fuit;</strong></span> <span class='ocrx_word' id='word_1_766' title='bbox 1410 5845 1461 5899; x_wconf 92' lang='lat' dir='ltr'><strong>in</strong></span> <span class='ocrx_word' id='word_1_767' title='bbox 1506 5843 1727 5899; x_wconf 88' lang='lat' dir='ltr'><strong>civitate</strong></span> <span class='ocrx_word' id='word_1_768' title='bbox 1769 5856 1950 5899; x_wconf 88' lang='lat' dir='ltr'><strong>autem</strong></span> 
     </span>
    </p>
   </div>
   <div class='ocr_carea' id='block_1_104' title="bbox 357 5935 1953 6015">
    <p class='ocr_par' dir='ltr' id='par_1_104' title="bbox 357 5935 1953 6015">
     <span class='ocr_line' id='line_1_104' title="bbox 357 5935 1953 6015; baseline -0.001 -20"><span class='ocrx_word' id='word_1_769' title='bbox 357 5939 571 6015; x_wconf 84' lang='lat' dir='ltr'><strong>cunctis</strong></span> <span class='ocrx_word' id='word_1_770' title='bbox 616 5938 795 6011; x_wconf 67' lang='lat' dir='ltr'><strong>Curia:</strong></span> <span class='ocrx_word' id='word_1_771' title='bbox 839 5938 1039 5994; x_wconf 88' lang='lat' dir='ltr'><strong>muniis</strong></span> <span class='ocrx_word' id='word_1_772' title='bbox 1087 5937 1391 6005; x_wconf 83' lang='lat' dir='ltr'><strong>exsolutus,</strong></span> <span class='ocrx_word' id='word_1_773' title='bbox 1440 5947 1495 5993; x_wconf 89' lang='lat' dir='ltr'><strong>et</strong></span> <span class='ocrx_word' id='word_1_774' title='bbox 1547 5936 1810 5993; x_wconf 83' lang='lat' dir='ltr'><strong>Defensor</strong></span> <span class='ocrx_word' id='word_1_775' title='bbox 1839 5935 1953 6006; x_wconf 88' lang='lat' dir='ltr'><strong>jam</strong></span> 
     </span>
    </p>
   </div>
   <div class='ocr_carea' id='block_1_105' title="bbox 2050 4798 3651 4873">
    <p class='ocr_par' dir='ltr' id='par_1_105' title="bbox 2050 4798 3651 4873">
     <span class='ocr_line' id='line_1_105' title="bbox 2050 4798 3651 4873; baseline -0.007 -8"><span class='ocrx_word' id='word_1_776' title='bbox 2050 4810 2256 4873; x_wconf 82' lang='lat' dir='ltr'><strong>dicens,</strong></span> <span class='ocrx_word' id='word_1_777' title='bbox 2287 4808 2463 4862; x_wconf 88' lang='lat' dir='ltr'><strong>virum</strong></span> <span class='ocrx_word' id='word_1_778' title='bbox 2488 4806 2841 4861; x_wconf 84' lang='lat' dir='ltr'><strong>Macedonem</strong></span> <span class='ocrx_word' id='word_1_779' title='bbox 2869 4802 3109 4858; x_wconf 89' lang='lat' dir='ltr'><strong>astitisse</strong></span> <span class='ocrx_word' id='word_1_780' title='bbox 3134 4800 3183 4855; x_wconf 93' lang='lat' dir='ltr'><strong>in</strong></span> <span class='ocrx_word' id='word_1_781' title='bbox 3209 4800 3423 4855; x_wconf 87' lang='lat' dir='ltr'><strong>visione</strong></span> <span class='ocrx_word' id='word_1_782' title='bbox 3452 4798 3651 4867; x_wconf 88' lang='lat' dir='ltr'><strong>noetis,</strong></span> 
     </span>
    </p>
   </div>
   <div class='ocr_carea' id='block_1_106' title="bbox 2048 4891 3654 4970">
    <p class='ocr_par' dir='ltr' id='par_1_106' title="bbox 2048 4891 3654 4970">
     <span class='ocr_line' id='line_1_106' title="bbox 2048 4891 3654 4970; baseline -0.006 -13"><span class='ocrx_word' id='word_1_783' title='bbox 2048 4900 2670 4970; x_wconf 78' lang='lat' dir='ltr'><strong>orantemutjuvaretnr</strong></span> <span class='ocrx_word' id='word_1_784' title='bbox 2691 4898 2759 4953; x_wconf 89' lang='lat' dir='ltr'><strong>ab</strong></span> <span class='ocrx_word' id='word_1_785' title='bbox 2784 4912 2880 4959; x_wconf 89' lang='lat' dir='ltr'><strong>eo;</strong></span> <span class='ocrx_word' id='word_1_786' title='bbox 2914 4904 2970 4953; x_wconf 89' lang='lat' dir='ltr'><strong>et</strong></span> <span class='ocrx_word' id='word_1_787' title='bbox 3002 4895 3102 4949; x_wconf 85' lang='lat' dir='ltr'><strong>hac</strong></span> <span class='ocrx_word' id='word_1_788' title='bbox 3131 4891 3452 4965; x_wconf 77' lang='lat' dir='ltr'><strong>Apostolmn</strong></span> <span class='ocrx_word' id='word_1_789' title='bbox 3489 4891 3654 4948; x_wconf 83' lang='lat' dir='ltr'><strong>visio-</strong></span> 
     </span>
    </p>
   </div>
   <div class='ocr_carea' id='block_1_107' title="bbox 2050 4984 3653 5063">
    <p class='ocr_par' dir='ltr' id='par_1_107' title="bbox 2050 4984 3653 5063">
     <span class='ocr_line' id='line_1_107' title="bbox 2050 4984 3653 5063; baseline -0.006 -12"><span class='ocrx_word' id='word_1_790' title='bbox 2050 5013 2117 5051; x_wconf 88' lang='lat' dir='ltr'><strong>ne</strong></span> <span class='ocrx_word' id='word_1_791' title='bbox 2142 4995 2541 5063; x_wconf 71' lang='lat' dir='ltr'><strong>przcmottitum,</strong></span> <span class='ocrx_word' id='word_1_792' title='bbox 2562 4992 2773 5048; x_wconf 85' lang='lat' dir='ltr'><strong>itineris</strong></span> <span class='ocrx_word' id='word_1_793' title='bbox 2803 4991 2909 5045; x_wconf 89' lang='lat' dir='ltr'><strong>alio</strong></span> <span class='ocrx_word' id='word_1_794' title='bbox 2931 4990 3185 5045; x_wconf 84' lang='lat' dir='ltr'><strong>destinati</strong></span> <span class='ocrx_word' id='word_1_795' title='bbox 3216 5004 3433 5043; x_wconf 84' lang='lat' dir='ltr'><strong>cursum</strong></span> <span class='ocrx_word' id='word_1_796' title='bbox 3460 4990 3524 5041; x_wconf 84' lang='lat' dir='ltr'><strong>ad</strong></span> <span class='ocrx_word' id='word_1_797' title='bbox 3551 4984 3653 5041; x_wconf 82' lang='lat' dir='ltr'><strong>Ma—</strong></span> 
     </span>
    </p>
   </div>
   <div class='ocr_carea' id='block_1_108' title="bbox 2048 5078 3652 5153">
    <p class='ocr_par' dir='ltr' id='par_1_108' title="bbox 2048 5078 3652 5153">
     <span class='ocr_line' id='line_1_108' title="bbox 2048 5078 3652 5153; baseline -0.007 -7"><span class='ocrx_word' id='word_1_798' title='bbox 2048 5090 2331 5146; x_wconf 83' lang='lat' dir='ltr'><strong>cedoniam</strong></span> <span class='ocrx_word' id='word_1_799' title='bbox 2363 5095 2721 5143; x_wconf 71' lang='lat' dir='ltr'><strong>cenvertuse.</strong></span> <span class='ocrx_word' id='word_1_800' title='bbox 2772 5086 2985 5153; x_wconf 86' lang='lat' dir='ltr'><strong>Quanto</strong></span> <span class='ocrx_word' id='word_1_801' title='bbox 3019 5083 3201 5153; x_wconf 88' lang='lat' dir='ltr'><strong>itaque</strong></span> <span class='ocrx_word' id='word_1_802' title='bbox 3234 5080 3446 5136; x_wconf 91' lang='lat' dir='ltr'><strong>Domini</strong></span> <span class='ocrx_word' id='word_1_803' title='bbox 3481 5078 3652 5135; x_wconf 90' lang='lat' dir='ltr'><strong>nostri</strong></span> 
     </span>
    </p>
   </div>
   <div class='ocr_carea' id='block_1_109' title="bbox 2049 5174 3652 5252">
    <p class='ocr_par' dir='ltr' id='par_1_109' title="bbox 2049 5174 3652 5252">
     <span class='ocr_line' id='line_1_109' title="bbox 2049 5174 3652 5252; baseline -0.009 -12"><span class='ocrx_word' id='word_1_804' title='bbox 2049 5184 2176 5241; x_wconf 75' lang='lat' dir='ltr'><strong>Jesu</strong></span> <span class='ocrx_word' id='word_1_805' title='bbox 2208 5182 2412 5239; x_wconf 81' lang='lat' dir='ltr'><strong>ChriSIi</strong></span> <span class='ocrx_word' id='word_1_806' title='bbox 2443 5182 2619 5252; x_wconf 66' lang='lat' dir='ltr'><strong>major</strong></span> <span class='ocrx_word' id='word_1_807' title='bbox 2665 5191 2748 5235; x_wconf 80' lang='lat' dir='ltr'><strong>est</strong></span> <span class='ocrx_word' id='word_1_808' title='bbox 2781 5177 2973 5249; x_wconf 83' lang='lat' dir='ltr'><strong>gloria.</strong></span> <span class='ocrx_word' id='word_1_809' title='bbox 3008 5178 3151 5249; x_wconf 89' lang='lat' dir='ltr'><strong>quod</strong></span> <span class='ocrx_word' id='word_1_810' title='bbox 3188 5176 3238 5231; x_wconf 90' lang='lat' dir='ltr'><strong>id</strong></span> <span class='ocrx_word' id='word_1_811' title='bbox 3290 5174 3534 5229; x_wconf 88' lang='lat' dir='ltr'><strong>minimis</strong></span> <span class='ocrx_word' id='word_1_812' title='bbox 3566 5179 3652 5226; x_wconf 85' lang='lat' dir='ltr'><strong>at-</strong></span> 
     </span>
    </p>
   </div>
   <div class='ocr_carea' id='block_1_110' title="bbox 2048 5262 3649 5347">
    <p class='ocr_par' dir='ltr' id='par_1_110' title="bbox 2048 5262 3649 5347">
     <span class='ocr_line' id='line_1_110' title="bbox 2048 5262 3649 5347; baseline -0.006 -18"><span class='ocrx_word' id='word_1_813' title='bbox 2048 5292 2156 5347; x_wconf 90' lang='lat' dir='ltr'><strong>que</strong></span> <span class='ocrx_word' id='word_1_814' title='bbox 2204 5274 2446 5345; x_wconf 90' lang='lat' dir='ltr'><strong>indignis</strong></span> <span class='ocrx_word' id='word_1_815' title='bbox 2496 5272 2713 5327; x_wconf 79' lang='lat' dir='ltr'><strong>famulis</strong></span> <span class='ocrx_word' id='word_1_816' title='bbox 2762 5273 3008 5326; x_wconf 87' lang='lat' dir='ltr'><strong>revelare</strong></span> <span class='ocrx_word' id='word_1_817' title='bbox 3057 5269 3311 5341; x_wconf 81' lang='lat' dir='ltr'><strong>dignatus</strong></span> <span class='ocrx_word' id='word_1_818' title='bbox 3354 5276 3461 5333; x_wconf 86' lang='lat' dir='ltr'><strong>est,</strong></span> <span class='ocrx_word' id='word_1_819' title='bbox 3502 5262 3649 5333; x_wconf 89' lang='lat' dir='ltr'><strong>quod</strong></span> 
     </span>
    </p>
   </div>
   <div class='ocr_carea' id='block_1_111' title="bbox 2050 5362 3652 5437">
    <p class='ocr_par' dir='ltr' id='par_1_111' title="bbox 2050 5362 3652 5437">
     <span class='ocr_line' id='line_1_111' title="bbox 2050 5362 3652 5437; baseline -0.009 -11"><span class='ocrx_word' id='word_1_820' title='bbox 2050 5372 2213 5426; x_wconf 87' lang='lat' dir='ltr'><strong>etiam</strong></span> <span class='ocrx_word' id='word_1_821' title='bbox 2249 5369 2407 5422; x_wconf 84' lang='lat' dir='ltr'><strong>beato</strong></span> <span class='ocrx_word' id='word_1_822' title='bbox 2456 5366 2726 5437; x_wconf 83' lang='lat' dir='ltr'><strong>Apostolo</strong></span> <span class='ocrx_word' id='word_1_823' title='bbox 2756 5364 3191 5419; x_wconf 76' lang='lat' dir='ltr'><strong>demonstratum</strong></span> <span class='ocrx_word' id='word_1_824' title='bbox 3243 5362 3524 5429; x_wconf 86' lang='lat' dir='ltr'><strong>Scriptura</strong></span> <span class='ocrx_word' id='word_1_825' title='bbox 3558 5373 3652 5412; x_wconf 86' lang='lat' dir='ltr'><strong>ce-</strong></span> 
     </span>
    </p>
   </div>
   <div class='ocr_carea' id='block_1_112' title="bbox 2053 5448 3652 5531">
    <p class='ocr_par' dir='ltr' id='par_1_112' title="bbox 2053 5448 3652 5531">
     <span class='ocr_line' id='line_1_112' title="bbox 2053 5448 3652 5531; baseline -0.008 -13"><span class='ocrx_word' id='word_1_826' title='bbox 2053 5464 2168 5518; x_wconf 89' lang='lat' dir='ltr'><strong>lare</strong></span> <span class='ocrx_word' id='word_1_827' title='bbox 2215 5461 2443 5528; x_wconf 76' lang='lat' dir='ltr'><strong>uoluitil</strong></span> <span class='ocrx_word' id='word_1_828' title='bbox 2468 5461 2634 5531; x_wconf 89' lang='lat' dir='ltr'><strong>Igitur</strong></span> <span class='ocrx_word' id='word_1_829' title='bbox 2682 5457 2966 5513; x_wconf 84' lang='lat' dir='ltr'><strong>brevitatis</strong></span> <span class='ocrx_word' id='word_1_830' title='bbox 2997 5472 3182 5521; x_wconf 89' lang='lat' dir='ltr'><strong>causa,</strong></span> <span class='ocrx_word' id='word_1_831' title='bbox 3234 5471 3297 5508; x_wconf 90' lang='lat' dir='ltr'><strong>ne</strong></span> <span class='ocrx_word' id='word_1_832' title='bbox 3327 5448 3652 5509; x_wconf 84' lang='lat' dir='ltr'><strong>beatitudini</strong></span> 
     </span>
    </p>
   </div>
   <div class='ocr_carea' id='block_1_113' title="bbox 2053 5547 3649 5621">
    <p class='ocr_par' dir='ltr' id='par_1_113' title="bbox 2053 5547 3649 5621">
     <span class='ocr_line' id='line_1_113' title="bbox 2053 5547 3649 5621; baseline -0.004 -12"><span class='ocrx_word' id='word_1_833' title='bbox 2053 5565 2249 5611; x_wconf 74' lang='lat' dir='ltr'><strong>vestra:</strong></span> <span class='ocrx_word' id='word_1_834' title='bbox 2299 5552 2585 5608; x_wconf 86' lang='lat' dir='ltr'><strong>fastidium</strong></span> <span class='ocrx_word' id='word_1_835' title='bbox 2637 5551 2873 5606; x_wconf 87' lang='lat' dir='ltr'><strong>fortasse</strong></span> <span class='ocrx_word' id='word_1_836' title='bbox 2925 5552 3203 5621; x_wconf 85' lang='lat' dir='ltr'><strong>gignatur,</strong></span> <span class='ocrx_word' id='word_1_837' title='bbox 3273 5547 3383 5601; x_wconf 91' lang='lat' dir='ltr'><strong>duo</strong></span> <span class='ocrx_word' id='word_1_838' title='bbox 3440 5554 3649 5602; x_wconf 88' lang='lat' dir='ltr'><strong>tantum</strong></span> 
     </span>
    </p>
   </div>
   <div class='ocr_carea' id='block_1_114' title="bbox 2053 5651 2552 5711">
    <p class='ocr_par' dir='ltr' id='par_1_114' title="bbox 2053 5651 2552 5711">
     <span class='ocr_line' id='line_1_114' title="bbox 2053 5651 2552 5711; baseline -0.008 0"><span class='ocrx_word' id='word_1_839' title='bbox 2053 5651 2263 5711; x_wconf 90' lang='lat' dir='ltr'><strong>somnia</strong></span> <span class='ocrx_word' id='word_1_840' title='bbox 2295 5651 2552 5707; x_wconf 88' lang='lat' dir='ltr'><strong>inseram.</strong></span> 
     </span>
    </p>
   </div>
   <div class='ocr_carea' id='block_1_115' title="bbox 2127 5735 3659 5817">
    <p class='ocr_par' dir='ltr' id='par_1_115' title="bbox 2127 5735 3659 5817">
     <span class='ocr_line' id='line_1_115' title="bbox 2127 5735 3659 5817; baseline -0.008 -14"><span class='ocrx_word' id='word_1_841' title='bbox 2127 5747 2283 5817; x_wconf 86' lang='lat' dir='ltr'><strong>Apud</strong></span> <span class='ocrx_word' id='word_1_842' title='bbox 2314 5761 2411 5801; x_wconf 91' lang='lat' dir='ltr'><strong>nos</strong></span> <span class='ocrx_word' id='word_1_843' title='bbox 2439 5745 2637 5800; x_wconf 88' lang='lat' dir='ltr'><strong>devota</strong></span> <span class='ocrx_word' id='word_1_844' title='bbox 2668 5740 2921 5814; x_wconf 74' lang='lat' dir='ltr'><strong>qumdam</strong></span> <span class='ocrx_word' id='word_1_845' title='bbox 2967 5737 3404 5809; x_wconf 65' lang='lat' dir='ltr'><strong>religiosissima,</strong></span> <span class='ocrx_word' id='word_1_846' title='bbox 3432 5735 3659 5791; x_wconf 83' lang='lat' dir='ltr'><strong>nomine</strong></span> 
     </span>
    </p>
   </div>
   <div class='ocr_carea' id='block_1_116' title="bbox 2055 5829 3652 5912">
    <p class='ocr_par' dir='ltr' id='par_1_116' title="bbox 2055 5829 3652 5912">
     <span class='ocr_line' id='line_1_116' title="bbox 2055 5829 3652 5912; baseline -0.008 -13"><span class='ocrx_word' id='word_1_847' title='bbox 2055 5840 2376 5907; x_wconf 77' lang='lat' dir='ltr'><strong>Theodoro,</strong></span> <span class='ocrx_word' id='word_1_848' title='bbox 2409 5854 2529 5912; x_wconf 76' lang='lat' dir='ltr'><strong>ane</strong></span> <span class='ocrx_word' id='word_1_849' title='bbox 2562 5846 2617 5894; x_wconf 90' lang='lat' dir='ltr'><strong>et</strong></span> <span class='ocrx_word' id='word_1_850' title='bbox 2649 5836 2959 5907; x_wconf 85' lang='lat' dir='ltr'><strong>virginitate</strong></span> <span class='ocrx_word' id='word_1_851' title='bbox 2995 5832 3263 5899; x_wconf 70' lang='lat' dir='ltr'><strong>corporis,</strong></span> <span class='ocrx_word' id='word_1_852' title='bbox 3297 5842 3348 5885; x_wconf 90' lang='lat' dir='ltr'><strong>et</strong></span> <span class='ocrx_word' id='word_1_853' title='bbox 3386 5829 3652 5899; x_wconf 79' lang='lat' dir='ltr'><strong>religione</strong></span> 
     </span>
    </p>
   </div>
   <div class='ocr_carea' id='block_1_117' title="bbox 2063 5926 3666 6011">
    <p class='ocr_par' dir='ltr' id='par_1_117' title="bbox 2063 5926 3666 6011">
     <span class='ocr_line' id='line_1_117' title="bbox 2063 5926 3666 6011; baseline -0.009 -18"><span class='ocrx_word' id='word_1_854' title='bbox 2063 5937 2351 6011; x_wconf 82' lang='lat' dir='ltr'><strong>prepositi,</strong></span> <span class='ocrx_word' id='word_1_855' title='bbox 2382 5943 2439 5992; x_wconf 84' lang='lat' dir='ltr'><strong>et</strong></span> <span class='ocrx_word' id='word_1_856' title='bbox 2464 5934 2702 5991; x_wconf 91' lang='lat' dir='ltr'><strong>nominis</strong></span> <span class='ocrx_word' id='word_1_857' title='bbox 2736 5926 3195 6000; x_wconf 87' lang='lat' dir='ltr'><strong>interpretatione</strong></span> <span class='ocrx_word' id='word_1_858' title='bbox 3232 5937 3415 6000; x_wconf 86' lang='lat' dir='ltr'><strong>typum</strong></span> <span class='ocrx_word' id='word_1_859' title='bbox 3443 5938 3666 6003; x_wconf 70' lang='lat' dir='ltr'><strong>portare</strong></span> 
     </span>
    </p>
   </div>
  </div>
