4122 6346
538 321 645 379 755

1614 316 1866 374 SEVERI
1908 312 2222 372 EPISCOPI
2263 312 2757 371 MAIORICENSIS

3738 306 3842 370 736

538 435 802 494 Ecclesiae
833 443 1165 503 mereretur,
1193 434 1329 490 vidit
1360 434 1413 488 in
1454 434 1667 487 visione
1694 433 1877 487 noctis
1905 431 2127 486 viduam
2158 432 2214 493 Α
2239 429 2656 503 polluerentur)
2707 430 2916 502 ingredi
2971 430 3058 485 dic
3116 429 3313 486 eadem
3372 446 3480 485 non
3536 436 3793 500 oportere
3820 442 3835 484 :

536 545 701 602 quam
731 529 1124 585 nobilissimam
1153 528 1220 583 ad
1250 542 1356 590 me,
1388 526 1479 597 qui
1510 542 1615 580 non
1644 541 1743 595 pro
1783 523 1999 591 merito,
2032 524 2128 578 sed

538 639 637 695 pro
663 624 834 679 divini
866 626 1107 679 muneris
1153 624 1402 693 largitate
1443 619 1755 675 sacerdotio
1788 617 2003 687 fuugor,
2047 617 2131 671 in-

542 724 718 772 sertas
750 717 959 771 litteras
1002 730 1096 786 per
1140 730 1199 770 se
1241 709 1681 784 misisse[Forte
1726 708 2129 781 prtemisisse],

541 811 741 883 quibus
785 812 919 866 mihi
977 818 1202 866 cunctos
1247 824 1408 878 agros
1454 822 1584 863 suos
1637 806 1704 861 ad
1744 805 2133 861 seminandum

544 907 864 978 suppliciter
906 905 1151 961 offerret.
1195 904 1368 960 Simili
1403 905 1573 958 etiam
1606 903 1829 958 somnio
1881 918 1968 958 me
1999 920 2137 970 quo-

545 1014 650 1071 que
678 998 931 1053 ultimum
965 1007 1308 1066 peccatorum
1345 996 1415 1051 ad
1464 995 1847 1052 seminandum
1897 997 2139 1065 prmcin-

543 1107 675 1163 gere
708 1101 763 1147 et
789 1106 1133 1147 commonere
1167 1090 1425 1161 dignatus
1454 1100 1558 1146 est.
1596 1089 1764 1145 Vidua
1808 1090 1954 1146 enim
1985 1104 2140 1160 quae-

543 1185 669 1241 dam
698 1184 868 1239 altera
921 1184 1318 1251 nobilisssima,
1354 1201 1517 1256 quam
1563 1199 1857 1256 synagoga:
1897 1184 2136 1255 speciem

538 1280 797 1333 habuisse
825 1293 935 1333 non
954 1278 1183 1333 dubium
1202 1289 1309 1343 est,
1330 1295 1438 1343 me,
1459 1290 1516 1334 ut
1545 1294 1706 1351 agros
1742 1293 1873 1334 suos
1902 1279 2140 1333 incultos

543 1372 906 1442 susciperem,
934 1388 1138 1443 eosque
1168 1374 1389 1441 quando
1436 1383 1651 1442 tempus
1681 1374 1946 1427 sementis
1982 1388 2141 1443 urge-

542 1476 647 1531 ret,
679 1465 975 1538 diligenter
1020 1468 1363 1532 excolerem,
1414 1467 1841 1537 deprecabatur.
1891 1466 2025 1532 Quae
2056 1475 2141 1521 est

539 1571 723 1617 autem
753 1562 917 1616 altera
944 1561 1287 1617 nobilissima
1316 1563 1502 1627 vidua,
1540 1564 1643 1617 nisi
1694 1564 1808 1627 illa,
1835 1578 1955 1633 qua:
1983 1562 2142 1617 Chri-

542 1643 686 1709 stum
736 1653 903 1724 impie
951 1654 1293 1723 perimendo,
1351 1656 1709 1724 semetipsani
1759 1656 2143 1711 crudelissime

539 1746 822 1801 viduavit?
856 1747 968 1803 Hoc
997 1749 1267 1803 somnium
1298 1748 1591 1820 utriusque
1642 1764 1809 1803 unum
1858 1757 1962 1803 est.
2000 1752 2141 1803 Ante

2239 538 2362 579 esse
2388 523 2533 579 enim
2565 523 2707 578 diem
2741 524 2977 588 sabbati,
3011 524 3172 595 cujus
3227 523 3576 580 festivitatem
3610 523 3724 578 suis
3765 519 3841 579 illi

2241 618 2451 671 actibus
2484 619 2883 688 corrupissent.
2939 618 3173 673 Rursum
3224 633 3327 689 ego
3354 619 3619 686 expetivi,
3663 626 3722 671 ut
3760 632 3841 673 me

2242 713 2309 767 ad
2341 728 2692 785 synagogam,
2744 714 2787 767 si
2843 714 3093 780 mallent,
3145 713 3556 784 opperirentur,
3591 711 3841 781 quando-

2242 806 2462 877 quidem
2510 806 2784 876 iugressus
2814 806 3067 861 ecclesia.-
3108 807 3343 876 pollutio
3372 805 3659 861 videretur
3691 822 3703 857 :
3738 819 3843 860 non

2244 901 2431 969 utique
2453 915 2547 954 eos
2575 915 2601 951 a
2631 898 2787 954 nobis
2814 899 2869 953 in
2902 900 2991 953 die
3034 898 3158 954 festi
3192 898 3407 955 sabbati
3453 898 3518 953 ad
3553 912 3695 967 opus
3726 912 3841 952 ser-

2242 995 2347 1049 vile
2364 994 2651 1064 compelli;
2678 996 2912 1048 futurum
2937 1004 3120 1049 autem
3159 994 3606 1050 honestissimum
3633 993 3701 1048 de
3726 993 3841 1063 lege

2244 1088 2583 1153 conﬂictum,
2609 1102 2709 1142 nec
2736 1086 3058 1142 excitandas
3090 1086 3217 1141 lites
3244 1096 3299 1140 et
3333 1086 3543 1142 fabulas
3575 1101 3701 1141 esse
3724 1086 3846 1139 mis-

2245 1181 2448 1235 cendas
2478 1199 2490 1235 :
2522 1191 2636 1247 aut,
2689 1182 2735 1234 si
2769 1196 2873 1234 non
2920 1189 3102 1235 astute
3159 1189 3441 1235 certamen
3495 1180 3769 1250 fugerent,
3798 1182 3851 1232 et

2244 1274 2549 1345 simplicem
2579 1274 3303 1339 afferreotexcusationem,
3334 1274 3695 1329 ostenderent
3725 1286 3850 1342 prae-

2246 1381 2487 1442 ceptum,
2517 1372 2659 1441 quod
2690 1372 2742 1424 in
2798 1386 2863 1426 eo
2892 1370 2984 1424 die
3016 1384 3328 1425 sermonem
3373 1368 3633 1425 conferre
3664 1365 3851 1437 prohi-

2249 1466 2417 1520 bitum
2449 1464 2537 1519 sit.
2568 1466 2647 1519 Ad
2684 1466 2799 1519 haec
2828 1480 2953 1519 cum
2984 1464 3058 1518 illi
3093 1464 3143 1518 in
3175 1464 3431 1518 omnibus
3460 1459 3848 1519 contradictioo

2248 1574 2370 1613 nem
2390 1558 2880 1613 obstinatissiinatn
2906 1557 3250 1623 retulissent,
3273 1556 3491 1611 tandem
3516 1556 3661 1610 illius
3685 1554 3849 1610 leonis

2250 1660 2460 1707 terrore
2490 1652 2774 1721 compulsi,
2812 1652 2878 1705 ad
2909 1651 3156 1717 domum,
3188 1651 3244 1705 in
3277 1668 3441 1721 quam
3477 1652 3719 1722 ImSpitio
3763 1665 3850 1704 ac-

2249 1760 2545 1814 cesseram,
2575 1744 2980 1799 confluxerunt.
3012 1744 3092 1799 lbi
3121 1760 3226 1816 ego
3259 1763 3271 1800 :
3307 1746 3505 1812 Qumso
3529 1741 3849 1816 (inquam),

544 1840 758 1910 triginta
786 1841 955 1896 ferme
980 1858 1141 1911 quam
1168 1842 1491 1912 impleretur
1522 1842 1670 1907 dies,
1698 1852 1755 1897 et
1780 1841 1987 1896 vidisse
2017 1856 2139 1908 nos,
2176 1840 2221 1899 B
2251 1839 2469 1904 fratres,
2524 1854 2693 1909 quare
2725 1839 2878 1909 quasi
2931 1838 3194 1894 adversus
3242 1839 3507 1903 lationes,
3549 1837 3852 1909 praesertim

545 1940 601 1987 et
633 1932 760 1988 licet
798 1932 1195 1988 absolutionem
1226 1936 1349 2004 ejus
1389 1936 1791 2005 ignoraremus,
1824 1943 2007 1988 tamen
2037 1932 2149 1988 fra-

547 2024 727 2080 tribus
750 2024 1045 2093 indicasse,
1075 2026 1423 2083 manifestum
1450 2040 1558 2083 est.

616 2119 773 2190 Apud
802 2119 1017 2175 Judmos
1046 2137 1263 2192 quoque
1295 2123 1435 2177 miro
1471 2122 1676 2177 divina:
1714 2122 2149 2193 dispensationis

544 2212 758 2281 ordine,
790 2222 847 2267 ut
869 2222 924 2269 et
952 2216 1191 2270 nominis
1218 2214 1517 2279 Theodori,
1548 2227 1603 2271 et
1630 2216 1795 2272 officii
1819 2216 1925 2271 mei
1953 2217 2005 2270 in
2031 2233 2145 2269 uno

544 2304 767 2361 homine
789 2307 1046 2373 societas,
1074 2307 1412 2374 conveniret,
1439 2308 1761 2365 Theodorus
1785 2310 1874 2380 qui
1903 2324 2152 2364 summus

542 2400 799 2454 sacerdos
824 2399 1011 2469 perfidi
1038 2399 1222 2470 populi
1245 2408 1381 2464 erat,
1413 2402 1712 2467 somnium,
1739 2402 1883 2471 quod
1907 2402 2148 2465 viderat,

548 2506 658 2547 non
705 2492 879 2547 solum
930 2493 1157 2559 Judaeis,
1214 2493 1309 2548 sed
1361 2494 1526 2548 etiam
1559 2492 1877 2565 prapinqure
1926 2493 2147 2549 cuidam
2239 2542 2249 2551 .

551 2584 949 2639 matrifamilias
997 2585 1270 2655 primariae
1327 2584 1502 2655 ipsius
1544 2586 1803 2652 civitatis,
1859 2587 2153 2657 multisque

548 2681 712 2735 etiam
752 2681 875 2735 aliis
919 2678 1270 2747 Christianis,
1304 2692 1431 2737 ante
1475 2696 1583 2735 non
1620 2697 1809 2751 parum
1859 2698 2021 2752 quam
2056 2683 2154 2736 ad-

547 2772 869 2840 impleretur
937 2783 1172 2842 tempus,
1230 2773 1314 2827 bis
1387 2776 1737 2829 sermonibus
1802 2776 2150 2845 propalavit:

553 2865 713 2919 Eunti
767 2864 896 2919 mihi
946 2864 1265 2937 (inquit)in
1311 2883 1660 2939 synagogam,
1712 2869 1999 2925 duodecim
2053 2870 2152 2924 viri

552 2972 747 3011 manus
806 2958 990 3013 obvias
1043 2959 1385 3025 obtulerunt,
1444 2962 1687 3016 dicentes
1735 2961 1899 3028 :Qno
1956 2962 2154 3018 vadis?

548 3048 637 3105 leo
670 3050 781 3106 illic
808 3061 909 3106 est.
949 3049 1082 3106 Cum
1121 3068 1276 3123 ergo,
1310 3055 1497 3108 audito
1550 3055 1725 3110 leonis
1756 3056 1997 3125 nomine,
2034 3067 2151 3112 tre-

553 3142 741 3215 pidare
775 3145 1102 3211 cozpissem;
1137 3148 1313 3200 locum
1344 3156 1548 3212 tamen,
1582 3148 1708 3201 dum
1757 3149 1939 3218 fugam
1992 3166 2149 3219 paro,

2251 1932 2303 1985 in
2355 1932 2572 1986 civitate
2602 1932 2865 1987 Romanis
2895 1933 3105 2004 legibus
3153 1933 3401 2000 subdita,
3434 1948 3668 1987 acervos
3700 1946 3854 1987 saxo-

2250 2041 2391 2093 rum,
2427 2028 2719 2098 omniaque
2752 2044 3028 2083 armorum
3061 2044 3267 2098 genera
3298 2028 3718 2099 congregastis?
3749 2027 3854 2085 Nos

2249 2119 2535 2187 acquirere
2557 2121 2944 2189 cupimus,vos
2966 2119 3199 2189 perdere
3229 2119 3592 2175 desideratis?
3624 2118 3742 2174 Non
3776 2127 3854 2174 est

2256 2210 2541 2282 (quantum
2570 2213 2834 2284 arbitror)
2868 2228 3107 2282 aequum,
3140 2222 3201 2267 ut
3240 2223 3347 2267 tam
3377 2213 3526 2267 varia
3561 2212 3659 2267 litc
3690 2212 3857 2267 alter-

2253 2314 2435 2358 utrum
2484 2305 2831 2361 laboremus:
2864 2322 2960 2360 vos
3004 2307 3259 2378 vero(ut
3302 2306 3498 2377 video)
3545 2306 3715 2363 sititis
3760 2321 3855 2361 no-

2253 2407 2428 2452 strum
2456 2398 2806 2469 sanguinem,
2840 2414 2938 2453 nos
2961 2414 3093 2454 vero
3118 2408 3354 2454 vestram
3379 2399 3640 2454 salutem.

2324 2490 2405 2545 Ad
2456 2491 2571 2547 haec
2598 2492 2670 2546 illi
2706 2492 2981 2562 paululum
3035 2493 3232 2561 territi,
3281 2508 3550 2564 negavcre
3598 2492 3845 2549 factum:

2256 2585 2458 2639 nostris
2498 2584 2897 2639 affirimintihus
2926 2584 2999 2638 ita
3024 2601 3084 2640 se
3116 2584 3343 2655 habere,
3395 2588 3558 2641 etiam
3601 2600 3727 2640 cum
3772 2586 3855 2656 ju-

2257 2677 2547 2747 rejurando
2573 2678 2970 2734 renitebantur.
3000 2678 3150 2733 'l‘unc
3182 2694 3305 2750 ego,
3339 2688 3396 2733 ut
3425 2678 3631 2733 nodum
3665 2687 3854 2747 empta:

2255 2776 2621 2831 contentionis
2664 2775 3042 2831 abscinderem
3072 2793 3083 2828 :
3110 2774 3213 2832 Ubi
3241 2791 3329 2830 res
3358 2775 3642 2848 (inquam)
3684 2773 3853 2828 oculis

2257 2869 2475 2938 probari
2499 2878 2699 2939 potest,
2719 2869 2997 2939 jnratione
3018 2868 3146 2939 quid
3173 2883 3309 2939 opus
3332 2869 3454 2922 est?
3476 2880 3667 2923 eamus
3699 2866 3852 2936 igitur

2255 2962 2321 3016 ad
2351 2977 2704 3033 synagogam,
2738 2971 2790 3015 et
2824 2972 3003 3015 utrum
3031 2976 3127 3030 pro
3152 2962 3284 3014 vitio
3312 2976 3382 3015 an
3407 2960 3638 3014 veritate
3671 2968 3849 3013 vestra

2259 3056 2467 3108 nitatur
2492 3056 2746 3120 assertio,
2784 3055 3188 3123 vobismetipsis
3234 3053 3583 3120 testantibus,
3615 3068 3853 3122 compro-

2259 3149 2489 3204 habitur.
2526 3148 2764 3219 Pergere
2792 3150 2952 3217 igitur
2983 3148 3050 3201 ad
3076 3162 3410 3219 synagogam
3460 3147 3752 3217 cepimus,
3802 3154 3854 3201 et

554 3237 698 3292 unde
730 3237 1169 3308 introspiceretu,
1205 3242 1409 3311 reperi,
1461 3251 1518 3296 et
1547 3243 1654 3298 vidi
1704 3242 2007 3298 monachos
2040 3243 2150 3297 illic
2180 3228 2224 3290 C
2258 3241 2520 3313 hymnum
2547 3242 2764 3298 Christo
2796 3259 2893 3314 per
2925 3244 3154 3313 plateam
3185 3259 3252 3297 ex
3282 3243 3631 3297 multitudine
3655 3242 3851 3297 laetitia:

555 3333 692 3387 mira
740 3334 1009 3389 suavitate
1042 3335 1335 3403 psallentes
1364 3354 1374 3388 :
1407 3337 1582 3405 major
1636 3337 1773 3391 mihi
1806 3352 1975 3406 pavor
2002 3336 2148 3391 illico

553 3426 801 3495 adjectus
824 3439 940 3492 esl;
971 3438 1025 3482 et
1054 3428 1160 3482 nisi
1193 3428 1245 3482 in
1274 3428 1557 3499 cujusdam
1592 3434 1811 3486 nomine
1847 3432 2038 3488 Ruben
2068 3434 2151 3485 in-

550 3536 772 3591 gressus
801 3521 1026 3577 fuissem
1058 3522 1301 3588 domum,
1335 3531 1391 3577 et
1417 3524 1543 3579 inde
1569 3525 1634 3579 ad
1664 3535 1894 3580 matrem
1929 3524 2149 3594 pt‘Opin-

554 3629 716 3682 quam
741 3630 906 3670 cursu
940 3617 1206 3687 prtecipiti
1235 3619 1641 3685 convolassem,
1671 3634 2015 3689 nequaquam
2050 3635 2149 3673 cu-

550 3721 667 3760 ram
700 3707 967 3762 mortiferi
995 3709 1229 3762 terroris
1257 3710 1577 3765 evasisscm.
1607 3710 1705 3765 llla
1734 3728 1820 3765 me
1842 3712 2149 3766 exanimem

550 3800 674 3854 sinu
706 3816 808 3855 suo
839 3801 1160 3865 confovens,
1193 3818 1221 3855 a
1255 3802 1576 3858 discrimine
1617 3806 1825 3875 pariter
1852 3815 1908 3861 et
1938 3821 1966 3859 a
2001 3817 2146 3861 metu

551 3892 776 3961 eripuit.
819 3893 929 3948 lloc
954 3894 1072 3962 ejus
1102 3898 1375 3949 somnium
1404 3898 1563 3951 valde
1593 3898 1800 3952 clarum
1833 3909 1939 3964 est,
1967 3909 2021 3954 et
2069 3902 2149 3953 in.

554 3990 949 4057 terpretatione
981 4004 1089 4044 non
1126 3989 1351 4058 indiget.
1387 3990 1520 4058 Quis
1567 3993 1715 4046 enim
1765 3993 1873 4059 leo,
1908 3994 2011 4047 nisi
2056 3994 2147 4049 ille

556 4079 625 4134 de
658 4081 800 4135 tribu
827 4081 962 4136 .luda
994 4082 1152 4136 radix
1185 4082 1349 4138 David
1375 4084 1573 4156 (Apoc.
1605 4101 1636 4139 v
1659 4086 1715 4157 )‘.’
1744 4086 1878 4154 Quae
1921 4088 2145 4157 propin-

482 4164 491 4169 ’
549 4186 653 4243 qua
697 4173 812 4241 illa,
848 4172 950 4229 nisi
975 4174 1043 4230 de
1084 4191 1187 4244 qua
1222 4176 1487 4247 scriptum
1518 4190 1599 4232 est
1632 4195 1644 4231 :
1676 4178 1794 4234 Una
1817 4190 1902 4234 est
1931 4182 2151 4249 propin-

546 4282 650 4339 qua
682 4284 799 4325 mea
842 4268 1031 4341 (Cant.
1064 4270 1188 4341 v1)?
1240 4270 1373 4326 Illud
1421 4287 1558 4342 ergo
1612 4273 1790 4327 solum
1849 4274 2144 4330 videbatur

548 4361 865 4429 obscurum,
911 4362 1055 4433 quod
1102 4364 1156 4417 in
1203 4364 1423 4418 domum
1456 4364 1649 4420 Ruben
1677 4364 1875 4430 Judaei,
1919 4381 1948 4420 a
1984 4366 2144 4423 leone

543 4469 665 4509 cum
700 4465 1027 4523 terreretur,
1061 4457 1345 4527 ingressus
1372 4470 1457 4514 est
1489 4475 1503 4511 :
1533 4459 1678 4528 quod
1716 4460 1935 4529 quidem
1986 4463 2144 4517 nobis

545 4549 896 4619 postmodum
924 4551 993 4604 ab
1018 4548 1138 4619 ipso
1177 4550 1357 4616 leone,
1401 4551 1494 4620 qui
1523 4551 1738 4617 terruit,
1788 4563 1846 4606 ut
1878 4553 2137 4623 salvaret,

2258 3335 2589 3389 canebamus
2634 3354 2645 3390 :
2704 3337 2945 3405 psalmus
2991 3344 3193 3401 autem,
3227 3336 3317 3406 qui
3351 3336 3484 3390 mira
3514 3336 3852 3405 jucunditate

2257 3428 2423 3481 etiam
2454 3444 2482 3481 a
2514 3428 2825 3483 Judaaorum
2854 3429 3071 3500 populis
3098 3429 3523 3493 decantabatur,
3582 3431 3670 3485 hic
3715 3429 3848 3484 fuit:

2257 3519 2424 3574 Periit
2464 3522 2723 3575 memoria
2771 3537 2961 3577 eorum
3011 3538 3132 3577 cum
3187 3525 3443 3593 strepitu,
3494 3532 3549 3578 et
3594 3524 3851 3579 Dominus

2256 3613 2307 3667 in
2340 3624 2603 3669 aeternum
2644 3626 2928 3684 permanet
2961 3617 3087 3688 (Ps.
3119 3617 3226 3687 ιχ).
3280 3617 3387 3673 Sed
3437 3630 3731 3689 antequam
3786 3619 3849 3675 ad

2255 3721 2585 3777 synagogam
2617 3713 3053 3778 perveniremus,
3085 3710 3333 3781 qumdam
3365 3711 3566 3766 Judaeze
3599 3714 3849 3769 mulieres

2256 3800 2637 3873 (ordinatione
2668 3803 2834 3858 credo
2863 3803 2986 3873 Dei)
3025 3802 3311 3858 audaciam
3352 3816 3771 3874 praesumentes,
3797 3814 3849 3859 ut

2253 3895 2463 3949 scilicet
2497 3904 2807 3950 nostrorum
2840 3897 3040 3951 lenitas
3067 3897 3414 3965 incitaretur,
3442 3897 3650 3967 lapides
3677 3898 3731 3952 in
3756 3912 3848 3953 nos

2253 4000 2320 4041 ex
2351 3989 2627 4057 superiori
2661 3990 2778 4043 loco
2822 3989 3474 4060 humanissimosjactare
3517 3999 3800 4061 ctrpcrunt
3834 4008 3844 4043 :

2253 4082 2341 4150 qui
2375 4084 2598 4152 (mirum
2635 4083 2805 4154 diem)
2828 4099 2960 4147 cum
2984 4100 3150 4153 super
3178 4084 3644 4139 confertissimam
3675 4084 3849 4139 multi-

2255 4173 2522 4241 tudinem,
2545 4175 2826 4245 grandinis
2855 4177 3048 4243 instar,
3083 4176 3513 4246 descenderent,
3572 4179 3844 4234 neminem

2252 4276 2559 4321 nostrorum
2587 4285 2690 4323 non
2716 4272 2890 4325 solum
2915 4272 3043 4335 ictu,
3074 4270 3170 4325 sed
3194 4280 3423 4326 netactu
3444 4272 3662 4341 quidem
3685 4286 3847 4327 vexa-

2250 4378 2399 4418 vere.
2438 4364 2533 4419 I'Iic
2556 4366 2837 4435 agnissuis
2868 4365 3061 4421 leoille
3092 4365 3352 4419 terribilis
3375 4368 3845 4422 mansuetudinem

2249 4460 2526 4527 paululum
2573 4462 2796 4517 abstulit
2825 4481 2836 4516 :
2868 4478 3057 4518 omnes
3087 4462 3389 4533 siquidem,
3426 4463 3846 4520 reclamantibus

2250 4553 2429 4621 nobis,
2475 4569 2603 4608 saxa
2644 4556 2965 4625 corripiunt,
3020 4564 3076 4609 et
3130 4556 3373 4624 pastoris
3420 4555 3846 4611 commonitione

544 4642 956 4698 evidentissime
997 4644 1304 4713 expositum
1351 4655 1435 4699 est
1467 4661 1480 4696 :
1510 4644 1657 4713 quod
1685 4645 1890 4715 deliine
1918 4662 2016 4701 suo
2051 4664 2146 4702 ex-
2180 4625 2230 4684 D
2255 4648 2583 4717 posthabita,
2623 4664 2744 4703 cum
2780 4664 2945 4703 unum
2996 4648 3180 4719 potius
3205 4649 3497 4703 consilium
3527 4651 3745 4705 cunctis
3764 4665 3846 4703 ze-

542 4738 875 4807 plicabimus
929 4740 1072 4793 loco.
1120 4738 1273 4794 Nunc
1325 4749 1507 4795 autem
1558 4750 1751 4811 coeptae
1784 4744 1862 4797 rei
1895 4742 2141 4798 ordinem

544 4843 874 4901 prosequar.

617 4921 695 4975 Ex
728 4921 1105 4978 Jaminonensi
1130 4923 1352 4978 civitate
1377 4925 1444 4980 ad
1479 4927 1871 4995 profectionem
1908 4926 2143 4982 famulo-

544 5029 665 5070 rum
697 5013 899 5070 ChriSIi
932 5016 1221 5071 multitudo
1251 5019 1530 5086 convenit,
1558 5036 1682 5091 quae
1715 5020 1766 5075 in
1798 5023 1919 5089 ipso
1941 5021 2142 5092 oppido

545 5109 841 5181 putabatur
883 5112 1191 5167 consistere
1223 5130 1235 5164 :
1266 5121 1524 5184 tantaque
1569 5115 1879 5171 difﬁcillimi
1922 5118 2142 5173 itineris

544 5206 791 5262 laborem
834 5207 1119 5261 alacritate
1147 5207 1407 5271 confecit,
1455 5219 1511 5262 ut
1551 5210 1767 5279 triginta
1802 5213 1968 5267 millia
2001 5229 2124 5282 pas-

544 5313 701 5353 suum
726 5299 1022 5369 jucundius
1058 5301 1444 5365 trausvolaret,
1478 5318 1640 5371 quam
1673 5304 1719 5358 si
1766 5305 1830 5359 ad
1864 5305 2135 5361 suburba-

544 5407 673 5447 num
716 5393 935 5463 aliquod
987 5395 1424 5450 ammnissimum
1458 5395 1524 5449 ad
1564 5400 1813 5455 convivia
1863 5402 2138 5470 epulaturi

537 5498 886 5542 vocarentur.
909 5486 1075 5558 Igitur
1094 5487 1373 5558 Magonam
1394 5492 1758 5560 pervenimus.
1785 5493 1979 5550 Statim
2005 5510 2133 5564 ego,

542 5579 725 5634 missis
769 5580 1015 5647 clericis,
1048 5582 1341 5636 adventum
1399 5597 1581 5636 meum
1625 5584 1832 5640 Judaeis
1864 5586 2133 5653 nuutiavi,

539 5672 679 5737 etjut
710 5673 1014 5730 Ecclesiam
1045 5686 1289 5731 sanctam
1318 5674 1583 5733 accedere
1613 5677 1996 5747 dignarentur,
2041 5695 2137 5751 po-

538 5765 712 5834 posci.
768 5766 850 5821 llli
915 5776 1094 5823 autem
1142 5770 1482 5839 inepinatum
1532 5771 1692 5826 nobis
1748 5774 1996 5829 nuntium
2050 5790 2137 5831 τε·

536 5845 831 5925 mittentes,
877 5860 1298 5930 mandaverunt,
1332 5860 1619 5919 ecclesiam
1654 5862 1755 5917 sibi
1787 5866 1910 5935 (ne,
1944 5867 2129 5933 credo,

2248 4740 2334 4796 lus
2360 4743 2539 4811 potius
2571 4742 2773 4797 Christi
2797 4758 2957 4813 quam
2988 4744 3066 4797 ira
3116 4751 3455 4814 suggereret,
3487 4742 3644 4813 lupos
3672 4742 3845 4799 corui-

2249 4834 2353 4889 bus
2400 4835 2739 4904 impetendos
2786 4846 3163 4901 censuerunt;
3210 4834 3465 4904 quamvis
3521 4837 3623 4891 hoc
3674 4836 3840 4906 illius,

2247 4927 2339 4997 qui
2384 4929 2535 4983 solus
2567 4930 2742 4983 bonus
2790 4941 2976 4999 pastor
3005 4939 3113 4996 est,
3139 4941 3271 4985 nutu
3300 4930 3503 4985 factum
3536 4947 3681 5001 esse,
3715 4931 3841 4986 nulli

2248 5020 2470 5075 dubium
2524 5022 2613 5076 sit.
2653 5021 2897 5091 Denique
2946 5039 3011 5078 ne
3043 5033 3326 5078 cruentam
3362 5026 3511 5095 gregi
3539 5041 3641 5080 suo
3698 5024 3842 5080 vidc-

2241 5126 2393 5171 retur
2448 5115 2768 5185 praestitisse
2824 5118 3128 5183 victoriam,
3200 5134 3364 5174 nemo
3416 5119 3732 5175 Judzeorum
3785 5133 3841 5175 se

2239 5218 2555 5266 contactum
2583 5211 2777 5265 saltem
2805 5210 2993 5277 fuisse,
3022 5226 3091 5265 ne
3120 5228 3218 5281 pro
3247 5212 3445 5267 invidia
3494 5215 3715 5286 quidem
3748 5214 3844 5283 (ut

2243 5318 2362 5358 mos
2401 5302 2507 5373 est)
2554 5303 2856 5359 simulavit.
2894 5303 3037 5359 Sane
3068 5306 3332 5374 quoniam
3374 5308 3715 5361 omnimodis
3751 5306 3841 5360 de-

2242 5395 2435 5451 bemus
2480 5398 2654 5451 vitare
2686 5397 3056 5467 mendacium,
3084 5414 3224 5452 unus
3270 5415 3337 5454 ex
3378 5398 3525 5453 omni
3579 5399 3838 5453 Christia-

2242 5506 2435 5544 norum
2462 5506 2693 5545 numero
2716 5492 2974 5546 inventus
3000 5500 3104 5557 est,
3131 5491 3223 5559 qui
3253 5506 3375 5545 cum
3409 5490 3617 5546 Aeliam
3645 5489 3837 5560 (Iosue

2241 5584 2348 5655 vn)
2386 5585 2462 5639 illi
2494 5585 2691 5640 similis
2732 5600 2856 5640 esse
2907 5584 3097 5650 vellet,
3153 5585 3245 5655 qui
3273 5584 3373 5640 sub
3414 5585 3545 5640 Jesu
3595 5584 3744 5639 Nave
3774 5584 3836 5638 de

2241 5679 2593 5734 anathemate
2619 5679 2795 5749 Spolia
2829 5678 3149 5748 concupivit
3204 5696 3217 5731 :
3256 5692 3378 5731 nam
3421 5692 3615 5732 servus
3662 5679 3836 5746 cujus-

2238 5775 2363 5830 dam
2389 5775 2711 5842 Christiani,
2740 5775 2914 5841 solus,
2947 5773 3074 5829 dum
3104 5773 3308 5849 aliquid
3341 5789 3385 5852 a
3405 5788 3681 5845 synagoga
3710 5771 3836 5848 diri-

2238 5881 2368 5933 pere
2398 5866 2759 5935 concupiscit,
2819 5866 2872 5917 in
2920 5863 3154 5935 lapidem
3226 5862 3544 5919 offensionis
3586 5861 3827 5919 incurrit.
