4122 6346
258 306 350 363 757

1460 300 1797 362 El’lS’l‘OLA
1837 302 1926 360 DE
1966 299 2252 361 JUDAilS.

3442 308 3547 365 7'58

256 419 468 487 Quidam
513 435 644 475 vero
692 429 1030 487 nostrorum,
1084 421 1238 491 quasi
1266 420 1525 476 adversus
1563 423 1834 489 Judazum,
1865 426 1918 485 Α
1946 420 2155 476 fecisti?
2189 422 2301 476 Viri
2341 428 2545 485 autem,
2593 422 2687 475 alii
2729 420 2795 475 ad
2823 421 3007 477 devios
3038 423 3207 478 saltus
3250 430 3304 479 et
3347 424 3546 480 fixuras

255 516 476 585 lapidem
511 517 701 587 injecit
733 535 745 571 :
776 516 865 588 qui
914 516 1077 585 eapiti
1127 516 1243 587 ejus
1284 515 1482 586 illisus,
1539 528 1597 571 ut
1645 518 1838 587 capitis

252 610 349 673 Siti,
394 608 445 664 id
487 620 589 673 est,
645 609 870 677 Christi,
920 610 1285 675 meminisset,
1351 608 1841 679 admonuitzquod

254 704 470 769 vulnus,
505 703 633 759 licet
654 705 1017 774 periculosum
1054 720 1161 757 non
1193 702 1377 773 fuerit,
1412 713 1590 758 tamen
1617 712 1670 757 et
1692 701 1840 755 illum

250 798 445 868 rapina:
476 812 588 852 sure
631 797 883 853 confiteri
915 797 1415 866 concupiscentiam
1446 795 1714 865 compulit
1741 812 1753 847 :
1789 805 1843 849 et

253 902 490 960 cunctos,
540 909 608 947 ne
651 892 906 948 similiter
960 892 1296 958 laberentur,
1344 891 1603 960 praesenti
1651 888 1845 945 terruit

254 988 467 1042 ultione.

318 1080 480 1150 Igitur
505 1090 788 1151 postquam
823 1079 1025 1136 Judaeis
1054 1079 1397 1143 cedentibus,
1430 1090 1709 1149 synagoga
1748 1089 1850 1145 p0-

253 1176 550 1241 titisumus,
580 1176 759 1230 nullus
790 1191 854 1231 ex
873 1190 937 1231 ea
958 1175 1263 1246 quicquam,
1295 1189 1401 1228 non
1430 1173 1574 1238 dico,
1600 1169 1845 1234 abstulit,

249 1268 339 1324 sed
383 1283 482 1323 nec
523 1268 782 1339 cogitavit
807 1269 1045 1337 diripere
1083 1285 1102 1323 :
1145 1268 1325 1322 omnia
1354 1265 1472 1335 ejus
1501 1272 1846 1329 ornamenta,

246 1362 481 1431 exceptis
516 1362 670 1417 libris
704 1371 866 1433 atque
892 1370 1142 1433 argento,
1174 1376 1295 1416 cum
1327 1360 1444 1429 ipso
1475 1358 1684 1429 pariete
1712 1354 1849 1427 ignis

246 1454 579 1524 absumpsit:
608 1455 776 1510 libros
816 1466 1033 1509 sanctos
1064 1469 1130 1509 ne
1162 1452 1304 1524 apud
1333 1451 1553 1507 Judteos
1594 1449 1850 1519 injuriam

246 1556 579 1620 paterentur,
634 1548 998 1603 sustulimus:
1039 1557 1322 1617 argentum
1352 1559 1508 1609 vero,
1542 1558 1609 1597 ne
1650 1542 1737 1598 vel
1782 1542 1851 1597 de

246 1641 421 1713 prmda
447 1649 657 1707 nostra,
679 1640 762 1696 vel
787 1639 853 1695 de
875 1655 973 1696 suo
991 1637 1277 1708 dispendio
1305 1644 1691 1708 quererentur,
1718 1632 1850 1705 ipsis

244 1734 598 1790 reddidimus.
652 1734 856 1789 Eversa
903 1730 1106 1804 itaque,
1152 1731 1362 1787 cunctis
1390 1728 1588 1785 Judaais
1625 1738 1851 1799 stupen-

1945 516 2210 570 moutium
2238 515 2532 586 confugere
2553 532 2566 569 :
2586 515 2680 571 alii
2706 531 2799 586 per
2828 516 2997 588 ipsius
3027 517 3211 588 oppidi
3237 518 3549 589 angiportus

1945 610 2349 678 discurrebant,
2384 611 2561 667 locum
2608 610 2662 666 in
2695 626 2805 683 quo
2848 612 3257 680 delitescerent,
3296 613 3549 671 invenire

1946 706 2248 775 cupientes.

2022 798 2139 869 Ipse
2178 798 2501 856 Theodorus
2531 807 2762 872 stupore
2805 801 3111 872 perculsus,
3141 802 3381 858 divinam
3427 818 3552 859 sen-

1947 892 2171 947 tentiam
2206 892 2258 945 in
2292 893 2447 963 plebe
2479 908 2577 949 sua
2592 896 2854 951 cernebat
2878 897 3115 967 impleri.
3140 897 3301 969 Fugit
3326 898 3547 970 impius,

1856 1006 1859 1007 ν
1950 986 2166 1041 nemine
2212 1000 2572 1058 persequente
2616 988 2803 1057 (Prov.
2837 992 3054 1057 xxvm);
3087 995 3182 1047 sed
3227 1001 3407 1047 tamen
3445 1009 3555 1049 non

1950 1080 2203 1135 nemine:
2238 1082 2666 1151 persequebatur
2709 1084 2853 1139 enim
2883 1100 2977 1140 eos
3002 1084 3094 1140 ille
3138 1086 3223 1141 leo
3268 1086 3553 1154 terribilis,

1950 1172 2041 1241 qui
2072 1171 2139 1227 de
2176 1187 2465 1244 synagoga:
2506 1173 2626 1230 loco
2659 1174 2822 1246 (sicut
2864 1176 3156 1233 Theodoro
3188 1179 3365 1234 fuerat
3403 1194 3559 1236 reve-

1949 1263 2143 1334 latum)
2184 1280 2278 1333 per
2315 1264 2614 1322 monachos
2646 1268 2884 1337 rugitum
2918 1269 3200 1336 emiserat,
3244 1287 3353 1340 quo
3395 1271 3560 1327 resis-

1951 1366 2130 1413 tcutes
2164 1358 2467 1415 tremefecit
2499 1360 2773 1415 inimicos.
2815 1362 3010 1419 Stabat
3044 1365 3207 1435 igitur
3236 1364 3560 1421 Theodorus

1954 1453 2007 1508 in
2035 1455 2152 1508 loro
2181 1469 2406 1522 prorsus
2434 1453 2651 1520 eodem,
2679 1472 2789 1526 quo
2821 1457 2869 1512 ei
2901 1458 3108 1526 pridem
3156 1474 3253 1529 per
3282 1461 3559 1516 somnium

1955 1556 2132 1601 terror
2164 1547 2341 1604 fuerat
2367 1548 2547 1604 leonis
2595 1551 2859 1619 injectus:
2896 1563 2949 1608 et
2981 1569 3104 1608 cum
3133 1568 3352 1609 causam
3393 1564 3560 1613 tanta:

1955 1642 2334 1712 trepidationis
2367 1644 2692 1715 inquireret,
2724 1654 2779 1700 et
2803 1662 3003 1701 nomen
3022 1648 3367 1705 solummodo
3390 1649 3564 1705 nostri

1959 1734 2133 1790 leonis
2164 1736 2403 1803 audiret,
2439 1737 2643 1791 nullam
2677 1738 2790 1795 illic
2831 1740 2997 1811 (sicut
3035 1740 3340 1814 ferebatur)
3372 1742 3562 1799 ferita-

245 1827 402 1894 tibus,
445 1842 743 1899 synagoga,
791 1827 860 1880 ad
898 1826 1187 1881 ecclesiam
1235 1839 1358 1878 cum
1402 1821 1616 1893 hymnis
1659 1835 1847 1891 perre-
1877 1816 1925 1877 Β
1953 1838 2060 1885 tem
2091 1830 2302 1896 videns,
2330 1841 2538 1886 tantum
2559 1832 2862 1902 psallentes
2883 1835 3185 1889 monachos
3211 1836 3564 1903 intuebatur;

244 1921 446 1977 ximus:
479 1930 536 1976 et
562 1920 776 1975 auctori
804 1919 1041 1975 victorim
1067 1926 1269 1973 nostra:
1293 1914 1497 1987 gratias
1523 1916 1843 1979 referentes,

244 2015 424 2071 effusis
465 2015 726 2085 precibus
766 2012 1123 2084 poscebamus
1154 2021 1213 2067 ut
1245 2025 1373 2067 vera
1414 2009 1653 2079 perfidia:
1692 2017 1847 2063 antra

246 2108 510 2164 Dominus
570 2116 927 2179 eXpugnaret,
979 2118 1033 2161 et
1093 2105 1508 2161 tenebrosorum
1568 2111 1845 2173 pectorum

246 2200 539 2257 infidelitas
571 2210 958 2271 coargueretur
982 2215 1008 2254 a
1040 2199 1264 2254 lumine.

318 2296 508 2350 Ruben
541 2294 764 2365 quidam
794 2292 1017 2348 Judwus
1037 2308 1067 2347 a
1096 2293 1348 2357 Domino,
1376 2300 1435 2347 ut
1456 2289 1852 2362 primogenitus

249 2376 489 2445 omnium
539 2390 987 2456 constitueretur,
1021 2399 1104 2442 est
1134 2391 1340 2443 electus
1377 2404 1389 2441 :
1444 2401 1567 2439 nam
1615 2385 1853 2439 clamore

249 2484 598 2543 sanctissimo
636 2483 917 2538 hetificans
946 2482 1108 2537 corda
1152 2481 1467 2547 multorum,
1498 2478 1706 2535 abSolvi
1733 2493 1792 2533 se
1822 2492 1851 2531 a

250 2578 475 2632 vinculis
495 2576 741 2632 Judaicre
765 2575 1165 2646 superstitionis
1193 2574 1616 2645 deprecabatur:
1648 2571 1857 2627 statim-

252 2688 356 2744 que
387 2672 698 2742 prirnitivus
724 2670 890 2726 Jacob
925 2669 1119 2738 factus,
1162 2670 1372 2739 signum
1407 2667 1645 2723 salutare
1671 2680 1859 2720 susce-

250 2768 360 2839 pit;
410 2778 464 2823 et
506 2766 641 2823 inde
670 2768 872 2821 nostris
914 2765 1174 2821 lateribus
1212 2773 1374 2833 atque
1401 2761 1643 2816 consiliis
1685 2760 1859 2814 inhae-

252 2876 403 2928 rens,
429 2859 926 2915 obstinatissimam
955 2868 1271 2913 cunctorum
1303 2854 1555 2909 duritiem
1578 2852 1858 2908 nobiscum

251 2951 522 3022 increpat.
556 2951 822 3006 Triduum
869 2950 949 3021 (ni
981 2949 1158 3020 fallor)
1202 2962 1480 3002 emensum
1511 2955 1616 3012 est,
1648 2961 1717 2999 ex
1756 2959 1862 3014 quo

250 3048 422 3104 nostri
446 3048 499 3101 in
553 3047 823 3112 oratione,
870 3053 924 3100 et
953 3044 1130 3100 Judaei
1182 3045 1233 3097 iu
1284 3042 1506 3113 perfidia
1560 3039 1860 3109 perstitere.

249 3139 381 3197 Post
406 3140 526 3195 haec
564 3138 709 3194 venit
738 3136 1083 3204 Theodorus,
1116 3134 1483 3191 multitudinis
1510 3148 1622 3186 sure
1653 3132 1865 3201 agmine

1953 1935 2008 1980 et
2054 1927 2123 1982 ab
2160 1926 2312 1981 omni
2358 1942 2583 1981 suorum
2632 1928 2990 1984 multitudine
3026 1928 3349 1994 destitutus,
3398 1941 3563 2001 atque

1953 2020 2093 2075 elabi
2123 2036 2346 2091 parans,
2381 2021 2545 2077 etiam
2577 2022 2693 2092 ipse
2726 2022 2927 2092 pedum
2970 2022 3115 2078 viam
3149 2022 3517 2093 prospiciebat
3550 2043 3564 2081 :

1953 2128 2114 2184 quem
2149 2128 2272 2168 cum
2329 2114 2578 2169 horribili
2625 2096 2921 2171 formidine
2971 2116 3400 2187 apprehensum,
3454 2133 3563 2174 non

1956 2206 2132 2259 solum
2164 2206 2352 2261 colore
2382 2205 2564 2260 vultus
2586 2249 2600 2273 ,
2640 2221 2832 2262 verum
2874 2207 3037 2262 etiam
3070 2208 3224 2263 vocis
3254 2207 3439 2262 officio
3464 2207 3564 2263 de-

1956 2298 2201 2353 Stitutum
2237 2299 2427 2353 Ruben
2457 2299 2545 2353 ille
2563 2300 2944 2354 sanctissimus
2965 2300 3301 2370 aSpexisset,
3329 2314 3566 2370 propere

1956 2391 2187 2455 accedit,
2220 2400 2275 2445 et
2317 2401 2640 2446 trementem
2676 2392 2873 2447 blando
2901 2408 3154 2448 sermone
3194 2392 3559 2463 compellans,

1959 2484 2025 2538 ad
2049 2484 2256 2538 Christi
2283 2483 2442 2539 fidem
2468 2483 2896 2551 cohortabatur;
2923 2495 3087 2556 atque
3110 2484 3364 2555 ingerens
3386 2485 3435 2539 ei
3468 2499 3565 2554 pro

1959 2577 2220 2649 suffragio
2251 2588 2433 2634 metus
2469 2593 2584 2634 sure
2612 2579 2958 2635 credulitatis
2984 2583 3328 2649 exemplum,
3367 2579 3566 2634 domus

1960 2672 2164 2743 figurae,
2219 2673 2286 2727 ad
2337 2688 2498 2742 quam
2546 2688 2750 2743 pavore
2801 2672 2976 2728 leonis
3027 2672 3372 2744 confugeret,
3415 2687 3571 2743 quo-

1961 2766 2258 2822 dammodo
2286 2768 2608 2823 satisfacere
2636 2767 2951 2823 videbatur.

2037 2859 2260 2925 Verum,
2317 2867 2377 2915 ut
2427 2868 2483 2915 et
2528 2875 2629 2915 nos
2660 2858 2899 2915 fideliter
2943 2860 3201 2916 universa
3241 2874 3563 2927 narremus,

1965 2960 2023 3007 et
2071 2968 2190 3021 vos,
2244 2953 2335 3022 qui
2389 2967 2499 3007 non
2547 2952 2751 3023 eloquii
2805 2960 3083 3018 ornatum,
3141 2951 3239 3008 sed
3278 2953 3570 3007 veritatem

1968 3046 2234 3115 quaeritis,
2268 3044 2527 3100 libentius
2555 3044 2789 3100 audiatis
2821 3061 2834 3097 :
2863 3045 3031 3114 ipsius
3061 3043 3252 3100 Ruben
3285 3042 3453 3098 verba
3484 3044 3571 3099 in-

1971 3138 2172 3203 ferens,
2210 3138 2345 3191 nihil
2386 3153 2456 3192 ex
2503 3138 2859 3207 simplicitate
2898 3137 3171 3192 dictorum
3204 3136 3322 3206 ejus
3357 3136 3575 3191 subtra-

250 3233 685 3303 circumseptus,
733 3231 799 3286 ad
846 3232 1049 3297 locum,
1091 3230 1144 3284 in
1185 3245 1289 3301 quo
1330 3230 1430 3284 soli
1457 3242 1746 3299 synagoga:
1773 3240 1865 3295 pa-
1892 3205 1938 3269 ο
1972 3232 2116 3285 ham.
2146 3229 2345 3285 Aiebat
2376 3231 2520 3285 enim
2556 3246 2569 3282 :
2604 3228 2745 3297 Quid
2779 3231 2960 3293 times,
2995 3227 3219 3283 domine
3246 3227 3577 3283 Theodore?

250 3328 416 3385 rietes
452 3328 577 3401 (qui
607 3337 729 3397 post
764 3327 879 3382 haec
926 3326 1274 3381 credentibus
1322 3325 1523 3380 .ludaeis
1569 3332 1695 3377 sunt
1741 3321 1866 3377 sub-

250 3422 424 3493 versi)
456 3435 764 3492 superesse
802 3420 1153 3475 videbantur:
1190 3418 1255 3473 ad
1298 3435 1456 3487 quem
1484 3418 1660 3471 locum
1680 3414 1868 3470 Chris-

250 3515 533 3571 tianorutn
576 3515 781 3584 pariter
814 3513 1103 3567 multitudo
1134 3513 1408 3567 convenit.
1443 3512 1520 3565 lbi
1547 3509 1867 3565 Theodorus

250 3620 375 3661 cum
409 3607 684 3661 audacter
710 3604 778 3660 de
810 3604 929 3674 lege
956 3605 1253 3674 disserens,
1284 3605 1462 3660 omnia
1493 3618 1613 3674 quae
1639 3601 1867 3672 objicie-

252 3700 457 3757 bantur
478 3743 493 3768 ,
520 3699 779 3755 irrideret
816 3707 978 3770 atque
1017 3708 1392 3770 perverteret:
1426 3698 1655 3768 p0pulus
1684 3695 1871 3752 Cirris-

251 3793 435 3849 tianus
470 3794 672 3848 videns
700 3792 844 3862 quod
894 3792 1075 3847 verbis
1114 3792 1365 3862 superari
1402 3807 1508 3847 non
1544 3799 1727 3861 posset
1764 3790 1869 3845 litt-

251 3887 457 3953 manis,
494 3885 765 3941 auxilium
795 3884 862 3939 de
893 3883 1033 3940 caelo
1076 3884 1398 3955 imploravit.
1447 3884 1649 3939 Omnes
1691 3882 1871 3951 itaque

252 3983 465 4053 pariter
517 3983 847 4048 clamantes,
885 3996 1008 4035 cum
1036 3995 1252 4034 summo
1285 3979 1449 4032 unitas
1478 3978 1631 4032 vocis
1664 3978 1873 4045 fragore

250 4074 517 4132 dixerunt
543 4092 557 4129 :
586 4072 898 4138 Theodore,
929 4071 1092 4128 crede
1125 4072 1177 4125 in
1210 4069 1505 4125 Christum.
1539 4070 1668 4124 Mira
1697 4068 1875 4123 indul-

250 4168 570 4240 gentissimi
602 4167 819 4223 Domini
863 4164 1261 4231 misericordia,
1314 4163 1489 4218 adhuc
1518 4177 1679 4232 parva
1723 4171 1873 4230 pete-

248 4262 482 4331 bantur,
541 4272 599 4318 et
651 4260 855 4330 majora
886 4266 1253 4315 concesserat.
1302 4257 1473 4311 Immo
1514 4272 1621 4309 non
1674 4253 1874 4309 mirum

249 4370 342 4415 est
394 4360 467 4415 de
514 4358 900 4427 omnipotente
947 4353 1292 4410 miraculum.
1337 4351 1455 4422 lpse
1504 4350 1705 4406 etenim
1762 4349 1873 4403 vir-

255 4464 434 4510 tutem
464 4450 735 4509 clamoris
765 4450 924 4519 hujus
957 4449 1011 4503 in
1039 4447 1261 4502 auribus
1290 4445 1601 4501 Judteorum
1632 4458 1879 4499 commu-

253 4548 415 4611 tavit,
445 4546 548 4617 qui
588 4543 721 4600 olim
751 4542 953 4607 effecit,
983 4552 1041 4596 ut
1066 4549 1297 4611 quatuor
1320 4538 1518 4611 leprosi
1545 4537 1688 4608 regis
1707 4535 1878 4607 Syriae

1969 3326 2014 3380 si
2060 3324 2141 3379 vis
2180 3334 2330 3379 certe
2360 3337 2586 3378 securus
2618 3334 2672 3378 et
2719 3323 3022 3380 honoratus
3050 3332 3105 3379 et
3136 3323 3292 3378 dives
3339 3336 3484 3391 esse,
3519 3322 3575 3378 in

1969 3418 2247 3474 Christum
2282 3418 2468 3487 crede,
2514 3417 2652 3473 sicut
2680 3428 2735 3473 et
2759 3433 2861 3488 ego
2890 3417 3122 3472 credidi.
3157 3417 3320 3472 Modo
3348 3426 3405 3471 tu
3434 3425 3572 3483 stas,

1969 3520 2025 3568 et
2057 3529 2158 3583 ego
2193 3528 2317 3568 cum
2361 3511 2634 3582 episcOpis
2663 3512 2865 3579 sedeo;
2895 3514 2941 3569 si
2974 3521 3027 3566 tu
3069 3511 3400 3579 credideris,
3436 3519 3491 3565 et
3520 3518 3577 3566 tu

1970 3605 2210 3672 sedebis,
2257 3614 2309 3659 et
2337 3619 2439 3675 ego
2469 3616 2600 3659 ante
2634 3612 2686 3659 te
2709 3604 2891 3659 stabo.
2933 3603 3049 3659 llos
3071 3619 3358 3659 sermones
3399 3603 3581 3658 Theo-

1973 3697 2143 3754 dorus
2189 3697 2298 3752 alta
2350 3706 2535 3752 mente
2567 3696 2898 3767 suscipiens,
2931 3696 3000 3752 ad
3049 3712 3151 3752 nos
3196 3699 3275 3750 ait
3308 3715 3319 3750 :
3356 3695 3578 3751 Faciam

1972 3791 2118 3861 quod
2170 3790 2384 3846 vultis:
2439 3799 2622 3846 tenete
2670 3789 2897 3863 (inquit)
2944 3790 3369 3860 promissionem
3415 3789 3579 3845 hanc.

1974 3884 2082 3942 Sed
2144 3885 2447 3956 permittite
2514 3884 2681 3953 mihi,
2736 3891 2795 3938 ut
2846 3884 2999 3954 prius
3063 3884 3313 3954 alloquar
3364 3882 3581 3953 plebem

1976 3992 2177 4044 meam,
2212 3986 2268 4031 ut
2298 3977 2564 4046 majorem
2607 3977 2995 4031 conversionis
3025 3991 3165 4032 meae
3190 3978 3355 4031 etiam
3384 3991 3452 4030 ex
3494 3991 3584 4031 re-

1974 4069 2138 4141 liquis
2172 4071 2375 4139 possim
2410 4069 2612 4124 habere
2659 4070 2989 4125 mercedem.
3036 4069 3162 4123 Hauc
3190 4069 3309 4139 ejus
3356 4069 3583 4138 sponsio

1977 4178 2098 4219 cum
2124 4161 2547 4217 inexistimabili
2585 4172 2908 4217 cunctorum
2935 4161 3302 4216 exsultatione
3335 4169 3586 4229 suscepta

1979 4266 2064 4312 est
2096 4274 2108 4310 :
2144 4256 2239 4310 alii
2278 4258 2329 4310 in
2369 4271 2494 4310 eum
2542 4256 2855 4310 amabiliter
2881 4256 3177 4320 irruentes,
3230 4269 3291 4309 os
3334 4252 3505 4323 ipsius
3533 4262 3589 4308 et

1980 4351 2121 4406 colla
2151 4349 2494 4415 mulcebant;
2530 4348 2626 4403 alii
2672 4364 2795 4403 eum
2826 4346 2968 4402 ulnis
3006 4346 3265 4401 mollibus
3295 4345 3587 4414 amplecteo

1982 4445 2218 4510 bantur;
2246 4443 2341 4498 alii
2375 4450 2560 4499 autem
2590 4441 2877 4498 dexteram
2907 4441 3153 4497 dextera:
3181 4440 3508 4511 adjuugere,
3542 4448 3600 4493 et

1983 4554 2297 4596 sermonem
2331 4552 2629 4595 conserere
2655 4535 2989 4609 gestiebant.

252 4640 348 4713 (ιν
394 4606 537 4713 Reg.
588 4641 715 4708 vit),
746 4634 840 4707 qui
863 4606 1163 4691 Samariam
1193 4606 1504 4699 obsederat,
1533 4606 1729 4687 castris
1750 4606 1882 4700 poti-
1905 4606 1959 4667 Ῑ)
2058 4635 2314 4691 Perrexit
2344 4633 2508 4705 igitur
2546 4606 2889 4688 Thepdorus.
2914 4629 2982 4685 ad
3029 4627 3232 4685 atrium
3277 4640 3437 4683 suum
3464 4640 3606 4695 quo.

251 4746 478 4799 rentur,
542 4740 604 4787 et
657 4729 748 4800 Qui
794 4744 890 4799 per
934 4728 1153 4784 Gedeun
1204 4727 1615 4783 Madianitarum
1666 4723 1879 4796 agmina
1988 4730 2123 4788 libet
2151 4728 2330 4785 officio
2362 4737 2677 4785 nostrorum
2714 4728 2891 4793 laetus,
2944 4734 3124 4782 tamen
3171 4724 3450 4780 anxietate
3492 4738 3604 4779 non

250 4823 649 4890 conturbavit,
683 4822 937 4895 deditque
983 4821 1241 4877 trecentis
1288 4821 1405 4891 ejus
1436 4819 1564 4875 viris
1603 4819 1878 4889 ingentem
1989 4828 2208 4897 penitus
2255 4840 2470 4881 carens.
2518 4824 2653 4879 Nam
2710 4823 2838 4878 licet
2891 4822 2945 4876 in
2994 4823 3217 4878 domum
3267 4821 3456 4879 Ruben
3501 4837 3599 4894 per

248 4924 375 4981 sine
425 4921 633 4975 labore
664 4917 939 4972 victoriam
971 4915 1122 4988 (Jud.
1158 4914 1274 4986 vn),
1307 4915 1553 4972 efficiens
1585 4929 1679 4984 per
1708 4916 1882 4969 terro-
1989 4921 2408 4992 promissionem
2440 4933 2594 4973 suam
2631 4917 2743 4988 jam
2774 4916 3073 4987 veniretur,
3106 4917 3386 4988 ingressus
3413 4928 3593 4974 tamen

253 5030 401 5081 rem,
442 5024 504 5068 ut
530 5009 743 5067 mutuis
789 5009 1025 5064 hostium
1070 5009 1358 5065 multitudo
1413 5008 1724 5063 vulneribus
1757 5022 1881 5077 pro—
1992 5022 2045 5071 et
2072 5023 2197 5068 tunc
2231 5012 2480 5084 trepidus
2506 5020 2647 5081 erat,
2692 5012 2817 5082 quia
2852 5010 3097 5067 nondum
3137 5010 3204 5066 ad
3235 5011 3594 5083 propinquam

251 5118 644 5167 sterneretur.
686 5103 763 5159 lta
793 5114 847 5159 et
886 5119 1029 5159 nunc
1059 5103 1159 5158 ista
1200 5118 1304 5157 vox
1346 5104 1506 5173 longe
1537 5102 1693 5156 aliter
1720 5120 1748 5155 a
1779 5102 1890 5155 cir-
1996 5115 2242 5174 venerat,
2278 5122 2403 5176 quae
2444 5121 2567 5160 eum
2610 5113 2733 5174 post
2773 5101 3011 5159 triduum
3055 5113 3304 5161 materno
3353 5107 3597 5175 suscepit

251 5200 688 5259 cumstantibus
734 5197 938 5253 Judaeis
982 5208 1235 5267 suscepta
1264 5204 1366 5264 est,
1415 5211 1577 5266 quam
1617 5210 1648 5249 a
1691 5195 1893 5249 nostris
1996 5198 2143 5269 sinu,
2166 5207 2221 5253 et
2243 5199 2310 5252 ab
2332 5196 2913 5266 omniperturbatione
2933 5196 3318 5268 trepidationis
3341 5198 3596 5253 absolvit.

252 5298 693 5357 immittebatur
743 5312 756 5347 :
812 5309 1001 5349 omnes
1042 5292 1185 5347 enim
1250 5298 1581 5361 putaverunt
1635 5290 1839 5345 dictum
1877 5306 1891 5342 :
1998 5292 2108 5347 Nos
2139 5302 2321 5346 autem
2365 5290 2431 5345 ad
2461 5288 2752 5345 ecclesiam
2779 5304 2904 5344 cum
2938 5288 3155 5361 hymnis
3203 5306 3267 5345 ex
3298 5304 3452 5345 more
3478 5306 3601 5361 per-

254 5392 607 5450 Tbeodorus
659 5386 908 5441 credidit.
962 5386 1147 5457 Itaque
1175 5384 1551 5440 existimantes
1596 5384 1893 5453 principem
1999 5386 2262 5441 reximus.
2311 5382 2640 5438 Benedictus
2663 5392 2750 5437 est
2779 5391 2935 5452 pater
2966 5382 3499 5449 misericordiarum,
3546 5393 3605 5440 et

253 5486 517 5560 perfidia:
571 5494 696 5535 suae
746 5478 813 5533 ad
856 5477 1065 5534 Christi
1116 5478 1277 5533 ﬁdem
1326 5476 1492 5531 fuisse
1537 5490 1893 5539 conversum;
2005 5481 2146 5535 Deus
2193 5478 2361 5533 totius
2409 5476 2825 5547 consolationis,
2868 5478 2959 5549 qui
3002 5477 3152 5533 dedit
3199 5478 3361 5546 capiti
3414 5485 3603 5535 nostro

253 5579 450 5638 cuncti
498 5574 720 5648 pariter
770 5573 979 5642 trepidi,
1025 5572 1116 5628 ubi
1164 5572 1325 5627 timor
1368 5584 1475 5624 non
1528 5578 1665 5635 erat,
1730 5578 1900 5621 terre-
2003 5587 2224 5643 aquam,
2269 5580 2322 5625 et
2372 5568 2545 5624 oculis
2598 5570 2803 5624 nostris
2852 5569 3057 5625 fontem
3106 5569 3494 5639 lacrymarum,
3549 5581 3609 5628 ut

254 5677 525 5735 bantur:
573 5666 844 5725 mulieres
887 5683 1101 5736 eorum,
1152 5666 1355 5738 sparsis
1403 5663 1670 5733 crinibus,
1715 5678 1903 5719 occur-
2006 5662 2685 5735 ploraremusvulneratos
2705 5660 3607 5737 populinostri(Jerem.Thren.t).

257 5779 460 5827 rentes
492 5752 629 5821 cum
670 5757 825 5815 ferali
858 5761 1067 5816 ululatu
1098 5776 1296 5817 nomen
1329 5757 1625 5826 Theodori,
1660 5757 1903 5827 repetitis
2080 5758 2324 5816 Peractis
2388 5757 2667 5829 siquidem
2720 5755 3001 5829 mysteriis
3027 5800 3041 5823 ,
3089 5754 3321 5811 ecclesia
3370 5761 3614 5832 egressi,

256 5864 526 5939 vocibus,
591 5854 952 5925 accusabant,
994 5857 1239 5914 dicentes
1285 5872 1299 5909 :
1351 5854 1395 5911 Ο
1425 5853 1734 5922 Theodore,
1777 5852 1904 5925 quid
2008 5869 2120 5918 non
2149 5853 2428 5909 minimam
2459 5852 2513 5907 iu
2544 5866 2828 5908 occursum
2859 5859 3110 5905 nostrum
3136 5847 3454 5909 Iudaeorum
3481 5856 3624 5919 tnui.
