4122 6346
581 294 687 361 739

1639 298 1893 355 snvent
1933 298 2248 353 ertscort
2289 276 2807 358 MAJOithENSIS.

3779 298 3871 361 iiii

581 423 869 478 titudinem
922 422 1250 476 convenisse
1316 420 1675 488 inspeximus.
1729 417 1933 471 Omnes
1985 412 2562 481 unani-Adoctriua,
2616 417 2822 472 honore
2875 427 2927 471 et
2976 426 3138 471 aetate
3200 417 3497 486 majorem,
3557 417 3625 471 ad
3686 416 3872 471 Christi

582 518 748 571 initer
772 515 1227 584 deprecabantur,
1261 522 1316 567 ut
1349 512 1549 567 Christi
1587 510 1962 564 characterem
1997 523 2026 585 a
2066 524 2173 573 me,

578 611 703 666 licet
728 610 953 678 indigno
981 620 1216 676 pastore,
1248 606 1609 675 διιςιείρπειιι.
1648 604 1868 657 [inversi
1904 602 2085 671 itaque
2109 600 2175 656 ad

582 705 887 771 ecclesiam,
923 712 975 756 et
1002 712 1111 758 toto
1138 701 1301 755 corde
1344 700 1576 754 Domino
1606 700 1808 768 gratias
1853 696 2175 763 referentes,

579 798 735 854 illico
761 800 812 852 in
840 796 1113 852 frontibus
1138 809 1326 850 eorum
1358 795 1570 865 signum
1595 792 2175 862 salutisimpiuximus.

584 890 715 956 Quae
757 900 935 944 autem
983 900 1104 942 cum
1153 888 1236 941 his
1275 886 1367 956 qui
1411 886 1475 940 ad
1533 885 1700 940 silvas
1750 884 1865 939 sive
1918 884 1982 937 ad
2022 894 2179 936 antra

580 982 960 1053 Confugerant,
984 980 1192 1037 Christi
1239 982 1438 1035 virtute
1480 992 1631 1049 gesta
1664 979 1796 1045 sint,
1828 993 1952 1048 quae
2001 976 2179 1046 lingua

582 1077 871 1135 cﬂ'abitur?
906 1076 1203 1147 prtesertint
1250 1091 1373 1131 cum
1407 1076 1790 1145 unusquisque
1834 1089 2024 1128 eorum
2054 1088 2180 1143 pro-

578 1175 757 1243 priam
816 1172 1191 1226 conversionis
1246 1186 1358 1225 sua}
1418 1170 1616 1225 habeat
1671 1170 1977 1224 historiam.
2032 1166 2182 1223 Sicut

578 1264 762 1333 itaque
811 1264 1149 1330 impossibile
1181 1263 1337 1319 nobis
1377 1273 1481 1330 est,
1524 1262 1709 1316 omnia
1747 1262 1961 1324 dicere;
1996 1259 2072 1314 sic
2101 1260 2181 1312 in~

572 1365 809 1426 gratum,
840 1366 1036 1409 cuncta
1066 1356 1371 1425 praeterire.
1403 1358 1751 1423 Qnapmpter
1776 1368 1941 1406 unum
1976 1351 2179 1405 Christi

574 1451 919 1517 miraculum,
954 1450 1102 1520 quod
1132 1458 1245 1503 tum
1286 1465 1315 1503 a
1357 1449 1641 1504 Fidelibus
1676 1448 2181 1517 probatissimisque

578 1542 709 1596 viris
737 1543 1130 1609 comperimus,
1162 1541 1417 1610 precibus
1443 1540 1637 1595 vestris
1661 1538 1882 1609 adjutus
1912 1538 2179 1591 evolvam.

650 1637 765 1691 Duo
794 1635 1018 1705 quidam
1064 1635 1311 1704 primarii
1342 1636 1680 1699 Judaeorum,
1724 1633 1971 1688 Meletius
2004 1631 2182 1686 'l‘hi-o-

579 1728 698 1783 dori
730 1727 922 1796 frater,
949 1737 1004 1782 et
1031 1727 1407 1795 Innocentius,
1438 1728 1528 1799 qui
1559 1725 1941 1796 Hispaniarum
1972 1725 2179 1780 cladem

2283 508 2444 561 fidem
2499 526 2841 577 conversum,
2899 511 2982 564 itis
3030 513 3259 565 auribus
3305 512 3676 576 audientibus,
3738 512 3875 581 plebs

2280 598 2592 654 Christiana
2630 613 2823 656 testata
2878 614 2961 657 est
2995 621 3006 655 :
3044 604 3315 673 poteritne
3348 603 3487 670 ﬁ-‘ri,
3540 614 3596 657 ut
3625 604 3789 657 etiam
3828 614 3876 657 tu

2281 696 2528 763 germani
2573 696 2899 749 constrictus
2946 698 3198 765 exemplo
3239 697 3553 767 religionem
3602 695 3875 751 Judairant

2285 786 2541 840 deseras?
2567 786 2707 854 Quid
2736 804 2866 857 ergo
2891 787 2943 842 in
2977 788 3077 843 hac
3102 790 3333 844 terribili
3364 790 3661 845 solitudine
3689 789 3878 845 diutius

2284 888 2498 946 tempus
2546 883 2807 936 terimus?
2849 885 3105 953 quamdiu
3150 886 3318 940 etiam
3372 889 3555 957 inopia
3587 888 3765 941 vietus
3808 888 3879 941 lac

2285 971 2479 1027 borat'e
2525 974 2855 1043 poterimus?
2887 976 3029 1045 Quid
3059 993 3236 1031 causa:
3272 989 3382 1044 est,
3421 988 3477 1033 ut
3527 979 3675 1034 fame
3708 980 3880 1035 tabes-

2276 1082 2495 1132 camus,
2549 1084 2866 1124 arescantus
2914 1072 3026 1139 siti,
3080 1074 3495 1143 obrigescamus
3546 1074 3773 1143 algore?
3820 1074 3878 1127 ad

2282 1172 2622 1230 postumium
2662 1166 2832 1234 (quod
2857 1165 2971 1234 jam
3020 1168 3284 1237 patimur)
3317 1180 3520 1223 nostra:
3555 1167 3723 1235 hujus
3754 1167 3880 1223 stili-

2288 1254 2489 1309 tludinis
2521 1257 2771 1311 horribili
2802 1267 3090 1313 teneamur
3110 1260 3380 1315 silentio?
3403 1262 3680 1332 Numquid
3730 1264 3882 1317 latio-

2278 1364 2414 1401 tium
2440 1348 2672 1413 vincula,
2711 1350 2969 1419 numquid
2997 1352 3353 1407 barbarorum
3381 1354 3597 1425 gladios
3623 1356 3882 1425 fugimus?

2278 1442 2548 1511 uunnquid
2594 1450 2920 1513 sanguinem
2978 1456 3228 1500 nostrum
3278 1448 3435 1517 plebs
3484 1458 3635 1502 tanta
3677 1450 3881 1504 miscri-

2280 1546 2431 1601 (λοιπε,
2483 1554 2642 1606 quam
2698 1556 2796 1606 pro
2840 1542 2998 1596 nobis
3037 1544 3177 1598 fiere
3218 1546 3633 1614 conspeximus,
3687 1562 3879 1601 Concu-

2286 1628 2484 1697 piscit?
2517 1633 2891 1697 remrdeinur,
2917 1634 3173 1701 alumni,
3205 1652 3369 1704 quem
3398 1650 3665 1707 numnam
3692 1639 3885 1693 lzeserit

2288 1724 2338 1775 vi
2383 1733 2725 1792 nostrorum,
2777 1727 2858 1781 rel
2888 1727 3082 1783 saltem
3114 1728 3447 1800 irrogaverit
3495 1731 3778 1801 injuriam,
3807 1747 3884 1788 rc~

578 1838 753 1892 nuper
782 1821 1073 1893 elfugiens,
1096 1838 1221 1878 eum
1256 1822 1477 1878 famulis
1513 1822 1629 1878 suis
1657 1821 1725 1878 ad
1759 1822 1900 1877 hanc
1944 1820 2178 1875 insulam
2214 1819 2260 1881 Β
2292 1826 2569 1871 vertantur
2600 1821 2665 1873 ad
2702 1821 2979 1889 innoxios,
3025 1836 3161 1891 quos
3209 1825 3260 1877 in
3305 1826 3459 1879 nullo
3492 1826 3739 1883 lauimus
3790 1828 3883 1883 ini-

577 1926 802 1973 venerat
834 1918 1001 1988 (sicut
1034 1934 1176 1974 nunc
1211 1920 1310 1988 ipsi
1359 1922 1521 1973 etiam
1562 1934 1684 1973 cum
1713 1925 2181 1972 sacramentorum

584 2011 808 2065 terribili
858 2012 1275 2081 interpositione
1311 2012 1660 2078 confirmant)
1684 2054 1698 2079 ,
1756 2010 1823 2065 ad
1858 2026 2022 2065 unam
2054 2023 2182 2079 spe-

570 2108 792 2163 luncam
845 2109 927 2163 vel
971 2108 1152 2177 potius
1197 2122 1385 2178 rupem
1416 2118 1813 2170 convenerunt,
1858 2106 2183 2160 associando

572 2219 634 2257 se
662 2202 876 2257 duobus
901 2202 1227 2272 quibusdam
1260 2202 1468 2257 .ludtcis
1517 2202 1705 2256 humili
1738 2202 1857 2256 loco
1897 2202 2054 2265 ortis,
2089 2200 2181 2270 qui

570 2297 709 2351 istos
735 2295 1045 2350 communis
1094 2295 1234 2367 fuga:
1266 2296 1537 2366 principes
1567 2296 1834 2363 legerant.
1867 2294 2032 2363 lgitur
2058 2308 2181 2346 cum

572 2389 628 2445 in
671 2388 789 2445 loco
828 2405 1018 2445 eorum
1063 2390 1262 2458 trepidi
1307 2388 1739 2458 anhelantesque
1788 2387 2059 2457 paululum
2095 2402 2185 2440 re-

570 2483 867 2549 sedissent,
916 2482 1054 2538 duos
1096 2484 1243 2549 illos,
1276 2484 1371 2554 qui
1403 2492 1564 2538 aetate
1600 2482 1816 2536 alacres
1853 2491 1908 2535 et
1949 2480 2180 2534 audaces

570 2588 750 2642 erant,
802 2576 1120 2645 explorandi
1167 2576 1337 2647 gratia
1387 2575 1455 2631 ad
1504 2574 1762 2644 oppidum
1810 2572 2175 2638 remittentes,

570 2674 678 2729 soli
724 2673 974 2728 derelieti
1030 2684 1151 2728 sunt
1188 2672 1285 2726 ibi.
1341 2672 1495 2725 Tunc
1540 2671 1688 2739 prior
1722 2669 2004 2724 Meletius:
2037 2668 2179 2734 Quid

508 2814 511 2815 ν
566 2777 651 2823 est
674 2767 916 2837 (inquit),
950 2767 1138 2834 frater,
1167 2766 1312 2837 quod
1336 2766 1564 2821 verbum
1593 2764 1763 2833 (sicut
1788 2762 1951 2817 docet
1985 2762 2180 2831 religio

570 2862 780 2930 nostra)
806 2860 1210 2927 blasphemiam
1245 2858 1490 2915 avellere
1516 2874 1545 2912 a
1574 2856 1748 2913 corde
1778 2873 1900 2910 meo
1930 2854 2179 2923 nequeo?

565 2950 654 3006 Ex
682 2967 791 3019 quo
810 2952 955 3005 enim
981 2951 1206 3005 fratrem
1234 2966 1414 3005 meum
1442 2964 1771 3004 conversum
1796 2947 1961 3002 fuisse
1990 2947 2178 3002 Chris-

567 3043 840 3097 tianorum
890 3043 1117 3111 populus
1169 3043 1511 3105 inclamavit,
1565 3041 1696 3095 nihil
1750 3039 1894 3093 aliud
1946 3041 2073 3093 mihi
2123 3042 2175 3093 iu

562 3136 734 3191 corde
780 3135 1106 3207 suggeritur,
1154 3137 1257 3190 nisi
1294 3136 1401 3190 hoc
1434 3134 1685 3197 verbum,
1718 3132 1849 3187 mihi
1892 3146 2065 3201 usque
2106 3132 2174 3185 ad

2287 1911 2491 1975 miCos;
2521 1922 2571 1965 cl
2604 1914 2747 1981 quod
2779 1913 2889 1967 Deo
2922 1915 3210 1984 placuerit,
3242 1916 3357 1971 tiat.

2360 2006 2437 2059 Ad
2466 2006 2577 2060 hmo
2603 2007 2878 2063 Melelius:
2909 2009 3020 2080 Ego
3049 2010 3365 2081 te(inquit),
3390 2012 3678 2068 Innocenti
3698 2013 3881 2084 frater,

2284 2114 2446 2167 quem
2493 2116 2597 2155 non
2630 2101 2806 2155 solum
2853 2101 3082 2167 Latinis,
3120 2105 3217 2158 sed
3253 2105 3414 2159 etiam
3448 2106 3661 2162 Graecis
3694 2107 3884 2162 litteris

2287 2192 2560 2247 eruditum
2610 2197 2746 2260 scio,
2796 2207 2847 2249 et
2900 2196 3073 2267 legem
3106 2197 3311 2269 jugiter
3339 2199 3623 2263 meditari,
3657 2200 3883 2256 oblitum

2286 2302 2431 2355 reor,
2490 2290 2636 2359 quod
2693 2305 2791 2359 per
2843 2291 3186 2346 Ezechiele!“
3236 2293 3567 2363 proiihetam
3622 2294 3882 2351 Dominus

2282 2380 2361 2434 ait
2405 2399 2415 2433 :
2450 2383 2640 2435 Anima
2676 2399 2797 2452 qum
2839 2387 3166 2453 peccaverit,
3215 2389 3332 2454 ipsa
3365 2386 3635 2441 morietur
3664 2385 3881 2459 (Eurh.

2280 2478 2405 2542 an).
2440 2473 2496 2528 Si
2537 2475 2685 2527 enim
2719 2475 2898 2545 legisti
2930 2478 3054 2541 hoc,
3086 2492 3182 2531 cur
3212 2495 3301 2531 me
3343 2478 3529 2533 fratris
3569 2480 3678 2534 mei
3711 2481 3883 2535 Theo»

2278 2568 2401 2622 dori
2433 2570 2686 2638 exemplo
2718 2570 2918 2624 attrahi
2954 2585 3115 2640 posse
3143 2572 3206 2624 ad
3248 2572 3413 2626 fidem
3440 2572 3653 2627 Christi
3698 2572 3883 2627 existi-

2280 2664 2433 2716 mas?
2482 2662 2659 2717 liabet
2712 2665 2804 2719 ille
2849 2665 3086 2719 animam
3134 2680 3313 2731 suam,
3364 2668 3440 2720 ita
3484 2678 3544 2721 et
3598 2676 3879 2735 peccatum

2278 2769 2482 2808 suum:
2528 2756 2672 2825 quod
2718 2758 2936 2826 quidem
2982 2768 3261 2827 peccatum
3298 2759 3455 2823 mihi,
3503 2760 3548 2813 si
3598 2761 3878 2817 Dominum

2276 2851 2450 2904 Donni
2502 2868 2609 2905 non
2658 2853 2930 2923 relinquo,
2984 2869 3093 2909 non
3144 2856 3385 2910 nocebit.
3442 2854 3645 2910 Testor
3703 2870 3876 2911 autem

2282 2946 2458 3013 illum,
2501 2947 2589 3015 qui
2640 2948 2827 3002 eduxit
2872 2958 3054 3017 patres
3097 2959 3319 3003 nosth
3354 2949 3424 3004 de
3460 2960 3605 3005 terra
3640 2950 3875 3023 Egypti,

2279 3054 2386 3103 me,
2429 3042 2472 3092 si
2514 3040 2713 3094 hiemis
2754 3041 3016 3096 violentia
3046 3057 3153 3095 non
3184 3043 3423 3110 obesset,
3471 3044 3707 3113 abrepto
3748 3058 3878 3113 quo-

2274 3145 2509 3201 cumque
2565 3135 2800 3202 navigio,
2846 3134 2915 3187 ad
2965 3135 3235 3203 quaslibet
3281 3147 3459 3191 terras
3506 3139 3691 3193 aulum
3744 3138 3877 3194 velle

560 3228 711 3283 hunc
756 3229 902 3284 diem
953 3234 1169 3299 penitus
1218 3229 1547 3299 ignoratum,
1593 3226 1855 3293 Cuatsm,
1906 3241 1958 3280 IN
2013 3240 2163 3279 nout-
2194 3208 2243 3277 C
2278 3225 2552 3293 migrare:
2583 3241 2680 3280 nec
2706 3244 2792 3281 tuo
2826 3230 3229 3295 possessionum]
3257 3244 3433 3294 amor,
3456 3246 3561 3285 nec
3582 3229 3873 3286 aﬂ'ectunm

560 3336 629 3377 ne
660 3336 785 3378 tuo.
835 3322 1047 3390 Quanto
1099 3322 1273 3392 magis
1321 3324 1537 3390 pulsare
1584 3320 1689 3373 hoc
1732 3322 1798 3373 ab
1836 3319 2019 3372 animo
2049 3332 2170 3372 meo

563 3416 730 3482 nitor,
775 3425 928 3469 tanto
980 3416 1271 3469 violentius
1314 3416 1669 3482 (t‘llatclllStlilc
1708 3413 2040 3467 inhaerescit.
2086 3410 2167 3466 Ad

560 3507 681 3563 haec
727 3509 1116 3563 Innocentius:
1165 3508 1280 3563 Non
1315 3506 1538 3579 (inquit)
1590 3508 1786 3561 frustra
1831 3507 1918 3560 hic
1964 3521 2169 3571 sermo,

558 3620 723 3676 quem
754 3621 850 3660 cor
876 3618 1023 3660 tuum
1049 3605 1131 3680 (ut
1154 3605 1296 3675 apud
1324 3613 1554 3659 cunctos
1582 3604 2025 3675 probatissimum
2056 3602 2164 3671 est)

562 3707 722 3753 antea
764 3714 870 3754 nec
894 3701 1177 3769 cogitavit,
1216 3713 1318 3754 nec
1350 3714 1603 3767 umquam
1630 3698 1878 3766 protulit,
1915 3697 2000 3750 hic
2030 3711 2169 3765 pra:-

563 3794 754 3846 sertim
788 3791 959 3846 menti
985 3802 1097 3846 tute
1124 3792 1210 3863 (ut
1237 3791 1460 3861 asseris)
1490 3801 1595 3846 tam
1630 3792 1904 3847 violenter
1930 3792 2167 3845 insertus

561 3894 671 3948 est,
702 3883 805 3938 hoc
830 3900 896 3939 ex
927 3884 1038 3939 Deo
1062 3900 1187 3939 esse
1216 3885 1470 3937 arbitrtu.
1507 3883 1887 3939 Verumtamen
1920 3884 2162 3949 elabora,

562 3977 819 4044 obsecro,
868 3988 923 4034 et
954 3978 1153 4035 fabulis
1198 3978 1285 4033 his
1329 3979 1633 4048 declinatis,
1672 3980 2163 4051 interpellationem

558 4072 806 4126 molesta:
830 4073 1174 4143 cogitationis
1205 4073 1439 4141 aspelle.
1473 4073 1625 4127 Tunc
1673 4072 1921 4127 Mcletius
1962 4075 2030 4126 ita
2068 4073 2166 4128 ob-

558 4181 828 4239 strepere,
859 4183 914 4225 et
958 4169 1199 4227 confusis
1243 4171 1575 4227 clamoribus
1630 4185 1926 4242 personare
1971 4171 2159 4240 euenit,

560 4276 617 4320 ut
644 4282 773 4322 eum
819 4283 940 4321 cum
970 4281 1067 4321 sua
1114 4277 1299 4322 mente
1346 4267 1559 4331 luctari,
1598 4282 1702 4320 non
1735 4267 1910 4321 solum
1944 4267 2161 4320 nutibus

556 4361 758 4427 vimus,
782 4360 882 4417 sed
911 4361 1073 4415 etiam
1102 4362 1267 4415 tutius
1294 4362 1541 4431 corporis
1580 4361 1781 4416 indicio
1814 4361 2162 4415 Innocentius

551 4463 825 4521 cerneret,
859 4455 1002 4524 quod
1039 4464 1390 4524 posteaquam
1422 4471 1489 4509 ne
1518 4466 1708 4524 parum
1739 4454 1953 4523 quidem
1998 4454 2161 4524 profi~

2272 3319 2517 3376 (hill'ilas
2546 3323 2837 3391 detineret,
2872 3338 3101 3394 quorum
3132 3326 3310 3379 facilis
3355 3326 3485 3379 mihi
3512 3328 3731 3394 jactura
3760 3338 3871 3393 est;

2273 3425 2479 3469 tanlum
2506 3432 2573 3471 ne
2610 3418 2775 3472 Deum
2802 3425 3011 3487 patrum
3044 3433 3291 3473 nieorum
3322 3433 3524 3491 negare
3548 3410 3869 3492 cenipdlar.

2269 3511 2424 3578 Quod
2457 3522 2638 3568 autem
2668 3516 2898 3567 consilio
2926 3512 3103 3568 inutili
3123 3514 3189 3567 ad
3212 3514 3491 3569 civitatein
3514 3518 3871 3573 remeantium

2273 3610 2521 3662 decernis
2581 3625 2594 3661 :
2658 3609 2828 3662 miror
2882 3617 2935 3663 te
2995 3606 3481 3679 prudentissimum
3536 3609 3711 3665 virum
3764 3622 3870 3667 non

2268 3704 2453 3756 animo
2482 3702 2810 3770 prievidcre,
2865 3703 2994 3772 quid
3038 3702 3110 3757 de
3144 3703 3304 3756 nobis
3335 3704 3577 3758 futttruni
3624 3718 3866 3770 censeas,

2269 3796 2317 3852 si
2363 3797 2683 3850 Theodorus
2736 3798 2988 3852 columna
3035 3813 3326 3870 synagoga:
3367 3806 3592 3867 nostra‘,
3656 3801 3709 3854 in
3762 3814 3867 3869 quo

2268 3906 2485 3946 omnem
2544 3890 2795 3945 fiduciam
2857 3892 3289 3960 reperiebamus,
3349 3900 3667 3961 apostatare
3720 3909 3864 3949 com~

2266 3985 2455 4055 pulsus
2484 3994 2584 4039 est.
2623 3984 2733 4038 Hoc
2762 3999 2894 4054 ergo
2922 3985 3109 4039 sanius
3134 3993 3240 4053 est,
3277 3992 3548 4039 uteamus
3577 3987 3642 4039 ad
3681 3998 3863 4057 agnita

2266 4093 2470 4142 meum,
2518 4093 2617 4132 nec
2657 4093 2757 4131 nos
2798 4078 2937 4131 ultra
2964 4076 3405 4131 Christianorum
3432 4079 3611 4133 oeulis
3654 4080 3864 4149 ingerao

2265 4185 2387 4225 nius
2411 4187 2423 4224 :
2458 4186 2743 4239 possumus
2767 4169 2910 4225 enim
2944 4170 3051 4223 illic
3074 4169 3291 4225 interim
3315 4168 3662 4237 delitescere,
3687 4170 3862 4225 donec

2265 4273 2572 4336 opportuno
2598 4273 2845 4335 tempore
2872 4264 2939 4318 ad
2968 4266 3252 4335 peregrina
3284 4265 3623 4334 etuigremns
3646 4284 3662 4317 ι
3694 4280 3865 4335 quan-

2264 4359 2556 4429 doqtndcm
2586 4357 2640 4412 in
2679 4362 2777 4413 hac
2816 4359 2989 4414 insula
3023 4358 3164 4427 apud
3198 4366 3422 4413 cunctos
3448 4359 3636 4413 odium
3659 4368 3860 4414 nostra:

2263 4452 2543 4522 religionis
2592 4452 2841 4517 incret‘it,
2888 4460 2951 4506 ut
2988 4451 3078 4521 qui
3114 4451 3343 4521 patriam
3399 4467 3505 4505 non
3554 4450 3857 4523 reliquerit,

553 4561 680 4601 cere
714 4546 1001 4613 intellexit,
1036 4557 1090 4601 et
1122 4546 1318 4616 adjecit
1346 4547 1507 4601 etiam
1538 4546 1695 4613 illud,
1725 4547 1971 4601 ntverba
2002 4561 2155 4617 qum-
2184 4584 2237 4643 Β
2265 4545 2423 4600 (idem
2466 4554 2681 4615 patrum
2729 4555 2915 4600 tenere
2964 4560 3072 4599 non
3121 4545 3315 4613 possit.
3360 4544 3479 4599 Cur
3520 4546 3705 4617 itaque
3750 4562 3857 4601 non

552 4638 675 4693 dam
720 4638 948 4707 profana
977 4646 1032 4692 et
1072 4638 1253 4706 turpia
1278 4637 1625 4707 loqueretur,
1653 4648 1711 4691 et
1740 4653 1887 4691 utine
1929 4639 2154 4692 naribus

548 4730 894 4798 corrugatis,
952 4744 1139 4782 aerem
1214 4730 1441 4783 :orbens
1508 4729 1830 4783 inhonestos
1890 4736 2152 4799 strepitus

552 4834 859 4895 promeret,
890 4838 1030 4877 nunc
1064 4820 1263 4878 fastidis
1310 4822 1511 4876 risibus
1550 4822 1974 4877 cachiunaretur
2010 4838 2022 4876 :
2056 4823 2151 4878 sed

553 4918 670 4973 haec
718 4918 786 4973 ab
814 4918 997 4971 animo
1014 4918 1139 4985 ejus
1185 4932 1382 4972 nomen
1428 4917 1637 4973 Christi
1663 4918 2015 4987 exstinguere
2056 4934 2156 4974 nc-

551 5011 726 5082 quivit
764 5011 1002 5077 insania,
1031 5013 1152 5082 quia
1181 5011 1291 5082 jam
1325 5022 1552 5067 cunctas
1592 5012 1716 5081 eius
1753 5014 2017 5067 medullas
2058 5029 2151 5069 sa-

551 5105 737 5161 nitatis
767 5104 905 5173 ignis
948 5115 1281 5174 pervaserat.
1324 5105 1467 5174 Quid
1518 5122 1650 5176 ergo
1696 5104 1956 5179 (inquit),
1990 5110 2151 5164 Inno-

548 5202 697 5258 centi
724 5200 932 5255 frater?
983 5201 1033 5254 in
1078 5204 1416 5255 contrarium
1465 5204 1629 5257 verba
1672 5204 1777 5257 ista
1804 5212 2091 5259 vertuntur
2132 5221 2147 5260 :

546 5296 899 5351 abolitionem
951 5293 1081 5348 mihi
1136 5296 1371 5351 nominis
1412 5296 1636 5359 Christi,
1672 5311 1781 5352 nec
1824 5299 2150 5353 scurrilitate

549 5388 859 5449 verborum,
897 5402 995 5441 nec
1023 5389 1153 5456 ipsis
1181 5404 1403 5458 possum
1426 5391 1672 5446 obscoeni
1710 5388 1928 5447 sonitus
1954 5406 2148 5447 emor-

546 5498 714 5551 quere
737 5480 1113 5549 blasphemus:
1136 5481 1281 5534 aliud
1315 5482 1602 5550 siquidem,
1630 5485 1762 5538 mihi
1785 5484 1935 5541 reddi
1959 5484 2149 5558 [Forte

545 5574 681 5630 mihi
712 5572 918 5646 crede],
953 5574 1150 5639 sentio,
1182 5574 1329 5643 Quod
1354 5576 1543 5631 cordis
1589 5579 1691 5631 mei
1726 5580 1979 5642 auribus,
2008 5594 2146 5649 quis

544 5665 749 5721 frustm
798 5667 1090 5722 obstruere
1142 5666 1309 5737 nitor,
1360 5666 1566 5724 Christi
1616 5684 1818 5726 nomen
1865 5673 2141 5741 ingerere,

548 5759 858 5816 incessabili
883 5760 1131 5815 clamare
1158 5776 1271 5816 non
1296 5759 1525 5817 desinit.
1566 5761 1664 5819 Hie
1711 5763 1914 5821 Meletii
1961 5766 2142 5823 verbis

544 5850 669 5907 talia
697 5852 1042 5909 Innocentius
1074 5853 1263 5910 retulit
1287 5870 1300 5907 :
1332 5852 1576 5913 Fratrem
1598 5866 1751 5913 tuum
1771 5857 2140 5929 Theodorum,

2262 4640 2627 4694 voluntarium
2661 4642 3023 4711 snseipiamus
3051 4640 3333 4708 exsilium,
3378 4640 3447 4693 ad
3494 4641 3644 4706 quod
3700 4641 3859 4707 (sicut

2258 4748 2345 4788 res
2377 4733 2605 4805 indicat)
2644 4735 2784 4789 odiis
2832 4736 3055 4801 civium,
3098 4733 3315 4788 etiamsi
3371 4734 3645 4797 nolumus,
3692 4736 3859 4792 desti-

2261 4827 2422 4881 nandi
2472 4829 2702 4881 sniuns?
2753 4828 2866 4883 lloc
2904 4828 3070 4898 igitur
3118 4828 3347 4882 consilio
3396 4827 3687 4899 utriusque
3736 4844 3856 4884 sem

2260 4924 2427 4976 tentia
2472 4921 2813 4989 conﬁrmata,
2864 4923 3105 4978 iaborem
3154 4922 3420 4978 destinati
3466 4923 3682 4980 itineris
3726 4925 3857 4980 arri-

2262 5016 2433 5084 piunt.

2322 5106 2433 5161 Sed
2466 5107 2592 5161 dum
2628 5122 2726 5168 per
2750 5108 3198 5179 angustissimum
3232 5109 3615 5180 ingrediimtnr
3634 5112 3848 5177 callem,

2252 5200 2644 5269 cogitationum
2684 5202 2928 5257 tenebris
2973 5203 3149 5257 lucem
3204 5202 3613 5259 obcaecautibos
3663 5206 3852 5261 oculm

2254 5308 2372 5348 rum
2421 5309 2432 5346 :
2493 5295 2665 5364 ipsum
2706 5312 2866 5365 quem
2922 5295 3077 5351 inscii
3133 5297 3503 5367 sequebantur
3549 5298 3846 5365 tramitem,

2251 5389 2631 5459 perdiderunt,
2659 5399 2715 5445 et
2746 5390 2799 5444 in
2830 5390 2963 5443 locis
2995 5390 3231 5443 desertis
3259 5400 3422 5458 atque
3442 5390 3606 5445 inviis
3632 5405 3847 5445 reman-

2252 5500 2397 5540 sere.
2428 5485 2562 5539 Cum
2594 5496 2769 5541 autem
2797 5486 3176 5541 St'iltderettttlt‘
3208 5485 3479 5551 sentibus,
3512 5498 3605 5542 aut
3626 5486 3843 5558 rupibus

2251 5588 2569 5635 arcerentur
2597 5580 2781 5654 [Forte
2810 5580 3069 5649 vepribus
3102 5578 3528 5654 lacerarentnr],
3557 5590 3839 5651 postquam

2248 5686 2446 5744 corpus
2474 5688 2632 5729 suum
2661 5675 2834 5745 longis
2867 5673 3138 5728 fmdaiere
3169 5674 3510 5739 vulneribus,
3546 5674 3611 5726 ad
3644 5681 3839 5728 tantum

2249 5768 2427 5837 primo
2470 5767 2689 5839 quidem
2743 5770 3103 5833 anxietatem,
3135 5768 3334 5823 deinde
3361 5769 3522 5823 etiam
3559 5769 3623 5822 ad
3652 5769 3841 5836 despe~

2246 5862 2517 5919 rationem
2569 5869 2733 5931 atque
2779 5860 3128 5916 formidinem
3166 5874 3389 5928 venere,
3440 5869 3498 5914 ut
3554 5857 3842 5931 omnelic-
