4122 6346
257 284 361 355 ειη

1499 276 1845 346 EPISTOLA
1885 281 1979 345 DE
2014 270 2303 345 λυθείς.

3465 268 3575 347 vis

258 414 447 465 rentur
473 404 653 471 fateri,
685 418 745 462 se
790 417 851 462 ea
876 403 1085 474 judicio
1120 404 1213 459 Dei
1242 403 1393 475 justo
1417 403 1490 461 ob
1513 401 1863 457 incredulita-
1893 401 1942 459 Α
1970 399 2135 457 domo
2180 407 2368 456 nostra
2409 399 2691 472 religionis
2739 398 2920 470 hujus,
2959 415 3124 471 quam
3172 409 3420 460 astruere
3466 423 3576 461 non

262 511 367 556 tem
421 500 656 570 perpeti.
707 496 875 569 Igitur
906 513 1106 553 nomen
1153 494 1380 559 Christi,
1430 495 1579 567 quod
1625 506 1754 551 ante
1802 507 1862 549 se

260 594 403 649 ultro
451 593 707 664 ingerens
748 591 1112 662 repellebant,
1144 588 1401 647 laceratis
1432 592 1540 659 jam
1587 588 1863 653 cruribus,

261 687 603 755 invocantes,
655 686 931 750 semitam,
975 703 1096 754 qua:
1140 701 1238 742 eos
1283 695 1475 741 contra
1530 680 1866 738 voluntatem

261 796 328 838 ac
360 781 701 851 pr0po~itum
727 795 885 835 suum
918 777 984 833 ad
1014 776 1270 848 oppidum
1300 777 1551 841 retraxit,
1587 775 1870 841 corripue-

264 880 420 930 runt:
455 871 551 930 sed
584 886 707 927 cum
740 870 808 925 ad
840 871 1119 926 civitatem
1154 870 1305 925 inviti
1352 884 1413 923 ac
1442 867 1636 937 trepidi
1670 880 1871 936 perve-

264 966 494 1032 nissettt,
548 964 816 1020 curiosius
859 963 1040 1018 omnia
1094 970 1535 1032 percunctantes,
1581 959 1875 1013 audierunt

266 1060 617 1117 Theodorum
666 1060 829 1116 etiam
870 1074 1014 1114 nunc
1055 1057 1303 1114 Judn-um
1338 1071 1485 1120 esse,
1529 1071 1629 1110 nec
1680 1053 1873 1116 ullam,

268 1156 414 1210 sicut
470 1154 935 1218 existimaveram,
994 1150 1177 1222 populi
1230 1149 1526 1206 Christiani
1578 1147 1877 1218 pertulisse

268 1247 601 1304 violentiam.
635 1246 931 1314 Stupentes
971 1252 1174 1309 autem,
1207 1254 1254 1299 et
1290 1243 1433 1313 quod
1486 1242 1617 1312 ipsis
1663 1238 1879 1295 accide-

270 1348 378 1406 rat,
410 1354 519 1395 non
569 1338 881 1407 credentes,
913 1336 979 1393 ad
1011 1336 1233 1392 domum
1285 1334 1565 1393 Theodori
1596 1335 1701 1389 iter
1747 1332 1881 1387 diri-

269 1442 403 1505 gunt
438 1451 450 1486 :
487 1432 576 1487 ubi
610 1448 734 1487 cum
782 1444 900 1495 eos,
943 1430 1054 1500 jam
1101 1445 1239 1500 pene
1268 1441 1464 1485 exacto
1496 1427 1744 1498 prandio,
1790 1424 1881 1482 ille

270 1527 607 1597 excepisset,
666 1526 809 1581 illico
864 1524 1088 1595 inquirit
1142 1539 1387 1592 causam,
1433 1538 1530 1578 cur
1570 1536 1602 1577 a
1652 1536 1711 1577 se
1750 1530 1806 1577 et
1851 1535 1878 1575 a

273 1627 492 1685 civitate
521 1627 956 1691 abscessissent;
986 1625 1413 1695 universumque
1442 1621 1692 1678 ordinem
1712 1629 1883 1693 gestte

274 1720 376 1787 rei,
421 1720 597 1791 magis
641 1733 766 1775 cum
814 1717 948 1787 risu,
1001 1735 1161 1790 quant
1208 1732 1331 1773 cum
1381 1715 1745 1771 admiratione
1790 1730 1887 1771 co-

272 1816 512 1889 gaoscit.

346 1910 479 1966 Post
514 1907 760 1964 triduum
798 1905 1117 1964 Theodorus
1145 1920 1267 1962 cum
1302 1903 1617 1960 concionari
1651 1902 1716 1958 ad
1770 1902 1887 1972 ple-

278 2002 401 2061 bem
440 2017 624 2070 suam,
652 2015 857 2072 eosque
896 1999 965 2055 ad
1012 1998 1172 2054 fidem
1207 1997 1410 2054 Christi
1451 2011 1745 2066 provocare
1776 1995 1890 2050 dis-

278 2103 516 2167 poneret
552 2110 567 2148 :
602 2094 746 2149 ultro
788 2108 849 2149 se
875 2090 1221 2147 offerentium
1248 2090 1318 2145 ad
1349 2088 1751 2144 confessionem
1788 2085 1887 2142 .Iu-

280 2188 526 2246 diuorum
592 2188 754 2244 etiam
824 2185 1150 2241 seditionem
1207 2183 1451 2255 pertulit.
1504 2180 1676 2237 Nemo
1742 2179 1889 2235 enim

283 2296 473 2340 eorum
504 2281 676 2336 ferme
700 2286 839 2343 erat,
868 2276 958 2348 qui
992 2293 1102 2332 non
1125 2291 1186 2331 se
1213 2274 1392 2347 palam
1420 2272 1660 2329 sensisse
1689 2270 1893 2326 Christi

285 2371 586 2445 potentiam
642 2381 1068 2429 eontestaretur.
1123 2368 1261 2425 Nam
1330 2368 1507 2438 primo
1560 2367 1612 2420 in
1660 2364 1892 2421 concilio

289 2480 480 2523 eorum
528 2464 853 2521 adolescens
898 2463 1116 2534 quidam
1167 2459 1335 2532 ipsius
1374 2459 1649 2517 Theodori
1694 2472 1894 2514 conso-

291 2557 504 2624 brinus,
532 2556 758 2615 nomine
779 2556 1058 2622 Galilatus,
1088 2564 1147 2611 ut
1176 2570 1473 2626 congruum
1508 2554 1667 2623 (sicut
1689 2552 1894 2609 dictum

292 2652 401 2725 est)
428 2651 743 2708 nominibus
774 2651 1098 2724 mysterium
1124 2658 1297 2721 gestae
1325 2648 1402 2703 rei
1435 2662 1607 2717 usque
1637 2647 1703 2701 ad
1735 2645 1897 2701 linem

296 2745 687 2815 deduceretur,
734 2760 860 2801 cum
915 2744 1121 2813 ingenti
1167 2743 1363 2798 invidia
1409 2742 1749 2812 proclamare
1797 2742 1900 2795 hoc

298 2840 465 2906 cmpit
491 2856 505 2893 :
533 2839 825 2894 Contestor
851 2835 1077 2910 (inquit)
1114 2852 1206 2892 vos
1228 2851 1442 2903 omnes,
1471 2849 1557 2890 me
1587 2832 1900 2890 ,Ιιιὰίιιοτυιιι

300 2948 421 2990 esse
450 2949 559 2988 non
585 2947 745 3003 posse
768 2932 820 2985 in
855 2932 1228 3001 possessione;
1261 2929 1527 3000 siquidem
1551 2927 1605 2982 in
1636 2941 1698 2981 ea
1714 2924 1903 2981 Chris-

303 3026 476 3082 tianos
501 3033 782 3081 consortes
813 3025 1007 3091 habeo,
1030 3038 1258 3094 quorum
1282 3022 1446 3091 odiis,
1471 3022 1517 3077 si
1547 3022 1597 3075 itt
1622 3019 1902 3076 Judaismo

303 3135 657 3191 perseverare
683 3118 930 3185 voluero,
982 3117 1205 3175 forsitan
1232 3115 1583 3187 peritnendus
1616 3132 1757 3170 sum.
1788 3115 1902 3185 Ego

1968 494 2236 561 valemus,
2300 492 2529 549 ludibria
2591 494 2931 561 deserentes,
2986 492 3426 553 Christianorum
3481 516 3584 554 nu-

1971 604 2124 644 mero
2160 589 2394 660 fideique
2440 588 2804 656 sociabimur;
2836 592 2928 661 qui
2960 606 3256 660 numquam
3286 593 3470 664 utique
3503 595 3585 647 in-

1972 684 2405 740 numerabilibus
2432 682 2840 753 Scripturarum
2896 686 3224 740 testimoniis
3266 704 3372 742 non
3404 690 3582 745 solum

1977 787 2047 841 te,
2101 776 2266 832 frater
2311 774 2628 843 Theodore,
2682 777 2772 847 qui
2814 778 3044 848 peritior
3099 779 3324 850 reliquis
3355 780 3583 847 videris,

1973 868 2069 924 sed
2099 871 2264 924 etiam
2332 881 2561 925 cunctos
2627 871 3060 938 convincerent,
3112 872 3220 928 nisi
3271 875 3584 945 veritatem,

1974 978 2095 1035 quze
2123 963 2266 1017 vinci
2310 978 2415 1016 non
2446 971 2648 1031 potest,
2678 972 3050 1018 sectarentur.
3080 964 3198 1020 Tali
3225 963 3581 1021 Cmcilianum

1978 1073 2145 1111 sen~u
2180 1058 2393 1127 plebem
2426 1074 2579 1113 suam
2608 1057 2828 1113 affatum
2850 1059 3247 1129 comperimus,
3281 1062 3592 1130 multo-que

1980 1149 2294 1206 Judzcorum
2346 1150 2539 1207 eadem
2597 1151 2686 1208 die
2728 1151 2794 1206 ad
2831 1151 2994 1207 fidem
3038 1151 3240 1208 Christi
3291 1169 3416 1208 cum
3471 1154 3591 1220 ipso

1982 1255 2380 1299 concurrentes
2448 1259 2573 1300 cum
2642 1242 2902 1301 ineffabili
2971 1247 3339 1301 exsultatione
3400 1260 3593 1301 susce-

1983 1338 2186 1409 pimus.

2058 1430 2317 1500 Prodigia
2343 1446 2498 1496 sane,
2529 1447 2652 1501 quae
2682 1431 2749 1485 de
2780 1434 2920 1488 crrlo
2949 1442 3077 1489 tunc
3106 1433 3246 1488 faeta
3280 1444 3427 1501 sunt,
3456 1435 3603 1490 sicut

1984 1522 2168 1594 eloqui
2203 1523 2362 1593 digne
2390 1540 2499 1577 non
2545 1525 2738 1578 adeam
2771 1522 2958 1598 [Forte
2998 1525 3241 1599 addam],
3277 1528 3439 1584 silere
3486 1544 3596 1584 non

1989 1616 2186 1673 audeo.
2219 1617 2361 1671 llora
2393 1617 2614 1673 circiter
2644 1618 2877 1687 septima
2915 1619 3479 1677 ntissamduntinicam
3510 1640 3601 1678 so-

1990 1711 2249 1768 lemniter
2277 1711 2544 1779 capimus
2576 1712 2861 1768 celebrare
2901 1731 2912 1766 :
2962 1729 3087 1768 nam
3122 1713 3250 1769 dum
3303 1732 3402 1770 nos
3445 1717 3603 1773 adve-

1915 1797 1966 1860 B
1993 1806 2209 1862 nientcs
2254 1805 2324 1860 ad
2374 1804 2578 1860 Christi
2623 1804 2784 1859 fidem
2832 1805 3051 1861 Judteos
3083 1808 3163 1862 vel
3218 1810 3596 1877 exhortamur,

1992 1898 2078 1954 vel
2096 1907 2423 1955 annotamus
2444 1896 2743 1971 (siquidem
2760 1899 2985 1953 nomina
3008 1916 3200 1954 eorum
3225 1901 3601 1974 scripsimus),

1996 1992 2226 2063 populus
2272 2000 2455 2049 autem
2488 1994 2625 2047 tanti
2672 1993 2857 2061 gaudii
2891 1993 3069 2063 epulis
3100 1996 3379 2064 saginatus
3408 2010 3605 2051 carna-

1995 2087 2126 2142 lium
2157 2102 2263 2142 non
2300 2086 2642 2142 meminisset
2671 2102 2944 2155 escarum,
2982 2102 3108 2156 pars
3156 2088 3264 2143 diei
3301 2088 3477 2159 major
3509 2104 3605 2145 ex-

1996 2190 2263 2236 currerat.
2297 2180 2430 2237 Cum
2480 2180 2647 2252 igitur
2675 2180 2730 2235 in
2778 2181 3039 2250 ecclesia,
3084 2199 3203 2252 qum
3237 2183 3520 2252 paululum
3570 2199 3601 2238 a

1997 2274 2214 2330 civitate
2242 2274 2511 2345 sequestri
2541 2274 2592 2328 in
2626 2274 2747 2329 loco
2769 2274 2879 2329 sita
2910 2282 3015 2342 est,
3045 2274 3098 2328 in
3124 2290 3228 2345 qua
3253 2279 3427 2331 saneti
3459 2292 3604 2332 mar-

2001 2366 2134 2439 tyris
2182 2367 2447 2437 Stephani
2482 2382 2656 2436 nuper
2684 2365 2987 2423 reconditae
3018 2366 3266 2437 reliquias
3310 2371 3605 2437 conquies-

1997 2469 2148 2527 cunt,
2181 2458 2461 2515 nobiscum
2489 2458 2693 2527 pariter
2713 2458 2868 2529 plebs
2896 2458 3151 2514 universa
3183 2458 3401 2515 Missam
3437 2476 3606 2531 oppe-

2002 2552 2271 2618 riebatur;
2303 2551 2411 2607 duo
2434 2551 2651 2621 quide
2673 2551 2950 2619 monachi,
2976 2569 3113 2623 quos'
3144 2552 3414 2608 Dominus
3441 2563 3608 2608 testes

2001 2660 2223 2702 suorum
2254 2642 2640 2700 miraculorum
2676 2644 2982 2715 prtcelegit,
3034 2648 3085 2699 itt
3116 2660 3311 2716 campo
3351 2648 3442 2718 qui
3478 2659 3609 2704 ante

2005 2737 2148 2793 fores
2202 2736 2450 2796 ecclesite
2500 2739 2866 2809 protenditur,
2922 2739 2976 2796 in
3011 2740 3193 2796 herbis
3246 2741 3608 2799 accubabant.

2006 2824 2103 2885 Vir
2131 2844 2311 2886 autem
2344 2833 2661 2902 honoratus,
2693 2832 2869 2889 Julius
2903 2835 3145 2899 nomine,
3176 2850 3298 2890 cum
3341 2836 3448 2892 alio
3475 2852 3613 2907 quo-

2005 2923 2129 2978 dam
2179 2925 2247 2979 de
2295 2924 2515 2981 civitate
2544 2926 2831 2981 ecclesiam
2868 2938 3084 2997 petens,
3135 2943 3259 2983 cum
3316 2943 3415 2998 per
3464 2929 3615 3001 ipsos

2009 3019 2292 3089 prteterire
2342 3020 2625 3089 coepisset,
2686 3022 3056 3090 respondente
3105 3021 3214 3094 [ΑΙ.
3257 3021 3615 3096 respiciente]

2011 3130 2119 3168 uno
2148 3129 2213 3168 ex
2250 3114 2534 3171 monachis
2563 3114 2704 3188 (viso
2733 3117 2964 3172 mirabili
2997 3118 3180 3188 signo)
3230 3118 3611 3184 conturbatus,

304 3213 467 3284 igitur
512 3213 638 3267 \itce
684 3228 820 3268 mete
862 3211 1101 3281 periculo
1138 3213 1452 3277 consulens,
1500 3209 1903 3293 athecclesiatn
1930 3195 1981 3261 C
2013 3208 2302 3265 confusum
2345 3209 2527 3266 emisit
2574 3210 2904 3277 clamorem;
2954 3228 3366 3284 conversusque
3409 3213 3475 3267 ad
3529 3229 3614 3280 se,

298 3305 412 3378 jam
446 3320 691 3376 pergam,
723 3315 778 3360 ut
808 3320 1022 3368 necem,
1048 3321 1165 3375 qum
1188 3303 1321 3359 mihi
1355 3314 1596 3373 paratur,
1627 3301 1902 3372 effugiam.

306 3399 434 3455 llrec
486 3397 767 3465 Galil-ams,
819 3413 941 3453 cum
989 3397 1056 3452 ad
1106 3409 1318 3467 tempus
1373 3396 1513 3468 fuga:
1557 3412 1617 3451 se
1666 3404 1903 3466 pararet,

305 3494 460 3564 quasi
496 3502 552 3545 ut
598 3506 793 3547 causas
838 3489 1215 3547 conversionis
1263 3505 1374 3544 sum
1405 3488 1716 3545 reddidisse
1760 3488 1912 3545 vide-

306 3592 483 3651 retur,
530 3584 599 3640 de
648 3583 814 3638 futuri
848 3582 1033 3637 saeculi
1065 3592 1240 3638 morte
1285 3593 1408 3637 tunc
1458 3581 1593 3635 nihil
1640 3582 1906 3650 cegitans,

307 3681 593 3735 veritatem
652 3677 856 3732 inscius
910 3677 1257 3746 loquebatur.
1295 3676 1429 3731 lluic
1474 3673 1736 3742 sermoni,
1772 3688 1911 3744 pene

310 3770 628 3838 praeteriens
651 3769 731 3823 vir
765 3766 1047 3834 hOtteSluS,
1080 3776 1265 3821 etnon
1295 3768 1470 3822 solum
1501 3765 1645 3822 inter
1670 3764 1911 3832 Judmos,

309 3881 503 3922 verum
552 3865 717 3921 etiam
757 3861 812 3918 itt
862 3865 1081 3918 civitate
1124 3878 1292 3933 usque
1324 3864 1459 3918 adeo
1496 3864 1823 3934 praecipuus,
1856 3871 1915 3917 ut

310 3960 476 4016 etiam
510 3974 653 4013 nunc
682 3956 952 4012 Defensor
969 3956 1205 4011 civitatis
1232 3956 1437 4011 electus
1458 3954 1549 4019 sit,
1572 3955 1912 4019 ()mt-iliattus,

312 4068 439 4109 vera
476 4046 765 4109 Galilaeam
796 4050 999 4119 dicere,
1033 4065 1201 4119 seque
1247 4048 1482 4104 similem
1538 4047 1741 4103 habere
1783 4063 1913 4102 cau-

312 4162 453 4217 sam,
486 4146 686 4201 similia
718 4143 1015 4200 formidare
1053 4143 1416 4198 attestahatur
1450 4160 1462 4195 :
1500 4141 1701 4212 quibus
1742 4139 1919 4195 verbis

314 4249 520 4294 tantam
550 4252 715 4309 supra
741 4246 1043 4292 memorato
1071 4236 1256 4305 juveni
1286 4234 1485 4306 adjecit
1508 4232 1917 4299 confidentiam,

315 4338 373 4387 ut
419 4332 473 4385 in
504 4342 802 4399 coospectu
829 4330 1068 4385 omnium
1103 4342 1266 4382 cursu
1296 4324 1647 4396 rapidissimo
1689 4322 1754 4378 ad
1797 4339 1919 4393 per-

315 4420 627 4497 cipiendttm
661 4421 785 4479 fidei
817 4422 1071 4478 'bravium
1103 4420 1168 4475 ad
1201 4419 1404 4477 Galilrei
1457 4414 1626 4475 nostri
1667 4416 1923 4472 convola—

2010 3314 2265 3373 protensa
2322 3320 2507 3365 manu,
2554 3320 2674 3375 qua:
2706 3306 2877 3360 verbo
2910 3306 3183 3377 explicare
3229 3322 3335 3362 non
3373 3316 3614 3381 poterat,

2010 3398 2133 3463 quid
2185 3398 2397 3455 videret
2448 3399 2711 3454 ostendit.
2767 3399 2895 3454 Erat
2923 3398 3118 3466 globus
3165 3400 3382 3468 quidam
3430 3401 3616 3456 eandi-

2010 3489 2220 3544 dissimi
2263 3489 2506 3556 luminis,
2541 3489 2873 3560 proceritate
2920 3493 3001 3545 sui
3037 3500 3301 3547 staturam
3334 3494 3488 3565 quasi
3524 3492 3624 3549 ho-

2014 3583 2172 3638 minis
2205 3584 2523 3655 aqunans,
2556 3584 2731 3640 instar
2755 3586 3106 3640 vasculorum
3130 3602 3253 3657 quae
3271 3587 3436 3657 vulgo
3461 3587 3619 3643 Grca:

2013 3676 2384 3746 appellantur,
2439 3685 2604 3733 tant-.e
2650 3693 2781 3733 vero
2826 3678 3093 3734 claritatis
3138 3690 3195 3734 et
3249 3679 3500 3750 fulgoris,
3558 3687 3621 3735 ut

2016 3769 2190 3825 visum
2242 3769 2360 3835 fuit,
2407 3770 2549 3839 quod
2598 3770 2751 3826 fratri
2800 3771 2893 3842 qui
2926 3770 2977 3826 id
3012 3772 3161 3842 prior
3211 3776 3418 3827 notavit
3459 3772 3626 3846 (sicut

2015 3865 2136 3934 ipso
2168 3866 2443 3922 referente
2472 3867 2852 3937 Cognovimns)
2898 3866 2979 3920 Sttl
3029 3866 3286 3922 decidere
3319 3866 3623 3923 videretur.

2021 3959 2133 4015 lloc
2162 3958 2303 4014 sicut
2353 3959 2474 4015 istis
2505 3960 2677 4014 visum
2708 3967 2815 4026 est,
2848 3960 3006 4030 quasi
3030 3971 3183 4015 trans
3216 3959 3519 4029 basilicam,
3570 3960 3624 4015 in

2018 4066 2124 4122 qua
2165 4051 2453 4108 universus
2484 4052 2768 4107 nobiscum
2801 4054 3039 4123 populus
3077 4054 3425 4118 consederat,
3474 4052 3621 4107 lento

2020 4143 2174 4214 lapsu
2200 4143 2620 4211 demittebatur;
2646 4160 2830 4199 verum
2847 4146 2918 4199 ita
2951 4147 3315 4214 propinquum
3341 4152 3623 4214 putatvcre,

2023 4244 2082 4291 ut
2104 4251 2167 4289 se
2199 4235 2341 4290 idem
2367 4237 2534 4290 frater
2561 4248 2788 4306 stupore
2818 4239 3058 4304 percitus
3084 4253 3251 4292 cursu
3282 4236 3631 4306 prmriperet,

2023 4331 2344 4387 existimans
2374 4330 2426 4385 id
2460 4339 2583 4401 post
2625 4331 2905 4386 basilicam
2940 4329 3251 4386 decidisse:
3300 4328 3397 4384 sed
3428 4331 3496 4384 ab
3541 4328 3635 4384 illo

2025 4434 2296 4481 retractus
2348 4424 2539 4491 fratre,
2597 4439 2849 4495 gressum
2905 4424 3190 4479 inhibuit:
3239 4422 3325 4477 ille
3366 4421 3511 4478 enim
3560 4422 3634 4476 ita

317 4529 401 4574 ret
448 4516 730 4581 auxilium,
769 4525 824 4571 et
854 4516 921 4569 ab
969 4514 1275 4571 humilitate
1324 4526 1530 4580 nostra,
1570 4521 1627 4567 ttt
1671 4509 1902 4581 ejusden

2027 4517 2246 4589 quidem
2282 4518 2444 4573 etiam
2477 4516 2578 4572 sibi
2608 4517 2815 4584 visum,
2862 4527 3050 4571 tamen
3086 4514 3297 4585 longius
3330 4513 3495 4569 fuisse
3525 4527 3635 4568 non

320 4614 447 4671 inde
480 4614 702 4668 nomine
731 4624 1069 4679 censeretur,
1106 4622 1406 4682 ertpeteret.

392 4700 718 4763 Caecilianus
741 4713 920 4759 autem
953 4719 1076 4760 cum
1109 4717 1254 4762 esset
1282 4704 1594 4760 Jodaeorum
1622 4711 1796 4772 pater,
1827 4701 1925 4756 ha-

322 4799 437 4857 bito
466 4816 589 4856 cum
634 4792 855 4853 Florino
883 4796 1052 4854 fratre
1090 4814 1190 4854 suo
1220 4815 1375 4868 atque
1405 4797 1720 4854 .Iudmorutn
1773 4806 1926 4867 patre

323 4894 540 4950 seniore
564 4891 816 4961 consilio,
846 4889 1157 4962 hujusmodi
1180 4893 1343 4965 (sicut
1371 4888 1721 4964 agnovimus)
1747 4890 1924 4949 verbis

324 5005 654 5066 synagogatn
705 4986 938 5042 adorsus
969 4995 1055 5043 est
1088 5005 1099 5039 :
1134 4986 1248 5058 Ego
1290 4983 1510 5059 (inquit)
1560 5002 1681 5040 cum
1724 4983 1827 5040 sim
1869 4982 1925 5039 in

326 5080 536 5140 honore
590 5097 879 5154 synagogm
934 5090 1056 5151 post
1108 5076 1462 5137 Theodorum
1522 5080 1746 5150 primus,
1819 5095 1925 5135 non

327 5176 466 5233 sicut
504 5172 721 5248 juvenis
766 5172 1043 5231 Galilmus.
1074 5184 1299 5229 CtlttciOS
1326 5172 1481 5243 quasi
1522 5170 1765 5243 trepidus
1798 5188 1930 5227 con—

327 5270 467 5349 sulo,
502 5280 921 5339 t'ontestorque;
957 5266 1050 5321 HTd
1095 5267 1275 5337 potius
1305 5266 1566 5322 adhortor
1599 5276 1759 5338 atque
1780 5282 1928 5321 eum-

331 5350 551 5431 mOueo,
600 5362 951 5429 denuntians,
999 5372 1054 5415 ut
1097 5375 1283 5415 errore
1323 5360 1471 5431 pravi
1522 5361 1729 5415 itineris
1774 5359 1932 5415 dere—

322 5436 462 5513 licto
485 5456 552 5530 (si
576 5454 704 5511 'ileri
739 5451 960 5527 potest),
1004 5468 1197 5507 omnes
1231 5452 1433 5519 pariter
1453 5450 1519 5507 ad
1556 5453 1711 5507 fidem
1743 5450 1932 5509 Eeeic'

332 5550 608 5606 siasticam
660 5562 1073 5602 concurratntts.
1127 5543 1279 5612 Quod
1323 5545 1368 5599 si
1401 5561 1499 5600 vos
1550 5548 1614 5599 ad
1656 5542 1933 5600 Christum

336 5654 484 5701 tanta
535 5642 702 5699 virtus
758 5658 863 5697 non
920 5636 1174 5703 attrahit;
1227 5654 1327 5710 ego
1377 5647 1526 5694 certe
1580 5644 1634 5693 et
1676 5634 1937 5695 Florinus

332 5735 505 5799 frater
522 5756 699 5806 meus,
724 5739 864 5795 sicut
894 5737 1275 5794 recusantibus
1299 5734 1452 5792 vobis
1477 5744 1680 5791 tantam
1704 5736 1936 5794 salutem

337 5833 445 5894 vim
497 5833 697 5891 inferre
742 5849 852 5892 non
884 5842 1196 5902 possumus,
1249 5826 1321 5885 ita
1363 5843 1464 5886 nos
1509 5843 1632 5886 cum
1687 5829 1937 5889 universa

1948 4584 2007 4647 Β
2030 4611 2184 4682 quasi
2213 4623 2420 4677 certus,
2462 4609 2556 4666 sed
2604 4620 2662 4666 ut
2693 4608 3001 4674 aestimans,
3048 4584 3350 4662 astruebat.
3381 4604 3643 4661 Mulieres

2028 4713 2207 4760 autem
2261 4704 2507 4776 quatdam
2558 4713 2687 4760 tunc
2734 4700 2959 4771 Judzeae,
3009 4701 3155 4756 inter
3205 4716 3340 4771 quas
3388 4711 3639 4756 matrona

2030 4795 2229 4855 Meletii
2260 4797 2421 4866 illius,
2450 4796 2607 4867 cujus
2640 4813 2802 4867 supra
2841 4797 3051 4852 mentio
3079 4793 3261 4850 habita
3295 4800 3403 4860 est,
3435 4794 3502 4850 de
3526 4808 3643 4853 cm-

2032 4890 2227 4948 naculo
2268 4892 2695 4962 perSpicientes,
2741 4891 2814 4945 ita
2848 4890 2950 4946 sibi
2994 4890 3045 4947 id
3084 4892 3258 4962 ipsum
3286 4891 3462 4946 visum
3491 4889 3643 4947 affir-

2031 4985 2279 5052 mabant,
2313 4987 2470 5053 quasi
2512 5000 2674 5052 supra
2724 4984 3004 5040 basilicam
3063 4984 3379 5042 decidisset.
3434 4984 3635 5040 Verum

2035 5077 2160 5144 hoc,
2191 5087 2369 5131 utrum
2401 5081 2433 5128 Α
2447 5076 2656 5147 ngelus,
2690 5092 2757 5130 an
2789 5078 2905 5147 ipse
2929 5077 3263 5148 Stephanus,
3290 5077 3434 5150 quod
3458 5076 3639 5135 visum

2031 5179 2137 5234 est,
2173 5169 2353 5236 fuerit,
2390 5170 2658 5226 incertum
2682 5178 2789 5226 est.

2109 5261 2311 5318 Eadem
2358 5261 2466 5317 diei
2512 5261 2646 5318 hora
2688 5260 2905 5318 circiter
2938 5274 3166 5334 quarta,
3217 5264 3269 5320 id
3320 5273 3423 5331 est,
3474 5263 3643 5333 paulo

2035 5369 2331 5429 antequam
2403 5358 2509 5413 hoc
2576 5358 2790 5430 signum
2857 5359 3368 5424 demonstraretur,
3432 5359 3646 5429 grando

2039 5454 2421 5522 minutissima,
2453 5469 2613 5523 quam
2661 5454 2854 5511 ineola:
2902 5457 3095 5511 insula:
3136 5456 3281 5511 illius
3309 5454 3499 5526 gentili
3527 5471 3645 5511 scr-

2040 5564 2202 5604 tttoue
2230 5538 2575 5619 Abgistittnm
2612 5559 2838 5617 vocant,
2873 5566 2979 5605 non
3005 5564 3402 5621 usquequaque
3422 5551 3646 5621 copiosa

2043 5642 2311 5699 deﬂuxit:
2362 5641 2514 5709 hate,
2562 5657 2685 5698 cum
2738 5649 2873 5699 odor
2921 5660 2987 5698 ex
3050 5658 3113 5697 ea
3174 5642 3352 5698 mellis
3403 5642 3649 5714 fragrare

2043 5735 2332 5806 ompisset,
2391 5752 2420 5791 a
2474 5735 2659 5793 multis
2710 5753 2849 5808 quos
2894 5752 2994 5808 per
3038 5735 3177 5789 viam
3229 5737 3647 5808 verberaverat,

2045 5830 2352 5903 degustata,
2386 5829 2602 5888 dulcior
2630 5831 2796 5889 melle
2822 5838 3101 5902 comperta
3130 5841 3236 5888 cst.
3280 5832 3435 5890 Multi
3466 5834 3652 5906 itaqu
