4122 6346
574 305 682 365 745

1641 307 1890 366 SEVERI
1931 303 2243 365 EPISCOPI
2281 304 2779 366 MAJORICENSIS

3776 310 3874 370 ιιι

570 425 869 496 sapientes,
915 439 1037 480 cum
1083 423 1276 480 eadem
1318 422 1406 478 die
1451 420 1588 478 ﬁlios
1631 422 1799 477 Israel
1838 421 1906 476 ab
1934 420 2170 493 Egypto
2200 422 2251 479 Α
2281 422 2378 474 sed
2411 421 2776 476 nobilissimas
2798 420 3140 485 Judzeorum,
3171 419 3238 474 ad
3270 419 3484 476 virtutis
3511 436 3626 476 suae,
3653 421 3873 494 gloriam

571 518 814 589 pet-ﬁdit:
863 534 977 572 sine
1026 527 1186 588 atque
1231 532 1260 571 a
1311 515 1571 571 servitute
1611 530 1862 586 egressos
1893 514 2168 577 viderent,

573 610 692 666 haec
714 627 834 682 qua:
865 611 1005 666 faeta
1049 620 1207 678 sunt,
1240 609 1408 680 signis
1438 608 1547 664 illis
1578 623 1700 678 qua:
1734 609 1784 662 in
1816 607 2006 662 Exodo
2038 607 2169 678 legi-

571 719 695 759 mus
744 703 940 776 (Exod.
992 702 1128 776 xvr),
1184 701 1574 772 comparabant
1620 700 1746 756 huic
1795 703 2024 771 populo,
2081 702 2171 770 qui

570 795 742 851 Deum
791 796 1018 853 credulo
1067 796 1235 851 corde
1265 794 1507 857 intuens,
1542 809 1732 850 verum
1763 795 1928 850 etiam
1959 794 2172 849 Israelis

569 906 769 946 nomen
796 892 994 945 tneruit
1019 931 1032 955 ,
1084 904 1282 943 manna
1314 889 1609 942 crederent
1647 887 1931 942 innovari:
1961 887 2171 941 colum-

568 1001 692 1041 nam
717 1001 936 1056 quoque
967 985 1126 1054 ignis,
1154 998 1274 1053 quae
1297 990 1483 1053 patres
1513 982 1567 1036 in
1590 996 1778 1036 eremo
1803 980 2170 1052 prmcedebat,

567 1089 627 1133 ut
655 1077 818 1133 etiam
865 1076 984 1130 ﬁliis
1014 1092 1043 1129 a
1085 1090 1212 1130 vera
1247 1073 1485 1145 Egypto
1529 1081 1690 1144 atque
1737 1072 1958 1129 fornace
1994 1073 2173 1144 (sicut

565 1176 832 1240 scriptum
866 1178 949 1225 est
975 1167 1179 1242 [Exod.
1215 1166 1369 1238 xm],
1406 1167 1589 1222 ferrea
1615 1167 1850 1236 egressis
1871 1209 1884 1234 ,
1913 1166 2168 1222 ducatum

567 1265 845 1335 przeheret
869 1262 937 1318 ad
975 1261 1162 1326 vitam,
1214 1269 1493 1316 ostensam
1550 1260 1719 1315 fuisse
1768 1261 2167 1315 existimarunt.

565 1356 634 1412 Et
656 1372 844 1411 revera
872 1355 1034 1429 (sicut
1057 1354 1293 1409 lectione
1315 1353 1487 1408 Exodi
1509 1353 1826 1424 attestatur)
1868 1353 2170 1408 similitudo

569 1452 847 1520 signorum
898 1449 1124 1504 minime
1165 1447 1464 1518 discrepat.
1495 1445 1628 1501 Nam
1664 1455 1720 1502 et
1745 1447 1875 1501 illud
1916 1447 2057 1516 quod
2089 1448 2170 1501 ni-

567 1557 687 1597 vem
737 1540 903 1597 fuisse
963 1539 1340 1606 credidimus,
1404 1555 1594 1595 semen
1647 1538 1926 1594 coriandri
1977 1539 2169 1594 mimtti

568 1635 916 1707 adaequabat,
947 1635 1126 1690 mellis
1173 1649 1423 1705 saporem
1474 1633 1729 1726 ferebat:
1777 1643 1831 1687 et
1877 1633 1978 1688 hoc
2025 1634 2168 1704 quod

568 1729 852 1801 apparuit,
880 1728 1151 1784 columna:
1181 1727 1353 1798 igneae
1389 1729 1628 1799 speciem
1674 1726 1947 1793 habuisse,
1995 1727 2167 1781 mani-

2276 513 2631 580 dilatandam,
2665 515 2719 568 in
2751 513 2954 568 duritie
2985 513 3226 583 perfidia:
3255 529 3365 567 suae
3391 510 3648 570 Christus
3669 528 3876 584 perma-

2277 621 2409 660 nere
2437 606 2833 677 aliquantulum
2867 621 3064 677 passus
3091 620 3198 661 CSI.
3237 605 3571 661 Arthemisia
3611 605 3875 677 siquidem

2277 697 2509 753 Lectorii
2533 697 2553 771 [
2573 699 2677 754 Ms.
2709 698 2972 772 Lettorii]
2993 741 3009 767 ,
3042 701 3135 772 qui
3160 716 3335 771 nuper
3375 699 3519 755 hanc
3548 699 3874 770 provinciam

2277 792 2446 856 texit,
2503 802 2556 847 et
2608 808 2754 848 nunc
2801 791 3000 848 Comes
3047 810 3171 848 esse
3219 793 3440 860 dicitur,
3473 791 3605 857 ﬁlia,
3638 791 3876 862 conjugis

2276 884 2479 941 Meletii
2507 887 2873 942 conversione
2898 898 3199 954 commota,
3222 902 3344 942 cum
3372 903 3480 942 una
3506 885 3686 943 ferme
3711 887 3874 942 amica

2275 989 2329 1033 et
2358 979 2571 1035 nutrice
2601 989 2658 1035 et
2689 981 2874 1050 pauris
2918 981 3130 1036 ancillis
3179 979 3400 1035 domum
3449 980 3552 1034 viri
3599 981 3682 1036 sui
3725 979 3876 1036 dese-

2275 1086 2424 1138 rens,
2461 1071 2529 1126 ad
2563 1072 2851 1142 quamdam
2876 1072 3222 1143 speluncam,
3247 1072 3380 1128 licet
3405 1072 3461 1126 in
3486 1072 3665 1139 vinea,
3696 1083 3895 1128 tamen.

2275 1164 2571 1220 remotiore
2601 1165 2881 1234 paululum
2916 1167 3037 1221 loco
3077 1166 3204 1233 sita,
3249 1166 3415 1221 oblita
3446 1165 3699 1221 feminea:
3727 1164 3872 1220 inﬁr-

2277 1261 2482 1315 mitatis
2499 1262 2694 1316 evasit.
2714 1262 2847 1316 Erat
2867 1263 2916 1316 in
2940 1278 3001 1318 ea
3027 1266 3594 1333 parvumjnovumque
3617 1262 3869 1326 torcular,

2277 1353 2537 1424 lacusque
2571 1372 2744 1409 novus
2777 1358 2952 1411 laetus
2986 1356 3212 1425 ﬁguram
3245 1355 3656 1427 quodammodo
3681 1370 3872 1427 gerere

2276 1447 2551 1502 credentis
2581 1448 2768 1519 populi
2811 1448 3096 1502 videbatur
3134 1465 3146 1502 :
3202 1463 3310 1503 non
3361 1449 3504 1504 enim
3553 1450 3695 1503 istos
3740 1448 3876 1504 sicut

2276 1551 2427 1594 utres
2450 1551 2690 1605 veteres,
2723 1541 2816 1595 sed
2864 1541 3008 1596 sicut
3040 1557 3215 1596 novos
3257 1541 3406 1597 lacus
3456 1553 3699 1597 mustum
3755 1542 3874 1596 novi

2276 1632 2614 1690 Testamenti
2661 1636 2957 1706 recepisse,
2991 1647 3043 1690 et
3073 1635 3366 1702 credimus,
3409 1646 3465 1690 et
3504 1635 3771 1692 videmus.
3819 1635 3872 1691 In

2274 1741 2341 1781 eo
2373 1726 2536 1796 igitur
2569 1729 2688 1781 loco
2713 1743 2834 1782 cum
2871 1743 2967 1796 per
2996 1727 3215 1782 biduum
3265 1735 3514 1782 matrona
3559 1743 3589 1782 a
3628 1727 3748 1783 viro
3777 1742 3873 1784 suo

570 1826 771 1881 festum
795 1836 900 1881 est.
920 1824 1227 1893 Utrumque
1249 1835 1429 1878 autem
1448 1825 1661 1893 signum
1686 1823 1846 1877 etiam
1869 1822 2170 1878 Jammona:
2202 1811 2250 1871 B
2277 1819 2480 1876 oﬂ'ensa
2515 1821 2866 1876 inexorabilis
2896 1823 3288 1891 permansisset
3313 1839 3328 1887 ;
3364 1830 3423 1876 ut
3449 1822 3684 1893 primum
3723 1822 3870 1877 tertia

573 1917 1006 1974 censistentibus
1037 1917 1301 1972 fratribus
1340 1917 1644 1972 revelatum
1683 1916 1851 1971 fuisse
1879 1919 2168 1988 cognosci-

574 2029 735 2069 mus:
771 2028 894 2067 nam
923 2023 976 2067 et
1006 2013 1243 2083 pluviam
1269 2011 1444 2067 mellis
1477 2013 1661 2076 mttlti,
1697 2013 1891 2084 quibus
1923 2013 2170 2070 intellec—

575 2117 662 2162 tus
698 2107 1005 2176 requirendi
1052 2117 1108 2162 et
1139 2122 1235 2177 per
1274 2116 1465 2177 gustus
1503 2107 1836 2176 agnoscendi
1864 2107 2022 2163 datus
2061 2118 2168 2173 est,

575 2203 918 2273 probavere:
952 2209 1008 2257 et
1037 2202 1288 2256 columna
1336 2201 1712 2256 candidissimi
1762 2201 1905 2256 illius
1950 2202 2172 2258 luminis

576 2296 894 2361 multorum,
914 2312 1054 2366 quos
1070 2295 1264 2367 dignos
1278 2295 1542 2350 Dominus
1562 2294 1846 2365 judicavit,
1864 2311 1923 2352 se
1937 2296 2173 2367 ingessit

573 2391 904 2461 aspectibus.
936 2389 1090 2462 Unde
1113 2389 1340 2460 intelligi
1367 2388 1552 2455 datur,
1581 2388 1800 2445 Iudaeos
1827 2406 1928 2460 per
1952 2389 2171 2446 univer-

570 2500 692 2541 sum
725 2485 914 2540 orbem
947 2483 1072 2538 ﬁdei
1102 2483 1302 2538 lumine
1331 2482 1634 2538 visitandos
1677 2500 1690 2536 :
1749 2484 2002 2553 quoniam
2052 2485 2172 2555 qui-

573 2579 698 2635 dem
730 2579 911 2643 nobis,
940 2577 1030 2649 qui
1081 2580 1132 2632 in
1174 2577 1275 2631 hac
1318 2577 1496 2631 insula
1536 2577 1775 2647 atquein
1807 2577 1910 2633 hoc
1944 2579 2170 2646 parvulo

575 2671 659 2741 (ιιι
707 2672 777 2725 ita
829 2670 1097 2741 dixerim)
1127 2669 1264 2724 orbe
1286 2671 1642 2725 consistimus
1665 2712 1679 2736 ,
1715 2682 1902 2726 tantus
1932 2673 2170 2728 etelestis

569 2765 760 2835 gratia:
786 2763 1048 2833 splendor
1075 2763 1275 2829 illuxit,
1310 2770 1372 2818 ut
1393 2779 1570 2833 usque
1598 2765 1665 2819 ad
1693 2774 1976 2822 extremos
2010 2777 2172 2824 terrae

570 2867 766 2912 vestrae
797 2857 1062 2913 terminos
1090 2857 1374 2926 signorum
1408 2857 1552 2912 visio
1581 2859 1917 2927 perveniret.

641 2949 905 3022 Sequenti
931 2951 1094 3021 igitur
1119 2949 1211 3006 die
1227 2966 1441 3006 summa
1456 2951 1697 3006 omnium
1723 2955 2084 3022 exspectatio,
2110 2966 2170 3012 ut

565 3042 895 3100 Theodorus
925 3043 1210 3114 sponsioni
1241 3058 1358 3098 sua:
1387 3043 1765 3112 satisfaceret,
1799 3045 2164 3101 admonebat:

563 3136 806 3206 quicum
846 3135 1008 3205 justis
1055 3133 1342 3208 (quantum
1390 3135 1704 3209 videbatur)
1742 3137 2162 3210 allegationibus

2275 1915 2394 1971 dies
2427 1916 2626 1984 illuxit,
2648 1916 2860 1970 famulte
2889 1932 3082 1987 aquam
3111 1915 3330 1972 haurire
3352 1917 3682 1985 imperavit:
3713 1933 3868 1988 quam

2275 2025 2397 2064 cum
2431 2009 2601 2065 odore
2631 2020 2683 2065 et
2712 2025 2910 2080 sapore
2937 2010 3110 2065 mellis
3137 2010 3484 2066 dulcedinem
3516 2010 3727 2068 referre
3753 2028 3870 2068 sen-

2275 2103 2456 2170 sisset,
2489 2101 2664 2170 primo
2691 2103 2911 2174 quidem
2945 2103 3210 2158 ministrze
3235 2119 3567 2160 succensere
3595 2105 3796 2175 erepit;
3820 2114 3871 2160 et

2275 2215 2374 2252 cur
2403 2199 2454 2252 in
2488 2197 2678 2252 eodem
2710 2213 2871 2254 urceo
2894 2199 2996 2252 mel
3020 2198 3324 2267 iujecisset,
3354 2199 3673 2270 indignans,
3701 2200 3870 2269 inqui-

2277 2293 2428 2348 rebat
2459 2310 2473 2348 :
2532 2301 2822 2364 postquam
2858 2303 3065 2355 autem,
3117 2303 3173 2347 ut
3211 2293 3366 2362 quasi
3400 2304 3696 2364 negantem
3744 2309 3871 2349 con-

2276 2389 2546 2455 vinceret,
2580 2388 2648 2442 ad
2676 2389 2849 2442 lacum
2883 2388 3077 2459 pergit,
3109 2386 3176 2443 de
3204 2403 3313 2457 quo
3348 2388 3628 2457 paululum
3683 2403 3875 2444 conca-

2275 2484 2357 2538 vis
2375 2483 2622 2539 manibus
2645 2484 2928 2546 hauriens,
2951 2482 3152 2554 reperit
3172 2497 3391 2551 aquam,
3409 2499 3515 2554 qua
3533 2499 3632 2554 per
3657 2484 3871 2539 biduum

2276 2591 2369 2630 usa
2407 2575 2604 2642 fuerat,
2626 2575 2676 2629 in
2709 2575 2886 2630 mellis
2913 2574 3218 2630 suavissimi
3250 2591 3466 2631 versam
3496 2576 3868 2632 dulcedinem.

2275 2668 2568 2722 Advocans
2599 2667 2783 2737 itaque
2813 2677 3039 2722 cunctas
3071 2681 3194 2738 qua:
3223 2668 3474 2737 aderant,
3505 2680 3563 2722 ut
3591 2677 3873 2739 gustarent

2275 2769 2454 2831 rogat,
2481 2777 2550 2815 ne
2574 2759 2716 2815 forte
2739 2760 2902 2816 fallax
2925 2775 3088 2830 sapor
3112 2760 3163 2814 in
3189 2759 3435 2817 faucibus
3463 2771 3675 2818 tantum
3708 2762 3870 2833 ipsius

2275 2853 2606 2908 suavitatem
2669 2855 3014 2909 mentiretur.
3085 2851 3286 2908 Omnes
3338 2863 3669 2924 gustantes,
3739 2855 3868 2910 mira

2275 2945 2648 3001 oblectatione
2675 2945 2881 3000 affecta:
2907 2956 3054 3011 sunt,
3103 2955 3161 3000 ut
3212 2961 3322 3000 non
3352 2963 3546 3016 aquam
3581 2947 3762 3004 mellis
3787 2964 3869 3004 sa-

2277 3053 2409 3107 pore
2431 3037 2754 3104 delibutam,
2772 3038 2866 3094 sed
2891 3040 2996 3093 mel
3029 3039 3484 3105 sincerissimum,
3511 3041 3689 3096 solum
3718 3057 3866 3113 aqua:

2274 3129 2691 3185 similitudinem
2737 3138 3054 3185 censerent.
3111 3130 3348 3199 Stupore
3402 3132 3565 3202 igitur
3623 3139 3864 3204 percitae,

563 3240 884 3286 cunctorum
911 3240 1036 3285 vota
1065 3230 1319 3286 crederet
1354 3229 1687 3298 diﬁ'erenda,
1725 3209 1912 3287 dicens
1952 3242 2156 3286 matro-
2197 3209 2241 3273 C
2274 3226 2400 3280 dum
2433 3225 2500 3279 ad
2531 3227 2803 3282 civitatem
2837 3227 3033 3282 reverti
3069 3237 3350 3296 parantur,
3398 3229 3672 3284 curiosius
3708 3245 3867 3300 agen-

561 3341 687 3381 nam
720 3327 872 3396 prius
911 3324 1085 3391 suam,
1140 3341 1302 3395 quam
1347 3323 1401 3380 in
1453 3325 1799 3395 Majoricensi
1849 3326 2163 3397 reliquisset

563 3417 770 3484 insula,
797 3420 902 3473 huc
931 3434 990 3472 se
1021 3417 1160 3473 velle
1180 3417 1508 3487 (deducere;
1550 3435 1618 3473 ne
1654 3417 1819 3484 forte,
1864 3419 1909 3473 si
1955 3420 2161 3492 absque

559 3525 833 3568 consensu
861 3525 961 3565 suo
988 3511 1164 3565 virum
1189 3508 1354 3564 ‘suum
1400 3525 1726 3566 conversum
1781 3511 1948 3567 fuisse
1993 3529 2160 3583 agno-

555 3605 725 3660 visset
756 3603 920 3675 (sicut
950 3600 1145 3672 solet),
1177 3603 1428 3673 pertinax
1459 3602 1683 3672 perﬁdia
1714 3614 1895 3669 esset,
1932 3619 2158 3673 persua-

555 3697 711 3753 sione
743 3695 933 3751 matris
968 3695 1243 3764 praacipue
1271 3709 1408 3763 suae,
1443 3712 1563 3766 quae
1608 3697 1789 3752 adhuc
1832 3709 2151 3768 supererat,

557 3799 614 3844 et
657 3787 904 3844 consiliis
955 3787 1288 3854 dementata,
1320 3796 1375 3842 et
1406 3802 1436 3841 a
1469 3787 1728 3858 conjugio
1753 3789 1854 3843 viri
1891 3789 2154 3860 religione

553 3881 883 3938 discederet.
943 3881 1077 3936 Cum
1136 3882 1254 3938 haec
1300 3881 1624 3936 Theodorus
1672 3879 1998 3938 Christianis
2040 3885 2150 3953 jam

553 3975 1030 4045 acquiescentibus
1063 3975 1409 4045 propalasset
1443 3993 1456 4029 :
1486 3974 1710 4043 Judteis,
1765 3979 1856 4046 qui
1903 3980 2147 4034 conversi

551 4069 787 4135 fuerant,
813 4071 1078 4126 acerrima
1110 4071 1486 4126 commotione
1517 4072 1920 4142 resistentibus,
1953 4090 2148 4143 ampu-

545 4171 655 4219 tata
683 4162 961 4218 dilationis
1011 4179 1202 4231 mura,
1245 4164 1312 4218 ad
1365 4165 1556 4220 matris
1602 4166 1921 4237 propinqua:
1967 4167 2146 4223 sinum

541 4257 770 4314 feStivus
803 4259 942 4330 ipse,
979 4267 1037 4314 ut
1066 4259 1118 4314 in
1151 4258 1358 4314 somnis
1385 4259 1618 4326 viderat,
1651 4261 1990 4316 convolavit.
2015 4262 2148 4317 Post

542 4367 704 4422 quem
733 4353 938 4418 omnis,
973 4360 1246 4424 tamquam
1281 4362 1493 4409 remoto
1525 4353 1706 4418 obice,
1745 4354 1810 4409 ad
1845 4355 2142 4411 Ecclesiam

536 4461 810 4519 synagoga
854 4446 1137 4502 conﬂuxit.
1205 4447 1400 4502 Mirum
1451 4446 1616 4517 dictu,
1665 4448 1953 4504 inveterati
2000 4450 2143 4506 illius

535 4538 673 4609 legis
701 4540 958 4596 doctores
986 4541 1109 4596 sine
1137 4539 1246 4596 tilla
1279 4539 1643 4595 altercatione
1673 4541 1996 4610 verborum,
2021 4542 2140 4599 sine

2271 3329 2352 3374 tes
2378 3361 2392 3385 ,
2424 3318 2586 3374 etiam
2616 3335 2796 3374 rorem
2827 3318 2916 3389 qui
2947 3321 2996 3373 in
3029 3319 3214 3373 herbis
3243 3319 3494 3389 plurimis
3523 3331 3663 3388 erat,
3695 3322 3861 3392 degu-

2269 3424 2469 3469 statum
2503 3414 2736 3469 similem
2765 3425 3108 3484 repererunt.
3143 3414 3379 3484 Pergens
3416 3414 3597 3486 itaque
3637 3417 3704 3471 ad
3733 3415 3864 3472 civi-

2268 3521 2430 3565 tatem
2466 3521 2711 3564 matrona
2741 3519 3060 3573 memorata,
3094 3509 3210 3564 haec
3235 3509 3432 3564 tnarito
3453 3510 3666 3575 retulit,
3695 3522 3748 3566 et
3772 3527 3863 3582 per

2267 3621 2390 3660 eum
2419 3605 2670 3661 omnibus
2716 3603 3010 3670 iudicavit;
3045 3604 3337 3674 statimque
3368 3603 3436 3659 ad
3467 3604 3670 3660 Christi
3703 3605 3858 3660 fidem

2267 3699 2388 3755 sine
2417 3697 2776 3754 reluctatione
2805 3699 3103 3752 consensit.
3709 3751 3715 3759 ,

2341 3794 2540 3850 Verum
2565 3795 2755 3850 eadem
2774 3794 2882 3858 die,
2911 3809 3018 3865 qua
3043 3793 3241 3849 Meletii
3276 3809 3413 3848 uxor
3442 3795 3853 3851 amaritudinem

2263 3887 2662 3944 incredulitatis
2688 3887 2926 3957 abjicere
2945 3903 3010 3941 ex
3037 3887 3200 3942 melle
3222 3887 3501 3956 compulsa
3519 3898 3625 3956 est,
3642 3889 3849 3956 eadem,

2258 3983 2501 4053 inquam,
2550 3983 2657 4049 die,
2711 4000 2811 4052 qtta
2856 3993 3158 4037 memorata
3215 3981 3322 4036 ﬁlia
3358 3983 3546 4049 Israel,
3599 3985 3753 4056 quasi
3802 3987 3851 4040 itt

2255 4077 2473 4132 deserto
2507 4078 2704 4147 posita,
2737 4076 2890 4130 illum
2937 4076 3219 4147 antiquum
3264 4076 3410 4130 Mara
3451 4077 3627 4132 lacum
3655 4077 3857 4151 (Exod.

2256 4175 2374 4242 xv),
2410 4173 2614 4240 injecto
2661 4171 2846 4226 Crucis
2891 4170 3061 4241 ligno,
3113 4169 3502 4226 obduleescere
3549 4174 3850 4241 persensit:

2251 4267 2327 4320 ita
2379 4264 2610 4320 miriﬁco
2658 4279 2895 4334 vereque
2940 4263 3150 4319 ccelesti
3185 4265 3364 4319 omnis
3395 4264 3640 4321 Ecclesia
3688 4267 3851 4322 odore

2255 4358 2514 4429 fragravit
2534 4400 2548 4425 ,
2593 4369 2652 4412 ut
2701 4357 3047 4428 praesentiam
3078 4356 3314 4426 Spiritus
3345 4359 3516 4413 sancti
3545 4399 3560 4426 ,
3609 4375 3770 4430 quam
3799 4368 3851 4414 et

2247 4463 2374 4508 ante
2396 4453 2510 4523 jam
2534 4453 2849 4524 aliquoties,
2877 4452 2971 4508 sed
3001 4453 3321 4522 paucissimi
3350 4469 3722 4523 senseramus,
3749 4456 3850 4511 fra-

2249 4544 2477 4601 ternitas
2529 4560 2667 4615 pene
2715 4544 2974 4600 universa
3003 4545 3268 4601 sentiret:
3301 4559 3356 4601 et
3401 4547 3596 4603 mirum
3641 4549 3848 4605 eunetis

539 4630 655 4687 ullo
696 4632 1104 4703 Scripturarum
1147 4634 1447 4690 certamine
1496 4633 1879 4701 crediderunt;
1927 4646 2135 4692 tantum
2167 4613 2218 4673 Π
2242 4636 2377 4691 illud
2405 4613 2682 4708 fuil,ﬁqnod
2713 4653 2808 4707 per
2825 4638 3046 4693 eosdem
3075 4638 3212 4704 dies,
3239 4654 3433 4695 serena
3452 4641 3842 4711 propemodum

534 4727 902 4794 percunctati,
931 4741 999 4781 an
1033 4727 1233 4781 vellent
1259 4726 1420 4783 ﬁdem
1443 4727 1650 4783 Christi
1679 4729 1987 4799 suscipere:
2020 4746 2138 4786 cre-

534 4815 668 4871 dere
696 4833 756 4874 se
781 4819 833 4873 in
864 4818 1103 4889 Christo,
1132 4829 1187 4875 et
1217 4818 1561 4876 Christianos
1589 4821 1704 4890 ﬁeri
1737 4838 1940 4892 cupere
1972 4825 2137 4894 proﬁ-

534 4909 809 4966 tebantur.
834 4911 1065 4967 Centum
1097 4913 1317 4983 quidam
1348 4924 1401 4968 et
1428 4913 1566 4969 duos
1598 4914 1682 4986 (ιιι
1703 4918 1976 4986 asserunt)
2005 4929 2133 4973 aeta-

2235 4729 2440 4802 jugiter
2469 4743 2850 4802 permanente,
2874 4733 3201 4789 creberrimi
3237 4734 3437 4790 imbres
3481 4735 3846 4792 demitteban-

2243 4835 2350 4893 tur,
2381 4842 2430 4883 et
2467 4829 2725 4899 paulatim
2756 4829 3040 4885 venientes
3063 4828 3130 4884 ad
3163 4829 3324 4885 ﬁdem
3374 4831 3578 4887 Christi
3629 4832 3843 4889 Judaeos

2236 4921 2415 4992 pluvia
2473 4923 2863 4992 praecedebat:
2916 4926 2988 4979 ita
3039 4935 3097 4979 ιιι
3143 4925 3248 4981 hoc
3299 4926 3840 4994 animadvertentes,

527 5001 601 5056 tis
625 5011 789 5074 atque
821 5004 1060 5074 perlidire
1120 5019 1235 5060 sua:
1291 5005 1502 5062 habens
1551 5023 1748 5074 annos,
1800 5010 1917 5066 sine
1967 5011 2129 5066 trium

529 5098 960 5152 commutatione
1002 5097 1320 5167 verborum,
1373 5114 1470 5170 spe
1518 5099 1713 5156 futura:
1751 5102 1874 5157 vitae
1927 5103 2131 5173 alacer,

525 5189 862 5258 decrepitus,
915 5201 1109 5260 Optare
1140 5207 1199 5249 se
1232 5203 1289 5248 ut
1322 5193 1376 5248 in
1407 5193 1516 5249 ﬁne
1559 5202 1865 5266 temporum
1905 5212 2131 5254 suorum

524 5300 624 5356 per
656 5284 815 5340 ﬁdem
841 5283 1050 5339 Christi
1081 5285 1149 5340 ad
1179 5286 1522 5356 spiritualem
1547 5300 1920 5346 reverteretur
1952 5291 2127 5346 infan-

527 5381 688 5447 tiam;
741 5380 1008 5448 nobisque
1062 5380 1366 5451 putrefacta
1405 5383 1516 5452 jam
1569 5385 1729 5439 senio
1775 5388 2044 5453 membra,
2073 5396 2131 5442 ut

522 5475 851 5548 quantocius
876 5490 973 5545 per
1003 5475 1334 5546 baptismum
1358 5489 1808 5548 regeneraretur,
1839 5481 2084 5552 ingessit.

593 5567 839 5622 Fuerunt
873 5567 1095 5638 quidam
1146 5566 1343 5633 Judaai,
1384 5571 1476 5638 qui
1530 5583 1949 5639 praetereuntes,
1999 5572 2126 5630 illuc

518 5660 768 5732 appulsi,
802 5661 1268 5731 Opportunitatem
1321 5663 1588 5730 temporis
1636 5674 1800 5730 atque
1830 5674 2122 5721 ventorum

517 5753 958 5824 aucupabantur:
991 5754 1108 5823 qui,
1161 5754 1451 5826 navigandi
1499 5771 1761 5813 concessa
1803 5759 2125 5830 opportuni-

512 5850 649 5916 tate,
694 5844 924 5902 credere
949 5847 1280 5903 maluerunt.
1301 5847 1438 5905 Tres
1455 5848 1618 5920 igitur
1638 5858 1846 5908 tantum
1869 5851 2118 5920 feminas,

2237 5016 2396 5085 vulgo
2425 5016 2566 5072 inter
2596 5031 2698 5071 nos
2727 5027 2781 5071 et
2803 5017 2956 5088 quasi
2976 5017 3300 5088 joculariter
3327 5019 3638 5074 diceremus
3665 5039 3677 5074 :
3703 5019 3839 5075 Ecce

2233 5109 2348 5180 jam
2401 5109 2560 5179 pluit,
2609 5111 2802 5166 scitote
2849 5127 3229 5183 quoscumque
3277 5112 3496 5168 Judwos
3538 5115 3605 5169 ad
3636 5112 3839 5170 Christi

2240 5204 2402 5260 ﬁdem
2435 5221 2781 5261 accessuros.
2837 5207 3032 5262 Mirum
3085 5206 3261 5275 dictu,
3313 5207 3657 5280 frequenter,
3711 5208 3835 5265 dum

2236 5298 2413 5354 adhuc
2444 5300 2566 5354 talia
2600 5300 2966 5370 loqueremur,
3021 5317 3051 5355 a
3095 5301 3422 5370 quibusdam
3463 5302 3673 5359 Iudaeis
3703 5303 3826 5360 ﬁdei

2229 5390 2395 5462 janua
2424 5393 2778 5464 pulsabatur:
2812 5409 2913 5450 nec
2935 5394 3231 5463 immerito,
3258 5397 3401 5452 sicut
3422 5398 3683 5468 scriptum
3711 5407 3831 5454 est:

2234 5483 2479 5538 Pluviam
2548 5485 2909 5541 voluntariam
2971 5488 3282 5559 segregahit
3351 5489 3659 5546 haereditati
3720 5505 3828 5546 sua:

2232 5575 2493 5634 Dominus
2525 5577 2697 5651 (Psal.
2726 5585 2913 5652 van).
2951 5581 3192 5652 Desuper
3231 5593 3389 5639 erant
3418 5583 3673 5654 feminae,
3711 5600 3827 5656 qua:

2228 5670 2281 5725 in
2311 5671 2538 5728 odorem
2565 5683 2961 5744 unguentorum
2990 5673 3190 5730 Christi
3215 5692 3444 5732 currere
3475 5678 3820 5734 recusabant.

2249 5818 2254 5822 ι
2300 5764 2607 5821 Innocentii
2638 5766 2804 5833 illius,
2829 5767 2986 5838 cujus
3014 5783 3177 5839 supra
3207 5769 3435 5826 fecimus
3464 5773 3821 5836 mentionem,

2228 5867 2474 5914 matrona
2507 5874 2630 5914 cum
2663 5861 2817 5928 prole
2845 5877 2960 5924 sua,
2992 5862 3325 5919 venerabilis
3353 5863 3519 5936 (sicut
3555 5865 3694 5921 fama
3720 5865 3822 5935 est)
