4122 6346
237 309 341 366 7-15
377 342 379 346 ι

1112 315 1169 372 3.
1216 310 1627 373 BONIFACIUS
1668 314 1685 371 l
1721 316 1930 373 PAPA.
1965 317 2181 373 EPIST.
2228 318 2313 373 DE
2353 318 2638 377 JUDIEIS.

3455 332 3563 388 746

238 432 414 498 vidua,
450 424 593 486 illico
624 441 679 487 ut
710 432 1087 489 Innocentium
1124 436 1335 490 sororis
1386 436 1673 506 coniugem
1707 451 1834 490 eon-
1867 441 1910 495 Α
1942 442 1995 487 et
2021 434 2239 487 Christo
2267 450 2360 489 cas
2394 436 2562 489 nutri.
2594 436 2665 491 Et
2690 436 2793 493 hoc
2818 438 3203 498 miserabiliter
3224 445 3556 517 acclamans,

236 540 447 578 versum
472 540 594 580 esse
616 528 928 597 conspexit,
960 528 1137 580 navim
1166 530 1505 593 conscendit,
1536 545 1641 582 non
1665 530 1839 582 solunt

233 620 698 689 permittentibus,
748 620 844 675 sed
889 624 1052 676 etiam
1104 622 1461 677 suadentibus
1489 624 1681 689 nobis;
1716 625 1837 693 quia

234 711 298 765 ad
330 711 492 767 [idem
519 712 720 767 Christi
755 731 855 769 nec
882 716 1088 779 verbis,
1123 734 1219 769 nec
1244 718 1528 772 miraculis
1555 718 1842 772 flecteren-

236 812 339 858 tur.
389 804 541 860 Uxor
586 816 767 861 autem
812 808 1114 864 Innocentii
1151 825 1247 879 per
1277 818 1517 880 quatuor
1564 811 1676 866 fere
1720 812 1839 867 dies

235 899 458 952 verbum
484 901 696 969 salutis,
719 902 861 971 quod
883 902 1295 973 iugerebamus,
1318 906 1603 960 obduratis
1619 907 1841 961 auribus

232 992 557 1062 recipiebat.
589 994 714 1048 Haec
756 1012 877 1050 cum
910 1014 1128 1052 omnem
1169 1015 1439 1068 respuens
1466 1000 1797 1055 medicinam
1820 1041 1833 1065 ,

232 1085 524 1140 insanabili
578 1088 981 1146 incredulitatis
1028 1092 1340 1147 valetudine
1395 1095 1834 1163 opprimeretur,

232 1180 512 1248 nullisque
532 1179 837 1235 Innocentii
860 1183 1109 1253 conjugis
1135 1186 1216 1239 vel
1243 1186 1424 1249 minis,
1449 1186 1536 1239 vel
1561 1186 1835 1254 precibus,

232 1273 316 1326 vel
374 1272 638 1345 lacrymis
670 1278 876 1330 moveri
913 1290 1128 1346 possm;
1188 1281 1466 1337 universa.
1517 1280 1842 1335 luunt-cutio

232 1376 486 1435 rogante,
535 1368 601 1421 ad
646 1368 869 1423 domum
903 1371 1084 1442 inqua
1123 1372 1426 1439 habitabat,
1477 1373 1840 1428 fraternitatis

232 1460 525 1515 multitudo
549 1462 829 1527 convenit,
859 1462 1067 1518 habens
1094 1482 1347 1536 magnum
1376 1467 1623 1521 dolorem
1650 1468 1839 1533 animi,

231 1552 373 1622 quod
402 1565 568 1606 tautae
596 1554 799 1609 lanitia:
826 1557 1150 1625 plenitudini
1177 1576 1278 1614 una
1305 1562 1500 1616 mulier
1523 1560 1836 1629 obsisteret,

230 1644 354 1713 quia
384 1645 498 1715 jam
524 1662 684 1701 soror
709 1648 825 1717 ejus
853 1650 1137 1705 manifeste
1164 1653 1479 1721 putabatur.
1511 1654 1646 1708 Cum
1676 1654 1843 1724 igitur

230 1740 321 1796 ditt
357 1756 517 1796 cassa
546 1742 706 1798 verba
740 1744 921 1798 surdis
943 1746 1167 1801 auribus
1200 1748 1535 1817 ingerentes,
1562 1748 1694 1802 nihil
1718 1765 1841 1818 pro-

1945 526 2078 579 duas
2105 528 2242 581 tilias
2263 544 2387 583 suas
2413 530 2670 596 parvulas
2701 532 2830 586 mihi
2856 551 2979 588 eum
3004 536 3226 592 ﬂetibus
3252 539 3553 609 ingerebat.

1944 618 2076 684 Quis
2106 636 2212 674 non
2244 637 2353 690 pia:
2382 623 2578 691 gaudio
2610 624 2798 680 ﬂevit?
2826 626 2923 681 Cui
2973 646 3078 683 nou
3120 636 3351 688 extorsit
3378 635 3553 707 laery-

1946 729 2059 766 mas
2092 714 2295 768 laetitia:
2331 716 2687 785 magnitudo?
2719 719 2949 789 Sest-cpi
2986 724 3147 793 plane
3180 743 3361 793 ovem,
3392 746 3551 795 quam

1944 821 2012 861 ex
2044 809 2189 860 omni
2223 823 2452 862 nmnero
2481 810 2653 864 solam
2681 828 2902 869 errasse
2936 818 3291 884 putabamus;
3324 836 3555 890 eamque

1943 914 2065 954 cum
2094 902 2317 969 gemino
2352 902 2462 957 fetu
2497 903 2565 957 ad
2591 904 2801 962 ChriSIi
2837 909 3000 963 ovilia
3036 914 3311 967 remeavi.

2016 994 2162 1048 Sane
2195 1010 2290 1063 per
2325 996 2444 1061 hos,
2477 998 2679 1065 quibus
2720 1000 2835 1055 haec
2865 1015 3017 1071 gesta
3046 1014 3206 1073 sunt,
3241 1006 3391 1071 dies,
3428 1021 3556 1066 ante

1945 1083 2157 1138 initium
2203 1088 2677 1158 Quadragesimm,
2731 1092 2959 1148 Pascha:
3010 1112 3039 1149 a
3088 1098 3247 1153 nobis
3278 1101 3554 1156 celebrata

1942 1187 2027 1231 est
2076 1178 2375 1233 festivitas:
2417 1182 2744 1253 quingentas
2780 1187 3047 1257 siquidem
3096 1200 3151 1245 et
3194 1193 3555 1262 quadraginta

1943 1272 2152 1325 aniuris
2181 1273 2246 1325 ad
2282 1274 2577 1329 [Ceelesiam
2604 1290 2816 1333 constat
2862 1282 3125 1351 adjectus.
3170 1285 3332 1342 luaue
3360 1300 3541 1343 autem

1944 1378 1990 1419 et
2026 1380 2502 1434 supervacaneum
2536 1387 2643 1425 non
2680 1388 2827 1439 reor,
2880 1388 2934 1429 ut
2967 1394 3091 1431 tum
3126 1382 3291 1434 multa
3328 1394 3555 1451 prepter

1945 1458 2211 1512 infinitam
2253 1461 2467 1530 cupiunt
2506 1467 2938 1533 pt'ieteritiiero,
2995 1471 3043 1523 in
3082 1473 3185 1525 line
3215 1489 3555 1531 commemo-

1944 1570 2083 1621 rem,
2116 1558 2391 1610 netuincm
2433 1574 2493 1611 ex
2531 1567 2677 1612 tanta
2713 1559 3119 1618 Jammonettsis
3153 1569 3332 1635 pepuli
3370 1571 3557 1624 multi-

1947 1648 2157 1714 tudine,
2189 1650 2278 1718 qui
2314 1666 2408 1720 per
2440 1652 2661 1723 triginta
2688 1655 2852 1708 millia
2886 1672 3145 1725 passuum
3175 1672 3299 1717 ante
3332 1672 3411 1719 tot
3435 1666 3554 1722 dies

1946 1752 2194 1809 venerat,
2240 1756 2331 1800 aut
2387 1760 2573 1801 curant
2629 1748 2825 1804 domus
2856 1768 2990 1819 sum,
3039 1766 3130 1808 aut
3180 1760 3549 1825 provisionem

231 1835 587 1901 fecissemus;
638 1839 702 1892 ad
755 1841 1033 1909 cognitum
1064 1843 1328 1896 orationis
1363 1843 1675 1912 ριχιιδὶιιὶυιιι
1708 1859 1839 1899 cun—
1872 1846 1917 1905 B
1945 1836 2283 1905 substantiae,
2319 1849 2411 1892 aut
2441 1839 2702 1896 desiderii
2730 1842 2984 1898 affectum
3020 1848 3141 1902 iiltiC
3170 1854 3320 1917 operi
3356 1864 3557 1916 prtem-

236 1932 585 1999 volavimus;
640 1950 939 2004 precesque
973 1952 1108 2006 quas
1142 1937 1379 1991 humana
1414 1939 1715 2006 repellebat
1742 1941 1842 1992 itit-

233 2025 435 2094 pietas,
467 2024 536 2079 ad
570 2028 850 2081 ewlestem
878 2029 1309 2084 misericordiam
1344 2033 1628 2086 vertimus.
1654 2031 1840 2101 Itaque

239 2134 411 2186 usque
463 2119 516 2172 in
562 2118 751 2174 horam
803 2123 1015 2176 tertiam
1050 2122 1223 2178 ferme
1256 2124 1584 2196 hymnorum
1636 2136 1689 2181 et
1718 2142 1840 2181 ora-

239 2210 449 2264 tionum
510 2214 715 2281 pneliis
769 2216 1030 2269 adversus
1088 2218 1346 2272 Amalech
1412 2218 1630 2287 (Exod.
1692 2219 1840 2289 xvii)

236 2301 448 2358 hostem
497 2303 628 2360 Jesu
679 2306 834 2361 ducis
888 2310 1055 2363 nostri
1108 2310 1321 2365 sudavit
1366 2315 1660 2367 exercitus.
1714 2312 1841 2368 lude

237 2410 359 2450 cum
411 2399 523 2466 jam
577 2414 714 2468 pene
764 2400 933 2472 (quod
976 2401 1250 2457 fatendum
1298 2407 1407 2473 est)
1456 2404 1835 2473 desiieruntes,

238 2490 648 2546 abseessiouetn
682 2495 1019 2560 molirentur;
1052 2496 1347 2566 resumptis
1376 2512 1588 2551 rursum
1611 2499 1840 2563 viribus,

240 2586 549 2641 orationem
602 2590 816 2644 eunetis
862 2589 1182 2651 indiximus;
1240 2590 1469 2661 Solaque
1513 2593 1693 2658 strati,
1751 2591 1843 2645 diu

242 2679 525 2736 ﬂevimus:
554 2692 751 2737 etcum
778 2686 826 2736 in
851 2684 1321 2739 conuumuatione
1339 2686 1624 2749 orationis,
1650 2691 1841 2753 Amen,

244 2777 473 2845 populus
505 2778 897 2844 acclatnasset;
932 2788 985 2834 et
1009 2779 1098 2833 illa
1130 2780 1359 2833 credere
1387 2795 1466 2845 se,
1502 2778 1843 2834 etChristia-

244 2885 367 2924 nam
404 2870 526 2925 ﬁeri
561 2872 723 2939 velle,
757 2872 1060 2943 subjunxit.
1110 2872 1215 2927 Nos
1249 2874 1451 2943 itaque,
1486 2874 1591 2929 hac
1622 2875 1785 2928 etiam
1815 2888 1844 2926 a

245 2953 445 3017 diaboli
498 2964 709 3033 laqueis
764 2976 959 3034 eruta,
1015 2966 1124 3019 laeti
1173 2964 1239 3020 ad
1288 2966 1592 3021 habitacula
1660 2974 1845 3019 nostra

247 3057 616 3126 perreximus.

318 3149 602 3220 Sequenti,
632 3150 682 3205 id
715 3161 820 3216 est,
850 3162 1036 3207 octava
1071 3152 1290 3206 demum
1326 3152 1444 3219 die,
1479 3168 1580 3220 qua
1618 3168 1848 3207 venera—

1946 1931 2092 1985 lisse.
2133 1932 2266 1986 llltid
2299 1935 2470 2004 magis
2497 1936 2718 1999 mirum.
2754 1939 3036 2008 magi-que
3062 1942 3410 2009 gaudendum
3444 1955 3548 2009 est,

1944 2027 2086 2094 quod
2112 2026 2281 2095 ipsam
2309 2026 2549 2083 Judaica:
2577 2030 2748 2097 plebis
2779 2044 2981 2088 terram
3007 2034 3097 2086 diu
3131 2038 3382 2105 inertem,
3414 2055 3557 2094 nunc

1944 2132 2129 2176 autent
2177 2123 2368 2176 recisis
2414 2123 2817 2178 incredulitatis
2868 2129 3156 2196 \cpribus,
3220 2142 3274 2185 et
3328 2142 3553 2202 recepto

1944 2216 2094 2271 verbi
2139 2218 2376 2279 semine,
2435 2218 2789 2287 multiplicem
2827 2220 3061 2274 fittrtutn
3089 2222 3323 2289 justitim
3349 2228 3556 2294 germi-

1948 2327 2076 2365 nare
2110 2312 2510 2381 conspicimus:
2546 2313 2616 2366 ita
2653 2325 2700 2365 tit
2736 2316 2894 2367 nobis
2928 2316 2978 2367 in
3012 2331 3109 2384 spe
3142 2327 3416 2370 lautorum
3450 2337 3547 2372 uo-

1949 2403 2147 2457 valium
2170 2404 2528 2473 gaudeamus,
2564 2405 2704 2458 unde
2735 2405 3004 2474 insignem
3036 2410 3277 2473 perlidia:
3305 2410 3549 2466 eruimus

1947 2496 2161 2560 silvam,
2205 2496 2313 2550 illie
2362 2497 2701 2551 fertilissima
2744 2498 2868 2553 lidei
2915 2510 3084 2568 opera
3115 2501 3406 2567 pullulare.
3437 2504 3557 2557 Pti-

1948 2606 2093 2641 tnutn
2150 2590 2297 2644 enim
2356 2589 2467 2658 ipsa
2528 2606 2819 2661 synagoga}
2881 2591 3229 2646 [υηὼιιιριιιιι
3276 2608 3547 2662 evertere,

1947 2680 2146 2735 deinde
2176 2682 2239 2733 ad
2267 2696 2458 2735 novatn
2491 2682 2772 2737 basilicam
2799 2685 3217 2739 construendam
3241 2704 3347 2741 non
3374 2689 3551 2743 solum

1950 2773 2223 2842 impendia
2253 2772 2567 2837 conferunt,
2600 2774 2695 2829 sed
2728 2776 2890 2828 etiam
2942 2775 3187 2830 humeris
3231 2795 3359 2832 saxa
3399 2796 3557 2833 eom-

1952 2876 2189 2931 portaut.
2228 2866 2354 2919 Hiee
2390 2866 2666 2922 beatitudo
2694 2880 2877 2922 vesn'a
2910 2869 2997 2922 die
3043 2880 3237 2938 quarto
3288 2888 3551 2928 nonarum

1953 2960 2299 3014 Februaliuut
2352 2963 2551 3016 virtute
2608 2962 2818 3015 Domini
2854 2962 3024 3016 uestri
3054 2963 3180 3018 Jesu
3214 2965 3419 3018 Christi
3468 2983 3528 3020 ar

1953 3064 2135 3121 repta,
2169 3063 2290 3107 ueto
2320 3054 2513 3107 diebus
2552 3053 2620 3106 ab
2660 3055 2853 3109 eodem
2886 3068 3268 3109 consummata
3312 3073 3433 3111 esse
3471 3073 3564 3111 co—

1952 3157 2201 3218 gnoscat,
2221 3148 2701 3216 postConsulatum
2718 3148 2924 3202 domini
2944 3151 3164 3203 llonurii
3182 3153 3549 3219 undecimum,

248 3259 365 3297 mus
391 3243 698 3313 Jatnmoua,
734 3260 981 3301 remeare
1009 3246 1314 3311 statuimus,
1346 3243 1547 3315 optima
1575 3246 1846 3313 praeclara:
1874 3215 1920 3277 C
1954 3251 2008 3296 et
2036 3241 2360 3295 Constititio
2386 3242 2576 3295 iterum
2611 3244 2841 3296 victore.
2869 3244 3236 3311 Quamobrem
3268 3245 3309 3297 si
3347 3246 3556 3316 indigni

248 3337 489 3392 victoria:
515 3337 709 3407 gaudia
734 3348 1108 3408 reportanlcs:
1144 3337 1243 3392 sed
1288 3354 1411 3392 cum
1454 3339 1567 3406 jam
1622 3339 1672 3392 in
1724 3352 1849 3406 pro-

248 3431 423 3487 cinctu
454 3431 667 3487 itineris
689 3431 996 3501 constituti,
1030 3432 1248 3486 civitate
1276 3430 1707 3501 digrederentur,
1743 3432 1842 3485 Do~

247 3528 424 3582 minus
458 3528 659 3597 pupulo
685 3542 809 3593 suo,
842 3528 992 3598 quasi
1026 3544 1123 3597 pro
1154 3528 1373 3595 viatico,
1399 3525 1845 3598 gaudimn,quod

243 3622 419 3676 solum
468 3622 663 3675 deesse
703 3621 1011 3686 videbatur,
1063 3621 1282 3690 adjt-eit.
1339 3620 1528 3673 Alliuis
1575 3620 1841 3689 siquidem

243 3713 544 3769 Innocentii
594 3711 685 3768 illa
739 3713 899 3766 vidua
946 3713 1013 3768 de
1059 3712 1248 3784 pelago
1300 3712 1517 3767 reducta
1558 3724 1640 3765 est
1679 3730 1689 3765 :
1725 3726 1843 3781 qum

240 3809 421 3862 subito
452 3823 514 3862 se
540 3807 677 3861 meis
703 3806 931 3873 genibus
959 3805 1278 3870 advolvens,
1315 3804 1439 3859 fidei
1464 3816 1663 3859 nostra-
1690 3804 1845 3857 auxi-

239 3900 370 3955 litim
426 3917 551 3954 cum
605 3899 858 3967 laerymis
913 3899 1327 3967 tleprt-Cabatur.
1375 3897 1470 3950 Cui
1519 3912 1672 3967 ego:
1732 3896 1843 3950 Cur

236 3993 510 4065 (inquam)
559 3992 754 4046 mulier
803 4001 945 4045 tanta
996 3990 1159 4043 animi
1209 3990 1424 4043 levitate
1477 3988 1672 4041 fratres
1722 3997 1842 4041 tuos

236 4090 497 4146 deserere
530 4088 785 4143 voluisti?
820 4087 897 4142 Ad
948 4087 1060 4140 haec
1108 4086 1196 4139 illa
1238 4103 1249 4136 :
1306 4084 1374 4138 Et
1420 4086 1555 4139 Jona
1615 4082 1839 4153 (inquit)

237 4184 504 4253 prOpheta
545 4198 574 4235 a
622 4182 763 4236 facie
819 4180 1032 4234 Domini
1090 4178 1279 4247 fugere
1323 4176 1515 4241 Voluit,
1569 4188 1619 4229 et
1665 4186 1846 4229 tamen

232 4278 578 4331 voluntatem
631 4276 745 4341 liei,
801 4276 927 4329 licet
982 4272 1200 4336 invitus,
1258 4270 1507 4339 implevit
1550 4268 1735 4341 (Jonn.
1770 4267 1842 4339 t).

231 4368 462 4439 Suscipe
487 4383 615 4439 ergo
642 4378 694 4422 tu
722 4382 826 4422 non
852 4366 1027 4421 solum
1058 4381 1163 4429 tne,
1192 4364 1285 4419 sed
1310 4372 1365 4419 et
1387 4363 1523 4417 istas
1546 4364 1840 4431 orphanas,

233 4499 276 4508 ἠ
440 4502 449 4505 Ἴ
530 4502 533 4503 ν
622 4502 629 4503 7
680 4500 681 4503 η
912 4502 945 4505 7‘
978 4500 1017 4504 νην
1068 4500 1075 4501 κ
1124 4500 1131 4501 κ
1256 4496 1385 4503 ν,-,ν.ν
1428 4494 1545 4501 μάθω-ι
1578 4492 1775 4502 <oim

1779 4489 1977 4502 ψ

1954 3344 2011 3390 et
2057 3337 2359 3406 peccatoris
2406 3337 2632 3392 νισι-ὺυιη
2688 3338 2974 3405 dignanter
3027 3338 3331 3404 admittitis,
3378 3342 3555 3395 zelum

1954 3430 2154 3485 Christi
2179 3429 2465 3484 adversum
2490 3430 2732 3497 Judmos,
2760 3430 2853 3485 5rd
2879 3440 3103 3500 propter
3130 3432 3314 3495 Deum,
3336 3447 3561 3486 eorum-

1954 3521 2184 3593 demque
2209 3534 2528 3594 perpetuam
2554 3524 2805 3591 salutem,
2830 3508 3108 3593 stistipitc.
3130 3525 3382 3578 Forsitan
3409 3527 3557 3580 enim

1946 3612 2058 3681 jam
2094 3614 2226 3667 illud
2265 3614 2578 3681 priedictuut
2613 3615 2678 3669 ab
2713 3616 2974 3684 Apostolo
3015 3617 3164 3670 venit
3215 3628 3447 3686 tempus,
3498 3626 3560 3671 ut

1950 3707 2295 3778 plenitudine
2325 3708 2581 3763 Gentium
2617 3709 2894 3779 ingressa,
2931 3713 3111 3764 omnis
3160 3708 3324 3766 Israel
3374 3714 3560 3766 salvus

1952 3800 2062 3855 tlat.
2114 3798 2178 3855 Et
2229 3801 2470 3857 fortasse
2517 3802 2654 3857 hanc
2686 3802 2753 3856 ab
2783 3813 3030 3857 extremo
3076 3816 3233 3857 teme
3265 3805 3559 3859 Scintillam

1953 3895 2127 3948 voluit
2151 3896 2407 3949 Dominus
2433 3896 2683 3961 excitari,
2709 3905 2768 3949 ut
2792 3898 3081 3950 υιιίγοῐνιυδ
3107 3897 3254 3950 orbis
3285 3908 3558 3950 terrarum

1950 3989 2234 4042 charitatis
2263 3990 2449 4059 ﬂagret
2487 3991 2766 4044 incendio.
2821 3990 3091 4045 Hactenus;
3125 3992 3303 4046 Sei't‘ri
3328 3993 3564 4063 episcopi

1947 4081 2205 4147 epistola:
2262 4081 2419 4133 missu
2461 4082 2597 4133 enim
2652 4083 2730 4150 (ut
2777 4082 3031 4151 ιίὶςῑὶηιω)
3077 4082 3188 4134 [iter
3238 4084 3305 4133 ad
3347 4092 3561 4137 cunctos

1947 4171 2141 4226 Christi
2169 4172 2373 4241 ﬁdeles,
2398 4173 2533 4226 inter
2558 4174 2663 4227 «(id
2687 4174 2823 4237 loca,
2858 4176 3011 4227 etiam
3042 4173 3193 4227 Uzali
3234 4173 3289 4227 in
3333 4173 3518 4244 Africa
3540 4217 3555 4239 ,

1946 4266 2032 4318 ubi
2069 4264 2299 4319 Evodius
2326 4267 2601 4336 cpiswpus
2623 4276 2757 4333 erat,
2796 4266 2931 4320 lecta
2954 4277 3028 4321 est
3055 4309 3069 4334 ,
3112 4276 3169 4318 ut
3212 4277 3333 4319 aute
3379 4270 3561 4321 menti-

1947 4379 2053 4414 mm
2062 4378 2137 4412 ibi.

1978 4490 3526 4514 *αα-«Μ

1499 4639 1663 4683 ANNO
1708 4636 1937 4681 DOMINI
1984 4639 2211 4684 CCCCXI
2225 4642 2258 4683 Χ
2273 4667 2284 4679 .

444 4823 632 4983 S.
771 4802 2229 4977 BONIFACIUS
2370 4811 2496 4995 Ι,
2640 4810 3333 4979 PAPA.

1358 5089 1375 5154 ί
1401 5088 1653 5137 Constant.
1683 5083 1839 5147 Epist.
1864 5082 2004 5133 Rom.
2035 5084 2177 5134 Pent.
2205 5092 2317 5135 tom.
2349 5086 2411 5148 Ι.)

1684 5219 2007 5231 ———_

2020 5219 2100 5231 ..-

1416 5342 2355 5433 PROLEGOMENA.

325 5662 368 5714 l.
416 5657 707 5727 EXsequiis
753 5656 975 5709 Zositno
1024 5654 1349 5722 persolutis,
1384 5654 1558 5706 altero
1585 5653 1672 5707 die
1696 5695 1709 5717 ,
1746 5653 1851 5707 hoe

248 5764 324 5808 cst
360 5752 681 5807 Decmdu'is
709 5751 777 5801 ~28
811 5749 936 5802 anni
972 5749 1096 5814 H8,
1131 5748 1185 5801 itt
1221 5746 1511 5801 ecclesiam
1544 5743 1853 5800 Theodorei:

247 5846 706 5905 convenientibus
756 5858 880 5898 cum
928 5842 1085 5907 plebe
1142 5840 1483 5910 presbyteris
1539 5838 1854 5892 Bonifacius

543 5941 822 6002 Puncta
870 5936 1018 5999 XX.

1964 5661 2121 5707 vetus
2154 5652 2442 5723 presbyter
2474 5652 2683 5706 electus
2714 5661 2833 5717 est,
2869 5671 2929 5708 ac
2960 5654 3050 5709 die
3081 5659 3331 5724 sequenti
3357 5659 3447 5727 99,
3483 5666 3579 5734 qui

1965 5748 2015 5801 in
2068 5747 2415 5801 Dominieam
2477 5746 2784 5813 incidebat,
2820 5748 2872 5801 in
2923 5750 3156 5804 ecclesia
3213 5750 3268 5806 S.
3332 5754 3571 5815 Marcelli

1966 5858 2088 5894 tum
2122 5840 2523 5893 acclamatione
2551 5840 2718 5892 totius
2745 5840 2931 5908 populi
2967 5856 3027 5894 ac
3056 5842 3346 5900 meliorum
3379 5847 3572 5906 civita-

2940 5927 3017 5990 2h
