  <div class='ocr_page' id='page_1' title='image "/cluster/home/n/w/nwhite01/storage/ocr_20150623/20/hvd.32044015471352/379.png"; bbox 0 0 4122 6346; ppageno 0'>
   <div class='ocr_carea' id='block_1_1' title="bbox 564 322 669 379">
    <p class='ocr_par' dir='ltr' id='par_1_1' title="bbox 564 322 669 379">
     <span class='ocr_line' id='line_1_1' title="bbox 564 322 669 379; baseline -0.019 0"><span class='ocrx_word' id='word_1_1' title='bbox 564 322 669 379; x_wconf 75' lang='grc'><strong>747</strong></span> 
     </span>
    </p>
   </div>
   <div class='ocr_carea' id='block_1_2' title="bbox 1409 308 3085 382">
    <p class='ocr_par' dir='ltr' id='par_1_2' title="bbox 1409 308 3085 382">
     <span class='ocr_line' id='line_1_2' title="bbox 1409 308 3085 382; baseline -0.004 -7"><span class='ocrx_word' id='word_1_2' title='bbox 1409 316 1721 375; x_wconf 75' lang='lat' dir='ltr'><strong>SANG&#39;IUS</strong></span> <span class='ocrx_word' id='word_1_3' title='bbox 1761 312 2164 371; x_wconf 78' lang='lat' dir='ltr'><strong>BONIFACIUS</strong></span> <span class='ocrx_word' id='word_1_4' title='bbox 2201 312 2244 382; x_wconf 87' lang='lat' dir='ltr'><strong>l,</strong></span> <span class='ocrx_word' id='word_1_5' title='bbox 2288 313 2490 370; x_wconf 77' lang='grc' dir='ltr'><strong>ΡΑΡΑ.</strong></span> <span class='ocrx_word' id='word_1_6' title='bbox 2535 308 3085 371; x_wconf 79' lang='lat' dir='ltr'><strong>PROLEGOMENA.</strong></span> 
     </span>
    </p>
   </div>
   <div class='ocr_carea' id='block_1_3' title="bbox 3738 307 3862 367">
    <p class='ocr_par' dir='ltr' id='par_1_3' title="bbox 3738 307 3862 367">
     <span class='ocr_line' id='line_1_3' title="bbox 3738 307 3862 367; baseline 0.024 -4"><span class='ocrx_word' id='word_1_7' title='bbox 3738 307 3862 367; x_wconf 64' lang='lat' dir='ltr'><strong>I748</strong></span> 
     </span>
    </p>
   </div>
   <div class='ocr_carea' id='block_1_4' title="bbox 566 429 3863 507">
    <p class='ocr_par' dir='ltr' id='par_1_4' title="bbox 566 429 3863 507">
     <span class='ocr_line' id='line_1_4' title="bbox 566 429 3863 507; baseline -0.004 -12"><span class='ocrx_word' id='word_1_8' title='bbox 566 440 639 495; x_wconf 83' lang='lat' dir='ltr'><strong>tis</strong></span> <span class='ocrx_word' id='word_1_9' title='bbox 669 451 943 494; x_wconf 88' lang='lat' dir='ltr'><strong>consensu</strong></span> <span class='ocrx_word' id='word_1_10' title='bbox 962 478 976 503; x_wconf 94' lang='lat'><strong>,</strong></span> <span class='ocrx_word' id='word_1_11' title='bbox 1028 436 1505 493; x_wconf 88' lang='lat' dir='ltr'><strong>subscribentibus</strong></span> <span class='ocrx_word' id='word_1_12' title='bbox 1549 437 1672 505; x_wconf 88' lang='lat' dir='ltr'><strong>plus</strong></span> <span class='ocrx_word' id='word_1_13' title='bbox 1711 436 1893 490; x_wconf 90' lang='lat' dir='ltr'><strong>minus</strong></span> <span class='ocrx_word' id='word_1_14' title='bbox 1935 442 2170 502; x_wconf 90' lang='lat' dir='ltr'><strong>septua-</strong></span> <span class='ocrx_word' id='word_1_15' title='bbox 2196 440 2249 501; x_wconf 83' lang='grc' dir='ltr'>Α</span> <span class='ocrx_word' id='word_1_16' title='bbox 2276 435 2394 489; x_wconf 84' lang='lat' dir='ltr'><strong>liter</strong></span> <span class='ocrx_word' id='word_1_17' title='bbox 2418 452 2525 491; x_wconf 84' lang='lat' dir='ltr'><strong>esse</strong></span> <span class='ocrx_word' id='word_1_18' title='bbox 2548 435 3203 507; x_wconf 85' lang='lat' dir='ltr'><strong>dantnalum,&#39;quicumque</strong></span> <span class='ocrx_word' id='word_1_19' title='bbox 3224 431 3293 485; x_wconf 91' lang='lat' dir='ltr'><strong>ad</strong></span> <span class='ocrx_word' id='word_1_20' title='bbox 3317 429 3687 485; x_wconf 86' lang='lat' dir='ltr'><strong>concitandum</strong></span> <span class='ocrx_word' id='word_1_21' title='bbox 3709 447 3863 501; x_wconf 84' lang='lat' dir='ltr'><strong>popa-</strong></span> 
     </span>
    </p>
   </div>
   <div class='ocr_carea' id='block_1_5' title="bbox 566 528 2163 607">
    <p class='ocr_par' dir='ltr' id='par_1_5' title="bbox 566 528 2163 607">
     <span class='ocr_line' id='line_1_5' title="bbox 566 528 2163 607; baseline -0.004 -19"><span class='ocrx_word' id='word_1_22' title='bbox 566 534 716 607; x_wconf 81' lang='lat' dir='ltr'><strong>giuta</strong></span> <span class='ocrx_word' id='word_1_23' title='bbox 758 534 1132 605; x_wconf 85' lang='lat' dir='ltr'><strong>presbyteris,</strong></span> <span class='ocrx_word' id='word_1_24' title='bbox 1162 542 1215 587; x_wconf 84' lang='lat' dir='ltr'><strong>et</strong></span> <span class='ocrx_word' id='word_1_25' title='bbox 1257 547 1450 587; x_wconf 73' lang='lat' dir='ltr'><strong>novem</strong></span> <span class='ocrx_word' id='word_1_26' title='bbox 1484 531 1826 586; x_wconf 89' lang='lat' dir='ltr'><strong>diversarum</strong></span> <span class='ocrx_word' id='word_1_27' title='bbox 1878 528 2163 595; x_wconf 74' lang='lat' dir='ltr'><strong>regionum</strong></span> 
     </span>
    </p>
   </div>
   <div class='ocr_carea' id='block_1_6' title="bbox 566 609 2168 699">
    <p class='ocr_par' dir='ltr' id='par_1_6' title="bbox 566 609 2168 699">
     <span class='ocr_line' id='line_1_6' title="bbox 566 609 2168 699; baseline -0.006 -15"><span class='ocrx_word' id='word_1_28' title='bbox 566 629 842 699; x_wconf 80' lang='lat' dir='ltr'><strong>episcopis</strong></span> <span class='ocrx_word' id='word_1_29' title='bbox 874 626 1216 691; x_wconf 74' lang='lat' dir='ltr'><strong>astantibus,</strong></span> <span class='ocrx_word' id='word_1_30' title='bbox 1250 624 1511 679; x_wconf 62' lang='lat' dir='ltr'><strong>Romanis:</strong></span> <span class='ocrx_word' id='word_1_31' title='bbox 1541 609 1689 678; x_wconf 72' lang='lat' dir='ltr'><strong>urbis</strong></span> <span class='ocrx_word' id='word_1_32' title='bbox 1715 623 2008 692; x_wconf 89' lang='lat' dir='ltr'><strong>episcopus</strong></span> <span class='ocrx_word' id='word_1_33' title='bbox 2030 622 2168 674; x_wconf 87' lang='lat' dir='ltr'><strong>iuvi-</strong></span> 
     </span>
    </p>
   </div>
   <div class='ocr_carea' id='block_1_7' title="bbox 568 729 1183 776">
    <p class='ocr_par' dir='ltr' id='par_1_7' title="bbox 568 729 1183 776">
     <span class='ocr_line' id='line_1_7' title="bbox 568 729 1183 776; baseline -0.002 -2"><span class='ocrx_word' id='word_1_34' title='bbox 568 729 660 776; x_wconf 59' lang='lat' dir='ltr'><strong>!US</strong></span> <span class='ocrx_word' id='word_1_35' title='bbox 691 729 1046 776; x_wconf 80' lang='lat' dir='ltr'><strong>consecratus</strong></span> <span class='ocrx_word' id='word_1_36' title='bbox 1076 729 1183 773; x_wconf 73' lang='grc' dir='ltr'><strong>εει.</strong></span> 
     </span>
    </p>
   </div>
   <div class='ocr_carea' id='block_1_8' title="bbox 640 806 2168 884">
    <p class='ocr_par' dir='ltr' id='par_1_8' title="bbox 640 806 2168 884">
     <span class='ocr_line' id='line_1_8' title="bbox 640 806 2168 884; baseline -0.005 -17"><span class='ocrx_word' id='word_1_37' title='bbox 640 816 695 869; x_wconf 75' lang='lat'><strong>‘2.</strong></span> <span class='ocrx_word' id='word_1_38' title='bbox 740 815 864 884; x_wconf 89' lang='lat' dir='ltr'><strong>Ipso</strong></span> <span class='ocrx_word' id='word_1_39' title='bbox 890 822 1071 867; x_wconf 87' lang='lat' dir='ltr'><strong>autem</strong></span> <span class='ocrx_word' id='word_1_40' title='bbox 1103 811 1486 881; x_wconf 84' lang='lat' dir='ltr'><strong>exsequiarum</strong></span> <span class='ocrx_word' id='word_1_41' title='bbox 1531 809 1735 865; x_wconf 85' lang='lat' dir='ltr'><strong>Zosimi</strong></span> <span class='ocrx_word' id='word_1_42' title='bbox 1770 808 1891 873; x_wconf 88' lang='lat' dir='ltr'><strong>die,</strong></span> <span class='ocrx_word' id='word_1_43' title='bbox 1924 806 2168 862; x_wconf 87' lang='lat' dir='ltr'><strong>Eulalius</strong></span> 
     </span>
    </p>
   </div>
   <div class='ocr_carea' id='block_1_9' title="bbox 567 900 2171 972">
    <p class='ocr_par' dir='ltr' id='par_1_9' title="bbox 567 900 2171 972">
     <span class='ocr_line' id='line_1_9' title="bbox 567 900 2171 972; baseline -0.004 -10"><span class='ocrx_word' id='word_1_44' title='bbox 567 906 989 962; x_wconf 85' lang='lat' dir='ltr'><strong>archidiaconus</strong></span> <span class='ocrx_word' id='word_1_45' title='bbox 1017 920 1141 961; x_wconf 92' lang='lat' dir='ltr'><strong>cum</strong></span> <span class='ocrx_word' id='word_1_46' title='bbox 1173 903 1420 959; x_wconf 88' lang='lat' dir='ltr'><strong>diaconis</strong></span> <span class='ocrx_word' id='word_1_47' title='bbox 1449 904 1570 957; x_wconf 90' lang='lat' dir='ltr'><strong>aliis</strong></span> <span class='ocrx_word' id='word_1_48' title='bbox 1596 912 1650 957; x_wconf 91' lang='lat' dir='ltr'><strong>et</strong></span> <span class='ocrx_word' id='word_1_49' title='bbox 1681 900 2025 971; x_wconf 84' lang='lat' dir='ltr'><strong>paucissimis</strong></span> <span class='ocrx_word' id='word_1_50' title='bbox 2051 916 2171 972; x_wconf 84' lang='lat' dir='ltr'><strong>prc-</strong></span> 
     </span>
    </p>
   </div>
   <div class='ocr_carea' id='block_1_10' title="bbox 566 996 2172 1074">
    <p class='ocr_par' dir='ltr' id='par_1_10' title="bbox 566 996 2172 1074">
     <span class='ocr_line' id='line_1_10' title="bbox 566 996 2172 1074; baseline -0.005 -17"><span class='ocrx_word' id='word_1_51' title='bbox 566 1002 810 1074; x_wconf 86' lang='lat' dir='ltr'><strong>sbyteris</strong></span> <span class='ocrx_word' id='word_1_52' title='bbox 836 1012 891 1055; x_wconf 91' lang='lat' dir='ltr'><strong>et</strong></span> <span class='ocrx_word' id='word_1_53' title='bbox 916 1000 1265 1055; x_wconf 90' lang='lat' dir='ltr'><strong>multitudine</strong></span> <span class='ocrx_word' id='word_1_54' title='bbox 1296 999 1526 1053; x_wconf 73' lang='lat' dir='ltr'><strong>turbatae</strong></span> <span class='ocrx_word' id='word_1_55' title='bbox 1558 998 1730 1067; x_wconf 85' lang='lat' dir='ltr'><strong>plebis</strong></span> <span class='ocrx_word' id='word_1_56' title='bbox 1761 998 2043 1052; x_wconf 82' lang='lat' dir='ltr'><strong>basilicam</strong></span> <span class='ocrx_word' id='word_1_57' title='bbox 2069 996 2172 1049; x_wconf 88' lang='lat' dir='ltr'><strong>La-</strong></span> 
     </span>
    </p>
   </div>
   <div class='ocr_carea' id='block_1_11' title="bbox 568 1091 2170 1161">
    <p class='ocr_par' dir='ltr' id='par_1_11' title="bbox 568 1091 2170 1161">
     <span class='ocr_line' id='line_1_11' title="bbox 568 1091 2170 1161; baseline -0.002 -11"><span class='ocrx_word' id='word_1_58' title='bbox 568 1105 919 1151; x_wconf 88' lang='lat' dir='ltr'><strong>teranensem</strong></span> <span class='ocrx_word' id='word_1_59' title='bbox 965 1094 1192 1161; x_wconf 92' lang='lat' dir='ltr'><strong>adiens,</strong></span> <span class='ocrx_word' id='word_1_60' title='bbox 1221 1093 1364 1148; x_wconf 87' lang='lat' dir='ltr'><strong>facto</strong></span> <span class='ocrx_word' id='word_1_61' title='bbox 1410 1094 1480 1147; x_wconf 88' lang='lat' dir='ltr'><strong>ibi</strong></span> <span class='ocrx_word' id='word_1_62' title='bbox 1528 1093 1718 1160; x_wconf 85' lang='lat' dir='ltr'><strong>biduo,</strong></span> <span class='ocrx_word' id='word_1_63' title='bbox 1760 1093 1849 1147; x_wconf 90' lang='lat' dir='ltr'><strong>die</strong></span> <span class='ocrx_word' id='word_1_64' title='bbox 1889 1091 2170 1147; x_wconf 91' lang='lat' dir='ltr'><strong>Dominico</strong></span> 
     </span>
    </p>
   </div>
   <div class='ocr_carea' id='block_1_12' title="bbox 568 1186 2171 1259">
    <p class='ocr_par' dir='ltr' id='par_1_12' title="bbox 568 1186 2171 1259">
     <span class='ocr_line' id='line_1_12' title="bbox 568 1186 2171 1259; baseline -0.003 -16"><span class='ocrx_word' id='word_1_65' title='bbox 568 1189 639 1245; x_wconf 88' lang='lat' dir='ltr'><strong>ab</strong></span> <span class='ocrx_word' id='word_1_66' title='bbox 662 1189 921 1259; x_wconf 87' lang='lat' dir='ltr'><strong>episcopo</strong></span> <span class='ocrx_word' id='word_1_67' title='bbox 948 1187 1186 1242; x_wconf 90' lang='lat' dir='ltr'><strong>Ostiensi</strong></span> <span class='ocrx_word' id='word_1_68' title='bbox 1210 1227 1225 1253; x_wconf 94' lang='lat'><strong>,</strong></span> <span class='ocrx_word' id='word_1_69' title='bbox 1259 1202 1422 1256; x_wconf 88' lang='lat' dir='ltr'><strong>quem</strong></span> <span class='ocrx_word' id='word_1_70' title='bbox 1451 1186 1816 1241; x_wconf 74' lang='lat' dir='ltr'><strong>reluctantem</strong></span> <span class='ocrx_word' id='word_1_71' title='bbox 1864 1187 2171 1241; x_wconf 90' lang='lat' dir='ltr'><strong>accersive-</strong></span> 
     </span>
    </p>
   </div>
   <div class='ocr_carea' id='block_1_13' title="bbox 566 1281 1135 1349">
    <p class='ocr_par' dir='ltr' id='par_1_13' title="bbox 566 1281 1135 1349">
     <span class='ocr_line' id='line_1_13' title="bbox 566 1281 1135 1349; baseline -0.007 -11"><span class='ocrx_word' id='word_1_72' title='bbox 566 1291 685 1349; x_wconf 81' lang='lat' dir='ltr'><strong>rat,</strong></span> <span class='ocrx_word' id='word_1_73' title='bbox 716 1292 801 1337; x_wconf 88' lang='lat' dir='ltr'><strong>est</strong></span> <span class='ocrx_word' id='word_1_74' title='bbox 825 1281 1135 1335; x_wconf 88' lang='lat' dir='ltr'><strong>ordinatus.</strong></span> 
     </span>
    </p>
   </div>
   <div class='ocr_carea' id='block_1_14' title="bbox 639 1369 2171 1445">
    <p class='ocr_par' dir='ltr' id='par_1_14' title="bbox 639 1369 2171 1445">
     <span class='ocr_line' id='line_1_14' title="bbox 639 1369 2171 1445; baseline -0.005 -13"><span class='ocrx_word' id='word_1_75' title='bbox 639 1378 692 1432; x_wconf 82' lang='grc'><strong>5.</strong></span> <span class='ocrx_word' id='word_1_76' title='bbox 734 1374 940 1431; x_wconf 85' lang='lat' dir='ltr'><strong>Eodem</strong></span> <span class='ocrx_word' id='word_1_77' title='bbox 973 1374 1044 1429; x_wconf 74' lang='lat'><strong>2&#39;)</strong></span> <span class='ocrx_word' id='word_1_78' title='bbox 1096 1374 1415 1429; x_wconf 84' lang='lat' dir='ltr'><strong>Decembris</strong></span> <span class='ocrx_word' id='word_1_79' title='bbox 1459 1375 1552 1429; x_wconf 91' lang='lat' dir='ltr'><strong>die</strong></span> <span class='ocrx_word' id='word_1_80' title='bbox 1597 1370 1961 1445; x_wconf 83' lang='lat' dir='ltr'><strong>Symmachus</strong></span> <span class='ocrx_word' id='word_1_81' title='bbox 2010 1369 2171 1427; x_wconf 88' lang='lat' dir='ltr'><strong>Urbis</strong></span> 
     </span>
    </p>
   </div>
   <div class='ocr_carea' id='block_1_15' title="bbox 561 1466 2169 1539">
    <p class='ocr_par' dir='ltr' id='par_1_15' title="bbox 561 1466 2169 1539">
     <span class='ocr_line' id='line_1_15' title="bbox 561 1466 2169 1539; baseline -0.004 -15"><span class='ocrx_word' id='word_1_82' title='bbox 561 1468 860 1539; x_wconf 68' lang='lat' dir='ltr'><strong>prtefectus</strong></span> <span class='ocrx_word' id='word_1_83' title='bbox 888 1468 954 1521; x_wconf 88' lang='lat' dir='ltr'><strong>de</strong></span> <span class='ocrx_word' id='word_1_84' title='bbox 985 1476 1212 1536; x_wconf 90' lang='lat' dir='ltr'><strong>utraque</strong></span> <span class='ocrx_word' id='word_1_85' title='bbox 1252 1467 1605 1522; x_wconf 86' lang='lat' dir='ltr'><strong>ordinatione</strong></span> <span class='ocrx_word' id='word_1_86' title='bbox 1636 1466 1937 1521; x_wconf 88' lang='lat' dir='ltr'><strong>llonorium</strong></span> <span class='ocrx_word' id='word_1_87' title='bbox 1968 1478 2169 1533; x_wconf 82' lang='lat' dir='ltr'><strong>augus-</strong></span> 
     </span>
    </p>
   </div>
   <div class='ocr_carea' id='block_1_16' title="bbox 561 1556 2171 1629">
    <p class='ocr_par' dir='ltr' id='par_1_16' title="bbox 561 1556 2171 1629">
     <span class='ocr_line' id='line_1_16' title="bbox 561 1556 2171 1629; baseline -0.002 -15"><span class='ocrx_word' id='word_1_88' title='bbox 561 1568 674 1614; x_wconf 85' lang='lat' dir='ltr'><strong>tum</strong></span> <span class='ocrx_word' id='word_1_89' title='bbox 706 1558 777 1613; x_wconf 89' lang='lat' dir='ltr'><strong>ita</strong></span> <span class='ocrx_word' id='word_1_90' title='bbox 827 1558 1128 1613; x_wconf 76' lang='lat' dir='ltr'><strong>certiorem</strong></span> <span class='ocrx_word' id='word_1_91' title='bbox 1176 1556 1337 1623; x_wconf 90' lang='lat' dir='ltr'><strong>fecit,</strong></span> <span class='ocrx_word' id='word_1_92' title='bbox 1367 1569 1425 1613; x_wconf 91' lang='lat' dir='ltr'><strong>ut</strong></span> <span class='ocrx_word' id='word_1_93' title='bbox 1468 1560 1686 1613; x_wconf 85' lang='lat' dir='ltr'><strong>Eulalio</strong></span> <span class='ocrx_word' id='word_1_94' title='bbox 1719 1559 1899 1629; x_wconf 87' lang='lat' dir='ltr'><strong>palam</strong></span> <span class='ocrx_word' id='word_1_95' title='bbox 1945 1559 2171 1611; x_wconf 86' lang='lat' dir='ltr'><strong>faveret.</strong></span> 
     </span>
    </p>
   </div>
   <div class='ocr_carea' id='block_1_17' title="bbox 568 1653 2171 1726">
    <p class='ocr_par' dir='ltr' id='par_1_17' title="bbox 568 1653 2171 1726">
     <span class='ocr_line' id='line_1_17' title="bbox 568 1653 2171 1726; baseline -0.004 -14"><span class='ocrx_word' id='word_1_96' title='bbox 568 1655 871 1726; x_wconf 77' lang='lat' dir='ltr'><strong>Rescripsit</strong></span> <span class='ocrx_word' id='word_1_97' title='bbox 898 1654 1224 1723; x_wconf 74' lang='lat' dir='ltr'><strong>Imperator,</strong></span> <span class='ocrx_word' id='word_1_98' title='bbox 1253 1653 1505 1709; x_wconf 77' lang='lat' dir='ltr'><strong>Januarii</strong></span> <span class='ocrx_word' id='word_1_99' title='bbox 1536 1655 1571 1709; x_wconf 78' lang='lat'><strong>&#39;5</strong></span> <span class='ocrx_word' id='word_1_100' title='bbox 1602 1654 1690 1709; x_wconf 82' lang='lat' dir='ltr'><strong>die</strong></span> <span class='ocrx_word' id='word_1_101' title='bbox 1719 1656 1845 1707; x_wconf 85' lang='lat' dir='ltr'><strong>anui</strong></span> <span class='ocrx_word' id='word_1_102' title='bbox 1879 1654 2005 1717; x_wconf 70' lang='lat' dir='ltr'><strong>M9,</strong></span> <span class='ocrx_word' id='word_1_103' title='bbox 2036 1667 2171 1707; x_wconf 87' lang='lat' dir='ltr'><strong>con-</strong></span> 
     </span>
    </p>
   </div>
   <div class='ocr_carea' id='block_1_18' title="bbox 563 1746 2174 1810">
    <p class='ocr_par' dir='ltr' id='par_1_18' title="bbox 563 1746 2174 1810">
     <span class='ocr_line' id='line_1_18' title="bbox 563 1746 2174 1810; baseline -0.002 -9"><span class='ocrx_word' id='word_1_104' title='bbox 563 1749 755 1804; x_wconf 65' lang='lat' dir='ltr'><strong>venite</strong></span> <span class='ocrx_word' id='word_1_105' title='bbox 787 1758 971 1801; x_wconf 89' lang='lat' dir='ltr'><strong>votum</strong></span> <span class='ocrx_word' id='word_1_106' title='bbox 1000 1763 1062 1801; x_wconf 89' lang='lat' dir='ltr'><strong>ac</strong></span> <span class='ocrx_word' id='word_1_107' title='bbox 1104 1748 1347 1801; x_wconf 88' lang='lat' dir='ltr'><strong>studium</strong></span> <span class='ocrx_word' id='word_1_108' title='bbox 1382 1764 1538 1802; x_wconf 83' lang='lat' dir='ltr'><strong>suum</strong></span> <span class='ocrx_word' id='word_1_109' title='bbox 1580 1746 1723 1801; x_wconf 90' lang='lat' dir='ltr'><strong>circa</strong></span> <span class='ocrx_word' id='word_1_110' title='bbox 1757 1746 2050 1810; x_wconf 86' lang='lat' dir='ltr'><strong>Eulalium,</strong></span> <span class='ocrx_word' id='word_1_111' title='bbox 2088 1752 2174 1797; x_wconf 92' lang='lat' dir='ltr'><strong>ut-</strong></span> 
     </span>
    </p>
   </div>
   <div class='ocr_carea' id='block_1_19' title="bbox 2271 528 3115 599">
    <p class='ocr_par' dir='ltr' id='par_1_19' title="bbox 2271 528 3115 599">
     <span class='ocr_line' id='line_1_19' title="bbox 2271 528 3115 599; baseline -0.005 -16"><span class='ocrx_word' id='word_1_112' title='bbox 2271 529 2379 583; x_wconf 89' lang='lat' dir='ltr'><strong>lum</strong></span> <span class='ocrx_word' id='word_1_113' title='bbox 2405 528 2593 584; x_wconf 83' lang='lat' dir='ltr'><strong>Urbem</strong></span> <span class='ocrx_word' id='word_1_114' title='bbox 2623 529 2801 599; x_wconf 79' lang='lat' dir='ltr'><strong>fuisset</strong></span> <span class='ocrx_word' id='word_1_115' title='bbox 2830 529 3115 598; x_wconf 79' lang='lat' dir='ltr'><strong>ingressus.</strong></span> 
     </span>
    </p>
   </div>
   <div class='ocr_carea' id='block_1_20' title="bbox 2344 614 3864 686">
    <p class='ocr_par' dir='ltr' id='par_1_20' title="bbox 2344 614 3864 686">
     <span class='ocr_line' id='line_1_20' title="bbox 2344 614 3864 686; baseline -0.005 -9"><span class='ocrx_word' id='word_1_116' title='bbox 2344 624 2397 678; x_wconf 86' lang='grc'><strong>6.</strong></span> <span class='ocrx_word' id='word_1_117' title='bbox 2442 622 2624 677; x_wconf 81' lang='lat' dir='ltr'><strong>Nihilo</strong></span> <span class='ocrx_word' id='word_1_118' title='bbox 2648 632 2829 675; x_wconf 90' lang='lat' dir='ltr'><strong>tamen</strong></span> <span class='ocrx_word' id='word_1_119' title='bbox 2866 620 3045 674; x_wconf 91' lang='lat' dir='ltr'><strong>minus</strong></span> <span class='ocrx_word' id='word_1_120' title='bbox 3074 616 3343 683; x_wconf 81' lang='lat' dir='ltr'><strong>Eulalius,</strong></span> <span class='ocrx_word' id='word_1_121' title='bbox 3368 616 3479 672; x_wconf 91' lang='lat' dir='ltr'><strong>cito</strong></span> <span class='ocrx_word' id='word_1_122' title='bbox 3515 614 3864 686; x_wconf 83' lang='lat' dir='ltr'><strong>professionis</strong></span> 
     </span>
    </p>
   </div>
   <div class='ocr_carea' id='block_1_21' title="bbox 2273 711 3861 783">
    <p class='ocr_par' dir='ltr' id='par_1_21' title="bbox 2273 711 3861 783">
     <span class='ocr_line' id='line_1_21' title="bbox 2273 711 3861 783; baseline -0.006 -10"><span class='ocrx_word' id='word_1_123' title='bbox 2273 734 2388 773; x_wconf 64' lang='lat' dir='ltr'><strong>suae</strong></span> <span class='ocrx_word' id='word_1_124' title='bbox 2418 717 2651 783; x_wconf 88' lang='lat' dir='ltr'><strong>oblitus,</strong></span> <span class='ocrx_word' id='word_1_125' title='bbox 2682 714 2861 770; x_wconf 86' lang='lat' dir='ltr'><strong>Martii</strong></span> <span class='ocrx_word' id='word_1_126' title='bbox 2889 714 2953 769; x_wconf 82' lang='grc'><strong>18</strong></span> <span class='ocrx_word' id='word_1_127' title='bbox 2975 713 3066 769; x_wconf 87' lang='lat' dir='ltr'><strong>die</strong></span> <span class='ocrx_word' id='word_1_128' title='bbox 3088 712 3289 769; x_wconf 84' lang='lat' dir='ltr'><strong>Urbem</strong></span> <span class='ocrx_word' id='word_1_129' title='bbox 3316 714 3603 782; x_wconf 82' lang='lat' dir='ltr'><strong>ingressus</strong></span> <span class='ocrx_word' id='word_1_130' title='bbox 3628 720 3735 777; x_wconf 87' lang='lat' dir='ltr'><strong>est,</strong></span> <span class='ocrx_word' id='word_1_131' title='bbox 3768 711 3861 765; x_wconf 87' lang='lat' dir='ltr'><strong>ibi-</strong></span> 
     </span>
    </p>
   </div>
   <div class='ocr_carea' id='block_1_22' title="bbox 2272 805 3863 883">
    <p class='ocr_par' dir='ltr' id='par_1_22' title="bbox 2272 805 3863 883">
     <span class='ocr_line' id='line_1_22' title="bbox 2272 805 3863 883; baseline -0.005 -16"><span class='ocrx_word' id='word_1_132' title='bbox 2272 828 2376 883; x_wconf 90' lang='lat' dir='ltr'><strong>que</strong></span> <span class='ocrx_word' id='word_1_133' title='bbox 2408 813 2658 880; x_wconf 83' lang='lat' dir='ltr'><strong>ingentes</strong></span> <span class='ocrx_word' id='word_1_134' title='bbox 2682 808 2945 863; x_wconf 90' lang='lat' dir='ltr'><strong>tumultus</strong></span> <span class='ocrx_word' id='word_1_135' title='bbox 2984 806 3269 863; x_wconf 78' lang='lat' dir='ltr'><strong>excitavit.</strong></span> <span class='ocrx_word' id='word_1_136' title='bbox 3304 807 3474 861; x_wconf 89' lang='lat' dir='ltr'><strong>lmmo</strong></span> <span class='ocrx_word' id='word_1_137' title='bbox 3507 805 3644 879; x_wconf 90' lang='lat' dir='ltr'><strong>ipsis</strong></span> <span class='ocrx_word' id='word_1_138' title='bbox 3691 805 3863 859; x_wconf 84' lang='lat' dir='ltr'><strong>llono-</strong></span> 
     </span>
    </p>
   </div>
   <div class='ocr_carea' id='block_1_23' title="bbox 2273 899 3863 977">
    <p class='ocr_par' dir='ltr' id='par_1_23' title="bbox 2273 899 3863 977">
     <span class='ocr_line' id='line_1_23' title="bbox 2273 899 3863 977; baseline -0.006 -14"><span class='ocrx_word' id='word_1_139' title='bbox 2273 907 2338 963; x_wconf 89' lang='lat' dir='ltr'><strong>rii</strong></span> <span class='ocrx_word' id='word_1_140' title='bbox 2374 905 2570 961; x_wconf 90' lang='lat' dir='ltr'><strong>litteris</strong></span> <span class='ocrx_word' id='word_1_141' title='bbox 2592 904 2657 958; x_wconf 84' lang='lat' dir='ltr'><strong>ad</strong></span> <span class='ocrx_word' id='word_1_142' title='bbox 2686 902 3074 977; x_wconf 80' lang='lat' dir='ltr'><strong>Symmachum</strong></span> <span class='ocrx_word' id='word_1_143' title='bbox 3101 901 3280 957; x_wconf 82' lang='lat' dir='ltr'><strong>Martii</strong></span> <span class='ocrx_word' id='word_1_144' title='bbox 3309 900 3380 956; x_wconf 76' lang='lat'><strong>25</strong></span> <span class='ocrx_word' id='word_1_145' title='bbox 3406 899 3498 955; x_wconf 90' lang='lat' dir='ltr'><strong>die</strong></span> <span class='ocrx_word' id='word_1_146' title='bbox 3534 900 3863 969; x_wconf 77' lang='lat' dir='ltr'><strong>consignatis</strong></span> 
     </span>
    </p>
   </div>
   <div class='ocr_carea' id='block_1_24' title="bbox 2274 992 3871 1065">
    <p class='ocr_par' dir='ltr' id='par_1_24' title="bbox 2274 992 3871 1065">
     <span class='ocr_line' id='line_1_24' title="bbox 2274 992 3871 1065; baseline -0.003 -13"><span class='ocrx_word' id='word_1_147' title='bbox 2274 999 2343 1053; x_wconf 90' lang='lat' dir='ltr'><strong>ab</strong></span> <span class='ocrx_word' id='word_1_148' title='bbox 2374 997 2522 1054; x_wconf 90' lang='lat' dir='ltr'><strong>Urbe</strong></span> <span class='ocrx_word' id='word_1_149' title='bbox 2546 997 2854 1052; x_wconf 87' lang='lat' dir='ltr'><strong>abscedere</strong></span> <span class='ocrx_word' id='word_1_150' title='bbox 2885 995 3073 1065; x_wconf 88' lang='lat' dir='ltr'><strong>jussus</strong></span> <span class='ocrx_word' id='word_1_151' title='bbox 3093 1036 3107 1061; x_wconf 93' lang='lat'><strong>,</strong></span> <span class='ocrx_word' id='word_1_152' title='bbox 3142 992 3429 1063; x_wconf 68' lang='lat' dir='ltr'><strong>praefracte</strong></span> <span class='ocrx_word' id='word_1_153' title='bbox 3456 992 3511 1046; x_wconf 92' lang='lat' dir='ltr'><strong>in</strong></span> <span class='ocrx_word' id='word_1_154' title='bbox 3534 1007 3601 1046; x_wconf 88' lang='lat' dir='ltr'><strong>ea</strong></span> <span class='ocrx_word' id='word_1_155' title='bbox 3632 1002 3871 1062; x_wconf 85' lang='lat' dir='ltr'><strong>perstare</strong></span> 
     </span>
    </p>
   </div>
   <div class='ocr_carea' id='block_1_25' title="bbox 2274 1085 3870 1157">
    <p class='ocr_par' dir='ltr' id='par_1_25' title="bbox 2274 1085 3870 1157">
     <span class='ocr_line' id='line_1_25' title="bbox 2274 1085 3870 1157; baseline -0.004 -12"><span class='ocrx_word' id='word_1_156' title='bbox 2274 1107 2383 1145; x_wconf 91' lang='lat' dir='ltr'><strong>non</strong></span> <span class='ocrx_word' id='word_1_157' title='bbox 2437 1090 2639 1144; x_wconf 89' lang='lat' dir='ltr'><strong>timuit.</strong></span> <span class='ocrx_word' id='word_1_158' title='bbox 2685 1088 2795 1145; x_wconf 90' lang='lat' dir='ltr'><strong>Sed</strong></span> <span class='ocrx_word' id='word_1_159' title='bbox 2840 1091 2958 1157; x_wconf 83' lang='lat' dir='ltr'><strong>ipse</strong></span> <span class='ocrx_word' id='word_1_160' title='bbox 3005 1103 3065 1141; x_wconf 90' lang='lat' dir='ltr'><strong>se</strong></span> <span class='ocrx_word' id='word_1_161' title='bbox 3100 1085 3489 1141; x_wconf 81' lang='lat' dir='ltr'><strong>condemnavit</strong></span> <span class='ocrx_word' id='word_1_162' title='bbox 3537 1085 3870 1153; x_wconf 85' lang='lat' dir='ltr'><strong>impatientia</strong></span> 
     </span>
    </p>
   </div>
   <div class='ocr_carea' id='block_1_26' title="bbox 2275 1177 3873 1250">
    <p class='ocr_par' dir='ltr' id='par_1_26' title="bbox 2275 1177 3873 1250">
     <span class='ocr_line' id='line_1_26' title="bbox 2275 1177 3873 1250; baseline -0.005 -12"><span class='ocrx_word' id='word_1_163' title='bbox 2275 1199 2403 1249; x_wconf 90' lang='lat' dir='ltr'><strong>sua,</strong></span> <span class='ocrx_word' id='word_1_164' title='bbox 2437 1192 2524 1249; x_wconf 91' lang='lat' dir='ltr'><strong>et,</strong></span> <span class='ocrx_word' id='word_1_165' title='bbox 2580 1191 2640 1236; x_wconf 93' lang='lat' dir='ltr'><strong>ut</strong></span> <span class='ocrx_word' id='word_1_166' title='bbox 2689 1190 2838 1236; x_wconf 82' lang='lat' dir='ltr'><strong>recte</strong></span> <span class='ocrx_word' id='word_1_167' title='bbox 2886 1179 3157 1250; x_wconf 80' lang='lat' dir='ltr'><strong>judicavit</strong></span> <span class='ocrx_word' id='word_1_168' title='bbox 3194 1178 3501 1244; x_wconf 73' lang='lat' dir='ltr'><strong>Honorius,</strong></span> <span class='ocrx_word' id='word_1_169' title='bbox 3536 1177 3775 1248; x_wconf 83' lang='lat' dir='ltr'><strong>probavit</strong></span> <span class='ocrx_word' id='word_1_170' title='bbox 3817 1195 3873 1231; x_wconf 69' lang='lat' dir='ltr'><strong>ex</strong></span> 
     </span>
    </p>
   </div>
   <div class='ocr_carea' id='block_1_27' title="bbox 2273 1272 3871 1348">
    <p class='ocr_par' dir='ltr' id='par_1_27' title="bbox 2273 1272 3871 1348">
     <span class='ocr_line' id='line_1_27' title="bbox 2273 1272 3871 1348; baseline -0.002 -18"><span class='ocrx_word' id='word_1_171' title='bbox 2273 1278 2511 1348; x_wconf 59' lang='lat' dir='ltr'><strong>praesenti</strong></span> <span class='ocrx_word' id='word_1_172' title='bbox 2536 1278 2673 1347; x_wconf 79' lang='lat' dir='ltr'><strong>facta</strong></span> <span class='ocrx_word' id='word_1_173' title='bbox 2698 1276 2851 1345; x_wconf 82' lang='lat' dir='ltr'><strong>quale</strong></span> <span class='ocrx_word' id='word_1_174' title='bbox 2873 1276 3106 1328; x_wconf 84' lang='lat' dir='ltr'><strong>videatur</strong></span> <span class='ocrx_word' id='word_1_175' title='bbox 3128 1272 3367 1327; x_wconf 74' lang='lat' dir='ltr'><strong>habuisse</strong></span> <span class='ocrx_word' id='word_1_176' title='bbox 3384 1272 3723 1343; x_wconf 78' lang='lat' dir='ltr'><strong>principium.</strong></span> <span class='ocrx_word' id='word_1_177' title='bbox 3748 1272 3871 1327; x_wconf 86' lang='lat' dir='ltr'><strong>Eam</strong></span> 
     </span>
    </p>
   </div>
   <div class='ocr_carea' id='block_1_28' title="bbox 2274 1370 3873 1444">
    <p class='ocr_par' dir='ltr' id='par_1_28' title="bbox 2274 1370 3873 1444">
     <span class='ocr_line' id='line_1_28' title="bbox 2274 1370 3873 1444; baseline -0.003 -14"><span class='ocrx_word' id='word_1_178' title='bbox 2274 1376 2344 1430; x_wconf 93' lang='lat' dir='ltr'><strong>ob</strong></span> <span class='ocrx_word' id='word_1_179' title='bbox 2402 1390 2621 1430; x_wconf 82' lang='lat' dir='ltr'><strong>causam</strong></span> <span class='ocrx_word' id='word_1_180' title='bbox 2675 1375 2820 1429; x_wconf 89' lang='lat' dir='ltr'><strong>idem</strong></span> <span class='ocrx_word' id='word_1_181' title='bbox 2872 1376 3125 1444; x_wconf 89' lang='lat' dir='ltr'><strong>princeps</strong></span> <span class='ocrx_word' id='word_1_182' title='bbox 3154 1374 3272 1429; x_wconf 76' lang='lat' dir='ltr'><strong>lucc</strong></span> <span class='ocrx_word' id='word_1_183' title='bbox 3302 1374 3371 1428; x_wconf 92' lang='lat' dir='ltr'><strong>ad</strong></span> <span class='ocrx_word' id='word_1_184' title='bbox 3421 1370 3873 1444; x_wconf 81' lang='lat' dir='ltr'><strong>Symmacbuni3</strong></span> 
     </span>
    </p>
   </div>
   <div class='ocr_carea' id='block_1_29' title="bbox 2274 1465 3874 1541">
    <p class='ocr_par' dir='ltr' id='par_1_29' title="bbox 2274 1465 3874 1541">
     <span class='ocr_line' id='line_1_29' title="bbox 2274 1465 3874 1541; baseline -0.003 -19"><span class='ocrx_word' id='word_1_185' title='bbox 2274 1468 2482 1539; x_wconf 85' lang='lat' dir='ltr'><strong>Aprilis</strong></span> <span class='ocrx_word' id='word_1_186' title='bbox 2508 1469 2601 1522; x_wconf 89' lang='lat' dir='ltr'><strong>die</strong></span> <span class='ocrx_word' id='word_1_187' title='bbox 2633 1469 2955 1537; x_wconf 89' lang='lat' dir='ltr'><strong>rescripsit:</strong></span> <span class='ocrx_word' id='word_1_188' title='bbox 2980 1469 3241 1534; x_wconf 82' lang='lat' dir='ltr'><strong>Quoniam</strong></span> <span class='ocrx_word' id='word_1_189' title='bbox 3266 1484 3387 1541; x_wconf 83' lang='lat' dir='ltr'><strong>ergo</strong></span> <span class='ocrx_word' id='word_1_190' title='bbox 3410 1477 3548 1522; x_wconf 86' lang='lat' dir='ltr'><strong>recte</strong></span> <span class='ocrx_word' id='word_1_191' title='bbox 3572 1465 3735 1530; x_wconf 80' lang='lat' dir='ltr'><strong>hunc,</strong></span> <span class='ocrx_word' id='word_1_192' title='bbox 3770 1473 3874 1534; x_wconf 85' lang='lat' dir='ltr'><strong>post</strong></span> 
     </span>
    </p>
   </div>
   <div class='ocr_carea' id='block_1_30' title="bbox 2277 1559 3876 1633">
    <p class='ocr_par' dir='ltr' id='par_1_30' title="bbox 2277 1559 3876 1633">
     <span class='ocr_line' id='line_1_30' title="bbox 2277 1559 3876 1633; baseline -0.003 -19"><span class='ocrx_word' id='word_1_193' title='bbox 2277 1572 2349 1615; x_wconf 91' lang='lat' dir='ltr'><strong>tot</strong></span> <span class='ocrx_word' id='word_1_194' title='bbox 2375 1561 2622 1625; x_wconf 82' lang='lat' dir='ltr'><strong>admissa,</strong></span> <span class='ocrx_word' id='word_1_195' title='bbox 2652 1560 2790 1615; x_wconf 83' lang='lat' dir='ltr'><strong>Urbe</strong></span> <span class='ocrx_word' id='word_1_196' title='bbox 2817 1572 3015 1615; x_wconf 78' lang='lat' dir='ltr'><strong>constat</strong></span> <span class='ocrx_word' id='word_1_197' title='bbox 3044 1560 3354 1633; x_wconf 75' lang='lat' dir='ltr'><strong>expulsum:</strong></span> <span class='ocrx_word' id='word_1_198' title='bbox 3377 1559 3714 1631; x_wconf 79' lang='lat' dir='ltr'><strong>Bonifacium</strong></span> <span class='ocrx_word' id='word_1_199' title='bbox 3739 1574 3876 1611; x_wconf 79' lang='lat' dir='ltr'><strong>rene-</strong></span> 
     </span>
    </p>
   </div>
   <div class='ocr_carea' id='block_1_31' title="bbox 2276 1655 3878 1730">
    <p class='ocr_par' dir='ltr' id='par_1_31' title="bbox 2276 1655 3878 1730">
     <span class='ocr_line' id='line_1_31' title="bbox 2276 1655 3878 1730; baseline 0 -23"><span class='ocrx_word' id='word_1_200' title='bbox 2276 1655 2490 1710; x_wconf 88' lang='lat' dir='ltr'><strong>rabilem</strong></span> <span class='ocrx_word' id='word_1_201' title='bbox 2520 1657 2683 1709; x_wconf 73' lang='lat' dir='ltr'><strong>cirum</strong></span> <span class='ocrx_word' id='word_1_202' title='bbox 2712 1657 3029 1727; x_wconf 80' lang='lat' dir='ltr'><strong>episcopum,</strong></span> <span class='ocrx_word' id='word_1_203' title='bbox 3052 1659 3121 1711; x_wconf 91' lang='lat' dir='ltr'><strong>ad</strong></span> <span class='ocrx_word' id='word_1_204' title='bbox 3152 1660 3301 1730; x_wconf 84' lang='lat' dir='ltr'><strong>cujus</strong></span> <span class='ocrx_word' id='word_1_205' title='bbox 3330 1656 3739 1711; x_wconf 83' lang='lat' dir='ltr'><strong>moderationem</strong></span> <span class='ocrx_word' id='word_1_206' title='bbox 3762 1670 3878 1708; x_wconf 86' lang='lat' dir='ltr'><strong>auc-</strong></span> 
     </span>
    </p>
   </div>
   <div class='ocr_carea' id='block_1_32' title="bbox 2276 1746 3879 1823">
    <p class='ocr_par' dir='ltr' id='par_1_32' title="bbox 2276 1746 3879 1823">
     <span class='ocr_line' id='line_1_32' title="bbox 2276 1746 3879 1823; baseline -0.002 -19"><span class='ocrx_word' id='word_1_207' title='bbox 2276 1751 2537 1805; x_wconf 79' lang='lat' dir='ltr'><strong>toritatem</strong></span> <span class='ocrx_word' id='word_1_208' title='bbox 2566 1762 2794 1805; x_wconf 84' lang='lat' dir='ltr'><strong>nostram</strong></span> <span class='ocrx_word' id='word_1_209' title='bbox 2820 1763 2954 1804; x_wconf 84' lang='lat' dir='ltr'><strong>recte</strong></span> <span class='ocrx_word' id='word_1_210' title='bbox 2976 1752 3269 1805; x_wconf 78' lang='lat' dir='ltr'><strong>censuimus</strong></span> <span class='ocrx_word' id='word_1_211' title='bbox 3282 1746 3879 1823; x_wconf 84' lang='lat' dir='ltr'><strong>jungendam.sublimi-</strong></span> 
     </span>
    </p>
   </div>
   <div class='ocr_carea' id='block_1_33' title="bbox 567 1838 2204 1913">
    <p class='ocr_par' dir='ltr' id='par_1_33' title="bbox 567 1838 2167 1913">
     <span class='ocr_line' id='line_1_33' title="bbox 567 1838 2167 1913; baseline -0.005 -17"><span class='ocrx_word' id='word_1_212' title='bbox 567 1851 699 1913; x_wconf 89' lang='lat' dir='ltr'><strong>pote</strong></span> <span class='ocrx_word' id='word_1_213' title='bbox 724 1840 810 1895; x_wconf 89' lang='lat' dir='ltr'><strong>cui</strong></span> <span class='ocrx_word' id='word_1_214' title='bbox 861 1850 1154 1909; x_wconf 84' lang='lat' dir='ltr'><strong>competens</strong></span> <span class='ocrx_word' id='word_1_215' title='bbox 1195 1857 1438 1895; x_wconf 86' lang='lat' dir='ltr'><strong>numerus</strong></span> <span class='ocrx_word' id='word_1_216' title='bbox 1480 1839 1836 1893; x_wconf 86' lang='lat' dir='ltr'><strong>ordinantium</strong></span> <span class='ocrx_word' id='word_1_217' title='bbox 1884 1838 2167 1910; x_wconf 81' lang='lat' dir='ltr'><strong>legitimus,</strong></span> 
     </span>
    </p>
   </div>
   <div class='ocr_carea' id='block_1_34' title="bbox 2286 1838 3874 1913">
    <p class='ocr_par' dir='ltr' id='par_1_34' title="bbox 2286 1843 3874 1913">
     <span class='ocr_line' id='line_1_34' title="bbox 2286 1843 3874 1913; baseline -0.004 -16"><span class='ocrx_word' id='word_1_218' title='bbox 2286 1853 2356 1897; x_wconf 87' lang='lat' dir='ltr'><strong>tas</strong></span> <span class='ocrx_word' id='word_1_219' title='bbox 2388 1854 2476 1898; x_wconf 89' lang='lat' dir='ltr'><strong>tua</strong></span> <span class='ocrx_word' id='word_1_220' title='bbox 2510 1844 2697 1898; x_wconf 83' lang='lat' dir='ltr'><strong>Urbem</strong></span> <span class='ocrx_word' id='word_1_221' title='bbox 2740 1844 2943 1913; x_wconf 83' lang='lat' dir='ltr'><strong>ingredi</strong></span> <span class='ocrx_word' id='word_1_222' title='bbox 2970 1843 3151 1898; x_wconf 85' lang='lat' dir='ltr'><strong>debere</strong></span> <span class='ocrx_word' id='word_1_223' title='bbox 3191 1860 3283 1896; x_wconf 87' lang='lat' dir='ltr'><strong>nos</strong></span> <span class='ocrx_word' id='word_1_224' title='bbox 3315 1844 3560 1896; x_wconf 87' lang='lat' dir='ltr'><strong>statuisse</strong></span> <span class='ocrx_word' id='word_1_225' title='bbox 3589 1850 3874 1912; x_wconf 82' lang='lat' dir='ltr'><strong>cognoscat.</strong></span> 
     </span>
    </p>
   </div>
   <div class='ocr_carea' id='block_1_35' title="bbox 568 1933 2172 2008">
    <p class='ocr_par' dir='ltr' id='par_1_35' title="bbox 568 1933 2172 2008">
     <span class='ocr_line' id='line_1_35' title="bbox 568 1933 2172 2008; baseline -0.005 -17"><span class='ocrx_word' id='word_1_226' title='bbox 568 1937 871 1991; x_wconf 88' lang='lat' dir='ltr'><strong>solemnitas</strong></span> <span class='ocrx_word' id='word_1_227' title='bbox 916 1936 1183 2008; x_wconf 86' lang='lat' dir='ltr'><strong>temporis,</strong></span> <span class='ocrx_word' id='word_1_228' title='bbox 1223 1934 1423 2003; x_wconf 87' lang='lat' dir='ltr'><strong>locique</strong></span> <span class='ocrx_word' id='word_1_229' title='bbox 1463 1933 1691 2003; x_wconf 84' lang='lat' dir='ltr'><strong>qualitas</strong></span> <span class='ocrx_word' id='word_1_230' title='bbox 1742 1940 1878 1986; x_wconf 83' lang='lat' dir='ltr'><strong>recte</strong></span> <span class='ocrx_word' id='word_1_231' title='bbox 1924 1947 2172 1985; x_wconf 85' lang='lat' dir='ltr'><strong>veneran-</strong></span> 
     </span>
    </p>
   </div>
   <div class='ocr_carea' id='block_1_36' title="bbox 569 2024 2174 2101">
    <p class='ocr_par' dir='ltr' id='par_1_36' title="bbox 569 2024 2174 2101">
     <span class='ocr_line' id='line_1_36' title="bbox 569 2024 2174 2101; baseline -0.006 -17"><span class='ocrx_word' id='word_1_232' title='bbox 569 2032 692 2085; x_wconf 87' lang='lat' dir='ltr'><strong>dum</strong></span> <span class='ocrx_word' id='word_1_233' title='bbox 722 2031 943 2085; x_wconf 88' lang='lat' dir='ltr'><strong>nominis</strong></span> <span class='ocrx_word' id='word_1_234' title='bbox 976 2031 1180 2101; x_wconf 83' lang='lat' dir='ltr'><strong>apicem</strong></span> <span class='ocrx_word' id='word_1_235' title='bbox 1205 2030 1517 2083; x_wconf 87' lang='lat' dir='ltr'><strong>contulerint</strong></span> <span class='ocrx_word' id='word_1_236' title='bbox 1540 2045 1559 2093; x_wconf 91' lang='lat'><strong><em>;</em></strong></span> <span class='ocrx_word' id='word_1_237' title='bbox 1590 2044 1707 2081; x_wconf 87' lang='lat' dir='ltr'><strong>cum</strong></span> <span class='ocrx_word' id='word_1_238' title='bbox 1736 2035 1907 2079; x_wconf 88' lang='lat' dir='ltr'><strong>autent</strong></span> <span class='ocrx_word' id='word_1_239' title='bbox 1952 2024 2174 2087; x_wconf 71' lang='lat' dir='ltr'><strong>Bonifa-</strong></span> 
     </span>
    </p>
   </div>
   <div class='ocr_carea' id='block_1_37' title="bbox 574 2123 2176 2193">
    <p class='ocr_par' dir='ltr' id='par_1_37' title="bbox 574 2123 2176 2193">
     <span class='ocr_line' id='line_1_37' title="bbox 574 2123 2176 2193; baseline -0.004 -15"><span class='ocrx_word' id='word_1_240' title='bbox 574 2125 653 2179; x_wconf 85' lang='lat' dir='ltr'><strong>cio</strong></span> <span class='ocrx_word' id='word_1_241' title='bbox 676 2133 871 2178; x_wconf 88' lang='lat' dir='ltr'><strong>constet</strong></span> <span class='ocrx_word' id='word_1_242' title='bbox 906 2124 1078 2178; x_wconf 85' lang='lat' dir='ltr'><strong>omnia</strong></span> <span class='ocrx_word' id='word_1_243' title='bbox 1110 2124 1360 2192; x_wconf 83' lang='lat' dir='ltr'><strong>defuisse,</strong></span> <span class='ocrx_word' id='word_1_244' title='bbox 1395 2123 1661 2193; x_wconf 81' lang='lat' dir='ltr'><strong>superflue</strong></span> <span class='ocrx_word' id='word_1_245' title='bbox 1690 2128 2037 2190; x_wconf 73' lang='lat' dir='ltr'><strong>exspectatam</strong></span> <span class='ocrx_word' id='word_1_246' title='bbox 2068 2135 2176 2172; x_wconf 83' lang='lat' dir='ltr'><strong>esse</strong></span> 
     </span>
    </p>
   </div>
   <div class='ocr_carea' id='block_1_38' title="bbox 568 2210 2175 2283">
    <p class='ocr_par' dir='ltr' id='par_1_38' title="bbox 568 2210 2175 2283">
     <span class='ocr_line' id='line_1_38' title="bbox 568 2210 2175 2283; baseline -0.005 -11"><span class='ocrx_word' id='word_1_247' title='bbox 568 2218 881 2273; x_wconf 61' lang='lat' dir='ltr'><strong>sententiam</strong></span> <span class='ocrx_word' id='word_1_248' title='bbox 902 2232 1095 2281; x_wconf 88' lang='lat' dir='ltr'><strong>suam;</strong></span> <span class='ocrx_word' id='word_1_249' title='bbox 1124 2214 1269 2269; x_wconf 89' lang='lat' dir='ltr'><strong>hunc</strong></span> <span class='ocrx_word' id='word_1_250' title='bbox 1320 2216 1501 2283; x_wconf 82' lang='lat' dir='ltr'><strong>itaque</strong></span> <span class='ocrx_word' id='word_1_251' title='bbox 1553 2212 1844 2267; x_wconf 90' lang='lat' dir='ltr'><strong>interdicta</strong></span> <span class='ocrx_word' id='word_1_252' title='bbox 1876 2210 2024 2266; x_wconf 90' lang='lat' dir='ltr'><strong>Urbe</strong></span> <span class='ocrx_word' id='word_1_253' title='bbox 2046 2225 2175 2264; x_wconf 88' lang='lat' dir='ltr'><strong>con-</strong></span> 
     </span>
    </p>
   </div>
   <div class='ocr_carea' id='block_1_39' title="bbox 564 2303 2174 2376">
    <p class='ocr_par' dir='ltr' id='par_1_39' title="bbox 564 2303 2174 2376">
     <span class='ocr_line' id='line_1_39' title="bbox 564 2303 2174 2376; baseline -0.004 -12"><span class='ocrx_word' id='word_1_254' title='bbox 564 2309 748 2364; x_wconf 85' lang='lat' dir='ltr'><strong>festim</strong></span> <span class='ocrx_word' id='word_1_255' title='bbox 785 2307 1214 2376; x_wconf 88' lang='lat' dir='ltr'><strong>prohibendum,</strong></span> <span class='ocrx_word' id='word_1_256' title='bbox 1246 2316 1341 2361; x_wconf 88' lang='lat' dir='ltr'><strong>aut</strong></span> <span class='ocrx_word' id='word_1_257' title='bbox 1368 2306 1417 2361; x_wconf 87' lang='lat' dir='ltr'><strong>si</strong></span> <span class='ocrx_word' id='word_1_258' title='bbox 1447 2303 2174 2373; x_wconf 72' lang='lat' dir='ltr'><strong>reluctetur,espellendum</strong></span> 
     </span>
    </p>
   </div>
   <div class='ocr_carea' id='block_1_40' title="bbox 564 2396 2173 2469">
    <p class='ocr_par' dir='ltr' id='par_1_40' title="bbox 564 2396 2173 2469">
     <span class='ocr_line' id='line_1_40' title="bbox 564 2396 2173 2469; baseline -0.007 -10"><span class='ocrx_word' id='word_1_259' title='bbox 564 2417 711 2459; x_wconf 80' lang='lat' dir='ltr'><strong>eSSe.</strong></span> <span class='ocrx_word' id='word_1_260' title='bbox 742 2401 897 2468; x_wconf 88' lang='lat' dir='ltr'><strong>Quod</strong></span> <span class='ocrx_word' id='word_1_261' title='bbox 931 2399 1159 2455; x_wconf 83' lang='lat' dir='ltr'><strong>Honorii</strong></span> <span class='ocrx_word' id='word_1_262' title='bbox 1196 2408 1534 2469; x_wconf 65' lang='lat' dir='ltr'><strong>praeceptum</strong></span> <span class='ocrx_word' id='word_1_263' title='bbox 1568 2396 1846 2466; x_wconf 90' lang='lat' dir='ltr'><strong>quomodo</strong></span> <span class='ocrx_word' id='word_1_264' title='bbox 1889 2404 2173 2464; x_wconf 87' lang='lat' dir='ltr'><strong>acceptum</strong></span> 
     </span>
    </p>
   </div>
   <div class='ocr_carea' id='block_1_41' title="bbox 566 2487 2178 2565">
    <p class='ocr_par' dir='ltr' id='par_1_41' title="bbox 566 2487 2178 2565">
     <span class='ocr_line' id='line_1_41' title="bbox 566 2487 2178 2565; baseline -0.006 -15"><span class='ocrx_word' id='word_1_265' title='bbox 566 2494 675 2562; x_wconf 85' lang='lat' dir='ltr'><strong>sit,</strong></span> <span class='ocrx_word' id='word_1_266' title='bbox 707 2494 1068 2565; x_wconf 84' lang='lat' dir='ltr'><strong>Symmachus</strong></span> <span class='ocrx_word' id='word_1_267' title='bbox 1100 2493 1132 2547; x_wconf 85' lang='lat'>8</span> <span class='ocrx_word' id='word_1_268' title='bbox 1171 2491 1419 2547; x_wconf 83' lang='lat' dir='ltr'><strong>Januarii</strong></span> <span class='ocrx_word' id='word_1_269' title='bbox 1466 2490 1555 2545; x_wconf 88' lang='lat' dir='ltr'><strong>die</strong></span> <span class='ocrx_word' id='word_1_270' title='bbox 1588 2490 1690 2559; x_wconf 91' lang='lat' dir='ltr'><strong>ipsi</strong></span> <span class='ocrx_word' id='word_1_271' title='bbox 1740 2487 2063 2557; x_wconf 90' lang='lat' dir='ltr'><strong>Imperatori</strong></span> <span class='ocrx_word' id='word_1_272' title='bbox 2091 2500 2178 2541; x_wconf 82' lang='lat' dir='ltr'><strong>re-</strong></span> 
     </span>
    </p>
   </div>
   <div class='ocr_carea' id='block_1_42' title="bbox 570 2588 865 2643">
    <p class='ocr_par' dir='ltr' id='par_1_42' title="bbox 570 2588 865 2643">
     <span class='ocr_line' id='line_1_42' title="bbox 570 2588 865 2643; baseline -0.014 0"><span class='ocrx_word' id='word_1_273' title='bbox 570 2588 865 2643; x_wconf 84' lang='lat' dir='ltr'><strong>nuntiavit.</strong></span> 
     </span>
    </p>
   </div>
   <div class='ocr_carea' id='block_1_43' title="bbox 643 2670 2178 2745">
    <p class='ocr_par' dir='ltr' id='par_1_43' title="bbox 643 2670 2178 2745">
     <span class='ocr_line' id='line_1_43' title="bbox 643 2670 2178 2745; baseline -0.007 -10"><span class='ocrx_word' id='word_1_274' title='bbox 643 2683 695 2736; x_wconf 71' lang='grc'><strong>4.</strong></span> <span class='ocrx_word' id='word_1_275' title='bbox 745 2680 950 2735; x_wconf 80' lang='lat' dir='ltr'><strong>Verum</strong></span> <span class='ocrx_word' id='word_1_276' title='bbox 997 2678 1191 2733; x_wconf 90' lang='lat' dir='ltr'><strong>eodem</strong></span> <span class='ocrx_word' id='word_1_277' title='bbox 1245 2686 1495 2745; x_wconf 91' lang='lat' dir='ltr'><strong>tempore</strong></span> <span class='ocrx_word' id='word_1_278' title='bbox 1546 2674 1773 2729; x_wconf 85' lang='lat' dir='ltr'><strong>Romani</strong></span> <span class='ocrx_word' id='word_1_279' title='bbox 1830 2670 2178 2742; x_wconf 77' lang='lat' dir='ltr'><strong>presbyteri,</strong></span> 
     </span>
    </p>
   </div>
   <div class='ocr_carea' id='block_1_44' title="bbox 571 2764 2179 2832">
    <p class='ocr_par' dir='ltr' id='par_1_44' title="bbox 571 2764 2179 2832">
     <span class='ocr_line' id='line_1_44' title="bbox 571 2764 2179 2832; baseline -0.009 0"><span class='ocrx_word' id='word_1_280' title='bbox 571 2776 939 2832; x_wconf 87' lang='lat' dir='ltr'><strong>sinceriorem</strong></span> <span class='ocrx_word' id='word_1_281' title='bbox 986 2771 1357 2828; x_wconf 90' lang='lat' dir='ltr'><strong>ordinationis</strong></span> <span class='ocrx_word' id='word_1_282' title='bbox 1406 2770 1678 2825; x_wconf 89' lang='lat' dir='ltr'><strong>Bonilacii</strong></span> <span class='ocrx_word' id='word_1_283' title='bbox 1736 2767 2058 2822; x_wconf 85' lang='lat' dir='ltr'><strong>relationem</strong></span> <span class='ocrx_word' id='word_1_284' title='bbox 2115 2764 2179 2818; x_wconf 91' lang='lat' dir='ltr'><strong>ad</strong></span> 
     </span>
    </p>
   </div>
   <div class='ocr_carea' id='block_1_45' title="bbox 570 2862 2181 2940">
    <p class='ocr_par' dir='ltr' id='par_1_45' title="bbox 570 2862 2181 2940">
     <span class='ocr_line' id='line_1_45' title="bbox 570 2862 2181 2940; baseline -0.007 -13"><span class='ocrx_word' id='word_1_285' title='bbox 570 2870 829 2927; x_wconf 88' lang='lat' dir='ltr'><strong>eumdem</strong></span> <span class='ocrx_word' id='word_1_286' title='bbox 871 2870 1261 2940; x_wconf 83' lang='lat' dir='ltr'><strong>imperatorem</strong></span> <span class='ocrx_word' id='word_1_287' title='bbox 1312 2866 1609 2927; x_wconf 85' lang='lat' dir='ltr'><strong>miserunt.</strong></span> <span class='ocrx_word' id='word_1_288' title='bbox 1638 2875 1896 2933; x_wconf 81' lang='lat' dir='ltr'><strong>rogantes</strong></span> <span class='ocrx_word' id='word_1_289' title='bbox 1942 2872 2002 2917; x_wconf 95' lang='lat' dir='ltr'><strong>ut</strong></span> <span class='ocrx_word' id='word_1_290' title='bbox 2042 2862 2181 2916; x_wconf 88' lang='lat' dir='ltr'><strong>duos</strong></span> 
     </span>
    </p>
   </div>
   <div class='ocr_carea' id='block_1_46' title="bbox 570 2960 2183 3022">
    <p class='ocr_par' dir='ltr' id='par_1_46' title="bbox 570 2960 2183 3022">
     <span class='ocr_line' id='line_1_46' title="bbox 570 2960 2183 3022; baseline -0.009 0"><span class='ocrx_word' id='word_1_291' title='bbox 570 2965 781 3022; x_wconf 84' lang='lat' dir='ltr'><strong>electos</strong></span> <span class='ocrx_word' id='word_1_292' title='bbox 812 2980 935 3019; x_wconf 88' lang='lat' dir='ltr'><strong>cum</strong></span> <span class='ocrx_word' id='word_1_293' title='bbox 968 2962 1289 3017; x_wconf 88' lang='lat' dir='ltr'><strong>auctoribus</strong></span> <span class='ocrx_word' id='word_1_294' title='bbox 1313 2961 1430 3014; x_wconf 90' lang='lat' dir='ltr'><strong>suis</strong></span> <span class='ocrx_word' id='word_1_295' title='bbox 1452 2960 1519 3013; x_wconf 91' lang='lat' dir='ltr'><strong>ad</strong></span> <span class='ocrx_word' id='word_1_296' title='bbox 1549 2960 1871 3012; x_wconf 89' lang='lat' dir='ltr'><strong>comitatum</strong></span> <span class='ocrx_word' id='word_1_297' title='bbox 1902 2971 2059 3011; x_wconf 88' lang='lat' dir='ltr'><strong>suum</strong></span> <span class='ocrx_word' id='word_1_298' title='bbox 2086 2971 2183 3009; x_wconf 85' lang='lat' dir='ltr'><strong>vc-</strong></span> 
     </span>
    </p>
   </div>
   <div class='ocr_carea' id='block_1_47' title="bbox 573 3053 2185 3129">
    <p class='ocr_par' dir='ltr' id='par_1_47' title="bbox 573 3053 2185 3129">
     <span class='ocr_line' id='line_1_47' title="bbox 573 3053 2185 3129; baseline -0.009 -12"><span class='ocrx_word' id='word_1_299' title='bbox 573 3063 695 3117; x_wconf 87' lang='lat' dir='ltr'><strong>nire</strong></span> <span class='ocrx_word' id='word_1_300' title='bbox 727 3060 1087 3129; x_wconf 63' lang='lat' dir='ltr'><strong>praeciperet,</strong></span> <span class='ocrx_word' id='word_1_301' title='bbox 1118 3072 1226 3127; x_wconf 90' lang='lat' dir='ltr'><strong>quo</strong></span> <span class='ocrx_word' id='word_1_302' title='bbox 1254 3059 1332 3111; x_wconf 85' lang='lat' dir='ltr'><strong>rei</strong></span> <span class='ocrx_word' id='word_1_303' title='bbox 1366 3055 1658 3108; x_wconf 80' lang='lat' dir='ltr'><strong>veritatem</strong></span> <span class='ocrx_word' id='word_1_304' title='bbox 1685 3053 1975 3119; x_wconf 80' lang='lat' dir='ltr'><strong>explorare</strong></span> <span class='ocrx_word' id='word_1_305' title='bbox 2004 3066 2104 3120; x_wconf 90' lang='lat' dir='ltr'><strong>per</strong></span> <span class='ocrx_word' id='word_1_306' title='bbox 2124 3065 2185 3104; x_wconf 90' lang='lat' dir='ltr'><strong>se</strong></span> 
     </span>
    </p>
   </div>
   <div class='ocr_carea' id='block_1_48' title="bbox 573 3142 2185 3222">
    <p class='ocr_par' dir='ltr' id='par_1_48' title="bbox 573 3142 2185 3222">
     <span class='ocr_line' id='line_1_48' title="bbox 573 3142 2185 3222; baseline -0.009 -12"><span class='ocrx_word' id='word_1_307' title='bbox 573 3154 797 3210; x_wconf 83' lang='lat' dir='ltr'><strong>facilius</strong></span> <span class='ocrx_word' id='word_1_308' title='bbox 825 3164 1033 3222; x_wconf 88' lang='lat' dir='ltr'><strong>posset.</strong></span> <span class='ocrx_word' id='word_1_309' title='bbox 1071 3151 1136 3205; x_wconf 86' lang='lat' dir='ltr'><strong>Et</strong></span> <span class='ocrx_word' id='word_1_310' title='bbox 1164 3165 1358 3205; x_wconf 90' lang='lat' dir='ltr'><strong>eorum</strong></span> <span class='ocrx_word' id='word_1_311' title='bbox 1391 3148 1611 3218; x_wconf 89' lang='lat' dir='ltr'><strong>quidem</strong></span> <span class='ocrx_word' id='word_1_312' title='bbox 1639 3161 1833 3216; x_wconf 89' lang='lat' dir='ltr'><strong>preces</strong></span> <span class='ocrx_word' id='word_1_313' title='bbox 1854 3143 1960 3214; x_wconf 83' lang='lat' dir='ltr'><strong>ipsi</strong></span> <span class='ocrx_word' id='word_1_314' title='bbox 1988 3142 2185 3212; x_wconf 63' lang='lat' dir='ltr'><strong>sequis-</strong></span> 
     </span>
    </p>
   </div>
   <div class='ocr_carea' id='block_1_49' title="bbox 2278 1934 3876 2007">
    <p class='ocr_par' dir='ltr' id='par_1_49' title="bbox 2278 1934 3876 2007">
     <span class='ocr_line' id='line_1_49' title="bbox 2278 1934 3876 2007; baseline -0.002 -15"><span class='ocrx_word' id='word_1_315' title='bbox 2278 1938 2588 2005; x_wconf 85' lang='lat' dir='ltr'><strong>Statimque</strong></span> <span class='ocrx_word' id='word_1_316' title='bbox 2618 1952 2841 2007; x_wconf 83' lang='lat' dir='ltr'><strong>Operam</strong></span> <span class='ocrx_word' id='word_1_317' title='bbox 2888 1937 3072 2001; x_wconf 88' lang='lat' dir='ltr'><strong>dedit,</strong></span> <span class='ocrx_word' id='word_1_318' title='bbox 3106 1945 3167 1991; x_wconf 91' lang='lat' dir='ltr'><strong>ut</strong></span> <span class='ocrx_word' id='word_1_319' title='bbox 3191 1937 3475 2006; x_wconf 69' lang='lat' dir='ltr'><strong>CpiSCOItl,</strong></span> <span class='ocrx_word' id='word_1_320' title='bbox 3512 1950 3654 2006; x_wconf 90' lang='lat' dir='ltr'><strong>quos</strong></span> <span class='ocrx_word' id='word_1_321' title='bbox 3685 1950 3717 1991; x_wconf 90' lang='lat' dir='ltr'><strong>e</strong></span> <span class='ocrx_word' id='word_1_322' title='bbox 3757 1934 3876 1990; x_wconf 88' lang='lat' dir='ltr'><strong>Gal-</strong></span> 
     </span>
    </p>
   </div>
   <div class='ocr_carea' id='block_1_50' title="bbox 2279 2028 3878 2103">
    <p class='ocr_par' dir='ltr' id='par_1_50' title="bbox 2279 2028 3878 2103">
     <span class='ocr_line' id='line_1_50' title="bbox 2279 2028 3878 2103; baseline -0.003 -16"><span class='ocrx_word' id='word_1_323' title='bbox 2279 2033 2474 2087; x_wconf 90' lang='lat' dir='ltr'><strong>licanis</strong></span> <span class='ocrx_word' id='word_1_324' title='bbox 2502 2042 2557 2087; x_wconf 92' lang='lat' dir='ltr'><strong>et</strong></span> <span class='ocrx_word' id='word_1_325' title='bbox 2581 2031 2852 2087; x_wconf 85' lang='lat' dir='ltr'><strong>Africanis</strong></span> <span class='ocrx_word' id='word_1_326' title='bbox 2881 2032 3196 2103; x_wconf 81' lang='lat' dir='ltr'><strong>regionibus</strong></span> <span class='ocrx_word' id='word_1_327' title='bbox 3226 2032 3294 2086; x_wconf 89' lang='lat' dir='ltr'><strong>ad</strong></span> <span class='ocrx_word' id='word_1_328' title='bbox 3332 2031 3635 2087; x_wconf 90' lang='lat' dir='ltr'><strong>concilium</strong></span> <span class='ocrx_word' id='word_1_329' title='bbox 3677 2028 3878 2102; x_wconf 88' lang='lat' dir='ltr'><strong>Spoleti</strong></span> 
     </span>
    </p>
   </div>
   <div class='ocr_carea' id='block_1_51' title="bbox 2280 2125 3879 2192">
    <p class='ocr_par' dir='ltr' id='par_1_51' title="bbox 2280 2125 3879 2192">
     <span class='ocr_line' id='line_1_51' title="bbox 2280 2125 3879 2192; baseline -0.002 -11"><span class='ocrx_word' id='word_1_330' title='bbox 2280 2128 2426 2182; x_wconf 89' lang='lat' dir='ltr'><strong>intra</strong></span> <span class='ocrx_word' id='word_1_331' title='bbox 2451 2127 2594 2182; x_wconf 90' lang='lat' dir='ltr'><strong>diem</strong></span> <span class='ocrx_word' id='word_1_332' title='bbox 2628 2126 2816 2181; x_wconf 90' lang='lat' dir='ltr'><strong>iduum</strong></span> <span class='ocrx_word' id='word_1_333' title='bbox 2839 2126 3124 2181; x_wconf 83' lang='lat' dir='ltr'><strong>Juniarum</strong></span> <span class='ocrx_word' id='word_1_334' title='bbox 3156 2125 3469 2181; x_wconf 88' lang='lat' dir='ltr'><strong>habendum</strong></span> <span class='ocrx_word' id='word_1_335' title='bbox 3502 2137 3879 2192; x_wconf 88' lang='lat' dir='ltr'><strong>convocarat,</strong></span> 
     </span>
    </p>
   </div>
   <div class='ocr_carea' id='block_1_52' title="bbox 2279 2217 3876 2288">
    <p class='ocr_par' dir='ltr' id='par_1_52' title="bbox 2279 2217 3876 2288">
     <span class='ocr_line' id='line_1_52' title="bbox 2279 2217 3876 2288; baseline -0.003 -14"><span class='ocrx_word' id='word_1_336' title='bbox 2279 2219 2349 2274; x_wconf 91' lang='lat' dir='ltr'><strong>de</strong></span> <span class='ocrx_word' id='word_1_337' title='bbox 2380 2227 2711 2287; x_wconf 80' lang='lat' dir='ltr'><strong>Consumpto</strong></span> <span class='ocrx_word' id='word_1_338' title='bbox 2743 2227 2798 2273; x_wconf 91' lang='lat' dir='ltr'><strong>et</strong></span> <span class='ocrx_word' id='word_1_339' title='bbox 2838 2219 3097 2273; x_wconf 66' lang='lat' dir='ltr'><strong>ahsiiluto</strong></span> <span class='ocrx_word' id='word_1_340' title='bbox 3151 2218 3371 2288; x_wconf 82' lang='lat' dir='ltr'><strong>negotio</strong></span> <span class='ocrx_word' id='word_1_341' title='bbox 3424 2217 3876 2281; x_wconf 88' lang='lat' dir='ltr'><strong>admonerentur,</strong></span> 
     </span>
    </p>
   </div>
   <div class='ocr_carea' id='block_1_53' title="bbox 2281 2311 3879 2383">
    <p class='ocr_par' dir='ltr' id='par_1_53' title="bbox 2281 2311 3879 2383">
     <span class='ocr_line' id='line_1_53' title="bbox 2281 2311 3879 2383; baseline -0.003 -16"><span class='ocrx_word' id='word_1_342' title='bbox 2281 2313 2529 2383; x_wconf 87' lang='lat' dir='ltr'><strong>adeoque</strong></span> <span class='ocrx_word' id='word_1_343' title='bbox 2558 2312 2625 2366; x_wconf 91' lang='lat' dir='ltr'><strong>ab</strong></span> <span class='ocrx_word' id='word_1_344' title='bbox 2650 2311 2866 2366; x_wconf 89' lang='lat' dir='ltr'><strong>itineris</strong></span> <span class='ocrx_word' id='word_1_345' title='bbox 2898 2312 3060 2381; x_wconf 89' lang='lat' dir='ltr'><strong>hujus</strong></span> <span class='ocrx_word' id='word_1_346' title='bbox 3092 2312 3281 2367; x_wconf 90' lang='lat' dir='ltr'><strong>labore</strong></span> <span class='ocrx_word' id='word_1_347' title='bbox 3314 2311 3417 2366; x_wconf 89' lang='lat' dir='ltr'><strong>sibi</strong></span> <span class='ocrx_word' id='word_1_348' title='bbox 3440 2312 3879 2380; x_wconf 88' lang='lat' dir='ltr'><strong>parcerent.Qua</strong></span> 
     </span>
    </p>
   </div>
   <div class='ocr_carea' id='block_1_54' title="bbox 2282 2406 3881 2478">
    <p class='ocr_par' dir='ltr' id='par_1_54' title="bbox 2282 2406 3881 2478">
     <span class='ocr_line' id='line_1_54' title="bbox 2282 2406 3881 2478; baseline -0.001 -15"><span class='ocrx_word' id='word_1_349' title='bbox 2282 2407 2351 2463; x_wconf 91' lang='lat' dir='ltr'><strong>de</strong></span> <span class='ocrx_word' id='word_1_350' title='bbox 2377 2423 2439 2462; x_wconf 89' lang='lat' dir='ltr'><strong>re</strong></span> <span class='ocrx_word' id='word_1_351' title='bbox 2465 2406 2626 2461; x_wconf 86' lang='lat' dir='ltr'><strong>Afros</strong></span> <span class='ocrx_word' id='word_1_352' title='bbox 2650 2408 2937 2477; x_wconf 77' lang='lat' dir='ltr'><strong>diligentia</strong></span> <span class='ocrx_word' id='word_1_353' title='bbox 2960 2408 3225 2478; x_wconf 81' lang='lat' dir='ltr'><strong>singulari</strong></span> <span class='ocrx_word' id='word_1_354' title='bbox 3255 2408 3525 2465; x_wconf 89' lang='lat' dir='ltr'><strong>certiores</strong></span> <span class='ocrx_word' id='word_1_355' title='bbox 3560 2406 3737 2463; x_wconf 88' lang='lat' dir='ltr'><strong>factos</strong></span> <span class='ocrx_word' id='word_1_356' title='bbox 3764 2421 3881 2463; x_wconf 88' lang='lat' dir='ltr'><strong>esse</strong></span> 
     </span>
    </p>
   </div>
   <div class='ocr_carea' id='block_1_55' title="bbox 2282 2499 3881 2572">
    <p class='ocr_par' dir='ltr' id='par_1_55' title="bbox 2282 2499 3881 2572">
     <span class='ocr_line' id='line_1_55' title="bbox 2282 2499 3881 2572; baseline -0.002 -15"><span class='ocrx_word' id='word_1_357' title='bbox 2282 2503 2531 2572; x_wconf 89' lang='lat' dir='ltr'><strong>ipsorum</strong></span> <span class='ocrx_word' id='word_1_358' title='bbox 2582 2501 2647 2555; x_wconf 90' lang='lat' dir='ltr'><strong>ad</strong></span> <span class='ocrx_word' id='word_1_359' title='bbox 2696 2502 3036 2559; x_wconf 84' lang='lat' dir='ltr'><strong>Booifacium</strong></span> <span class='ocrx_word' id='word_1_360' title='bbox 3091 2502 3325 2572; x_wconf 86' lang='lat' dir='ltr'><strong>cpistola</strong></span> <span class='ocrx_word' id='word_1_361' title='bbox 3382 2502 3480 2565; x_wconf 80' lang='grc' dir='ltr'><strong>Η,</strong></span> <span class='ocrx_word' id='word_1_362' title='bbox 3515 2500 3645 2555; x_wconf 76' lang='lat' dir='ltr'><strong>Maii</strong></span> <span class='ocrx_word' id='word_1_363' title='bbox 3674 2502 3738 2557; x_wconf 80' lang='grc'><strong>51</strong></span> <span class='ocrx_word' id='word_1_364' title='bbox 3799 2499 3881 2554; x_wconf 87' lang='lat' dir='ltr'><strong>die</strong></span> 
     </span>
    </p>
   </div>
   <div class='ocr_carea' id='block_1_56' title="bbox 2284 2593 3879 2665">
    <p class='ocr_par' dir='ltr' id='par_1_56' title="bbox 2284 2593 3879 2665">
     <span class='ocr_line' id='line_1_56' title="bbox 2284 2593 3879 2665; baseline -0.002 -16"><span class='ocrx_word' id='word_1_365' title='bbox 2284 2594 2633 2665; x_wconf 90' lang='lat' dir='ltr'><strong>conscripta,</strong></span> <span class='ocrx_word' id='word_1_366' title='bbox 2684 2595 2896 2663; x_wconf 88' lang='lat' dir='ltr'><strong>probat.</strong></span> <span class='ocrx_word' id='word_1_367' title='bbox 2946 2593 3278 2649; x_wconf 76' lang='lat' dir='ltr'><strong>Monimenta</strong></span> <span class='ocrx_word' id='word_1_368' title='bbox 3319 2601 3502 2647; x_wconf 88' lang='lat' dir='ltr'><strong>autem</strong></span> <span class='ocrx_word' id='word_1_369' title='bbox 3546 2595 3767 2655; x_wconf 89' lang='lat' dir='ltr'><strong>omnia,</strong></span> <span class='ocrx_word' id='word_1_370' title='bbox 3820 2607 3879 2647; x_wconf 85' lang='lat' dir='ltr'><strong>ex</strong></span> 
     </span>
    </p>
   </div>
   <div class='ocr_carea' id='block_1_57' title="bbox 2283 2685 3880 2756">
    <p class='ocr_par' dir='ltr' id='par_1_57' title="bbox 2283 2685 3880 2756">
     <span class='ocr_line' id='line_1_57' title="bbox 2283 2685 3880 2756; baseline 0 -17"><span class='ocrx_word' id='word_1_371' title='bbox 2283 2686 2485 2756; x_wconf 91' lang='lat' dir='ltr'><strong>quibus</strong></span> <span class='ocrx_word' id='word_1_372' title='bbox 2521 2686 2636 2739; x_wconf 61' lang='lat' dir='ltr'><strong>hcce</strong></span> <span class='ocrx_word' id='word_1_373' title='bbox 2661 2686 2997 2755; x_wconf 65' lang='lat' dir='ltr'><strong>pra-Iibanda</strong></span> <span class='ocrx_word' id='word_1_374' title='bbox 3028 2686 3320 2752; x_wconf 83' lang='lat' dir='ltr'><strong>duximus,</strong></span> <span class='ocrx_word' id='word_1_375' title='bbox 3350 2686 3562 2756; x_wconf 88' lang='lat' dir='ltr'><strong>integra</strong></span> <span class='ocrx_word' id='word_1_376' title='bbox 3606 2685 3752 2755; x_wconf 88' lang='lat' dir='ltr'><strong>apud</strong></span> <span class='ocrx_word' id='word_1_377' title='bbox 3787 2686 3880 2740; x_wconf 83' lang='lat' dir='ltr'><strong>Ba-</strong></span> 
     </span>
    </p>
   </div>
   <div class='ocr_carea' id='block_1_58' title="bbox 2287 2778 3729 2847">
    <p class='ocr_par' dir='ltr' id='par_1_58' title="bbox 2287 2778 3729 2847">
     <span class='ocr_line' id='line_1_58' title="bbox 2287 2778 3729 2847; baseline 0 -14"><span class='ocrx_word' id='word_1_378' title='bbox 2287 2780 2501 2833; x_wconf 90' lang='lat' dir='ltr'><strong>ronium</strong></span> <span class='ocrx_word' id='word_1_379' title='bbox 2523 2822 2536 2846; x_wconf 89' lang='lat'><strong>,</strong></span> <span class='ocrx_word' id='word_1_380' title='bbox 2572 2778 2638 2833; x_wconf 90' lang='lat' dir='ltr'><strong>ad</strong></span> <span class='ocrx_word' id='word_1_381' title='bbox 2673 2796 2849 2834; x_wconf 86' lang='lat' dir='ltr'><strong>annos</strong></span> <span class='ocrx_word' id='word_1_382' title='bbox 2879 2781 2985 2836; x_wconf 73' lang='grc'><strong>418</strong></span> <span class='ocrx_word' id='word_1_383' title='bbox 3014 2787 3070 2835; x_wconf 88' lang='lat' dir='ltr'><strong>et</strong></span> <span class='ocrx_word' id='word_1_384' title='bbox 3098 2780 3223 2847; x_wconf 70' lang='lat' dir='ltr'><strong>M9,</strong></span> <span class='ocrx_word' id='word_1_385' title='bbox 3250 2782 3547 2835; x_wconf 89' lang='lat' dir='ltr'><strong>consulere</strong></span> <span class='ocrx_word' id='word_1_386' title='bbox 3574 2781 3729 2836; x_wconf 88' lang='lat' dir='ltr'><strong>licet.</strong></span> 
     </span>
    </p>
   </div>
   <div class='ocr_carea' id='block_1_59' title="bbox 2359 2872 3883 2945">
    <p class='ocr_par' dir='ltr' id='par_1_59' title="bbox 2359 2872 3883 2945">
     <span class='ocr_line' id='line_1_59' title="bbox 2359 2872 3883 2945; baseline 0.003 -20"><span class='ocrx_word' id='word_1_387' title='bbox 2359 2873 2411 2925; x_wconf 89' lang='lat'><strong>7.</strong></span> <span class='ocrx_word' id='word_1_388' title='bbox 2456 2872 2800 2938; x_wconf 85' lang='lat' dir='ltr'><strong>Bonifacius,</strong></span> <span class='ocrx_word' id='word_1_389' title='bbox 2835 2883 3125 2944; x_wconf 89' lang='lat' dir='ltr'><strong>postquam</strong></span> <span class='ocrx_word' id='word_1_390' title='bbox 3171 2873 3274 2943; x_wconf 89' lang='lat' dir='ltr'><strong>ipsi</strong></span> <span class='ocrx_word' id='word_1_391' title='bbox 3324 2874 3680 2945; x_wconf 87' lang='lat' dir='ltr'><strong>adjudicatus</strong></span> <span class='ocrx_word' id='word_1_392' title='bbox 3726 2884 3883 2945; x_wconf 88' lang='lat' dir='ltr'><strong>atque</strong></span> 
     </span>
    </p>
   </div>
   <div class='ocr_carea' id='block_1_60' title="bbox 2287 2968 3885 3039">
    <p class='ocr_par' dir='ltr' id='par_1_60' title="bbox 2287 2968 3885 3039">
     <span class='ocr_line' id='line_1_60' title="bbox 2287 2968 3885 3039; baseline 0.001 -17"><span class='ocrx_word' id='word_1_393' title='bbox 2287 2968 2645 3023; x_wconf 87' lang='lat' dir='ltr'><strong>confirmatus</strong></span> <span class='ocrx_word' id='word_1_394' title='bbox 2692 2980 2775 3023; x_wconf 89' lang='lat' dir='ltr'><strong>est</strong></span> <span class='ocrx_word' id='word_1_395' title='bbox 2806 2968 3068 3023; x_wconf 74' lang='lat' dir='ltr'><strong>Romana:</strong></span> <span class='ocrx_word' id='word_1_396' title='bbox 3112 2968 3259 3023; x_wconf 82' lang='lat' dir='ltr'><strong>urbis</strong></span> <span class='ocrx_word' id='word_1_397' title='bbox 3304 2968 3695 3039; x_wconf 83' lang='lat' dir='ltr'><strong>episc0patus,</strong></span> <span class='ocrx_word' id='word_1_398' title='bbox 3725 2970 3885 3039; x_wconf 87' lang='lat' dir='ltr'><strong>pluri-</strong></span> 
     </span>
    </p>
   </div>
   <div class='ocr_carea' id='block_1_61' title="bbox 2290 3060 3885 3133">
    <p class='ocr_par' dir='ltr' id='par_1_61' title="bbox 2290 3060 3885 3133">
     <span class='ocr_line' id='line_1_61' title="bbox 2290 3060 3885 3133; baseline 0.001 -19"><span class='ocrx_word' id='word_1_399' title='bbox 2290 3076 2438 3114; x_wconf 90' lang='lat' dir='ltr'><strong>mum</strong></span> <span class='ocrx_word' id='word_1_400' title='bbox 2466 3061 2531 3114; x_wconf 90' lang='lat' dir='ltr'><strong>ad</strong></span> <span class='ocrx_word' id='word_1_401' title='bbox 2562 3060 2613 3114; x_wconf 91' lang='lat' dir='ltr'><strong>id</strong></span> <span class='ocrx_word' id='word_1_402' title='bbox 2650 3076 2830 3131; x_wconf 71' lang='lat' dir='ltr'><strong>operm</strong></span> <span class='ocrx_word' id='word_1_403' title='bbox 2853 3062 3125 3127; x_wconf 89' lang='lat' dir='ltr'><strong>contulit,</strong></span> <span class='ocrx_word' id='word_1_404' title='bbox 3162 3070 3220 3115; x_wconf 91' lang='lat' dir='ltr'><strong>ut</strong></span> <span class='ocrx_word' id='word_1_405' title='bbox 3251 3064 3307 3115; x_wconf 92' lang='lat' dir='ltr'><strong>in</strong></span> <span class='ocrx_word' id='word_1_406' title='bbox 3342 3061 3546 3133; x_wconf 72' lang='lat' dir='ltr'><strong>Illyrici</strong></span> <span class='ocrx_word' id='word_1_407' title='bbox 3581 3062 3885 3133; x_wconf 81' lang='lat' dir='ltr'><strong>provincias</strong></span> 
     </span>
    </p>
   </div>
   <div class='ocr_carea' id='block_1_62' title="bbox 2285 3153 3882 3225">
    <p class='ocr_par' dir='ltr' id='par_1_62' title="bbox 2285 3153 3882 3225">
     <span class='ocr_line' id='line_1_62' title="bbox 2285 3153 3882 3225; baseline 0.002 -20"><span class='ocrx_word' id='word_1_408' title='bbox 2285 3153 2396 3222; x_wconf 89' lang='lat' dir='ltr'><strong>jus,</strong></span> <span class='ocrx_word' id='word_1_409' title='bbox 2415 3154 2558 3224; x_wconf 87' lang='lat' dir='ltr'><strong>quod</strong></span> <span class='ocrx_word' id='word_1_410' title='bbox 2590 3154 2835 3209; x_wconf 84' lang='lat' dir='ltr'><strong>nonnulli</strong></span> <span class='ocrx_word' id='word_1_411' title='bbox 2865 3154 2931 3209; x_wconf 85' lang='lat' dir='ltr'><strong>ad</strong></span> <span class='ocrx_word' id='word_1_412' title='bbox 2957 3155 3106 3210; x_wconf 90' lang='lat' dir='ltr'><strong>urbis</strong></span> <span class='ocrx_word' id='word_1_413' title='bbox 3132 3156 3556 3225; x_wconf 82' lang='lat' dir='ltr'><strong>Constantinop.</strong></span> <span class='ocrx_word' id='word_1_414' title='bbox 3583 3155 3882 3210; x_wconf 84' lang='lat' dir='ltr'><strong>antistitem</strong></span> 
     </span>
    </p>
   </div>
   <div class='ocr_carea' id='block_1_63' title="bbox 572 3239 3801 3320">
    <p class='ocr_par' dir='ltr' id='par_1_63' title="bbox 572 3239 3801 3320">
     <span class='ocr_line' id='line_1_63' title="bbox 572 3239 3801 3320; baseline -0.003 -10"><span class='ocrx_word' id='word_1_415' title='bbox 572 3257 727 3311; x_wconf 72' lang='lat' dir='ltr'><strong>sima:</strong></span> <span class='ocrx_word' id='word_1_416' title='bbox 773 3256 910 3310; x_wconf 68' lang='lat' dir='ltr'><strong>visa:</strong></span> <span class='ocrx_word' id='word_1_417' title='bbox 952 3262 1099 3307; x_wconf 91' lang='lat' dir='ltr'><strong>sunt.</strong></span> <span class='ocrx_word' id='word_1_418' title='bbox 1131 3251 1403 3320; x_wconf 85' lang='lat' dir='ltr'><strong>Quocirca</strong></span> <span class='ocrx_word' id='word_1_419' title='bbox 1434 3248 1681 3303; x_wconf 83' lang='lat' dir='ltr'><strong>Januarii</strong></span> <span class='ocrx_word' id='word_1_420' title='bbox 1728 3245 1794 3301; x_wconf 80' lang='grc'><strong>15</strong></span> <span class='ocrx_word' id='word_1_421' title='bbox 1822 3246 1911 3299; x_wconf 88' lang='lat' dir='ltr'><strong>die</strong></span> <span class='ocrx_word' id='word_1_422' title='bbox 1944 3245 2181 3312; x_wconf 83' lang='lat' dir='ltr'><strong>rescrip-</strong></span> <span class='ocrx_word' id='word_1_423' title='bbox 2209 3239 2255 3303; x_wconf 92' lang='lat' dir='ltr'>C</span> <span class='ocrx_word' id='word_1_424' title='bbox 2288 3249 2590 3303; x_wconf 89' lang='lat' dir='ltr'><strong>transferre</strong></span> <span class='ocrx_word' id='word_1_425' title='bbox 2622 3248 3013 3315; x_wconf 87' lang='lat' dir='ltr'><strong>moliebantur,</strong></span> <span class='ocrx_word' id='word_1_426' title='bbox 3050 3248 3298 3303; x_wconf 77' lang='lat' dir='ltr'><strong>ecclesia:</strong></span> <span class='ocrx_word' id='word_1_427' title='bbox 3322 3264 3437 3303; x_wconf 68' lang='lat' dir='ltr'><strong>sua:</strong></span> <span class='ocrx_word' id='word_1_428' title='bbox 3467 3248 3801 3303; x_wconf 86' lang='lat' dir='ltr'><strong>vindicaret.</strong></span> 
     </span>
    </p>
   </div>
   <div class='ocr_carea' id='block_1_64' title="bbox 574 3346 2182 3424">
    <p class='ocr_par' dir='ltr' id='par_1_64' title="bbox 574 3346 2182 3424">
     <span class='ocr_line' id='line_1_64' title="bbox 574 3346 2182 3424; baseline -0.009 -10"><span class='ocrx_word' id='word_1_429' title='bbox 574 3370 689 3414; x_wconf 86' lang='lat' dir='ltr'><strong>tum</strong></span> <span class='ocrx_word' id='word_1_430' title='bbox 724 3358 953 3413; x_wconf 84' lang='lat' dir='ltr'><strong>alterum</strong></span> <span class='ocrx_word' id='word_1_431' title='bbox 979 3355 1044 3408; x_wconf 90' lang='lat' dir='ltr'><strong>ad</strong></span> <span class='ocrx_word' id='word_1_432' title='bbox 1086 3352 1477 3424; x_wconf 84' lang='lat' dir='ltr'><strong>Symmachum</strong></span> <span class='ocrx_word' id='word_1_433' title='bbox 1525 3349 1715 3415; x_wconf 76' lang='lat' dir='ltr'><strong>dedit,</strong></span> <span class='ocrx_word' id='word_1_434' title='bbox 1749 3363 1855 3417; x_wconf 84' lang='lat' dir='ltr'><strong>quo</strong></span> <span class='ocrx_word' id='word_1_435' title='bbox 1892 3346 2182 3413; x_wconf 83' lang='lat' dir='ltr'><strong>suspensis</strong></span> 
     </span>
    </p>
   </div>
   <div class='ocr_carea' id='block_1_65' title="bbox 576 3448 2183 3532">
    <p class='ocr_par' dir='ltr' id='par_1_65' title="bbox 576 3448 2183 3532">
     <span class='ocr_line' id='line_1_65' title="bbox 576 3448 2183 3532; baseline -0.01 -14"><span class='ocrx_word' id='word_1_436' title='bbox 576 3462 678 3529; x_wconf 89' lang='lat' dir='ltr'><strong>iis,</strong></span> <span class='ocrx_word' id='word_1_437' title='bbox 708 3479 829 3532; x_wconf 71' lang='lat' dir='ltr'><strong>qua:</strong></span> <span class='ocrx_word' id='word_1_438' title='bbox 856 3462 1009 3531; x_wconf 91' lang='lat' dir='ltr'><strong>prius</strong></span> <span class='ocrx_word' id='word_1_439' title='bbox 1038 3457 1259 3511; x_wconf 86' lang='lat' dir='ltr'><strong>decreta</strong></span> <span class='ocrx_word' id='word_1_440' title='bbox 1295 3454 1540 3521; x_wconf 88' lang='lat' dir='ltr'><strong>fuerant,</strong></span> <span class='ocrx_word' id='word_1_441' title='bbox 1578 3452 1909 3506; x_wconf 82' lang='lat' dir='ltr'><strong>Bonitacium</strong></span> <span class='ocrx_word' id='word_1_442' title='bbox 1934 3460 1991 3504; x_wconf 89' lang='lat' dir='ltr'><strong>et</strong></span> <span class='ocrx_word' id='word_1_443' title='bbox 2025 3448 2183 3502; x_wconf 85' lang='lat' dir='ltr'><strong>Eula-</strong></span> 
     </span>
    </p>
   </div>
   <div class='ocr_carea' id='block_1_66' title="bbox 575 3553 2185 3622">
    <p class='ocr_par' dir='ltr' id='par_1_66' title="bbox 575 3553 2185 3622">
     <span class='ocr_line' id='line_1_66' title="bbox 575 3553 2185 3622; baseline -0.009 0"><span class='ocrx_word' id='word_1_444' title='bbox 575 3567 710 3622; x_wconf 86' lang='lat' dir='ltr'><strong>lium</strong></span> <span class='ocrx_word' id='word_1_445' title='bbox 743 3582 867 3621; x_wconf 83' lang='lat' dir='ltr'><strong>eum</strong></span> <span class='ocrx_word' id='word_1_446' title='bbox 901 3563 1019 3618; x_wconf 80' lang='lat' dir='ltr'><strong>suis</strong></span> <span class='ocrx_word' id='word_1_447' title='bbox 1068 3562 1382 3616; x_wconf 78' lang='lat' dir='ltr'><strong>Ravennam</strong></span> <span class='ocrx_word' id='word_1_448' title='bbox 1412 3560 1557 3613; x_wconf 86' lang='lat' dir='ltr'><strong>intra</strong></span> <span class='ocrx_word' id='word_1_449' title='bbox 1599 3575 1647 3612; x_wconf 84' lang='lat' dir='ltr'><strong>vi</strong></span> <span class='ocrx_word' id='word_1_450' title='bbox 1683 3558 1867 3612; x_wconf 89' lang='lat' dir='ltr'><strong>iduum</strong></span> <span class='ocrx_word' id='word_1_451' title='bbox 1901 3553 2185 3611; x_wconf 85' lang='lat' dir='ltr'><strong>Februarii</strong></span> 
     </span>
    </p>
   </div>
   <div class='ocr_carea' id='block_1_67' title="bbox 577 3659 2187 3738">
    <p class='ocr_par' dir='ltr' id='par_1_67' title="bbox 577 3659 2187 3738">
     <span class='ocr_line' id='line_1_67' title="bbox 577 3659 2187 3738; baseline -0.004 -20"><span class='ocrx_word' id='word_1_452' title='bbox 577 3667 807 3738; x_wconf 81' lang='lat' dir='ltr'><strong>jnbebat</strong></span> <span class='ocrx_word' id='word_1_453' title='bbox 857 3674 1170 3727; x_wconf 86' lang='lat' dir='ltr'><strong>maturare,</strong></span> <span class='ocrx_word' id='word_1_454' title='bbox 1198 3670 1363 3731; x_wconf 91' lang='lat' dir='ltr'><strong>atque</strong></span> <span class='ocrx_word' id='word_1_455' title='bbox 1403 3659 1623 3715; x_wconf 87' lang='lat' dir='ltr'><strong>interim</strong></span> <span class='ocrx_word' id='word_1_456' title='bbox 1668 3666 2074 3728; x_wconf 78' lang='lat' dir='ltr'><strong>competentem</strong></span> <span class='ocrx_word' id='word_1_457' title='bbox 2120 3673 2187 3711; x_wconf 84' lang='lat' dir='ltr'><strong>ex</strong></span> 
     </span>
    </p>
   </div>
   <div class='ocr_carea' id='block_1_68' title="bbox 586 3763 2185 3834">
    <p class='ocr_par' dir='ltr' id='par_1_68' title="bbox 586 3763 2185 3834">
     <span class='ocr_line' id='line_1_68' title="bbox 586 3763 2185 3834; baseline -0.006 -11"><span class='ocrx_word' id='word_1_458' title='bbox 586 3767 818 3823; x_wconf 84' lang='lat' dir='ltr'><strong>diversis</strong></span> <span class='ocrx_word' id='word_1_459' title='bbox 878 3763 1176 3834; x_wconf 86' lang='lat' dir='ltr'><strong>provinciis</strong></span> <span class='ocrx_word' id='word_1_460' title='bbox 1218 3763 1608 3831; x_wconf 76' lang='lat' dir='ltr'><strong>episcoporum</strong></span> <span class='ocrx_word' id='word_1_461' title='bbox 1660 3774 1976 3825; x_wconf 89' lang='lat' dir='ltr'><strong>numerum,</strong></span> <span class='ocrx_word' id='word_1_462' title='bbox 2024 3768 2080 3813; x_wconf 93' lang='lat' dir='ltr'><strong>ut</strong></span> <span class='ocrx_word' id='word_1_463' title='bbox 2123 3773 2185 3813; x_wconf 90' lang='lat' dir='ltr'><strong>ea</strong></span> 
     </span>
    </p>
   </div>
   <div class='ocr_carea' id='block_1_69' title="bbox 585 3858 2186 3936">
    <p class='ocr_par' dir='ltr' id='par_1_69' title="bbox 585 3858 2186 3936">
     <span class='ocr_line' id='line_1_69' title="bbox 585 3858 2186 3936; baseline -0.006 -14"><span class='ocrx_word' id='word_1_464' title='bbox 585 3882 753 3922; x_wconf 85' lang='lat' dir='ltr'><strong>eausa</strong></span> <span class='ocrx_word' id='word_1_465' title='bbox 787 3866 840 3922; x_wconf 93' lang='lat' dir='ltr'><strong>in</strong></span> <span class='ocrx_word' id='word_1_466' title='bbox 872 3862 1087 3936; x_wconf 87' lang='lat' dir='ltr'><strong>synodo</strong></span> <span class='ocrx_word' id='word_1_467' title='bbox 1115 3870 1493 3926; x_wconf 82' lang='lat' dir='ltr'><strong>excuteretur,</strong></span> <span class='ocrx_word' id='word_1_468' title='bbox 1524 3859 1791 3915; x_wconf 75' lang='lat' dir='ltr'><strong>accivisse</strong></span> <span class='ocrx_word' id='word_1_469' title='bbox 1822 3874 1882 3915; x_wconf 91' lang='lat' dir='ltr'><strong>se</strong></span> <span class='ocrx_word' id='word_1_470' title='bbox 1906 3858 2186 3928; x_wconf 86' lang='lat' dir='ltr'><strong>significa-</strong></span> 
     </span>
    </p>
   </div>
   <div class='ocr_carea' id='block_1_70' title="bbox 587 3969 700 4025">
    <p class='ocr_par' dir='ltr' id='par_1_70' title="bbox 587 3969 700 4025">
     <span class='ocr_line' id='line_1_70' title="bbox 587 3969 700 4025; baseline -0.035 0"><span class='ocrx_word' id='word_1_471' title='bbox 587 3969 700 4025; x_wconf 86' lang='lat' dir='ltr'><strong>bat.</strong></span> 
     </span>
    </p>
   </div>
   <div class='ocr_carea' id='block_1_71' title="bbox 659 4068 2191 4138">
    <p class='ocr_par' dir='ltr' id='par_1_71' title="bbox 659 4068 2191 4138">
     <span class='ocr_line' id='line_1_71' title="bbox 659 4068 2191 4138; baseline -0.003 -13"><span class='ocrx_word' id='word_1_472' title='bbox 659 4071 712 4125; x_wconf 80' lang='grc'><strong>5.</strong></span> <span class='ocrx_word' id='word_1_473' title='bbox 758 4070 911 4127; x_wconf 86' lang='lat' dir='ltr'><strong>Tunc</strong></span> <span class='ocrx_word' id='word_1_474' title='bbox 952 4084 1118 4125; x_wconf 90' lang='lat' dir='ltr'><strong>causa</strong></span> <span class='ocrx_word' id='word_1_475' title='bbox 1167 4068 1258 4123; x_wconf 90' lang='lat' dir='ltr'><strong>illa</strong></span> <span class='ocrx_word' id='word_1_476' title='bbox 1310 4068 1583 4138; x_wconf 80' lang='lat' dir='ltr'><strong>frequenti</strong></span> <span class='ocrx_word' id='word_1_477' title='bbox 1630 4068 2022 4137; x_wconf 88' lang='lat' dir='ltr'><strong>episcoporum</strong></span> <span class='ocrx_word' id='word_1_478' title='bbox 2060 4082 2191 4122; x_wconf 89' lang='lat' dir='ltr'><strong>exa-</strong></span> 
     </span>
    </p>
   </div>
   <div class='ocr_carea' id='block_1_72' title="bbox 592 4167 2195 4244">
    <p class='ocr_par' dir='ltr' id='par_1_72' title="bbox 592 4167 2195 4244">
     <span class='ocr_line' id='line_1_72' title="bbox 592 4167 2195 4244; baseline -0.005 -15"><span class='ocrx_word' id='word_1_479' title='bbox 592 4175 743 4229; x_wconf 71' lang='lat' dir='ltr'><strong>mine</strong></span> <span class='ocrx_word' id='word_1_480' title='bbox 786 4171 1024 4244; x_wconf 80' lang='lat' dir='ltr'><strong>cognita.</strong></span> <span class='ocrx_word' id='word_1_481' title='bbox 1053 4169 1158 4225; x_wconf 89' lang='lat' dir='ltr'><strong>Sed</strong></span> <span class='ocrx_word' id='word_1_482' title='bbox 1189 4186 1311 4225; x_wconf 92' lang='lat' dir='ltr'><strong>cum</strong></span> <span class='ocrx_word' id='word_1_483' title='bbox 1364 4169 1632 4239; x_wconf 88' lang='lat' dir='ltr'><strong>pertinaci</strong></span> <span class='ocrx_word' id='word_1_484' title='bbox 1677 4168 1915 4238; x_wconf 87' lang='lat' dir='ltr'><strong>partium</strong></span> <span class='ocrx_word' id='word_1_485' title='bbox 1962 4167 2195 4222; x_wconf 87' lang='lat' dir='ltr'><strong>alterca-</strong></span> 
     </span>
    </p>
   </div>
   <div class='ocr_carea' id='block_1_73' title="bbox 591 4270 2193 4342">
    <p class='ocr_par' dir='ltr' id='par_1_73' title="bbox 591 4270 2193 4342">
     <span class='ocr_line' id='line_1_73' title="bbox 591 4270 2193 4342; baseline -0.004 -12"><span class='ocrx_word' id='word_1_486' title='bbox 591 4277 746 4330; x_wconf 85' lang='lat' dir='ltr'><strong>tinne</strong></span> <span class='ocrx_word' id='word_1_487' title='bbox 775 4274 917 4329; x_wconf 88' lang='lat' dir='ltr'><strong>finiri</strong></span> <span class='ocrx_word' id='word_1_488' title='bbox 966 4288 1073 4327; x_wconf 89' lang='lat' dir='ltr'><strong>non</strong></span> <span class='ocrx_word' id='word_1_489' title='bbox 1108 4274 1410 4341; x_wconf 88' lang='lat' dir='ltr'><strong>potuisset,</strong></span> <span class='ocrx_word' id='word_1_490' title='bbox 1444 4280 1609 4341; x_wconf 91' lang='lat' dir='ltr'><strong>atque</strong></span> <span class='ocrx_word' id='word_1_491' title='bbox 1648 4270 1751 4341; x_wconf 85' lang='lat' dir='ltr'><strong>ipsi</strong></span> <span class='ocrx_word' id='word_1_492' title='bbox 1801 4270 2078 4341; x_wconf 83' lang='lat' dir='ltr'><strong>episcOpi,</strong></span> <span class='ocrx_word' id='word_1_493' title='bbox 2105 4270 2193 4342; x_wconf 92' lang='lat' dir='ltr'><strong>qui</strong></span> 
     </span>
    </p>
   </div>
   <div class='ocr_carea' id='block_1_74' title="bbox 590 4372 2196 4444">
    <p class='ocr_par' dir='ltr' id='par_1_74' title="bbox 590 4372 2196 4444">
     <span class='ocr_line' id='line_1_74' title="bbox 590 4372 2196 4444; baseline -0.005 -9"><span class='ocrx_word' id='word_1_494' title='bbox 590 4386 1001 4442; x_wconf 75' lang='lat' dir='ltr'><strong>convenerant,</strong></span> <span class='ocrx_word' id='word_1_495' title='bbox 1057 4390 1179 4431; x_wconf 89' lang='lat' dir='ltr'><strong>sese</strong></span> <span class='ocrx_word' id='word_1_496' title='bbox 1212 4374 1501 4444; x_wconf 90' lang='lat' dir='ltr'><strong>pauciores</strong></span> <span class='ocrx_word' id='word_1_497' title='bbox 1548 4374 1615 4427; x_wconf 91' lang='lat' dir='ltr'><strong>ad</strong></span> <span class='ocrx_word' id='word_1_498' title='bbox 1664 4374 1993 4428; x_wconf 83' lang='lat' dir='ltr'><strong>sententiam</strong></span> <span class='ocrx_word' id='word_1_499' title='bbox 2036 4372 2106 4428; x_wconf 92' lang='lat' dir='ltr'><strong>de</strong></span> <span class='ocrx_word' id='word_1_500' title='bbox 2136 4388 2196 4427; x_wconf 89' lang='lat' dir='ltr'><strong>re</strong></span> 
     </span>
    </p>
   </div>
   <div class='ocr_carea' id='block_1_75' title="bbox 590 4473 2195 4537">
    <p class='ocr_par' dir='ltr' id='par_1_75' title="bbox 590 4473 2195 4537">
     <span class='ocr_line' id='line_1_75' title="bbox 590 4473 2195 4537; baseline -0.005 -2"><span class='ocrx_word' id='word_1_501' title='bbox 590 4479 728 4535; x_wconf 87' lang='lat' dir='ltr'><strong>tanti</strong></span> <span class='ocrx_word' id='word_1_502' title='bbox 778 4476 1039 4532; x_wconf 88' lang='lat' dir='ltr'><strong>momenti</strong></span> <span class='ocrx_word' id='word_1_503' title='bbox 1080 4474 1365 4530; x_wconf 86' lang='lat' dir='ltr'><strong>ferendam</strong></span> <span class='ocrx_word' id='word_1_504' title='bbox 1424 4473 2195 4537; x_wconf 82' lang='lat' dir='ltr'><strong>existimarent,instantibus</strong></span> 
     </span>
    </p>
   </div>
   <div class='ocr_carea' id='block_1_76' title="bbox 590 4573 2196 4650">
    <p class='ocr_par' dir='ltr' id='par_1_76' title="bbox 590 4573 2196 4650">
     <span class='ocr_line' id='line_1_76' title="bbox 590 4573 2196 4650; baseline -0.003 -17"><span class='ocrx_word' id='word_1_505' title='bbox 590 4590 859 4650; x_wconf 69' lang='lat' dir='ltr'><strong>prmterea</strong></span> <span class='ocrx_word' id='word_1_506' title='bbox 888 4575 1112 4630; x_wconf 66' lang='lat' dir='ltr'><strong>Pascha:</strong></span> <span class='ocrx_word' id='word_1_507' title='bbox 1145 4575 1371 4639; x_wconf 87' lang='lat' dir='ltr'><strong>diebus,</strong></span> <span class='ocrx_word' id='word_1_508' title='bbox 1400 4575 1491 4644; x_wconf 92' lang='lat' dir='ltr'><strong>qui</strong></span> <span class='ocrx_word' id='word_1_509' title='bbox 1525 4573 1818 4643; x_wconf 74' lang='lat' dir='ltr'><strong>prccsulum</strong></span> <span class='ocrx_word' id='word_1_510' title='bbox 1850 4574 1901 4627; x_wconf 93' lang='lat' dir='ltr'><strong>in</strong></span> <span class='ocrx_word' id='word_1_511' title='bbox 1946 4573 2196 4629; x_wconf 89' lang='lat' dir='ltr'><strong>ecclesiis</strong></span> 
     </span>
    </p>
   </div>
   <div class='ocr_carea' id='block_1_77' title="bbox 594 4676 2192 4751">
    <p class='ocr_par' dir='ltr' id='par_1_77' title="bbox 594 4676 2192 4751">
     <span class='ocr_line' id='line_1_77' title="bbox 594 4676 2192 4751; baseline -0.003 -15"><span class='ocrx_word' id='word_1_512' title='bbox 594 4683 712 4736; x_wconf 86' lang='lat' dir='ltr'><strong>suis</strong></span> <span class='ocrx_word' id='word_1_513' title='bbox 744 4681 1090 4751; x_wconf 64' lang='lat' dir='ltr'><strong>pra-sentiam</strong></span> <span class='ocrx_word' id='word_1_514' title='bbox 1121 4676 1543 4741; x_wconf 67' lang='lat' dir='ltr'><strong>desiderabant,</strong></span> <span class='ocrx_word' id='word_1_515' title='bbox 1581 4686 1750 4730; x_wconf 89' lang='lat' dir='ltr'><strong>totum</strong></span> <span class='ocrx_word' id='word_1_516' title='bbox 1785 4676 1884 4732; x_wconf 91' lang='lat' dir='ltr'><strong>hoc</strong></span> <span class='ocrx_word' id='word_1_517' title='bbox 1915 4678 2192 4747; x_wconf 83' lang='lat' dir='ltr'><strong>uegOtium</strong></span> 
     </span>
    </p>
   </div>
   <div class='ocr_carea' id='block_1_78' title="bbox 594 4778 2196 4857">
    <p class='ocr_par' dir='ltr' id='par_1_78' title="bbox 594 4778 2196 4857">
     <span class='ocr_line' id='line_1_78' title="bbox 594 4778 2196 4857; baseline -0.004 -16"><span class='ocrx_word' id='word_1_518' title='bbox 594 4797 719 4857; x_wconf 87' lang='lat' dir='ltr'><strong>post</strong></span> <span class='ocrx_word' id='word_1_519' title='bbox 742 4783 1147 4842; x_wconf 88' lang='lat' dir='ltr'><strong>solemnitatem</strong></span> <span class='ocrx_word' id='word_1_520' title='bbox 1180 4781 1326 4835; x_wconf 89' lang='lat' dir='ltr'><strong>illam</strong></span> <span class='ocrx_word' id='word_1_521' title='bbox 1356 4778 1716 4835; x_wconf 85' lang='lat' dir='ltr'><strong>differendum</strong></span> <span class='ocrx_word' id='word_1_522' title='bbox 1742 4795 1863 4835; x_wconf 85' lang='lat' dir='ltr'><strong>esse</strong></span> <span class='ocrx_word' id='word_1_523' title='bbox 1896 4780 2015 4849; x_wconf 92' lang='lat' dir='ltr'><strong>pius</strong></span> <span class='ocrx_word' id='word_1_524' title='bbox 2045 4780 2196 4849; x_wconf 87' lang='lat' dir='ltr'><strong>prin-</strong></span> 
     </span>
    </p>
   </div>
   <div class='ocr_carea' id='block_1_79' title="bbox 596 4879 2201 4953">
    <p class='ocr_par' dir='ltr' id='par_1_79' title="bbox 596 4879 2201 4953">
     <span class='ocr_line' id='line_1_79' title="bbox 596 4879 2201 4953; baseline -0.004 -12"><span class='ocrx_word' id='word_1_525' title='bbox 596 4901 728 4953; x_wconf 88' lang='lat' dir='ltr'><strong>ceps</strong></span> <span class='ocrx_word' id='word_1_526' title='bbox 750 4884 994 4939; x_wconf 85' lang='lat' dir='ltr'><strong>censuit.</strong></span> <span class='ocrx_word' id='word_1_527' title='bbox 1018 4881 1233 4935; x_wconf 82' lang='lat' dir='ltr'><strong>Interea</strong></span> <span class='ocrx_word' id='word_1_528' title='bbox 1260 4879 1541 4934; x_wconf 86' lang='lat' dir='ltr'><strong>decretum</strong></span> <span class='ocrx_word' id='word_1_529' title='bbox 1567 4890 1649 4935; x_wconf 89' lang='lat' dir='ltr'><strong>est</strong></span> <span class='ocrx_word' id='word_1_530' title='bbox 1668 4921 1683 4946; x_wconf 98' lang='lat'><strong>,</strong></span> <span class='ocrx_word' id='word_1_531' title='bbox 1709 4891 1766 4933; x_wconf 93' lang='lat' dir='ltr'><strong>ut</strong></span> <span class='ocrx_word' id='word_1_532' title='bbox 1788 4880 2066 4935; x_wconf 86' lang='lat' dir='ltr'><strong>Achilleus</strong></span> <span class='ocrx_word' id='word_1_533' title='bbox 2091 4881 2201 4935; x_wconf 82' lang='lat' dir='ltr'><strong>Ro-</strong></span> 
     </span>
    </p>
   </div>
   <div class='ocr_carea' id='block_1_80' title="bbox 597 4981 2198 5049">
    <p class='ocr_par' dir='ltr' id='par_1_80' title="bbox 597 4981 2198 5049">
     <span class='ocr_line' id='line_1_80' title="bbox 597 4981 2198 5049; baseline -0.002 -6"><span class='ocrx_word' id='word_1_534' title='bbox 597 5002 743 5043; x_wconf 87' lang='lat' dir='ltr'><strong>mam</strong></span> <span class='ocrx_word' id='word_1_535' title='bbox 767 5029 779 5049; x_wconf 81' lang='grc'>,</span> <span class='ocrx_word' id='word_1_536' title='bbox 814 4983 1100 5039; x_wconf 78' lang='lat' dir='ltr'><strong>Paschalia</strong></span> <span class='ocrx_word' id='word_1_537' title='bbox 1132 4982 1206 5037; x_wconf 92' lang='lat' dir='ltr'><strong>ibi</strong></span> <span class='ocrx_word' id='word_1_538' title='bbox 1236 4982 1502 5036; x_wconf 90' lang='lat' dir='ltr'><strong>solemnia</strong></span> <span class='ocrx_word' id='word_1_539' title='bbox 1533 4981 1909 5037; x_wconf 86' lang='lat' dir='ltr'><strong>celebraturus</strong></span> <span class='ocrx_word' id='word_1_540' title='bbox 1929 5024 1943 5049; x_wconf 93' lang='lat'><strong>,</strong></span> <span class='ocrx_word' id='word_1_541' title='bbox 1976 4998 2035 5039; x_wconf 89' lang='lat' dir='ltr'><strong>se</strong></span> <span class='ocrx_word' id='word_1_542' title='bbox 2065 4998 2198 5039; x_wconf 87' lang='lat' dir='ltr'><strong>con-</strong></span> 
     </span>
    </p>
   </div>
   <div class='ocr_carea' id='block_1_81' title="bbox 594 5081 2195 5153">
    <p class='ocr_par' dir='ltr' id='par_1_81' title="bbox 594 5081 2195 5153">
     <span class='ocr_line' id='line_1_81' title="bbox 594 5081 2195 5153; baseline 0 -12"><span class='ocrx_word' id='word_1_543' title='bbox 594 5087 797 5148; x_wconf 90' lang='lat' dir='ltr'><strong>ferret;</strong></span> <span class='ocrx_word' id='word_1_544' title='bbox 832 5100 930 5139; x_wconf 89' lang='lat' dir='ltr'><strong>nec</strong></span> <span class='ocrx_word' id='word_1_545' title='bbox 957 5100 1023 5138; x_wconf 90' lang='lat' dir='ltr'><strong>eo</strong></span> <span class='ocrx_word' id='word_1_546' title='bbox 1049 5081 1367 5137; x_wconf 80' lang='lat' dir='ltr'><strong>Bonifacius</strong></span> <span class='ocrx_word' id='word_1_547' title='bbox 1404 5093 1496 5136; x_wconf 92' lang='lat' dir='ltr'><strong>aut</strong></span> <span class='ocrx_word' id='word_1_548' title='bbox 1535 5084 1781 5139; x_wconf 86' lang='lat' dir='ltr'><strong>Eulalius</strong></span> <span class='ocrx_word' id='word_1_549' title='bbox 1826 5086 2195 5153; x_wconf 83' lang='lat' dir='ltr'><strong>accederent;</strong></span> 
     </span>
    </p>
   </div>
   <div class='ocr_carea' id='block_1_82' title="bbox 599 5186 2200 5258">
    <p class='ocr_par' dir='ltr' id='par_1_82' title="bbox 599 5186 2200 5258">
     <span class='ocr_line' id='line_1_82' title="bbox 599 5186 2200 5258; baseline -0.001 -13"><span class='ocrx_word' id='word_1_550' title='bbox 599 5189 1071 5258; x_wconf 84' lang='lat' dir='ltr'><strong>nominatimque,</strong></span> <span class='ocrx_word' id='word_1_551' title='bbox 1124 5198 1178 5241; x_wconf 90' lang='lat' dir='ltr'><strong>ut</strong></span> <span class='ocrx_word' id='word_1_552' title='bbox 1232 5186 1475 5257; x_wconf 89' lang='lat' dir='ltr'><strong>loquitur</strong></span> <span class='ocrx_word' id='word_1_553' title='bbox 1508 5186 1819 5257; x_wconf 83' lang='lat' dir='ltr'><strong>Honorius,</strong></span> <span class='ocrx_word' id='word_1_554' title='bbox 1871 5191 2200 5245; x_wconf 84' lang='lat' dir='ltr'><strong>ordinatione</strong></span> 
     </span>
    </p>
   </div>
   <div class='ocr_carea' id='block_1_83' title="bbox 600 5290 2201 5362">
    <p class='ocr_par' dir='ltr' id='par_1_83' title="bbox 600 5290 2201 5362">
     <span class='ocr_line' id='line_1_83' title="bbox 600 5290 2201 5362; baseline -0.001 -17"><span class='ocrx_word' id='word_1_555' title='bbox 600 5301 797 5357; x_wconf 84' lang='lat' dir='ltr'><strong>nostra,</strong></span> <span class='ocrx_word' id='word_1_556' title='bbox 822 5300 868 5344; x_wconf 85' lang='lat' dir='ltr'><strong>et</strong></span> <span class='ocrx_word' id='word_1_557' title='bbox 908 5290 1164 5343; x_wconf 84' lang='lat' dir='ltr'><strong>sententia</strong></span> <span class='ocrx_word' id='word_1_558' title='bbox 1213 5290 1595 5359; x_wconf 86' lang='lat' dir='ltr'><strong>episcoporum,</strong></span> <span class='ocrx_word' id='word_1_559' title='bbox 1645 5308 1861 5361; x_wconf 88' lang='lat' dir='ltr'><strong>quorum</strong></span> <span class='ocrx_word' id='word_1_560' title='bbox 1898 5297 1949 5345; x_wconf 79' lang='lat' dir='ltr'><strong>in</strong></span> <span class='ocrx_word' id='word_1_561' title='bbox 2000 5292 2201 5362; x_wconf 85' lang='lat' dir='ltr'><strong>synodo</strong></span> 
     </span>
    </p>
   </div>
   <div class='ocr_carea' id='block_1_84' title="bbox 600 5392 2201 5470">
    <p class='ocr_par' dir='ltr' id='par_1_84' title="bbox 600 5392 2201 5470">
     <span class='ocr_line' id='line_1_84' title="bbox 600 5392 2201 5470; baseline -0.001 -20"><span class='ocrx_word' id='word_1_562' title='bbox 600 5401 772 5470; x_wconf 84' lang='lat' dir='ltr'><strong>major</strong></span> <span class='ocrx_word' id='word_1_563' title='bbox 794 5412 847 5449; x_wconf 89' lang='lat' dir='ltr'><strong>se</strong></span> <span class='ocrx_word' id='word_1_564' title='bbox 868 5394 1141 5448; x_wconf 87' lang='lat' dir='ltr'><strong>multitudo</strong></span> <span class='ocrx_word' id='word_1_565' title='bbox 1167 5392 1472 5464; x_wconf 87' lang='lat' dir='ltr'><strong>collegerat,</strong></span> <span class='ocrx_word' id='word_1_566' title='bbox 1505 5411 1757 5448; x_wconf 88' lang='lat' dir='ltr'><strong>consensu</strong></span> <span class='ocrx_word' id='word_1_567' title='bbox 1795 5396 1951 5449; x_wconf 88' lang='lat' dir='ltr'><strong>etiam</strong></span> <span class='ocrx_word' id='word_1_568' title='bbox 1974 5396 2201 5467; x_wconf 85' lang='lat' dir='ltr'><strong>partium</strong></span> 
     </span>
    </p>
   </div>
   <div class='ocr_carea' id='block_1_85' title="bbox 594 5495 2204 5573">
    <p class='ocr_par' dir='ltr' id='par_1_85' title="bbox 594 5495 2204 5573">
     <span class='ocr_line' id='line_1_85' title="bbox 594 5495 2204 5573; baseline -0.001 -20"><span class='ocrx_word' id='word_1_569' title='bbox 594 5508 643 5559; x_wconf 87' lang='lat' dir='ltr'><strong>et</strong></span> <span class='ocrx_word' id='word_1_570' title='bbox 672 5497 1014 5571; x_wconf 74' lang='lat' dir='ltr'><strong>professione,</strong></span> <span class='ocrx_word' id='word_1_571' title='bbox 1038 5496 1093 5549; x_wconf 84' lang='lat' dir='ltr'><strong>id</strong></span> <span class='ocrx_word' id='word_1_572' title='bbox 1112 5496 1224 5564; x_wconf 75' lang='lat' dir='ltr'><strong>ﬁeri</strong></span> <span class='ocrx_word' id='word_1_573' title='bbox 1252 5495 1526 5564; x_wconf 80' lang='lat' dir='ltr'><strong>deﬁnitum</strong></span> <span class='ocrx_word' id='word_1_574' title='bbox 1549 5506 1641 5561; x_wconf 86' lang='lat' dir='ltr'><strong>est,</strong></span> <span class='ocrx_word' id='word_1_575' title='bbox 1676 5505 1729 5547; x_wconf 88' lang='lat' dir='ltr'><strong>ut</strong></span> <span class='ocrx_word' id='word_1_576' title='bbox 1750 5498 1903 5552; x_wconf 86' lang='lat' dir='ltr'><strong>sciret</strong></span> <span class='ocrx_word' id='word_1_577' title='bbox 1927 5513 1982 5551; x_wconf 89' lang='lat' dir='ltr'><strong>se</strong></span> <span class='ocrx_word' id='word_1_578' title='bbox 2002 5500 2204 5573; x_wconf 57' lang='lat' dir='ltr'><strong>specia-</strong></span> 
     </span>
    </p>
   </div>
   <div class='ocr_carea' id='block_1_86' title="bbox 2356 3341 3882 3413">
    <p class='ocr_par' dir='ltr' id='par_1_86' title="bbox 2356 3341 3882 3413">
     <span class='ocr_line' id='line_1_86' title="bbox 2356 3341 3882 3413; baseline -0.001 -16"><span class='ocrx_word' id='word_1_579' title='bbox 2356 3342 2409 3397; x_wconf 91' lang='lat'><strong>8.</strong></span> <span class='ocrx_word' id='word_1_580' title='bbox 2454 3344 2613 3396; x_wconf 80' lang='lat' dir='ltr'><strong>Anno</strong></span> <span class='ocrx_word' id='word_1_581' title='bbox 2640 3343 2766 3406; x_wconf 63' lang='lat'><strong>4&#39;22,</strong></span> <span class='ocrx_word' id='word_1_582' title='bbox 2794 3354 2848 3397; x_wconf 89' lang='lat' dir='ltr'><strong>et</strong></span> <span class='ocrx_word' id='word_1_583' title='bbox 2893 3343 3149 3413; x_wconf 89' lang='lat' dir='ltr'><strong>quidem,</strong></span> <span class='ocrx_word' id='word_1_584' title='bbox 3174 3352 3235 3397; x_wconf 91' lang='lat' dir='ltr'><strong>ut</strong></span> <span class='ocrx_word' id='word_1_585' title='bbox 3266 3341 3455 3396; x_wconf 87' lang='lat' dir='ltr'><strong>ferunt</strong></span> <span class='ocrx_word' id='word_1_586' title='bbox 3502 3344 3729 3412; x_wconf 90' lang='lat' dir='ltr'><strong>antiqua</strong></span> <span class='ocrx_word' id='word_1_587' title='bbox 3765 3342 3882 3397; x_wconf 81' lang='lat' dir='ltr'><strong>llic-</strong></span> 
     </span>
    </p>
   </div>
   <div class='ocr_carea' id='block_1_87' title="bbox 2286 3435 3887 3507">
    <p class='ocr_par' dir='ltr' id='par_1_87' title="bbox 2286 3435 3887 3507">
     <span class='ocr_line' id='line_1_87' title="bbox 2286 3435 3887 3507; baseline 0.001 -18"><span class='ocrx_word' id='word_1_588' title='bbox 2286 3436 2500 3507; x_wconf 86' lang='lat' dir='ltr'><strong>ronymi</strong></span> <span class='ocrx_word' id='word_1_589' title='bbox 2528 3436 2945 3507; x_wconf 83' lang='lat' dir='ltr'><strong>martyrologia,</strong></span> <span class='ocrx_word' id='word_1_590' title='bbox 2965 3437 3017 3489; x_wconf 93' lang='lat' dir='ltr'><strong>in</strong></span> <span class='ocrx_word' id='word_1_591' title='bbox 3041 3437 3239 3506; x_wconf 87' lang='lat' dir='ltr'><strong>quibus</strong></span> <span class='ocrx_word' id='word_1_592' title='bbox 3268 3435 3456 3490; x_wconf 87' lang='lat' dir='ltr'><strong>nulltts</strong></span> <span class='ocrx_word' id='word_1_593' title='bbox 3478 3435 3743 3506; x_wconf 81' lang='lat' dir='ltr'><strong>deinceps</strong></span> <span class='ocrx_word' id='word_1_594' title='bbox 3770 3450 3887 3490; x_wconf 87' lang='lat' dir='ltr'><strong>suc-</strong></span> 
     </span>
    </p>
   </div>
   <div class='ocr_carea' id='block_1_88' title="bbox 2288 3529 3884 3600">
    <p class='ocr_par' dir='ltr' id='par_1_88' title="bbox 2288 3529 3884 3600">
     <span class='ocr_line' id='line_1_88' title="bbox 2288 3529 3884 3600; baseline -0.001 -16"><span class='ocrx_word' id='word_1_595' title='bbox 2288 3544 2571 3584; x_wconf 85' lang='lat' dir='ltr'><strong>cessorum</strong></span> <span class='ocrx_word' id='word_1_596' title='bbox 2603 3530 2871 3583; x_wconf 85' lang='lat' dir='ltr'><strong>Bonifacii</strong></span> <span class='ocrx_word' id='word_1_597' title='bbox 2898 3541 3144 3597; x_wconf 89' lang='lat' dir='ltr'><strong>notatur,</strong></span> <span class='ocrx_word' id='word_1_598' title='bbox 3170 3529 3203 3583; x_wconf 75' lang='grc'>4</span> <span class='ocrx_word' id='word_1_599' title='bbox 3235 3530 3581 3600; x_wconf 89' lang='lat' dir='ltr'><strong>Septembris</strong></span> <span class='ocrx_word' id='word_1_600' title='bbox 3606 3530 3697 3587; x_wconf 85' lang='lat' dir='ltr'><strong>die</strong></span> <span class='ocrx_word' id='word_1_601' title='bbox 3739 3531 3884 3584; x_wconf 88' lang='lat' dir='ltr'><strong>obiit.</strong></span> 
     </span>
    </p>
   </div>
   <div class='ocr_carea' id='block_1_89' title="bbox 2290 3622 3889 3694">
    <p class='ocr_par' dir='ltr' id='par_1_89' title="bbox 2290 3622 3889 3694">
     <span class='ocr_line' id='line_1_89' title="bbox 2290 3622 3889 3694; baseline 0 -18"><span class='ocrx_word' id='word_1_602' title='bbox 2290 3622 2423 3676; x_wconf 90' lang='lat' dir='ltr'><strong>Cum</strong></span> <span class='ocrx_word' id='word_1_603' title='bbox 2469 3622 2574 3677; x_wconf 91' lang='lat' dir='ltr'><strong>hoc</strong></span> <span class='ocrx_word' id='word_1_604' title='bbox 2604 3622 2696 3676; x_wconf 87' lang='lat' dir='ltr'><strong>die</strong></span> <span class='ocrx_word' id='word_1_605' title='bbox 2738 3626 2987 3692; x_wconf 87' lang='lat' dir='ltr'><strong>apprime</strong></span> <span class='ocrx_word' id='word_1_606' title='bbox 3035 3624 3392 3678; x_wconf 87' lang='lat' dir='ltr'><strong>consentiunt</strong></span> <span class='ocrx_word' id='word_1_607' title='bbox 3436 3624 3625 3694; x_wconf 90' lang='lat' dir='ltr'><strong>plures</strong></span> <span class='ocrx_word' id='word_1_608' title='bbox 3677 3634 3889 3678; x_wconf 85' lang='lat' dir='ltr'><strong>veteres</strong></span> 
     </span>
    </p>
   </div>
   <div class='ocr_carea' id='block_1_90' title="bbox 2292 3714 3887 3787">
    <p class='ocr_par' dir='ltr' id='par_1_90' title="bbox 2292 3714 3887 3787">
     <span class='ocr_line' id='line_1_90' title="bbox 2292 3714 3887 3787; baseline 0.001 -19"><span class='ocrx_word' id='word_1_609' title='bbox 2292 3714 2666 3769; x_wconf 80' lang='lat' dir='ltr'><strong>Romanorum</strong></span> <span class='ocrx_word' id='word_1_610' title='bbox 2692 3717 3075 3785; x_wconf 87' lang='lat' dir='ltr'><strong>episc0porum</strong></span> <span class='ocrx_word' id='word_1_611' title='bbox 3100 3717 3328 3786; x_wconf 79' lang='lat' dir='ltr'><strong>catalogi</strong></span> <span class='ocrx_word' id='word_1_612' title='bbox 3347 3758 3362 3783; x_wconf 94' lang='lat'><strong>,</strong></span> <span class='ocrx_word' id='word_1_613' title='bbox 3394 3718 3485 3787; x_wconf 91' lang='lat' dir='ltr'><strong>qui</strong></span> <span class='ocrx_word' id='word_1_614' title='bbox 3514 3716 3887 3785; x_wconf 85' lang='lat' dir='ltr'><strong>pontificatum</strong></span> 
     </span>
    </p>
   </div>
   <div class='ocr_carea' id='block_1_91' title="bbox 2294 3808 3887 3875">
    <p class='ocr_par' dir='ltr' id='par_1_91' title="bbox 2294 3808 3887 3875">
     <span class='ocr_line' id='line_1_91' title="bbox 2294 3808 3887 3875; baseline -0.001 -11"><span class='ocrx_word' id='word_1_615' title='bbox 2294 3809 2441 3864; x_wconf 90' lang='lat' dir='ltr'><strong>illius</strong></span> <span class='ocrx_word' id='word_1_616' title='bbox 2470 3810 2641 3864; x_wconf 86' lang='lat' dir='ltr'><strong>tribus</strong></span> <span class='ocrx_word' id='word_1_617' title='bbox 2665 3810 2845 3875; x_wconf 89' lang='lat' dir='ltr'><strong>annis,</strong></span> <span class='ocrx_word' id='word_1_618' title='bbox 2881 3808 3162 3865; x_wconf 89' lang='lat' dir='ltr'><strong>mensibus</strong></span> <span class='ocrx_word' id='word_1_619' title='bbox 3192 3820 3318 3864; x_wconf 83' lang='lat' dir='ltr'><strong>oeto</strong></span> <span class='ocrx_word' id='word_1_620' title='bbox 3348 3824 3413 3864; x_wconf 91' lang='lat' dir='ltr'><strong>ac</strong></span> <span class='ocrx_word' id='word_1_621' title='bbox 3441 3810 3641 3864; x_wconf 90' lang='lat' dir='ltr'><strong>diebus</strong></span> <span class='ocrx_word' id='word_1_622' title='bbox 3672 3826 3769 3865; x_wconf 86' lang='lat' dir='ltr'><strong>sex</strong></span> <span class='ocrx_word' id='word_1_623' title='bbox 3795 3819 3887 3863; x_wconf 90' lang='lat' dir='ltr'><strong>aut</strong></span> 
     </span>
    </p>
   </div>
   <div class='ocr_carea' id='block_1_92' title="bbox 2294 3900 3887 3972">
    <p class='ocr_par' dir='ltr' id='par_1_92' title="bbox 2294 3900 3887 3972">
     <span class='ocr_line' id='line_1_92' title="bbox 2294 3900 3887 3972; baseline -0.001 -15"><span class='ocrx_word' id='word_1_624' title='bbox 2294 3912 2502 3972; x_wconf 90' lang='lat' dir='ltr'><strong>septem</strong></span> <span class='ocrx_word' id='word_1_625' title='bbox 2533 3902 2825 3957; x_wconf 83' lang='lat' dir='ltr'><strong>definiunt.</strong></span> <span class='ocrx_word' id='word_1_626' title='bbox 2852 3902 2985 3957; x_wconf 91' lang='lat' dir='ltr'><strong>Nam</strong></span> <span class='ocrx_word' id='word_1_627' title='bbox 3016 3918 3043 3956; x_wconf 89' lang='lat' dir='ltr'><strong>a</strong></span> <span class='ocrx_word' id='word_1_628' title='bbox 3072 3903 3143 3959; x_wconf 69' lang='lat'><strong>29</strong></span> <span class='ocrx_word' id='word_1_629' title='bbox 3166 3903 3487 3958; x_wconf 90' lang='lat' dir='ltr'><strong>Decembris</strong></span> <span class='ocrx_word' id='word_1_630' title='bbox 3506 3904 3595 3958; x_wconf 91' lang='lat' dir='ltr'><strong>die</strong></span> <span class='ocrx_word' id='word_1_631' title='bbox 3619 3900 3887 3967; x_wconf 70' lang='lat' dir='ltr'><strong>anniHS,</strong></span> 
     </span>
    </p>
   </div>
   <div class='ocr_carea' id='block_1_93' title="bbox 2297 3992 3887 4065">
    <p class='ocr_par' dir='ltr' id='par_1_93' title="bbox 2297 3992 3887 4065">
     <span class='ocr_line' id='line_1_93' title="bbox 2297 3992 3887 4065; baseline -0.001 -18"><span class='ocrx_word' id='word_1_632' title='bbox 2297 4010 2404 4063; x_wconf 92' lang='lat' dir='ltr'><strong>quo</strong></span> <span class='ocrx_word' id='word_1_633' title='bbox 2439 3993 2777 4048; x_wconf 89' lang='lat' dir='ltr'><strong>Bonifacium</strong></span> <span class='ocrx_word' id='word_1_634' title='bbox 2816 3992 3127 4049; x_wconf 88' lang='lat' dir='ltr'><strong>ordinatum</strong></span> <span class='ocrx_word' id='word_1_635' title='bbox 3158 3993 3433 4059; x_wconf 76' lang='lat' dir='ltr'><strong>diximus,</strong></span> <span class='ocrx_word' id='word_1_636' title='bbox 3462 3992 3528 4048; x_wconf 91' lang='lat' dir='ltr'><strong>ad</strong></span> <span class='ocrx_word' id='word_1_637' title='bbox 3568 3996 3603 4048; x_wconf 74' lang='grc'>4</span> <span class='ocrx_word' id='word_1_638' title='bbox 3644 3993 3887 4065; x_wconf 88' lang='lat' dir='ltr'><strong>Septem-</strong></span> 
     </span>
    </p>
   </div>
   <div class='ocr_carea' id='block_1_94' title="bbox 2298 4086 3892 4155">
    <p class='ocr_par' dir='ltr' id='par_1_94' title="bbox 2298 4086 3892 4155">
     <span class='ocr_line' id='line_1_94' title="bbox 2298 4086 3892 4155; baseline -0.001 -14"><span class='ocrx_word' id='word_1_639' title='bbox 2298 4086 2410 4141; x_wconf 85' lang='lat' dir='ltr'><strong>bris</strong></span> <span class='ocrx_word' id='word_1_640' title='bbox 2434 4087 2689 4142; x_wconf 62' lang='grc' dir='ltr'><strong>δηιιίωὲ</strong></span> <span class='ocrx_word' id='word_1_641' title='bbox 2719 4086 2887 4155; x_wconf 87' lang='lat' dir='ltr'><strong>diem,</strong></span> <span class='ocrx_word' id='word_1_642' title='bbox 2925 4086 3151 4143; x_wconf 88' lang='lat' dir='ltr'><strong>totidem</strong></span> <span class='ocrx_word' id='word_1_643' title='bbox 3191 4088 3319 4141; x_wconf 90' lang='lat' dir='ltr'><strong>anni</strong></span> <span class='ocrx_word' id='word_1_644' title='bbox 3346 4129 3361 4153; x_wconf 96' lang='lat'><strong>,</strong></span> <span class='ocrx_word' id='word_1_645' title='bbox 3409 4102 3627 4143; x_wconf 88' lang='lat' dir='ltr'><strong>menses</strong></span> <span class='ocrx_word' id='word_1_646' title='bbox 3674 4102 3739 4141; x_wconf 90' lang='lat' dir='ltr'><strong>ac</strong></span> <span class='ocrx_word' id='word_1_647' title='bbox 3783 4087 3892 4141; x_wconf 85' lang='lat' dir='ltr'><strong>dies</strong></span> 
     </span>
    </p>
   </div>
   <div class='ocr_carea' id='block_1_95' title="bbox 2298 4181 3895 4254">
    <p class='ocr_par' dir='ltr' id='par_1_95' title="bbox 2298 4181 3895 4254">
     <span class='ocr_line' id='line_1_95' title="bbox 2298 4181 3895 4254; baseline -0.003 -16"><span class='ocrx_word' id='word_1_648' title='bbox 2298 4194 2679 4238; x_wconf 87' lang='lat' dir='ltr'><strong>numerantur.</strong></span> <span class='ocrx_word' id='word_1_649' title='bbox 2714 4182 3003 4238; x_wconf 71' lang='lat' dir='ltr'><strong>Prtedictis</strong></span> <span class='ocrx_word' id='word_1_650' title='bbox 3048 4198 3267 4254; x_wconf 91' lang='lat' dir='ltr'><strong>quoque</strong></span> <span class='ocrx_word' id='word_1_651' title='bbox 3294 4182 3559 4253; x_wconf 84' lang='lat' dir='ltr'><strong>catalogis</strong></span> <span class='ocrx_word' id='word_1_652' title='bbox 3603 4181 3895 4237; x_wconf 90' lang='lat' dir='ltr'><strong>concinunt</strong></span> 
     </span>
    </p>
   </div>
   <div class='ocr_carea' id='block_1_96' title="bbox 2300 4276 3887 4348">
    <p class='ocr_par' dir='ltr' id='par_1_96' title="bbox 2300 4276 3887 4348">
     <span class='ocr_line' id='line_1_96' title="bbox 2300 4276 3887 4348; baseline -0.001 -17"><span class='ocrx_word' id='word_1_653' title='bbox 2300 4276 2479 4332; x_wconf 87' lang='lat' dir='ltr'><strong>Latini</strong></span> <span class='ocrx_word' id='word_1_654' title='bbox 2504 4277 2792 4348; x_wconf 71' lang='lat' dir='ltr'><strong>Graecique</strong></span> <span class='ocrx_word' id='word_1_655' title='bbox 2822 4278 3140 4348; x_wconf 89' lang='lat' dir='ltr'><strong>scriptores,</strong></span> <span class='ocrx_word' id='word_1_656' title='bbox 3171 4278 3216 4333; x_wconf 92' lang='lat' dir='ltr'><strong>si</strong></span> <span class='ocrx_word' id='word_1_657' title='bbox 3240 4276 3607 4348; x_wconf 84' lang='lat' dir='ltr'><strong>Nicephorum</strong></span> <span class='ocrx_word' id='word_1_658' title='bbox 3630 4278 3887 4347; x_wconf 87' lang='lat' dir='ltr'><strong>excipias,</strong></span> 
     </span>
    </p>
   </div>
   <div class='ocr_carea' id='block_1_97' title="bbox 2302 4369 3893 4442">
    <p class='ocr_par' dir='ltr' id='par_1_97' title="bbox 2302 4369 3893 4442">
     <span class='ocr_line' id='line_1_97' title="bbox 2302 4369 3893 4442; baseline 0 -20"><span class='ocrx_word' id='word_1_659' title='bbox 2302 4384 2366 4424; x_wconf 92' lang='lat' dir='ltr'><strong>ac</strong></span> <span class='ocrx_word' id='word_1_660' title='bbox 2390 4370 2684 4424; x_wconf 91' lang='lat' dir='ltr'><strong>nonnullas</strong></span> <span class='ocrx_word' id='word_1_661' title='bbox 2717 4370 2969 4440; x_wconf 82' lang='lat' dir='ltr'><strong>Prosperi</strong></span> <span class='ocrx_word' id='word_1_662' title='bbox 3001 4370 3312 4438; x_wconf 89' lang='lat' dir='ltr'><strong>editiones,</strong></span> <span class='ocrx_word' id='word_1_663' title='bbox 3348 4370 3399 4425; x_wconf 91' lang='lat' dir='ltr'><strong>in</strong></span> <span class='ocrx_word' id='word_1_664' title='bbox 3443 4369 3641 4442; x_wconf 88' lang='lat' dir='ltr'><strong>quibus</strong></span> <span class='ocrx_word' id='word_1_665' title='bbox 3685 4369 3893 4425; x_wconf 81' lang='lat' dir='ltr'><strong>Bonita-</strong></span> 
     </span>
    </p>
   </div>
   <div class='ocr_carea' id='block_1_98' title="bbox 2301 4461 3892 4535">
    <p class='ocr_par' dir='ltr' id='par_1_98' title="bbox 2301 4461 3892 4535">
     <span class='ocr_line' id='line_1_98' title="bbox 2301 4461 3892 4535; baseline -0.002 -16"><span class='ocrx_word' id='word_1_666' title='bbox 2301 4463 2389 4519; x_wconf 88' lang='lat' dir='ltr'><strong>cio</strong></span> <span class='ocrx_word' id='word_1_667' title='bbox 2417 4474 2650 4533; x_wconf 88' lang='lat' dir='ltr'><strong>quatuor</strong></span> <span class='ocrx_word' id='word_1_668' title='bbox 2677 4464 2806 4518; x_wconf 90' lang='lat' dir='ltr'><strong>anui</strong></span> <span class='ocrx_word' id='word_1_669' title='bbox 2847 4465 3189 4520; x_wconf 87' lang='lat' dir='ltr'><strong>tribuuntur.</strong></span> <span class='ocrx_word' id='word_1_670' title='bbox 3218 4466 3562 4535; x_wconf 85' lang='lat' dir='ltr'><strong>Quamquam</strong></span> <span class='ocrx_word' id='word_1_671' title='bbox 3600 4474 3657 4519; x_wconf 85' lang='lat' dir='ltr'><strong>et</strong></span> <span class='ocrx_word' id='word_1_672' title='bbox 3696 4464 3827 4528; x_wconf 87' lang='lat' dir='ltr'><strong>hoc,</strong></span> <span class='ocrx_word' id='word_1_673' title='bbox 3851 4461 3892 4517; x_wconf 89' lang='lat' dir='ltr'><strong>si</strong></span> 
     </span>
    </p>
   </div>
   <div class='ocr_carea' id='block_1_99' title="bbox 2304 4561 3896 4631">
    <p class='ocr_par' dir='ltr' id='par_1_99' title="bbox 2304 4561 3896 4631">
     <span class='ocr_line' id='line_1_99' title="bbox 2304 4561 3896 4631; baseline 0.001 -20"><span class='ocrx_word' id='word_1_674' title='bbox 2304 4570 2557 4627; x_wconf 89' lang='lat' dir='ltr'><strong>quartum</strong></span> <span class='ocrx_word' id='word_1_675' title='bbox 2590 4575 2789 4614; x_wconf 87' lang='lat' dir='ltr'><strong>annum</strong></span> <span class='ocrx_word' id='word_1_676' title='bbox 2821 4576 2928 4614; x_wconf 88' lang='lat' dir='ltr'><strong>non</strong></span> <span class='ocrx_word' id='word_1_677' title='bbox 2961 4562 3292 4631; x_wconf 89' lang='lat' dir='ltr'><strong>completum</strong></span> <span class='ocrx_word' id='word_1_678' title='bbox 3324 4561 3720 4631; x_wconf 85' lang='lat' dir='ltr'><strong>intelligamus,</strong></span> <span class='ocrx_word' id='word_1_679' title='bbox 3751 4574 3896 4613; x_wconf 87' lang='lat' dir='ltr'><strong>com-</strong></span> 
     </span>
    </p>
   </div>
   <div class='ocr_carea' id='block_1_100' title="bbox 2222 4638 3893 4723">
    <p class='ocr_par' dir='ltr' id='par_1_100' title="bbox 2222 4638 3893 4723">
     <span class='ocr_line' id='line_1_100' title="bbox 2222 4638 3893 4723; baseline -0.001 -17"><span class='ocrx_word' id='word_1_680' title='bbox 2222 4638 2277 4699; x_wconf 82' lang='lat' dir='ltr'><strong>D</strong></span> <span class='ocrx_word' id='word_1_681' title='bbox 2302 4651 2462 4707; x_wconf 88' lang='lat' dir='ltr'><strong>mode</strong></span> <span class='ocrx_word' id='word_1_682' title='bbox 2483 4668 2606 4706; x_wconf 88' lang='lat' dir='ltr'><strong>cum</strong></span> <span class='ocrx_word' id='word_1_683' title='bbox 2638 4653 2761 4707; x_wconf 90' lang='lat' dir='ltr'><strong>aliis</strong></span> <span class='ocrx_word' id='word_1_684' title='bbox 2791 4653 3139 4708; x_wconf 89' lang='lat' dir='ltr'><strong>concilietur.</strong></span> <span class='ocrx_word' id='word_1_685' title='bbox 3171 4653 3332 4708; x_wconf 87' lang='lat' dir='ltr'><strong>Stare</strong></span> <span class='ocrx_word' id='word_1_686' title='bbox 3362 4653 3527 4723; x_wconf 86' lang='lat' dir='ltr'><strong>igitur</strong></span> <span class='ocrx_word' id='word_1_687' title='bbox 3558 4653 3747 4722; x_wconf 89' lang='lat' dir='ltr'><strong>nequit</strong></span> <span class='ocrx_word' id='word_1_688' title='bbox 3775 4666 3893 4706; x_wconf 86' lang='lat' dir='ltr'><strong>sen-</strong></span> 
     </span>
    </p>
   </div>
   <div class='ocr_carea' id='block_1_101' title="bbox 2308 4746 3893 4817">
    <p class='ocr_par' dir='ltr' id='par_1_101' title="bbox 2308 4746 3893 4817">
     <span class='ocr_line' id='line_1_101' title="bbox 2308 4746 3893 4817; baseline -0.001 -16"><span class='ocrx_word' id='word_1_689' title='bbox 2308 4748 2472 4801; x_wconf 89' lang='lat' dir='ltr'><strong>tentia</strong></span> <span class='ocrx_word' id='word_1_690' title='bbox 2513 4746 2766 4809; x_wconf 86' lang='lat' dir='ltr'><strong>Baronii,</strong></span> <span class='ocrx_word' id='word_1_691' title='bbox 2800 4748 2889 4817; x_wconf 92' lang='lat' dir='ltr'><strong>qui</strong></span> <span class='ocrx_word' id='word_1_692' title='bbox 2937 4747 3200 4802; x_wconf 89' lang='lat' dir='ltr'><strong>Bonifacii</strong></span> <span class='ocrx_word' id='word_1_693' title='bbox 3248 4749 3457 4802; x_wconf 88' lang='lat' dir='ltr'><strong>obitum</strong></span> <span class='ocrx_word' id='word_1_694' title='bbox 3508 4764 3614 4803; x_wconf 90' lang='lat' dir='ltr'><strong>non</strong></span> <span class='ocrx_word' id='word_1_695' title='bbox 3651 4746 3815 4802; x_wconf 88' lang='lat' dir='ltr'><strong>modo</strong></span> <span class='ocrx_word' id='word_1_696' title='bbox 3845 4746 3893 4800; x_wconf 90' lang='lat' dir='ltr'><strong>in</strong></span> 
     </span>
    </p>
   </div>
   <div class='ocr_carea' id='block_1_102' title="bbox 2307 4842 3899 4914">
    <p class='ocr_par' dir='ltr' id='par_1_102' title="bbox 2307 4842 3899 4914">
     <span class='ocr_line' id='line_1_102' title="bbox 2307 4842 3899 4914; baseline 0.001 -18"><span class='ocrx_word' id='word_1_697' title='bbox 2307 4858 2506 4898; x_wconf 91' lang='lat' dir='ltr'><strong>annum</strong></span> <span class='ocrx_word' id='word_1_698' title='bbox 2553 4844 2680 4908; x_wconf 69' lang='lat'><strong>425,</strong></span> <span class='ocrx_word' id='word_1_699' title='bbox 2708 4842 3107 4897; x_wconf 84' lang='lat' dir='ltr'><strong>Cbronicnrum</strong></span> <span class='ocrx_word' id='word_1_700' title='bbox 3140 4842 3437 4897; x_wconf 82' lang='lat' dir='ltr'><strong>Marcellini</strong></span> <span class='ocrx_word' id='word_1_701' title='bbox 3466 4853 3522 4898; x_wconf 86' lang='lat' dir='ltr'><strong>et</strong></span> <span class='ocrx_word' id='word_1_702' title='bbox 3554 4844 3808 4914; x_wconf 84' lang='lat' dir='ltr'><strong>Prosperi</strong></span> <span class='ocrx_word' id='word_1_703' title='bbox 3846 4853 3899 4899; x_wconf 90' lang='lat' dir='ltr'><strong>ut</strong></span> 
     </span>
    </p>
   </div>
   <div class='ocr_carea' id='block_1_103' title="bbox 2305 4933 3899 5003">
    <p class='ocr_par' dir='ltr' id='par_1_103' title="bbox 2305 4933 3899 5003">
     <span class='ocr_line' id='line_1_103' title="bbox 2305 4933 3899 5003; baseline 0 -13"><span class='ocrx_word' id='word_1_704' title='bbox 2305 4936 2408 4990; x_wconf 91' lang='lat' dir='ltr'><strong>sibi</strong></span> <span class='ocrx_word' id='word_1_705' title='bbox 2441 4936 2655 4991; x_wconf 86' lang='lat' dir='ltr'><strong>videtur</strong></span> <span class='ocrx_word' id='word_1_706' title='bbox 2682 4935 3026 5003; x_wconf 84' lang='lat' dir='ltr'><strong>auctoritate,</strong></span> <span class='ocrx_word' id='word_1_707' title='bbox 3054 4934 3149 4989; x_wconf 88' lang='lat' dir='ltr'><strong>sed</strong></span> <span class='ocrx_word' id='word_1_708' title='bbox 3178 4944 3232 4988; x_wconf 87' lang='lat' dir='ltr'><strong>et</strong></span> <span class='ocrx_word' id='word_1_709' title='bbox 3260 4933 3312 4989; x_wconf 91' lang='lat' dir='ltr'><strong>in</strong></span> <span class='ocrx_word' id='word_1_710' title='bbox 3338 4936 3482 4989; x_wconf 89' lang='lat' dir='ltr'><strong>diem</strong></span> <span class='ocrx_word' id='word_1_711' title='bbox 3514 4951 3607 4990; x_wconf 83' lang='lat' dir='ltr'><strong>vtu</strong></span> <span class='ocrx_word' id='word_1_712' title='bbox 3642 4935 3899 4991; x_wconf 83' lang='lat' dir='ltr'><strong>kalendas</strong></span> 
     </span>
    </p>
   </div>
   <div class='ocr_carea' id='block_1_104' title="bbox 2304 5028 3899 5101">
    <p class='ocr_par' dir='ltr' id='par_1_104' title="bbox 2304 5028 3899 5101">
     <span class='ocr_line' id='line_1_104' title="bbox 2304 5028 3899 5101; baseline 0.001 -18"><span class='ocrx_word' id='word_1_713' title='bbox 2304 5029 2629 5084; x_wconf 76' lang='lat' dir='ltr'><strong>Novembris</strong></span> <span class='ocrx_word' id='word_1_714' title='bbox 2658 5045 2779 5083; x_wconf 92' lang='lat' dir='ltr'><strong>cum</strong></span> <span class='ocrx_word' id='word_1_715' title='bbox 2816 5029 3225 5099; x_wconf 84' lang='lat' dir='ltr'><strong>pontificalibus</strong></span> <span class='ocrx_word' id='word_1_716' title='bbox 3254 5028 3408 5084; x_wconf 89' lang='lat' dir='ltr'><strong>libris</strong></span> <span class='ocrx_word' id='word_1_717' title='bbox 3445 5029 3654 5085; x_wconf 78' lang='lat' dir='ltr'><strong>differt.</strong></span> <span class='ocrx_word' id='word_1_718' title='bbox 3687 5032 3899 5101; x_wconf 86' lang='lat' dir='ltr'><strong>Quippe</strong></span> 
     </span>
    </p>
   </div>
   <div class='ocr_carea' id='block_1_105' title="bbox 2306 5122 3900 5194">
    <p class='ocr_par' dir='ltr' id='par_1_105' title="bbox 2306 5122 3900 5194">
     <span class='ocr_line' id='line_1_105' title="bbox 2306 5122 3900 5194; baseline 0.001 -18"><span class='ocrx_word' id='word_1_719' title='bbox 2306 5123 2432 5177; x_wconf 90' lang='lat' dir='ltr'><strong>licet</strong></span> <span class='ocrx_word' id='word_1_720' title='bbox 2455 5122 2729 5193; x_wconf 66' lang='lat' dir='ltr'><strong>prmdictis</strong></span> <span class='ocrx_word' id='word_1_721' title='bbox 2755 5124 2808 5177; x_wconf 88' lang='lat' dir='ltr'><strong>in</strong></span> <span class='ocrx_word' id='word_1_722' title='bbox 2835 5123 3122 5177; x_wconf 72' lang='lat' dir='ltr'><strong>Chronicis</strong></span> <span class='ocrx_word' id='word_1_723' title='bbox 3150 5123 3435 5179; x_wconf 67' lang='lat' dir='ltr'><strong>leestini</strong></span> <span class='ocrx_word' id='word_1_724' title='bbox 3456 5164 3469 5191; x_wconf 92' lang='lat'><strong>,</strong></span> <span class='ocrx_word' id='word_1_725' title='bbox 3501 5124 3596 5194; x_wconf 91' lang='lat' dir='ltr'><strong>qui</strong></span> <span class='ocrx_word' id='word_1_726' title='bbox 3630 5122 3900 5179; x_wconf 87' lang='lat' dir='ltr'><strong>Bonifacio</strong></span> 
     </span>
    </p>
   </div>
   <div class='ocr_carea' id='block_1_106' title="bbox 2308 5215 3901 5286">
    <p class='ocr_par' dir='ltr' id='par_1_106' title="bbox 2308 5215 3901 5286">
     <span class='ocr_line' id='line_1_106' title="bbox 2308 5215 3901 5286; baseline 0.002 -17"><span class='ocrx_word' id='word_1_727' title='bbox 2308 5216 2609 5279; x_wconf 87' lang='lat' dir='ltr'><strong>successit,</strong></span> <span class='ocrx_word' id='word_1_728' title='bbox 2640 5215 2693 5269; x_wconf 90' lang='lat' dir='ltr'><strong>in</strong></span> <span class='ocrx_word' id='word_1_729' title='bbox 2739 5218 3115 5286; x_wconf 82' lang='lat' dir='ltr'><strong>pontificatum</strong></span> <span class='ocrx_word' id='word_1_730' title='bbox 3149 5216 3425 5286; x_wconf 81' lang='lat' dir='ltr'><strong>ingreSSus</strong></span> <span class='ocrx_word' id='word_1_731' title='bbox 3468 5232 3590 5272; x_wconf 89' lang='lat' dir='ltr'><strong>cum</strong></span> <span class='ocrx_word' id='word_1_732' title='bbox 3628 5234 3774 5272; x_wconf 88' lang='lat' dir='ltr'><strong>anno</strong></span> <span class='ocrx_word' id='word_1_733' title='bbox 3799 5215 3901 5272; x_wconf 68' lang='grc'><strong>425</strong></span> 
     </span>
    </p>
   </div>
   <div class='ocr_carea' id='block_1_107' title="bbox 2303 5309 3897 5381">
    <p class='ocr_par' dir='ltr' id='par_1_107' title="bbox 2303 5309 3897 5381">
     <span class='ocr_line' id='line_1_107' title="bbox 2303 5309 3897 5381; baseline -0.001 -17"><span class='ocrx_word' id='word_1_734' title='bbox 2303 5310 2553 5378; x_wconf 89' lang='lat' dir='ltr'><strong>componi</strong></span> <span class='ocrx_word' id='word_1_735' title='bbox 2591 5309 2861 5376; x_wconf 88' lang='lat' dir='ltr'><strong>videatur,</strong></span> <span class='ocrx_word' id='word_1_736' title='bbox 2888 5312 2935 5363; x_wconf 89' lang='lat' dir='ltr'><strong>is</strong></span> <span class='ocrx_word' id='word_1_737' title='bbox 2978 5321 3160 5365; x_wconf 89' lang='lat' dir='ltr'><strong>tamen</strong></span> <span class='ocrx_word' id='word_1_738' title='bbox 3207 5320 3334 5365; x_wconf 88' lang='lat' dir='ltr'><strong>ante</strong></span> <span class='ocrx_word' id='word_1_739' title='bbox 3364 5322 3710 5379; x_wconf 86' lang='lat' dir='ltr'><strong>recensetur,</strong></span> <span class='ocrx_word' id='word_1_740' title='bbox 3744 5324 3897 5381; x_wconf 89' lang='lat' dir='ltr'><strong>quam</strong></span> 
     </span>
    </p>
   </div>
   <div class='ocr_carea' id='block_1_108' title="bbox 2305 5403 3899 5477">
    <p class='ocr_par' dir='ltr' id='par_1_108' title="bbox 2305 5403 3899 5477">
     <span class='ocr_line' id='line_1_108' title="bbox 2305 5403 3899 5477; baseline 0.001 -18"><span class='ocrx_word' id='word_1_741' title='bbox 2305 5404 2529 5459; x_wconf 89' lang='lat' dir='ltr'><strong>llonorii</strong></span> <span class='ocrx_word' id='word_1_742' title='bbox 2565 5420 2741 5473; x_wconf 92' lang='lat' dir='ltr'><strong>mors,</strong></span> <span class='ocrx_word' id='word_1_743' title='bbox 2775 5420 2897 5477; x_wconf 75' lang='lat' dir='ltr'><strong>quae</strong></span> <span class='ocrx_word' id='word_1_744' title='bbox 2929 5406 2981 5460; x_wconf 92' lang='lat' dir='ltr'><strong>in</strong></span> <span class='ocrx_word' id='word_1_745' title='bbox 3016 5420 3264 5461; x_wconf 88' lang='lat' dir='ltr'><strong>mensem</strong></span> <span class='ocrx_word' id='word_1_746' title='bbox 3308 5406 3613 5477; x_wconf 81' lang='lat' dir='ltr'><strong>Augustum</strong></span> <span class='ocrx_word' id='word_1_747' title='bbox 3643 5408 3770 5461; x_wconf 89' lang='lat' dir='ltr'><strong>anni</strong></span> <span class='ocrx_word' id='word_1_748' title='bbox 3799 5403 3899 5461; x_wconf 70' lang='grc'><strong>425</strong></span> 
     </span>
    </p>
   </div>
   <div class='ocr_carea' id='block_1_109' title="bbox 2309 5497 2872 5567">
    <p class='ocr_par' dir='ltr' id='par_1_109' title="bbox 2309 5497 2872 5567">
     <span class='ocr_line' id='line_1_109' title="bbox 2309 5497 2872 5567; baseline 0.004 -15"><span class='ocrx_word' id='word_1_749' title='bbox 2309 5497 2535 5567; x_wconf 89' lang='lat' dir='ltr'><strong>incidit,</strong></span> <span class='ocrx_word' id='word_1_750' title='bbox 2568 5499 2872 5555; x_wconf 86' lang='lat' dir='ltr'><strong>referatur.</strong></span> 
     </span>
    </p>
   </div>
  </div>
