4122 6346
234 323 341 382 749

1021 328 1084 385 5.
1127 328 1472 386 BONIFACII
1516 332 1557 402 1,
1604 332 1831 402 ΡΑΡΛΕ,
1874 333 2238 394 ΕΡΙΞΤΟΜΕ
2278 336 2367 394 ΕΤ
2409 339 2749 396 DECRETA.

3433 351 3544 410 750

238 447 3511 488 Ἢ

874 526 1023 639 s.
1105 526 2086 690 gemmam:
2158 534 2278 679 ι,
2357 533 2949 688 verm,

471 720 555 786 θ
674 709 1684 911 ΕΡΙδΤΟΙλίΕ
1764 716 1823 856 I

1928 719 2005 858 Γ
2103 715 3098 874 DECRETA.

367 1161 435 1220 IN
477 1164 660 1222 TRES
696 1074 1245 1238 SUBSiEiggiELI'JI‘héS
1287 1166 1725 1236 EPISTULASX}

294 1283 629 1344 Monimenta
651 1290 804 1344 varia
823 1331 839 1357 ,
864 1307 985 1361 qum
1007 1290 1072 1346 ad
1108 1289 1372 1346 Bonifacii
1421 1289 1746 1344 electionem
1778 1298 1832 1340 et

221 1363 664 1436 ordinationem,
716 1379 774 1424 et
801 1372 1113 1428 scltismatis
1143 1379 1272 1426 tunc
1306 1370 1416 1424 nati
1452 1370 1720 1441 originem
1750 1377 1832 1421 at-

222 1447 432 1515 tinent,
469 1451 680 1520 primus
711 1452 981 1508 Baronius
1005 1470 1036 1511 e
1068 1454 1259 1511 codice
1287 1453 1557 1510 Vaticano
1585 1452 1832 1522 descrip-

224 1528 316 1594 sit,
371 1540 428 1585 et
466 1532 533 1587 ad
565 1535 772 1589 calcem
795 1536 920 1590 anni
965 1537 1092 1602 M8,
1123 1538 1212 1590 aut
1253 1534 1320 1590 ad
1351 1535 1564 1589 initium
1595 1533 1726 1600 419,
1757 1548 1826 1587 eo

223 1610 414 1666 ordine
435 1655 450 1679 ,
477 1630 588 1682 quo
629 1617 682 1670 in
711 1616 1016 1688 archetypo
1047 1616 1250 1686 scripta
1282 1623 1441 1683 sunt,
1473 1614 1663 1670 edidit.
1710 1613 1831 1668 Pri-

224 1704 372 1747 mum
397 1695 679 1750 antecedit
709 1697 1022 1768 Symmachi
1055 1699 1247 1752 relatio
1269 1713 1415 1751 anno
1444 1697 1569 1761 M8,
1601 1695 1831 1750 Decent-

224 1769 338 1829 bris
366 1774 438 1830 29
463 1774 553 1831 die
602 1779 954 1848 consignata,
982 1795 1088 1848 qua
1143 1779 1189 1834 is
1241 1781 1530 1850 praefectus
1578 1777 1823 1833 Honorio

223 1855 558 1923 persuadere
587 1870 842 1926 conatur,
868 1859 1140 1914 Eulaliutn
1169 1860 1316 1915 urbis
1350 1860 1609 1915 Romana:
1641 1859 1827 1929 ponti-

223 1932 379 1991 ﬁcem
408 1937 514 1994 rite
541 1939 811 2006 electum,
837 1955 932 1994 «ac
955 1940 1300 1995 Bonifaciutn
1330 1949 1524 1996 contra
1553 1955 1728 1996 sacrae
1757 1939 1831 1994 le-

220 2015 304 2086 gis
325 2016 577 2074 ordinem
603 2060 617 2084 ,
649 2029 704 2075 et
735 2021 1157 2076 consuetudinis
1185 2022 1482 2078 rationem:
1512 2021 1826 2076 ordinatum

220 2111 368 2153 esse.
400 2099 612 2156 Deinde
642 2101 891 2172 sequitur
923 2101 1148 2156 lIonorii
1179 2102 1507 2171 rescriptum
1558 2102 1624 2156 ad
1673 2118 1830 2158 eum-

218 2177 344 2234 dem
389 2179 778 2252 Symmachum
803 2198 949 2238 anno
968 2181 1099 2246 M9,
1132 2182 1382 2237 Januarii
1411 2187 1443 2238 5
1472 2184 1562 2240 die
1598 2184 1782 2239 datutn
1811 2225 1825 2249 ,

219 2257 274 2315 in
304 2277 413 2330 quo
439 2260 840 2319 ordinationem
873 2262 1064 2319 Eulalii
1102 2273 1278 2319 ratam
1301 2305 1316 2330 ,
1350 2280 1414 2319 ac
1463 2264 1726 2319 Bonifacii
1760 2267 1830 2320 ir-

217 2340 379 2396 ritam
414 2341 623 2399 habere
650 2359 709 2400 se
734 2345 1010 2410 declarat;
1046 2347 1278 2417 ideoque
1309 2346 1436 2400 huic
1480 2345 1624 2403 Urbe
1656 2350 1828 2404 inter-

219 2420 377 2487 dicit,
410 2432 505 2478 aut
533 2423 582 2479 si
611 2442 718 2480 non
747 2436 944 2496 sponte
967 2427 1309 2496 obsequitur,
1339 2429 1707 2492 «pertinacius
1737 2445 1826 2484 re-

219 2503 506 2562 sistentem
561 2506 795 2562 invitum
825 2508 1067 2576 expellit
1101 2508 1278 2578 jubet.
1328 2507 1673 2578 Rescriptum
1723 2510 1825 2565 hoc

218 2586 425 2658 excipit
457 2589 632 2644 altera
661 2590 973 2660 Symmachi
1021 2590 1220 2644 relatio
1255 2589 1495 2644 Januarii
1528 2591 1562 2646 8
1589 2589 1678 2645 die
1729 2607 1824 2644 no-

217 2674 332 2723 tata
358 2712 373 2736 ,
408 2685 514 2739 qua
563 2670 887 2740 Imperatori
919 2671 1196 2740 signiﬁcat
1221 2713 1237 2739 ,
1276 2685 1335 2726 se
1375 2670 1546 2740 ipsius
1587 2686 1826 2740 prseeep-

221 2757 336 2806 tum
369 2765 440 2806 eo
472 2751 561 2806 die
588 2751 868 2822 accepisse
887 2793 903 2818 ,
937 2771 955 2803 ‹
983 2766 1088 2822 quo
1115 2752 1291 2807 sancti
1320 2751 1430 2806 diei
1460 2751 1826 2825 (Epiphaniat)

219 2842 336 2889 erat
358 2831 690 2887 eelebranda
740 2831 1096 2897 solemnitas,
1135 2851 1154 2884 ι
1187 2848 1251 2886 ac
1272 2833 1390 2887 sine
1416 2847 1568 2886 mora
1591 2875 1606 2900 ,
1640 2841 1698 2886 ut
1727 2832 1828 2888 im-

216 2921 406 2985 perata
454 2913 876 2981 perﬁcerentur,
909 2929 1136 2983 operam
1163 2912 1384 2968 dedisse
1409 2930 1422 2979 ;
1447 2914 1542 2969 sed
1600 2914 1823 2969 Bonifa-

217 2996 400 3058 cium,
433 3003 492 3048 ut
521 2995 590 3047 ah
623 2994 823 3050 indicta
861 2997 1215 3064 processione
1255 2994 1558 3050 abstineret
1580 2995 1822 3065 jnssum,

215 3090 416 3147 parere
453 3074 715 3130 noluisse.
751 3075 948 3130 Verum
979 3076 1106 3129 hinc
1141 3075 1278 3130 nihil
1308 3074 1539 3144 proiecit
1567 3075 1823 3148 Symma-

215 3156 374 3214 chus.
411 3157 545 3212 Eutn
590 3155 736 3212 enim
784 3155 1105 3222 Imperatori
1137 3155 1344 3210 diutius
1385 3155 1667 3232 imponere
1717 3173 1823 3211 non

215 3236 462 3293 ferentes
498 3236 730 3291 Romani
759 3236 1065 3307 presbyteri
1094 3279 1107 3299 ,
1144 3234 1394 3290 mendaci
1442 3235 1591 3290 illius
1638 3251 1827 3291 narra-

217 3319 350 3375 tioni
385 3319 744 3373 sinceriorem
777 3316 1161 3387 Opponendam
1197 3316 1494 3370 duxerunt.
1541 3317 1826 3387 Quaprop-

217 3408 300 3455 ter
326 3398 628 3468 supplicem
655 3401 1106 3466 conscripserunt
1135 3397 1407 3464 libellum,
1441 3412 1601 3467 quem
1637 3400 1823 3454 Itono-

215 3480 327 3536 rius
370 3480 622 3537 Januarii
667 3479 734 3535 15
778 3478 868 3533 die
891 3479 958 3532 ad
985 3480 1279 3549 ipsutnmet
1311 3477 1704 3549 Symmachum
1740 3497 1826 3535 re-

216 3563 461 3619 scribens
485 3603 502 3627 ,
529 3578 557 3614 a
587 3575 648 3616 se
669 3572 954 3628 acceptum
989 3568 1245 3615 testatur.
1282 3558 1436 3614 Unde
1467 3560 1614 3614 illum
1647 3560 1732 3616 vel
1759 3577 1825 3616 eo

216 3643 337 3714 ipso
377 3645 469 3700 die
523 3657 636 3714 quo
680 3642 925 3697 secunda
955 3639 1267 3712 Symmachi
1318 3640 1514 3696 relatio
1539 3687 1552 3710 ,
1588 3641 1674 3696 vel
1713 3657 1821 3696 non

216 3726 391 3781 multo
421 3726 602 3781 serius
626 3765 641 3788 ,
677 3725 904 3778 missum
936 3737 1061 3778 esse
1092 3721 1416 3792 'Cttlligillll‘.
1471 3721 1644 3776 Porro
1680 3722 1824 3778 inter

217 3808 560 3862 monimenta
615 3805 736 3871 illa,
767 3819 893 3876 quae
944 3803 1046 3858 hac
1093 3801 1162 3858 de
1194 3817 1355 3856 causa
1411 3803 1614 3872 scripta
1650 3811 1820 3870 sunt,

216 3889 422 3944 nullum
449 3888 540 3943 hic
568 3885 781 3942 referre
808 3886 982 3957 pluris
1006 3886 1257 3951 interest,
1277 3899 1440 3954 quam
1466 3899 1590 3938 mox
1615 3883 1819 3938 dictum

214 3970 483 4039 libellum,
516 3979 709 4040 utpote
741 3968 794 4021 in
828 3983 938 4038 quo
967 3965 1230 4020 Bonifacii
1256 3965 1533 4019 ordinatio
1564 3981 1627 4019 ac
1658 3978 1818 4022 notes

1867 1075 1918 1135 A

2520 1082 2861 1142 EPISTOLA
2906 1086 2928 1143 Ι
2954 1097 2978 1126 ⁸

1937 1229 2080 1274 BONA
2121 1233 2265 1276 οιιωί
2302 1239 2762 1284 PBESBYTERORUM
2801 1245 2870 1284 ΔΙ)
2919 1245 3191 1290 HONORIUI
3245 1251 3542 1294 IIIPBBATO‘

2008 1331 2146 1383 RE“,
2191 1335 2289 1377 SEU
2344 1340 2631 1384 EXEMPLUII
2682 1345 2891 1386 PRECUI
2942 1349 3398 1392 PRESBYTERORUM
3441 1355 3542 1394 PRO

2011 1434 2314 1480 BONIFACIO.

1935 1533 2197 1610 Bonifacii
2237 1539 2521 1614 legitimam
2548 1588 2561 1611 ,
2607 1547 2809 1604 Eulalii
2848 1567 2965 1608 vero
3005 1553 3328 1628 illegitintam
3381 1560 3548 1630 fuisse

2537 1641 2937 1698 ordinationem.

2015 1777 2060 1829 I.
2106 1777 2350 1835 Petimus
2380 1781 2741 1842 Clementiam
2787 1795 3316 1863 vestram,piissimi
3342 1807 3399 1854 et
3423 1800 3538 1856 cle-

1934 1874 2262 1932 mentissimi
2293 1878 2659 1950 imperatores
2691 1886 2893 1942 Honori
2924 1889 3272 1950 etTheodosi
3308 1911 3530 1967 semper

1932 1971 2167 2038 augusti.
2187 1970 2317 2028 Post
2331 1975 2653 2032 abscessum
2669 1981 2840 2036 sancti
2855 1981 3063 2039 Zosimi
3089 2001 3155 2055 pa
3165 2003 3247 2052 pte
3278 1988 3539 2046 Ecclesia:

1931 2061 2220 2118 catholicae
2249 2067 2401 2122 urbis
2426 2068 2611 2126 Romae
2632 2111 2647 2137 ,
2684 2081 2743 2126 ut
2775 2073 2896 2129 fieri
2926 2091 3046 2130 mos
3067 2077 3290 2134 volebat
3317 2122 3333 2147 ,
3372 2090 3542 2151 atque

1933 2154 2050 2225 ipsa
2082 2156 2371 2229 religionis
2416 2160 2712 2233 disciplina
2753 2165 3032 2237 dictabat,
3066 2171 3257 2240 plures
3283 2172 3337 2227 in
3371 2190 3538 2230 unum

1932 2250 2298 2307 convenimus
2328 2255 2677 2323 sacerdotes;
2706 2268 2762 2313 ut
2794 2259 2863 2315 de
2891 2263 3284 2321 constituendo
3322 2282 3546 2324 succes-

1933 2355 2056 2398 sere
2103 2346 2379 2400 communi
2435 2346 2645 2417 judicio
2703 2362 3088 2411 tractaremus.
3115 2357 3223 2413 Sed
3279 2361 3535 2430 quoniam

1933 2433 2358 2493 Lateraneusem
2409 2441 2702 2497 ecclesiam
2729 2485 2742 2509 ,
2769 2447 3069 2504 obstructis
3098 2466 3238 2520 pene
3281 2456 3539 2511 omnibus

1934 2523 2305 2595 ingressibus,
2359 2530 2786 2590 archidiacnnns
2867 2539 3151 2611 Eulalius,
3208 2549 3545 2618 contemptis

1935 2616 2098 2687 impie
2127 2620 2328 2674 summi
2377 2624 2684 2681 sacerdotis
2714 2626 2740 2664 ι’
2769 2631 3044 2700 exsequiis
3069 2674 3085 2698 ,
3117 2616 3449 2693 diaconibus
3492 2649 3548 2696 et

1933 2714 2280 2783 paucissimis
2305 2718 2645 2789 presbyteris
2683 2734 2748 2774 ac
2770 2722 3123 2778 multitudine
3169 2729 3395 2783 turbata?
3432 2733 3549 2800 ple:

1927 2805 2011 2862 bis
2038 2808 2367 2876 obsederat;
2416 2810 2593 2866 altero
2621 2811 2710 2867 die
2739 2811 3026 2884 (Decemb.
3058 2817 3153 2887 28)
3185 2820 3252 2873 ad
3285 2823 3538 2881 eamdem

1928 2903 2244 2970 ecclesiam,
2269 2914 2292 2943 ο
2319 2903 2410 2959 ubi
2429 2904 2578 2974 prius
2599 2905 2668 2960 ab
2689 2909 2947 2964 omnibus
2975 2909 3154 2966 fuerat
3179 2926 3542 2985 conventum,

1929 2996 2113 3052 habita
2168 2999 2411 3054 omnium
2487 3001 2782 3058 collatione
2838 3008 3293 3074 properavimus:
3353 3013 3536 3084 ibique

1931 3091 2260 3160 participato
2314 3108 2438 3147 cum
2497 3094 2796 3150 christiana
2847 3097 3009 3165 plebe
3055 3104 3323 3170 consilio,
3376 3123 3536 3176 quem

1932 3182 2077 3239 Deus
2104 3183 2268 3255 jussit
2287 3184 2580 3254 elegimus.
2614 3185 2746 3241 Nam
2771 3191 3140 3247 venerabilem
3170 3195 3344 3250 virum
3374 3197 3539 3255 Boni-

1931 3277 2127 3339 facium
2151 3320 2167 3347 ,
2198 3291 2440 3334 veterem
2473 3277 2501 3316 ἀ
2536 3282 2916 3354 presbyterum
2942 3327 2957 3352 ,
3014 3288 3066 3342 in
3111 3290 3231 3360 lege
3276 3292 3530 3351 doctissi-

1929 3388 2101 3438 tnutn,
2131 3387 2194 3427 ac
2223 3372 2385 3428 bonis
2410 3373 2656 3428 moribus
2687 3378 3137 3448 comprobatum,
3163 3392 3218 3437 et
3239 3385 3382 3454 quod
3408 3403 3534 3443 eum

1930 3465 2104 3536 magis
2130 3467 2393 3533 ornabat,
2421 3467 2648 3522 invitum
2677 3513 2690 3531 .
2724 3470 3121 3531 acclamatione
3156 3480 3321 3534 totius
3345 3484 3530 3552 populi

1928 3576 1992 3617 ac
2018 3575 2288 3616 consensu
2333 3559 2622 3616 meliorum
2650 3562 2893 3618 civitatis
2923 3575 2946 3604 ε
2977 3567 3310 3627 adscivimus
3338 3574 3535 3629 divina:

1929 3655 2284 3711 institutionis
2307 3653 2500 3710 ordine
2529 3667 2932 3714 consecratum.
2966 3660 3102 3718 Nam
3133 3666 3529 3725 subscribend-

1930 3749 2030 3805 bus
2062 3750 2180 3819 plus
2214 3751 2392 3804 minus
2421 3749 2764 3820 septuaginta
2797 3753 3154 3825 presbyteris,
3186 3760 3536 3818 adStantibns

1929 3861 2124 3900 novem
2166 3843 2511 3901 diversarum
2568 3847 2970 3915 provinciarum
3022 3853 3330 3924 episeoitis,
3361 3859 3532 3917 bene-

1927 3940 2224 3996 dictionem
2268 3938 2606 4008 competenti
2641 3937 2657 3976 ί
2692 3947 2941 4010 tempore
2982 3957 3201 4001 constat
3247 3949 3413 4007 fuisse
3439 3968 3525 4009 ce—

216 4067 246 4106 a
272 4028 494 4122 proprio
521 4028 695 4120 ipsius
723 4028 874 4104 clero
908 4043 1124 4119 planius
1154 4061 1219 4101 ac
1250 4045 1521 4102 sincerius
1542 4045 1817 4115 ettplican-
1845 4028 1891 4092 (ἶ
1925 4032 2213 4088 Ιθιπθιίιιηο
2244 4033 2320 4085 AC
2351 4031 2501 4100 Prius
2525 4033 2727 4099 omnia,
2747 4049 2872 4104 quae
2899 4037 3222 4095 solemnitas
3252 4045 3528 4116 exigebat.

217 4142 326 4190 tur.

288 4282 312 4311 κ
352 4271 569 4340 Scripta
597 4284 743 4324 anno
764 4269 889 4333 419,
919 4276 1046 4340 ante
1071 4263 1308 4340 medium
1337 4263 1676 4340 Ianuarium.

285 4343 313 4384 1³
353 4336 561 4398 Zosimi
590 4341 816 4396 scilicet.
850 4340 964 4406 Qua
995 4339 1064 4393 de
1095 4355 1150 4392 re
1183 4336 1355 4406 prima
1382 4337 1692 4404 Symmachi
1719 4350 1807 4389 re-

216 4415 348 4472 latio
374 4416 491 4469 haec
523 4413 686 4467 hibet
713 4431 724 4466 :
755 4411 990 4465 Eulalius
1019 4410 1088 4464 ad
1115 4409 1382 4464 ecclesiam
1410 4407 1810 4462 Lateruneusem

217 4489 281 4543 de
301 4486 770 4561 exsequiis-prioris
795 4483 1025 4553 episcopi
1046 4479 1297 4561 a_p0pulo
1324 4478 1594 4561 elclericis
1616 4478 1720 4561 add
1729 4495 1813 4531 uc-

218 4570 318 4624 tus,
343 4551 533 4626 ibi'per
559 4556 775 4610 biduum
804 4551 921 4608 cum
952 4551 1183 4610 maxime
1230 4551 1565 4606 multitudine
1607 4560 1656 4604 et
1700 4566 1813 4604 cum

219 4632 449 4702 pluribus
489 4627 837 4682 sacerdotibus
863 4636 1156 4702 remoratus
1204 4635 1300 4702 est,
1325 4633 1382 4676 ut
1429 4632 1815 4702 caspectqretur

216 4692 328 4757 dies
366 4709 664 4763 consuetus,
702 4717 802 4770 quo
840 4706 1006 4768 posset
1038 4692 1815 4770 solemniterordinari.Unde

214 4776 510 4848 colligitur,
549 4765 818 4848 Eulalium
840 4765 1144 4848 deuspretis
1167 4767 1366 4848 Zosimi
1392 4766 1669 4848 exsequiis
1693 4765 1816 4848 ideo

217 4845 308 4902 hic
337 4837 528 4916 argui,
560 4843 644 4916 vel
677 4845 798 4912 quia
827 4837 988 4916 abiis
1022 4857 1128 4896 non
1162 4842 1282 4895 sine
1313 4837 1545 4916 tumultu
1577 4837 1812 4904 abierit,

217 4920 301 4974 vel
335 4910 518 4985 poiins
551 4915 672 4981 quia
699 4910 796 4969 eas
843 4915 994 4984 prius
1018 4956 1033 4978 ,
1080 4929 1240 4985 quam
1287 4910 1556 4964 absoluta?
1584 4918 1814 4985 essent,

218 4980 506 5045 dimiserit.
536 4980 670 5040 Iline
701 5000 753 5042 et
780 4980 1019 5064 Eulalius
1036 4980 1208 5064 biduo
1228 4991 1550 5064 eXspectare
1577 4980 1818 5064 compul.

219 5076 314 5118 sus
341 5072 428 5116 est
464 5059 765 5128 legitimum
816 5057 1177 5111 m‘dinzttionis
1207 5056 1351 5128 diem
1381 5069 1547 5128 ,_cu_m
1598 5054 1816 5107 Bonifa-

219 5135 336 5189 cius
357 5125 637 5206 altero‘die
656 5130 724 5185 ab
756 5128 1033 5206 exsequiis
1076 5127 1373 5206 persolutis
1403 5125 1454 5178 in
1481 5126 1657 5180 locum
1691 5139 1821 5179 con-

217 5206 424 5262 dictum
478 5202 779 5266 secedens,
828 5202 1037 5255 nullum
1086 5200 1249 5253 alium
1307 5197 1448 5252 diem
1501 5207 1820 5267 CXspet'litl'c

221 5285 447 5334 coactus
475 5276 567 5330 sit.

299 5345 673 5412 C_,'I‘heodora:
726 5345 982 5398 nitnirum
1038 5341 1256 5397 nomine
1312 5348 1716 5412 nuncupatam,
1765 5347 1823 5392 ut

220 5411 375 5493 prior
400 5417 720 5493 Symmachi
751 5415 946 5493 relatio
978 5415 1160 5493 docet.
1201 5412 1398 5493 verum
1427 5411 1661 5493 Itomani
1691 5425 1825 5479 pon-

221 5483 386 5550 iiﬁcis
417 5483 471 5546 in
517 5489 868 5562 Laterancnsi
915 5487 1134 5562 basilica
1160 5527 1174 5549 ,
1195 5487 1394 5562 _si_t_utn
1427 5483 1707 5562 licuisset,
1735 5497 1823 5562 or-

222 5565 564 5623 dinationem
597 5559 897 5615 faciendam
931 5557 1095 5612 fuisse
1125 5557 1206 5609 vel
1254 5556 1379 5609 hinc
1419 5553 1718 5607 discimus:
1747 5552 1823 5606 id-

225 5653 333 5709 que
359 5636 651 5709 contirtnat
683 5630 955 5709 I‘Ionorins
982 5624 1385 5709 ,.dttttt”Enlalii
1424 5625 1826 5709 ordinationem

226 5697 392 5766 etiam
421 5708 547 5761 hinc
575 5747 589 5770 ,
619 5705 747 5775 quia
770 5718 890 5758 eam
919 5701 1020 5756 loci
1045 5699 1266 5769 qualitas
1296 5697 1681 5763 commendet,
1707 5711 1832 5767 pro-

226 5779 344 5891 bati.
371 5852 422 5910 Is
452 5858 679 5922 putatur
717 5845 1028 5902 Bonihcius
1079 5843 1383 5915 presbyter,
1413 5839 1507 5912 qui
1537 5854 1660 5895 cum
1714 5839 1836 5894 aliis

1931 4135 1953 4172 ε
1978 4124 2202 4194 impleta
2233 4130 2379 4176 sunt.

1917 4256 2368 4332 legatisI-Ionorii
2392 4255 2736 4332 imperatoris
2753 4259 3044 4332 epistolam
3075 4305 3088 4327 ,
3116 4280 3237 4332 qua:
3265 4270 3408 4332 apud
3440 4271 3527 4324 In-

1916 4329 2242 4386 nocentium
2281 4343 2419 4381 nona
2456 4337 2572 4392 est,
2603 4328 2667 4382 ad
2699 4329 2992 4384 Arcadium
3041 4328 3334 4398 angustum
3388 4356 3532 4395 anno

1915 4402 2024 4477 406
2047 4400 2306 4477 pertulit;
2339 4409 2391 4453 et
2423 4399 2489 4451 ad
2517 4414 2679 4477 quem
2707 4442 2720 4464 ,
2759 4401 2897 4477 dum
2931 4402 3410 4477 Constantinopoli
3452 4412 3532 4466 le-

1915 4475 2137 4543 gatione
2197 4472 2536 4537 fungeretur,
2592 4471 2898 4543 Innocentii
2931 4477 3171 4543 epistola
3215 4471 3532 4534 25'exstat.

1921 4542 2256 4620 BQIIlftt‘cllllll
2307 4542 2637 4620 in__ecc_lcs.ia
2699 4542 2945 4620 Marcelli
2975 4542 3318 4605 ordinatum
3371 4568 3532 4620 esse,

1921 4619 2071 4688 prior
2092 4612 2404 4688 Symmachi
2437 4611 2636 4688 relatio
2669 4615 2851 4688 tradit.

1995 4700 2018 4727 ε
2062 4685 2226 4756 Εῶιί,
2254 4686 2606 4740 assentimus:
2630 4685 2988 4759 corriguntur
3010 4706 3076 4746 ex
3099 4693 3404 4767 archetypo
3430 4696 3530 4753 Va-

1922 4773 2015 4820 ιιο.

1997 4832 2016 4872 f
2061 4833 2333 4888 Ilonorius
2362 4831 2492 4898 imp.
2522 4828 2754 4899 primum
2787 4833 2985 4890 Eulalii
3029 4836 3433 4896 ordinationem
3467 4852 3524 4899 et

1922 4905 2049 4961 inde
2082 4904 2377 4974 legitimam
2404 4901 2674 4967 asseruit,
2704 4907 2848 4972 quod
2884 4917 3099 4961 servata
3126 4911 3197 4964 sit
3229 4912 3527 4970 solemnitas

1923 4981 2185 5050 temporis.
2214 4976 2386 5029 Antea
2404 4975 2788 5045 Symmachus,
2815 4979 2892 5032 uti
2911 4980 3164 5045 Superius
3189 4984 3518 5050 audivimus,

1924 5049 2058 5102 diem
2087 5056 2525 5119 ('01!8tl€l_llttl,l[u0
2550 5053 2718 5119 posset
2736 5050 2992 5113 ordinari,
3011 5064 3382 5119 exspectatum
3405 5049 3526 5114 esse

1925 5122 2240 5195 scripserat.
2289 5116 2441 5195 Nunc
2475 5117 2798 5195 presbyteri
2853 5121 3080 5175 Romani
3113 5116 3525 5195 testiﬁcantur,

1924 5190 2191 5266 Bonil'acii
2213 5187 2656 5266 benedictionem
2689 5198 3250 5266 tentpore_compelenli
3273 5187 3520 5253 celebra;

1927 5257 2564 5339 tam._Bonil':_tcii_ctiatn
2606 5257 2865 5339 decessor
2914 5257 3204 5333 Zosit'nus,
3256 5273 3419 5339 epist.
3468 5273 3523 5334 4,

1927 5335 2054 5401 η.2,
2081 5332 2267 5387 Lazari
2297 5329 2697 5403 ordinationem
2731 5333 2855 5386 hinc
2881 5329 3526 5403 reprobandam'censet;

1927 5405 2072 5478 quod
2100 5422 2166 5478 ne
2187 5403 2298 5455 dies
2319 5401 2529 5478 quidem
2551 5401 2809 5478 legitimus
2835 5401 3180 5478 ordinationis
3199 5401 3528 5465 adsciscitur.

1931 5473 2006 5533 Ex
2059 5475 2258 5548 quibus
2308 5473 2642 5548 testimoniis
2697 5477 3044 5548 persiticuum
3086 5490 3205 5547 est,
3241 5483 3306 5536 ad
3359 5483 3531 5546 legiti-

1933 5543 2093 5605 mam'
2109 5543 2505 5601 ordinationem
2525 5554 2735 5600 certum
2759 5547 2900 5602 diem
2929 5559 3055 5603 tunc
3082 5543 3346 5610 temporis
3366 5543 3535 5610 fuisse

1938 5620 2338 5693 pratscriptttm.
2370 5617 2528 5693 _|Iunc
2558 5626 2740 5693 autem
2774 5619 2919 5674 diem
2948 5661 2963 5684 ,
2997 5637 3158 5693 quem
3209 5623 3284 5677 illi
3331 5625 3492 5680 silent
3519 5668 3534 5693 ,

1936 5693 2048 5749 Leo
2077 5693 2129 5746 in
2160 5691 2268 5744 Iine
2297 5687 2596 5761 epistolaal‘i
2627 5687 2861 5755 indicat,
2899 5687 3098 5761 nempe
3129 5691 3495 5751 Dominicunt.

2013 5774 2038 5812 ες
2070 5763 2146 5818 Ita
2177 5761 2456 5839 exemplar
2481 5758 2655 5814 Vatic.
2684 5762 2753 5816 At
2784 5761 2937 5828 editi,
2969 5758 3226 5818 celebrata
3255 5777 3393 5828 sunt.
