4122 6346
592 375 701 432 755

1803 361 2048 419 S.-\NCT1
2090 356 2428 415 BONIFACII
2470 357 2510 423 l,
2559 357 2778 425 ΡΑΡᾹΞ,

3790 349 3883 408 758

589 488 853 544 dientiam
878 487 1121 559 roganti:
1148 495 1202 540 et
1226 484 1322 539 ille
1347 484 1655 552 episcopus,
1697 476 1786 548 qui
1813 484 1907 530 aut
1932 474 2076 544 iuste
2097 481 2190 526 aut
2216 475 2269 537 Α
2295 468 2568 539 adjutorio
2611 468 2949 525 conferente.
2994 466 3130 536 Quis
3167 464 3312 520 enim
3345 464 3582 529 dubitet,
3615 459 3889 531 exempla-

594 584 795 655 injuste
819 598 943 639 eum
974 581 1188 653 rejecit,
1239 579 1513 652 patienter
1553 573 1782 643 accipiat
1808 580 1869 626 ut
1909 567 2187 638 negotium

595 677 940 743 discutiatur,
964 687 1025 730 ut
1048 683 1144 729 aut
1169 671 1427 742 probetur
1449 668 1590 738 ejus,
1613 675 1706 721 aut
1727 661 2046 720 emendetur
2064 675 2190 716 seu-

598 771 769 826 tentia
807 789 825 822 ›
859 767 1014 841 (Con.
1047 767 1162 838 17).

593 889 611 900 --
665 864 720 918 5.
764 861 890 917 llaec
935 859 1124 930 utique
1168 872 1339 927 usque
1388 854 1455 910 ad
1503 855 1831 916 adventum,
1883 848 2063 905 donec
2099 861 2194 902 au-

599 953 847 1009 tltentica
868 951 1072 1007 Niczcni
1097 949 1313 1005 concilii
1342 946 1642 1003 offerantur
1661 943 1936 1012 exempla,
1969 938 2194 995 verissi-

599 1064 817 1104 morum
843 1045 1307 1116 exemplariorum
1340 1041 1550 1098 Nicteni
1579 1039 1795 1096 concilii
1837 1039 2042 1092 inserta
2068 1049 2190 1105 ges-

597 1145 670 1200 tis
717 1153 868 1211 sunt,
927 1158 1047 1213 qua:
1098 1149 1125 1178 ⁸
1165 1139 1212 1195 si
1249 1138 1343 1207 ibi,
1392 1133 1850 1208 quemadmodum
1892 1129 2192 1187 constituta

596 1250 722 1296 sunt
749 1281 765 1306 ,
795 1248 851 1293 et
879 1235 1336 1308 quemadmodum
1367 1235 1490 1304 ipso
1520 1230 1663 1299 quod
1695 1227 1834 1298 apud
1869 1243 1968 1281 nos
1997 1224 2194 1280 fratres

592 1348 660 1390 ex
703 1331 1000 1402 apostolica
1035 1328 1167 1385 sede
1197 1328 1389 1383 directi
1420 1326 1794 1396 allegavcrunt
1833 1317 2198 1375 commonito-

593 1427 695 1488 rio,
723 1425 1098 1487 continentur,
1124 1436 1300 1491 eoque
1323 1418 1517 1474 ordine
1548 1415 1637 1470 vel
1666 1413 1806 1483 apud
1838 1426 1935 1466 vos
1958 1409 2011 1465 in
2038 1407 2194 1463 ltalia

597 1518 626 1556 δ
653 1517 1101 1582 custodirentur,
1146 1513 1297 1568 nullo
1329 1511 1490 1567 modo
1523 1526 1621 1565 nos
1661 1509 1810 1573 talia,
1834 1505 2010 1577 qualia
2040 1518 2192 1558 com-

599 1627 908 1668 memorare
943 1611 1054 1680 jam
1088 1609 1364 1676 nolumus,
1409 1607 1494 1662 vel
1525 1605 1761 1660 tolerare
1791 1612 1813 1640 ο
1846 1613 2194 1670 cogeremur,

597 1705 682 1759 vel
713 1702 1083 1758 intolerabilia
1109 1710 1446 1770 pateremur.
1479 1698 1584 1753 Sed
1608 1694 1884 1750 credimus
1909 1691 2200 1760 adjuvante

600 1795 980 1852 misericordia
1014 1793 1229 1848 Domini
1265 1793 1358 1847 Dei
1388 1790 1584 1858 nostri,
1616 1787 1759 1860 quod
1790 1797 1885 1842 tua
1911 1785 2198 1840 sanctitate

2292 566 2371 619 ria
2395 578 2518 619 esse
2546 562 2832 619 verissima
2857 561 3074 619 concilii
3106 559 3313 615 Nicteni
3349 558 3402 613 in
3427 557 3640 614 Graecia
3667 570 3888 623 congre-

2292 659 2425 727 gati,
2454 672 2573 728 quae
2600 655 2667 712 de
2698 665 2806 711 tam
2837 653 3069 712 diversis
3094 662 3149 709 et
3178 652 3453 708 nobilibus
3473 650 3683 708 Graecis
3707 649 3890 706 Eccle-

2293 750 2391 805 siis
2433 749 2593 803 allata
2644 759 2699 804 et
2735 757 3048 821 comparata
3087 745 3478 802 concordant?
3521 742 3680 811 Quod
3727 743 3891 801 donec

2297 841 2410 911 fiat,
2465 841 2582 898 haec
2632 857 2755 913 quae
2808 846 2860 896 in
2913 837 3336 896 commonitorio
3385 835 3707 908 supradicto
3747 836 3892 893 nobis

2294 936 2521 1005 allegata
2553 947 2680 991 sunt
2704 935 2774 991 de
2795 934 3263 1007 appellationibus
3289 934 3672 1004 episcOpt-rum
3699 931 3766 986 ad
3789 931 3892 988 Ro-

2296 1045 2472 1083 mana:
2503 1029 2760 1085 Ecclesia:
2792 1027 3153 1094 sacerdotem,
3183 1039 3237 1082 et
3261 1027 3329 1082 de
3359 1027 3687 1082 clericorum
3722 1025 3893 1081 causis

2296 1122 2437 1193 apud
2483 1138 2705 1178 suarum
2740 1122 3143 1193 provinciarum
3185 1120 3473 1189 episcopos
3503 1118 3892 1187 terminandis,

2300 1230 2399 1270 nos
2430 1230 2600 1284 usque
2631 1215 2698 1270 ad
2743 1214 3120 1285 probationem
3155 1221 3476 1268 servaturos
3507 1226 3632 1267 esse
3681 1211 3896 1280 profite-

2299 1325 2454 1378 mur,
2504 1319 2558 1366 et
2605 1309 3003 1365 Beatitudincm
3036 1318 3187 1362 tuam
3218 1308 3284 1362 ad
3316 1309 3419 1362 hoc
3451 1323 3553 1362 nos
3598 1307 3896 1378 adiuturam

2301 1403 2353 1458 in
2378 1403 2469 1457 Dei
2495 1403 2774 1458 voluntate
2795 1402 3141 1458 conlidimus.
3174 1450 3188 1469 ,

2299 1524 2323 1561 η
2372 1496 2425 1552 6.
2466 1494 2679 1552 Cat-tera
2711 1513 2866 1564 vero,
2899 1511 3019 1567 quae
3051 1498 3101 1552 in
3152 1508 3336 1552 nostra
3379 1495 3595 1569 synodo
3639 1505 3790 1566 gesta
3824 1495 3899 1551 vel

2302 1592 2519 1647 ﬁrmata
2548 1602 2698 1658 sunt,
2729 1592 2986 1663 quoniam
3010 1591 3311 1663 supradicti
3337 1591 3534 1646 fratres
3561 1588 3740 1645 nostri
3770 1588 3900 1645 Fau-

2301 1686 2480 1741 stinus
2506 1687 2889 1757 coepiscolius,
2913 1685 3202 1756 Philippus
3228 1695 3283 1740 et
3310 1685 3528 1740 Asellus
3551 1683 3902 1756 compresby-

2307 1781 2407 1835 teri
2457 1795 2642 1835 secum
2674 1780 2881 1844 ferunt,
2925 1785 2968 1834 sl
3000 1779 3260 1850 dignatus
3294 1779 3484 1847 fueris,
3520 1786 3633 1833 tua:
3681 1788 3806 1832 nora
3833 1776 3902 1831 fa-

601 1892 861 1946 liomante
889 1888 1152 1945 Ecclesia:
1185 1886 1536 1958 praesidente,
1568 1899 1672 1939 non
1699 1881 2014 1952 sumusjam
2037 1880 2200 1935 istum
2233 1874 2280 1933 B
2306 1874 2454 1929 cient
2491 1874 2800 1930 Sanctitati.
2845 1871 2917 1927 Et
2961 1871 3069 1927 alia
3110 1889 3292 1939 manu,
3339 1872 3604 1928 Dominus
3641 1879 3829 1926 naster
3855 1879 3904 1925 te

600 1985 825 2057 typhum
869 1985 1123 2055 passuri;
1159 1992 1217 2038 et
1242 1982 1604 2038 servabuntur
1629 1994 1754 2049 erga
1794 1992 1914 2044 nos,
1941 1991 2065 2046 qua:
2093 1989 2192 2030 no-

601 2079 686 2135 bis
705 2080 871 2136 etiam
901 2095 1009 2133 non
1038 2077 1433 2134 disserentibus
1463 2074 1730 2130 custodiri
1759 2069 1784 2108 ά
1807 2071 2045 2127 debeant
2072 2084 2192 2124 cum

601 2174 839 2230 fraterna
880 2172 1168 2238 charitate,
1199 2185 1320 2241 quae
1349 2168 1648 2225 secundum
1678 2166 2004 2236 sapientiam
2033 2173 2197 2233 atque

593 2266 883 2338 justitiam,
916 2281 1077 2337 quant
1115 2265 1212 2320 tibi
1254 2265 1479 2318 donavit
1508 2261 1845 2324 Altissimus,
1892 2258 2056 2315 etiam
2080 2257 2197 2328 ipse

601 2359 866 2431 perSpicis
886 2372 1010 2414 esse
1039 2355 1326 2422 servanda,
1355 2366 1378 2393 °
1399 2355 1501 2410 nisi
1530 2354 1675 2409 forte
1701 2353 1861 2408 aliter
1881 2366 1941 2406 se
1962 2350 2199 2405 habeant

598 2467 842 2508 canones
869 2450 1089 2506 concilii
1109 2449 1620 2517 Nicteni._.Quamvis
1640 2447 1783 2502 enim
1816 2443 2080 2516 plurimos
2106 2457 2198 2498 co-

600 2547 753 2602 dices
797 2545 1136 2616 legerimus;
1185 2535 1590 2611 scd/nusquam
1624 2539 1676 2594 in
1709 2539 1926 2593 Nicaeno
1964 2535 2197 2592 concilio

602 2640 656 2694 in
687 2639 896 2694 Latinis
926 2636 1206 2693 codicibus
1248 2635 1503 2705 legimus,
1535 2630 1990 2704 quemadmodum
2027 2632 2078 2684 in
2108 2643 2198 2683 su-

602 2731 854 2803 pradicto
885 2729 1308 2785 commonitorio
1345 2726 1363 2765 ί
1401 2727 1528 2782 inde
1565 2725 1767 2780 directa
1800 2734 1947 2778 sunt.
1990 2722 2194 2778 Tamen

601 2824 727 2894 quia
753 2823 840 2878 hic
868 2824 922 2877 in
948 2823 1096 2878 nullo
1122 2820 1313 2878 codice
1329 2820 1522 2876 Graeco
1541 2836 1601 2874 ea
1632 2819 1905 2889 potuimus
1928 2817 2191 2882 invenire,

600 2931 670 2970 ex
715 2915 1086 2972 Orientalibus
1129 2913 1413 2980 Ecclesiis,
1462 2912 1554 2967 ubi
1601 2909 1959 2981 perhibentur
2003 2908 2195 2965 eadem

595 3009 814 3066 decreta
860 3023 1020 3080 posse
1051 3008 1217 3064 etiam
1245 3007 1562 3063 authentica
1609 3005 1858 3076 reperiri,
1897 3004 2068 3074 magis
2096 3017 2196 3058 no-

598 3105 682 3160 bis
727 3105 1104 3161 desideramus
1145 3102 1347 3158 ali'erri.
1401 3102 1506 3156 Pro
1551 3115 1654 3172 qua
1698 3115 1758 3155 re
1796 3107 1941 3154 tttam
1983 3112 2198 3169 quoque

599 3197 1020 3256 Venerationem
1045 3199 1421 3264 obsecramus,
1447 3204 1507 3250 ut
1522 3195 1768 3250 scribere
1791 3195 1954 3249 etiam
1977 3193 2094 3263 ipse
2115 3192 2198 3248 di-

2302 1967 2458 2023 nobis
2505 1982 2679 2022 annos
2718 1967 2982 2036 plurimos
3021 1965 3320 2030 custodiat,
3354 1965 3674 2020 beatissime
3717 1964 3897 2020 frater.

2299 2061 2748 2130 Subscripserunt
2790 2075 3005 2130 quoque
3032 2059 3263 2131 Alypius
3287 2099 3303 2126 ,
3335 2057 3698 2129 Augustinus,
3731 2055 3903 2111 Ροεςί-

2302 2155 2447 2220 dius,
2476 2153 2501 2191 ιι
2526 2154 2798 2210 Marianus
2829 2163 2882 2209 et
2906 2154 3088 2208 caeteri
3119 2153 3384 2225 episcopi.

2849 2289 3185 2346 EI’ISTOLA
3210 2289 3282 2346 Ill
3315 2291 3355 2345 ί.

2299 2403 2380 2461 De
2422 2404 2654 2461 Maximo
2696 2404 2984 2460 Valentino?
3011 2405 3236 2459 civitatis
3281 2405 3527 2473 episcOpo
3560 2402 3786 2456 diversis
3813 2400 3904 2456 cri-

2373 2499 2600 2554 minibus
2651 2508 2916 2564 accusata,
2970 2507 3026 2551 ut
3067 2499 3122 2552 in
3179 2498 3379 2568 synodo
3429 2496 3710 2569 provincia:
3761 2494 3900 2550 illius

2373 2607 2533 2644 causa
2563 2591 2896 2645 discutiatur.

2305 2685 2630 2740 BONll-‘ACIUS
2670 2687 2958 2756 episcOpus
2995 2686 3305 2751 Pnaocw,
3339 2685 3598 2752 REIIGIO,
3646 2685 3861 2741 MAXIIO
3887 2727 3901 2751 ,

2376 2777 2628 2845 HILARIO,
2693 2779 2931 2844 Sevsno,
2991 2778 3252 2841 VALERIO,
3308 2777 3562 2846 Joumo,
3609 2777 3898 2845 Css'romo,

2375 2871 2639 2938 LEONTIO,
2680 2873 2692 2921 i
2728 2869 3128 2936 Cons-nmmo,
3159 2871 3372 2935 Joanm,
3411 2871 3716 2939 Monnno,
3745 2870 3903 2928 Μικι-

2374 2981 2462 3032 rto,
2505 2964 2778 3020 Maumcro
2803 3005 2818 3028 ,
2847 2974 2901 3019 et
2932 2964 3150 3019 caeteris
3183 2963 3458 3035 episc0pis
3491 2978 3592 3034 per
3618 2961 3825 3018 Gallias
3853 2972 3903 3019 et

2373 3073 2580 3132 septem
2613 3059 2918 3130 provincias
2949 3059 3281 3115 constitutis.

2376 3201 2427 3254 l.
2453 3199 2759 3255 Valentinze
2785 3198 2801 3228 ¹
2834 3195 2976 3270 (Ιυο,
3009 3215 3063 3268 p.
3097 3196 3150 3264 5,
3182 3210 3231 3250 c.
3263 3193 3394 3265 27l)
3433 3209 3534 3249 nos
3559 3193 3750 3250 clerici
3775 3181 3899 3248 civi-

595 3295 780 3363 gneris
805 3292 870 3347 ad
904 3292 1117 3346 illarum
1142 3291 1376 3361 partium
1405 3287 1742 3353 sacerdotes,
1775 3287 1879 3342 hoc
1905 3296 1989 3343 est
2013 3287 2198 3343 Eccle-
2225 3273 2271 3336 C
2303 3293 2432 3348 ratis
2477 3293 2752 3352 adierunt,
2799 3297 3166 3362 proponentes
3218 3303 3314 3358 per
3355 3287 3602 3342 libellum
3647 3285 3896 3353 crimina,

594 3387 689 3442 liae
707 3398 732 3434 ι
748 3389 1126 3451 ΑηιὶοοΙιθηειι,
1143 3383 1528 3441 Alexandrinae
1555 3393 1606 3438 et
1633 3381 2194 3451 Constantiuotiolita-

599 3495 705 3547 nas,
731 3490 786 3535 et
822 3479 944 3534 aliis
967 3479 1134 3534 etiam
1161 3479 1206 3530 si
1233 3486 1338 3531 ture
1359 3475 1627 3548 placuerit
1647 3473 1954 3540 Sanctitati.
1981 3483 2039 3527 ut
2069 3474 2193 3530 inde

591 3573 660 3627 ad
706 3587 806 3628 nos
837 3571 997 3626 iidem
1030 3585 1270 3626 canones
1299 3568 1440 3638 apud
1467 3567 1705 3623 Nicaeam
1735 3566 2008 3621 civitatem
2041 3584 2068 3619 a
2100 3582 2194 3636 pa-

592 3665 770 3720 tribus
801 3663 1082 3720 constituti
1106 3663 1350 3729 veniant,
1388 3671 1440 3716 te
1483 3661 1826 3730 potissimum
1856 3660 1959 3716 hoc
1990 3662 2192 3717 heneli-

591 3760 737 3815 cium
771 3758 984 3812 cunctis
1024 3755 1465 3812 Occidentalibus
1510 3753 1773 3808 Ecclesiis
1818 3769 1940 3809 cum
1973 3755 2190 3812 Domini

667 3883 693 3909 ⁸
733 3871 890 3942 Apud
913 3869 1200 3926 Merlinum
1229 3881 1284 3924 et
1303 3870 1614 3942 Justellttm,
1648 3871 1784 3942 illiln
1808 3870 2026 3942 duobus
2052 3889 2187 3930 mss.

594 3940 798 4011 Regiis,
830 3959 940 3999 uno
983 3943 1222 4007 Harlaao,
1257 3957 1466 4014 necnon
1503 3940 1658 4014 Colb.
1691 3941 1881 4014 Corb.,
1914 3952 2044 4005 etc.,
2076 3962 2191 4014 qua:

591 4019 710 4072 sibi.
730 4014 896 4086 Magis
919 4015 1097 4083 placet
1117 4029 1239 4086 cum
1261 4013 1483 4067 Coislin.
1510 4013 1722 4069 duobus
1753 4013 2002 4086 llarlzcis,
2022 4013 2184 4071 (St-tib.

590 4097 647 4144 et
672 4083 836 4154 Lab.,
860 4101 977 4158 quin
996 4089 1038 4140 si
1055 4086 1147 4152 ibi,
1163 4085 1360 4158 Graeco
1381 4085 1938 4151 consetttiente,&ma
1965 4083 2048 4142 ἐὰν
2064 4090 2186 4151 ἐκεῖ,

589 4160 726 4215 Tum
754 4159 942 4220 verba,
975 4157 1406 4229 quemadmodum
1431 4160 1710 4211 constituta
1738 4169 1856 4210 sunt
1884 4170 1950 4221 et,
1985 4160 2038 4213 in
2073 4164 2192 4213 vul-

585 4232 725 4299 gatis
756 4247 818 4285 ac
855 4231 1128 4299 plerisque
1173 4245 1307 4299 mss.
1357 4233 1555 4284 omis+a
1586 4275 1596 4291 ,
1643 4233 2003 4285 restituuntur
2029 4231 2190 4288 unius

587 4298 783 4359 Harlaei
821 4298 874 4356 et
901 4301 1126 4356 alterius
1153 4298 1451 4356 Colberlini
1483 4303 1826 4357 auctoritate.

658 4376 684 4414 δ
729 4373 870 4430 Editi
893 4413 908 4438 ,
938 4372 1301 4427 custodiuntur
1341 4389 1359 4427 :
1391 4373 1790 4443 refragantibus
1823 4387 2020 4435 magno
2057 4389 2190 4429 con-

583 4463 748 4503 sensu
781 4460 914 4500 mss.
956 4461 986 4498 e
1015 4446 1212 4514 quibus
1241 4445 1592 4499 (Jolhertinus
1625 4444 1737 4498 INBC
1765 4443 1837 4496 ita
1868 4443 2063 4498 ell‘ert:
2109 4445 2186 4499 Eo

575 4519 762 4572 ordine
796 4517 872 4570 vel
901 4517 1043 4584 apud
1066 4533 1152 4569 vos
1198 4518 1251 4569 in
1280 4514 1440 4568 Italia
1472 4517 1885 4581 custodirentur,
1915 4532 2009 4569 nos
2040 4515 2186 4570 nullo

580 4591 735 4643 modo
764 4589 894 4641 talia
919 4603 1323 4640 commemorare
1346 4586 1608 4642 nolumus.

659 4671 680 4699 ε
723 4659 797 4712 lta
826 4658 1004 4720 δίει-1.,
1027 4659 1188 4712 Crab.
1213 4669 1267 4712 et
1299 4672 1436 4712 unus
1475 4658 1720 4712 llarlteus
1748 4672 1851 4712 ms.
1899 4657 2039 4710 Editi
2067 4659 2182 4724 alii,

2302 3401 2422 3456 qua}
2447 3385 2738 3440 Maximum
2766 3391 2905 3439 teste
2948 3392 3058 3437 tota
3086 3381 3362 3451 provincia
3390 3390 3643 3435 asserunt
3679 3379 3898 3434 commi-

2302 3480 2442 3536 sisse
2470 3497 2484 3545 ;
2515 3479 2762 3550 delegata
2794 3479 2956 3533 toties
2992 3474 3324 3547 cognitione,
3373 3473 3524 3528 illum
3556 3471 3580 3510 ¹ί
3607 3473 3896 3528 constituta

2301 3589 2522 3643 semper
2563 3571 2957 3641 subterfugisse
2999 3567 3200 3638 judicia
3230 3609 3244 3632 ,
3295 3581 3397 3623 nec
3447 3565 3716 3621 conlisum
3767 3580 3894 3620 con-

2299 3667 2528 3722 scientia
2556 3667 2842 3721 l'esrinasse
2868 3707 2880 3730 ,
2916 3674 2969 3718 ut
3001 3661 3048 3718 si
3076 3673 3222 3717 esset
3250 3661 3535 3727 innocens,
3567 3657 3891 3716 examinatis

2299 3758 2556 3814 omnibus
2577 3766 2901 3830 purgaretur
2921 3773 2935 3822 ;
2958 3747 3078 3826 qua:
3100 3754 3260 3810 toties
3281 3754 3524 3820 decreta,
3549 3767 3618 3808 ex
3645 3750 3663 3791 ι
3689 3761 3895 3808 nostra-

2297 3875 2443 3947 qttod
2474 3875 2627 3930 abest
2657 3891 2685 3929 a
2717 3875 2923 3930 nostris
2946 3888 3077 3929 mss.

2373 3947 2392 3984 ί
2437 3947 2494 4002 ln
2524 3963 2653 4002 mss.
2680 3947 2860 4011 Colb.,
2885 3962 3000 4016 qua:
3025 3945 3146 3998 inde
3174 3961 3192 3998 :
3217 3960 3322 3999 non
3347 3945 3420 3999 ita
3448 3946 3609 4000 male.

2372 4028 2396 4066 ε
2437 4019 2495 4073 In
2525 4020 2714 4074 eodem
2741 4034 2870 4082 ms.,
2892 4016 3476 4088 ConstantinOpolitanaa
3490 4026 3539 4070 et
3568 4017 3894 4072 Antiochemr.

2296 4100 2342 4144 et
2365 4090 2734 4145 Alexandrina:
2755 4101 2799 4145 et
2821 4091 2958 4143 aliis.

2368 4159 2394 4199 ¹ι
2439 4162 2583 4216 Editi
2611 4203 2626 4226 ,
2663 4162 2934 4223 Marinus;
2966 4160 3197 4230 Regium
3243 4160 3557 4231 exemplar,
3590 4159 3892 4214 Martinus:

2297 4236 2381 4288 cui
2418 4233 2840 4289 lavetAfrorum
2886 4235 2952 4287 ad
2992 4231 3346 4288 Caelestinum
3388 4234 3454 4286 de
3501 4231 3695 4287 eadem
3735 4247 3890 4288 causa

2297 4305 2561 4370 eni~tola;
2611 4321 2732 4372 qua:
2770 4304 2991 4371 quidem
3040 4306 3278 4358 omnium
3331 4305 3579 4358 codicum
3627 4320 3890 4359 consensu

2298 4377 2517 4431 Martini
2550 4393 2659 4447 pra:
2685 4394 2744 4432 se
2773 4377 2879 4431 fert
2907 4391 3128 4430 nomen.
3165 4377 3238 4429 Ex
3270 4392 3376 4429 uno
3405 4388 3586 4431 tamen
3613 4375 3825 4432 Hal‘ltco
3845 4384 3894 4428 ct

2296 4449 2470 4503 altero
2498 4449 2654 4503 Coll).
2701 4463 2955 4504 revocare
2989 4448 3226 4516 placuit,
3271 4447 3562 4501 Marianas.
3607 4449 3715 4502 Nec
3752 4447 3888 4503 enim

2298 4521 2504 4590 isalins
2533 4521 2745 4574 videtur
2775 4537 2800 4571 a
2834 4518 3074 4573 Mariano
3116 4522 3243 4587 (seu
3278 4528 3337 4574 ut
3372 4522 3422 4572 in
3462 4534 3591 4572 mss.
3633 4523 3887 4590 pingitur,

2297 4589 2622 4664 Μαυνίιιηο),
2656 4589 2981 4664 Uziparensi,
3011 4591 3103 4661 qui
3133 4593 3195 4664 in,
3220 4591 3398 4644 fronte
3423 4589 3665 4664 concilii,
3695 4608 3760 4646 ex
3788 4606 3890 4664 quo

2299 4662 2414 4717 haac
2435 4663 2668 4734 epismla
2705 4662 2882 4734 missa
2905 4673 3010 4725 est,
3047 4663 3294 4731 proxime
3329 4673 3450 4730 post
3478 4663 3690 4731 legatos
3717 4662 3888 4716 nomi-

578 4744 879 4816 coqemur:
911 4718 1021 4782 sed.
1050 4729 1268 4816 iliegiti‘s‘
1291 4745 1413 4816 ins.
1461 4731 1697 4799 cogimur
1733 4745 1752 4782 :
1779 4729 1910 4816 sed.‘
1933 4718 2186 4816 Dleriquc
2219 4718 2264 4774 Ι)
2287 4718 2716 4816 ρίιιμνῖιιιιτὶξιόθ
2747 4718 3218 4816 Snbjicitu'r'apt’t‘d
3263 4718 3439 4816 lilérL,
3469 4718 3640 4816 (αἶὶονξ
3669 4734 3888 4816 episcopi

577 4803 692 4868 alii,
721 4815 1017 4872 cogeremur
1042 4815 1060 4852 :
1090 4799 1201 4853 sed.
1229 4800 1409 4863 Colb.,
1437 4816 1696 4870 cogemur,
1729 4799 1806 4853 rel
1837 4799 2184 4857 intolerabilia

576 4874 838 4942 patiemur
863 4887 882 4924 .'
905 4872 1013 4923 sed.

651 4943 676 4980 ἀ
717 4939 873 4998 Coll).
907 4957 1035 5004 ms.,
1064 4942 1313 4995 custodiri
1334 4943 1386 4995 in
1417 4941 1650 4996 omnibus
1674 4942 1909 4996 debeant.

651 5024 674 5050 ⁸
716 5012 869 5082 Apud
893 5012 1048 5067 Meri.
1069 5053 1083 5078 ,
1107 5014 1270 5068 (ἐι-ιιι).
1305 5024 1360 5069 et
1388 5014 1529 5069 Ju3t.
1556 5024 1613 5069 ut
1645 5017 1697 5068 in
1729 5030 1860 5068 mss.
1889 5014 2133 5083 plurihtts
2159 5059 2174 5084 ,

572 5085 956 5141 consentiente
986 5086 1218 5149 Graeco,
1260 5087 1306 5139 si
1351 5089 1487 5154 forte
1528 5104 1540 5139 :
1584 5102 1703 5155 qua:
1747 5085 1909 5140 lectio
1942 5089 2173 5156 primum

569 5159 832 5229 arriserat
861 5156 971 5229 hoc.
991 5169 1158 5229 sensu
1180 5174 1201 5229 7:
1234 5157 1341 5211 Sed
1366 5159 1410 5212 si
1433 5159 1566 5229 forte
1593 5157 1744 5211 aliter
1771 5156 1991 5212 habeant
2018 5175 2174 5213 cano-

567 5244 658 5282 nes
701 5227 907 5281 Nicteui
953 5225 1043 5294 (in
1077 5228 1376 5284 verissimis
1425 5225 1883 5297 exemplaribus),
1915 5232 2172 5284 credimus

562 5301 847 5372 adjuvante
869 5298 1244 5372 Amisericordia
1272 5298 1401 5366 Dei,
1445 5313 1547 5355 etc.
1593 5301 1947 5357 Postmodnm
1987 5311 2167 5356 tamen

559 5366 682 5426 cuin
716 5386 819 5426 ms.
859 5366 1015 5422 Colh.
1049 5384 1112 5424 ac
1138 5371 1349 5424 duobus
1382 5373 1612 5427 llarlzeis
1639 5373 2036 5439 prmfercndum
2066 5374 2166 5428 du-

558 5442 761 5508 ximus,
790 5441 890 5495 nisi
919 5443 1073 5511 forte.
1109 5443 1264 5512 Apud
1299 5444 1455 5510 Lab.,
1484 5447 1585 5499 nisi
1607 5447 1652 5498 si
1681 5445 1836 5513 forte,
1868 5444 2056 5500 addito
2095 5446 2161 5511 si,

627 5537 644 5567 ⁸
678 5537 972 5593 Maximum
1006 5537 1310 5593 Valentino:
1350 5538 1587 5592 civitatis
1609 5538 1950 5608 episc0pum,
1981 5539 2149 5593 Mani-

549 5607 843 5682 chaeorum
887 5610 1016 5664 olim
1073 5618 1224 5665 secta
1288 5609 1610 5676 involutum,
1646 5607 2147 5682 ’homicidiiqnein

547 5679 801 5754 saeculari
826 5681 1035 5750 judicio
1074 5682 1415 5747 damnatum,
1452 5691 1510 5736 et
1533 5683 1716 5754 multis
1745 5679 2152 5754 insuper'ﬂagi-

545 5751 640 5805 tiis
665 5765 1008 5821 coopertum,
1040 5762 1364 5808 accusarunt
1415 5752 1556 5822 apud
1591 5751 1929 5810 Bonifaciuin
1961 5751 2153 5811 clerici

546 5823 794 5904 ejusdem
843 5825 1141 5904 Ecclesim,
1167 5833 1480 5904 asserentes
1521 5825 1670 5904 illum
1713 5826 2156 5904 delegatiscon-

541 5892 858 5964 stltutisque
892 5897 942 5950 in‘
972 5895 1250 5965 provincia
1274 5896 1682 5965 cognitionibus
1711 5892 1904 5953 adesse
1933 5898 2156 5952 minimo

2286 4802 2392 4931 ἐκ
2421 4802 2873 4877 subscripserunt}
2905 4816 2959 4861 et
2985 4802 3126 4874 apud
3154 4805 3316 4860 Crah.
3343 4846 3358 4872 ,
3388 4815 3438 4860 et
3467 4807 3641 4861 cwteri
3666 4802 3886 4877 episcopi

2365 4946 2381 4985 ί
2427 4946 2694 5020 Beneficio
2741 4949 3126 5004 collectiooum
3191 4949 3432 5020 Dionysii
3494 4948 3732 5019 Exigui,
3785 4947 3883 5002 lla-

2280 5018 2454 5073 driani
2486 5019 2526 5079 1.
2560 5019 2811 5088 Hispana;
2833 5031 2888 5075 et
2919 5021 3108 5076 lsidori
3136 5021 3201 5076 ad
3231 5018 3629 5089 nos—pervenit.

2357 5089 2371 5140 ἱ
2423 5090 2650 5160 Regium
2686 5091 2813 5144 coll.
2847 5093 3006 5163 Dion.
3040 5093 3338 5163 exemplar,
3375 5095 3694 5159 Constantio,
3725 5102 3778 5147 et
3805 5093 3880 5147 in-

2283 5161 2360 5215 fra
2397 5163 2712 5225 Maurentio,
2748 5179 2844 5229 pro
2869 5162 3146 5219 Mauricio.

2356 5231 2381 5305 ξι
2420 5232 2476 5286 1η
2505 5233 2695 5288 eodem
2725 5237 2930 5301 codice,
2965 5246 3071 5290 tota
3100 5252 3325 5305 semper.

2356 5302 2374 5340 ι
2415 5305 2578 5359 Crab.
2608 5320 2671 5358 ac
2701 5305 2959 5375 deinceps
2983 5307 3114 5361 editi
3148 5302 3287 5372 libri,
3320 5318 3630 5362 vestrarum.
3663 5308 3875 5364 Rectius

2277 5374 2434 5432 Merl.
2464 5393 2583 5430 cum
2627 5393 2755 5432 mss.
2787 5374 3098 5432 nostrarum.
3138 5379 3252 5433 Non
3284 5380 3429 5433 enim
3469 5381 3692 5435 chartas
3723 5383 3876 5435 mise-

2275 5459 2398 5502 rant
2422 5448 2685 5518 episcopi,
2711 5449 2801 5518 qui
2827 5449 2898 5503 de
2925 5449 3026 5504 hac
3057 5466 3224 5505 causa
3256 5450 3519 5506 nihildum
3563 5461 3827 5509 noverant
3858 5471 3870 5506 :

2255 5541 2494 5619 voluisse
2529 5587 2543 5611 ,
2595 5544 2888 5619 omniaque
2935 5559 3152 5614 semper
3195 5545 3399 5616 judicia
3454 5548 3865 5619 subterfugisse.

2257 5612 2545 5681 Pontifex,
2575 5613 2700 5680 quia
2734 5617 2780 5668 is
2805 5612 3070 5669 Romam
3103 5612 3211 5671 noti
3250 5632 3497 5685 venerat,
3558 5612 3868 5680 intra'pro-

2255 5685 2868 5761 vinciamjudicantlum
2902 5686 3236 5761 decernens,
3267 5691 3538 5760 synodum
3573 5686 3862 5761 episcOpo-

2258 5772 2378 5812 rum
2403 5758 2493 5812 die
2527 5760 2750 5832 praeliso
2795 5760 3116 5827 congregari
3161 5758 3338 5831 jubei,
3367 5763 3418 5816 in
3452 5758 3628 5832 eaque
3652 5758 3862 5819 Maximi

2259 5843 2479 5910 causam
2507 5830 2727 5910 discuti,
2761 5838 2819 5886 et
2859 5832 3189 5910 sententiam
3243 5830 3360 5889 sive
3415 5835 3470 5890 in
3506 5830 3856 5906 praesentem,

2260 5901 2378 5955 sive
2408 5901 2461 5956 in
2493 5901 2799 5966 absentem,
2852 5900 3109 5970 proferri.
