4122 6346
283 332 386 390 757

1548 337 1907 396 EPISTOLt‘E
1947 337 2041 396 ΕΤ
2081 339 2402 398 DECRETA
2415 383 2427 395 .

3485 349 3590 406 758

279 465 397 505 rum
442 463 663 522 quoque
719 452 1032 508 chartarum
1093 453 1452 509 instrttctione
1492 455 1874 527 cognovimus.
1906 468 1956 528 Α
1985 456 2374 512 accusantibus
2415 470 2475 512 se
2519 456 2761 524 clericis,
2807 467 2995 527 posset
3028 459 3189 530 digna
3227 461 3447 518 tandem
3491 463 3595 519 ali-

278 543 380 613 Qui
420 545 736 601 econtrario
775 546 1024 616 probavit
1055 545 1124 600 de
1161 561 1222 604 se
1253 548 1344 602 illa
1376 564 1495 618 qua:
1526 548 1668 603 dicta
1716 556 1884 614 sunt,

280 648 305 677 ι
328 639 418 710 qui
449 639 516 694 ad
549 655 610 696 ea
641 638 995 703 confutanda,
1023 655 1145 694 cum
1177 652 1362 696 essent
1391 641 1699 705 innumera,
1728 656 1759 695 a
1787 640 1886 696 de-

277 733 592 788 cessorihus
641 734 777 788 meis
811 731 838 771 b
892 733 1219 802 provinciali
1260 734 1505 804 delegata
1550 733 1884 804 cognitione,

277 834 604 885 conventus.
638 825 804 881 etiam
833 825 1033 882 dicitur
1063 829 1318 892 evitasse,
1352 838 1408 883 et
1435 827 1631 883 adesse
1661 827 1887 884 minime

276 919 514 975 voluisse
538 919 869 992 (Nicolaust,
891 922 1042 993 epist.
1069 921 1178 990 59).
1209 921 1469 976 Etnullus
1489 921 1721 988 dubitat,
1740 920 1884 991 quod

279 1012 350 1068 ita
387 1011 653 1080 judicium
699 1028 902 1068 nocens
941 1013 1294 1081 subterfugit,
1330 1012 1792 1084 quemadmodum
1827 1020 1888 1068 ut

278 1105 598 1160 absolvatur
620 1105 816 1176 quiest
849 1107 1112 1161 innocens
1135 1107 1352 1177 quierit.
1374 1105 1483 1161 Sed
1513 1115 1692 1161 astuta
1721 1108 1888 1162 cavil-

275 1197 408 1253 latio
439 1215 656 1265 eorum,
687 1199 777 1266 qui
807 1201 1035 1254 versutis
1067 1200 1335 1271 agendum
1353 1200 1586 1255 credunt
1608 1215 1732 1256 esse
1755 1215 1889 1256 con-

275 1293 442 1357 siliis,
469 1309 763 1363 numquam
789 1294 1114 1350 innocentiae
1142 1310 1339 1351 nomen
1364 1296 1618 1364 accipiet.
1652 1294 1886 1352 Confite-

275 1395 363 1441 tur
392 1388 542 1442 enim
571 1388 640 1444 de
663 1389 939 1452 omnibus,
975 1387 1220 1460 quisquis
1251 1405 1310 1445 se
1338 1390 1716 1460 subterfugere
1742 1389 1888 1459 judi-

273 1483 417 1538 cium
463 1482 825 1541 dilationibus
866 1495 1038 1556 putat.
1069 1498 1090 1524 ο
1124 1485 1322 1542 Veniat
1367 1495 1548 1543 tamen
1590 1487 1885 1559 aliquando

275 1574 389 1642 ille,
429 1579 520 1647 qui
557 1577 683 1632 talis
723 1578 1070 1648 perhibetur,
1102 1578 1154 1632 in
1186 1579 1426 1634 medium
1471 1598 1484 1633 :
1526 1595 1630 1635 nec
1661 1579 1886 1648 prodest

273 1667 376 1734 illi,
407 1670 572 1724 toties
594 1669 843 1736 latuisse,
866 1671 1031 1726 toties
1053 1671 1472 1742 subterfugisse,
1497 1687 1660 1744 quem
1685 1673 1767 1728 sui
1794 1687 1884 1728 ac—

272 1769 360 1815 tus
386 1768 442 1816 et
486 1763 806 1827 commissa,
841 1778 1187 1834 quocumque
1213 1762 1432 1834 fugerit,
1487 1780 1546 1819 ea
1589 1781 1712 1835 qua:
1745 1765 1885 1842 obji-

1989 548 2245 619 quando,
2296 559 2656 621 prtescntatus
2685 551 2986 622 episcOpali
3009 551 3237 623 judicio,
3269 555 3598 623 pronuntia-

1990 645 2152 700 tionis
2178 660 2433 716 congruai
2464 645 2612 700 feriri
2634 649 2944 712 sententia;
2973 645 3327 719 (quamquam
3360 649 3436 703 illi
3469 665 3596 706 cum

1992 739 2107 792 ha'c
2149 735 2165 773 ί
2201 738 2376 793 edicta
2411 738 2593 806 fuerit,
2623 755 2746 808 quae
2776 748 2952 808 potest
3002 740 3162 810 hujus
3194 741 3433 796 nominis
3473 757 3599 798 esse

1984 830 2222 900 jactura,
2251 830 2344 900 qui
2379 830 2491 902 (Ill,
2524 840 2712 903 quast.
2739 831 2796 896 9,
2827 849 2874 885 ο.
2903 832 3010 889 1οξ
3043 831 3160 900 Ιυο,
3189 851 3246 906 ρ.
3281 834 3336 900 5,
3377 851 3424 888 c.
3463 833 3594 902 271,

1989 933 2110 995 etp.
2148 923 2204 988 6,
2246 940 2291 976 ε.
2325 923 2456 993 558)
2490 925 2753 990 pudorem
2799 941 3090 997 numquam
3126 925 3384 983 habuisse
3423 943 3606 984 sacer-

1990 1014 2122 1069 dotii
2155 1015 2490 1084 perhibetur,
2535 1026 2589 1070 et
2616 1017 2794 1070 locum
2823 1033 2980 1072 suum
3017 1032 3086 1073 ne
3127 1017 3347 1074 modico
3377 1019 3598 1086 quidem

1995 1121 2239 1180 tempore
2285 1110 2688 1181 custodisse?)
2732 1111 3051 1167 dilationem
3089 1122 3270 1167 tamen
3324 1114 3597 1181 dedimus,

1990 1215 2045 1257 et
2074 1203 2417 1258 decrevimus
2441 1213 2681 1258 vestrum
2710 1203 2911 1261 debere
2943 1207 3089 1261 intra
3110 1207 3452 1278 provinciam
3476 1223 3601 1263 esse

1988 1294 2255 1366 judicium
2282 1338 2295 1361 ,
2335 1306 2390 1351 et
2419 1298 2739 1367 congregari
2771 1298 3042 1369 synodum
3079 1310 3204 1354 ante
3236 1299 3378 1354 diem
3409 1297 3601 1354 kalen-

1989 1387 2179 1441 darum
2211 1386 2604 1443 Novembrium
2633 1407 2645 1442 :
2682 1399 2734 1442 ut
2767 1391 2810 1443 si
2840 1389 3034 1445 adesse
3063 1391 3322 1456 voluerit,
3356 1405 3599 1459 pr.rsens

1990 1479 2038 1535 si
2063 1480 2284 1536 confidit
2312 1481 2378 1536 ad
2410 1481 2624 1551 objecta
2646 1485 2979 1551 reSpondeat
3009 1485 3089 1548 ;si
3121 1500 3248 1538 vero
3280 1484 3478 1539 adesse
3502 1498 3596 1537 nc-

1988 1575 2218 1644 glexerit
2241 1619 2255 1643 ,
2297 1575 2616 1631 dilationem
2647 1578 2940 1631 sementim
2969 1577 3039 1632 de
3083 1579 3330 1634 absentia
3365 1594 3472 1634 non
3510 1579 3597 1633 lu-

1989 1677 2191 1724 cretur.
2227 1667 2362 1724 Nam
2407 1667 2756 1725 manifestum
2813 1678 2900 1724 est
2940 1670 3190 1726 confiteri
3235 1687 3358 1744 cum
3396 1671 3464 1724 de
3495 1670 3605 1725 eri-

1990 1762 2159 1829 tniue,
2191 1762 2280 1831 qui
2313 1760 2526 1816 indulto
2556 1771 2612 1816 et
2640 1763 2807 1816 toties
2833 1762 3085 1833 delegato
3104 1763 3307 1833 judicio
3333 1763 3602 1834 purgandi

275 1859 499 1912 ciuntur
553 1857 652 1924 illi,
705 1858 750 1912 si
799 1874 923 1913 vera
979 1867 1126 1922 sunt,
1174 1857 1405 1913 crimina
1460 1870 1876 1929 persequuntur.
1912 1865 1957 1924 Β
1987 1868 2047 1910 se
2083 1854 2376 1910 occasione
2404 1871 2513 1910 non
2544 1855 2739 1909 utitur.
2779 1854 2926 1908 Nihil
2956 1855 3097 1910 enim
3134 1857 3384 1921 interest,
3418 1865 3599 1911 utrum

275 1948 590 2004 Debueram
641 1950 860 2021 quidem
905 1951 1014 2021 jam
1061 1967 1206 2006 nunc
1252 1948 1279 1988 ἀ
1331 1951 1573 2021 dignam,
1616 1968 1712 2021 pro
1759 1952 1880 2023 ejus

269 2042 544 2096 accusatis
577 2043 630 2095 in
673 2054 864 2096 nostro
893 2041 1100 2111 judicio
1127 2042 1365 2108 actibus,
1390 2043 1480 2112 qui
1510 2045 1877 2114 cognitionem

270 2144 325 2191 et
356 2136 637 2191 decretum
663 2135 928 2204 judicium
961 2151 1108 2207 saepe
1136 2135 1461 2191 declinando
1489 2135 1723 2191 credidit
1754 2137 1877 2191 illu-

269 2227 526 2290 dendum.
557 2228 701 2284 ferre
723 2229 1052 2285 sententiam
1087 2247 1099 2284 :
1127 2241 1182 2284 at
1206 2245 1273 2285 ne
1295 2229 1492 2300 aliquis
1526 2239 1549 2267 ε
1580 2245 1877 2301 praecocem

270 2315 804 2392 forsitanjndicaret,
829 2332 882 2376 et
903 2323 1006 2376 sibi
1030 2323 1120 2392 qui
1144 2322 1343 2377 absens
1360 2333 1464 2391 est,
1493 2323 1622 2378 licet
1642 2326 1711 2379 sit
1731 2341 1881 2396 quae-

270 2414 408 2469 situs
439 2429 478 2480 _a
509 2415 693 2481 nobis,
727 2424 1065 2471 reservatum
1088 2431 1212 2472 esse
1237 2417 1375 2471 nihil
1405 2417 1650 2486 diceret;
1683 2421 1879 2476 malui-

273 2524 392 2564 mus
433 2509 848 2580 intercapedine
881 2513 1141 2580 temporis
1180 2511 1304 2566 data
1339 2511 1571 2579 differri,
1610 2529 1732 2568 cum
1773 2513 1878 2570 hoc

269 2601 437 2659 etiam
471 2603 596 2673 ejus
639 2615 991 2660 accusatores
1022 2616 1360 2673 assererem,
1395 2607 1461 2661 de
1501 2603 1520 2644 ί
1552 2606 1664 2661 suis
1697 2607 1876 2664 inten-

272 2694 514 2750 tionibus
543 2705 600 2750 et
638 2696 887 2751 moribus
927 2696 1008 2751 sic
1056 2711 1309 2752 securum
1358 2696 1674 2764 Maximum,
1727 2708 1878 2754 tanto

271 2789 442 2859 magis
460 2787 772 2844 damnanda
793 2789 1164 2857 committere,
1192 2798 1395 2860 quanto
1420 2791 1631 2846 tardius
1658 2806 1720 2847 se
1747 2806 1880 2846 con-

272 2881 467 2937 stituto
502 2881 712 2949 judicio
753 2890 779 2928 8
812 2892 1192 2953 prtesentaret.
1240 2884 1413 2952 Quem
1454 2885 1876 2942 Manichmorum

278 2975 584 3030 involutum
629 2975 887 3047 caligine,
916 2986 1152 3048 arguunt
1174 2979 1316 3047 turpi
1340 2989 1488 3034 secta
1517 2979 1650 3034 olim
1681 2980 1777 3046 ita,
1810 2995 1879 3035 ne

272 3085 397 3125 eum
447 3069 623 3140 possit
663 3070 908 3137 abluere,
952 3072 1191 3126 animum
1223 3072 1560 3140 sortlidasse,
1592 3072 1645 3127 in
1679 3074 1878 3143 proba-

271 3165 474 3218 tionem
510 3162 740 3232 objectae
771 3161 853 3218 rei
879 3173 1028 3234 gesta
1068 3165 1355 3236 synodalia
1385 3165 1728 3236 proferentes
1759 3182 1774 3232 ;
1823 3176 1879 3222 et

267 3257 580 3312 commissis
616 3257 918 3311 involutum
947 3257 1188 3329 undique
1229 3259 1484 3329 ﬂagitiis,
1515 3258 1725 3314 nullum
1751 3275 1876 3314 eum
1909 3257 1954 3320 C

267 3354 522 3406 sanitatis
572 3351 830 3407 habuisse
872 3363 1205 3423 respectum.
1251 3352 1423 3422 Quem
1454 3353 1637 3409 furore
1679 3369 1779 3408 suo
1825 3365 1881 3410 et

268 3445 459 3500 insana
501 3444 810 3500 temeritate
861 3443 929 3498 ad
974 3445 1316 3499 saecularium
1366 3462 1582 3516 quoque
1632 3448 1879 3516 judicum

267 3537 569 3594 tribunalia
599 3536 877 3592 subditum
909 3537 1238 3608 quaestioni,
1267 3539 1413 3609 quod
1449 3540 1502 3593 in
1543 3540 1634 3595 vili
1663 3555 1882 3612 quoque

268 3647 502 3702 persona
542 3630 920 3700 turpissimum
962 3642 1082 3697 est,
1113 3631 1414 3700 objicerent
1441 3635 1791 3703 pervenisse,
1826 3644 1882 3690 et

267 3723 559 3781 homicidii
602 3722 922 3778 damnatum
965 3721 991 3760 ιι
1029 3736 1307 3794 asserunt,
1352 3725 1524 3794 gestis
1573 3727 1796 3797 prolatis
1827 3728 1878 3781 in

267 3817 508 3872 medium
538 3833 552 3869 :
586 3825 642 3872 et
668 3816 814 3872 hunc
842 3817 1004 3870 talem
1036 3832 1156 3888 p051
1185 3827 1329 3871 tanta
1361 3818 1598 3888 taliaque
1620 3819 1880 3874 commis-

269 3924 328 3964 sa
350 3911 707 3981 episcopatus
728 3909 906 3965 adhuc
927 3909 1030 3965 sibi
1057 3927 1252 3966 nomen
1282 3911 1335 3965 in
1361 3913 1474 3967 suis
1498 3914 1739 3969 latibulis
1760 3915 1846 3968 vin
1864 3945 1881 3957 -

271 4001 456 4057 dicare
484 4002 538 4056 itt
581 4003 819 4072 propriae
859 4001 1094 4059 civitatis
1128 4003 1427 4070 infamiam,
1460 4007 1643 4059 nimiis
1667 4007 1880 4061 dolori-

272 4095 372 4151 bus
422 4105 856 4165 conqueruntur,
906 4105 959 4151 et
1007 4108 1253 4151 sanctum
1301 4113 1499 4152 nomen
1545 4098 1882 4154 vindicando

271 4191 374 4247 sibi
410 4190 553 4246 velle
585 4191 852 4261 polluere.

340 4309 398 4363 2.
454 4309 712 4378 ldeoque,
768 4307 970 4363 fratres
1017 4309 1355 4375 charissimi,
1407 4308 1533 4378 quia
1580 4306 1884 4362 audiendus

274 4401 361 4458 hic
410 4411 747 4473 praesentare
791 4416 851 4459 se
894 4403 1092 4467 noluit,
1134 4418 1202 4458 ne
1229 4401 1510 4458 convictus
1547 4400 1779 4457 forsitan
1817 4401 1886 4457 ab

1986 1949 2040 2004 in
2094 1949 2345 2019 praesenti
2385 1953 2636 2006 examine
2686 1952 2872 2004 omnia
2898 1952 3057 2021 quaci
3101 1952 3252 2007 dicta
3278 1962 3407 2006 sunt
3437 1969 3595 2008 com-

1987 2042 2308 2113 probentur,
2340 2057 2464 2096 cum
2491 2042 2608 2113 ipsa
2641 2057 2856 2114 quoque
2889 2058 2988 2113 pro
3011 2042 3364 2099 confessione
3395 2060 3596 2115 procu-

1983 2143 2101 2190 rata
2138 2133 2298 2188 toties
2338 2145 2557 2189 constet
2594 2133 2867 2190 absentia.
2900 2134 3012 2190 Nos
3052 2147 3235 2190 autem
3269 2151 3366 2205 per
3398 2143 3599 2193 Omnes

1983 2229 2296 2300 provincias
2353 2230 2567 2284 litteras
2625 2227 2646 2264 ιε
2690 2229 3007 2300 dirigimus,
3063 2246 3130 2286 ne
3175 2231 3596 2288 excusationem

1982 2323 2084 2378 sibi
2122 2323 2482 2394 ignorationis
2519 2323 2807 2388 obtendat,
2840 2332 2899 2377 ut
2927 2324 2992 2378 ad
3027 2323 3364 2394 provinciam
3411 2324 3598 2379 venire

1983 2425 2246 2487 cogatur,
2293 2425 2349 2472 et
2389 2416 2503 2471 illic
2535 2431 2596 2472 se
2635 2417 2936 2472 constituto
2982 2427 3320 2487 praesentare
3359 2417 3590 2487 judicio.

1979 2508 2251 2579 Quidquid
2282 2519 2466 2565 autem
2495 2521 2681 2565 vestra
2710 2510 2966 2565 Charitas
2992 2511 3060 2565 de
3089 2511 3192 2566 hac
3217 2526 3385 2566 causa
3418 2515 3591 2567 duxe-

1983 2605 2054 2658 rit
2075 2603 2506 2671 decernendutn,
2535 2617 2660 2658 cum
2690 2603 2755 2658 ad
2779 2620 2878 2660 nos
2908 2604 3140 2660 relatum
3166 2608 3346 2674 fuerit,
3376 2617 3589 2672 nostra,

1979 2709 2039 2754 ut
2069 2699 2336 2755 condecet
2361 2741 2376 2766 ,
2407 2714 2633 2755 necesse
2663 2710 2744 2754 est
2775 2700 3110 2755 auctoritate
3153 2699 3421 2755 firmetur.
3459 2700 3591 2754 Data

1981 2794 2084 2850 sub
2128 2795 2218 2849 die
2260 2793 2382 2848 idus
2429 2793 2623 2849 Junias
2662 2793 2819 2869 (Jun.
2854 2795 2942 2861 15,
2983 2811 3107 2849 amt.
3146 2793 3302 2864 H9),
3330 2794 3585 2852 Monaxio

1982 2889 2102 2943 viro
2141 2888 2449 2944 clarissimo
2479 2887 2728 2944 consule.

2618 3067 2936 3125 MONITUM

2269 3203 2322 3242 IN
2359 3201 2494 3243 DUAS
2539 3200 2827 3241 EPISTOLAS
2863 3199 3292 3250 ευΒςερυεΝτεε.

2063 3328 2117 3382 1.
2158 3325 2349 3382 Ambae
2400 3326 2453 3378 itt
2505 3323 2758 3378 Romano
2793 3321 3034 3376 Concilio
3075 3321 3178 3375 sub
3217 3318 3501 3375 Bonifacio
3551 3319 3595 3373 ll

1989 3402 2254 3459 recitatae,
2286 3399 2514 3466 ejusque
2539 3395 2678 3448 actis
2711 3394 2964 3466 insertae,
3001 3393 3347 3466 postmodum
3379 3390 3588 3466 a_Luca

1990 3472 2281 3526 llolstenio
2315 3463 2365 3523 in
2399 3463 2727 3523 collectiotte
2765 3463 3014 3518 Romana
3051 3465 3305 3534 bipartito
3345 3463 3585 3534 vulgata:

1987 3551 2136 3598 sunt.
2173 3541 2283 3596 Eas
2320 3538 2654 3605 conscripsit
2685 3536 2999 3591 Bonifacius
3039 3551 3108 3590 ex
3147 3535 3440 3606 occasimte
3468 3533 3584 3588 Pe-

1983 3615 2206 3684 ι’ίῧθηίεν
2247 3615 2336 3681 qui
2367 3611 2619 3684 Corinthi
2670 3607 2948 3684 natuspin
2991 3608 3181 3662 eadem
3223 3606 3457 3661 ecclesia
3493 3621 3586 3660 re-

1989 3679 2182 3750 natus,
2242 3679 2489 3754 ejusque,
2531 3683 2684 3736 clero
2733 3679 3014 3754 adscitus_,
3067 3693 3342 3754 cutn__per
3391 3691 3585 3754 omnes

1987 3748 2314 3816 clericorum
2363 3748 2566 3826 gradus
2613 3755 2930 3826 meruisset,
2975 3750 3333 3826 Patrensibus
3371 3748 3594 3818 quidem

1986 3846 2015 3883 a
2063 3822 2475 3884 Corinthiorum
2528 3825 2786 3894 praesule,
2830 3826 3001 3878 totius
3050 3822 3341 3891 provincia:
3388 3832 3592 3894 appro-

1987 3902 2151 3956 bante
2200 3901 2448 3973 synodo,
2498 3891 2784 3973 ordinatus
2833 3895 3015 3973 fuerat
3042 3891 3587 3973 epi_sco‘pus;_s_ed.a

1993 3973 2147 4042 plebe
2195 3961 2483 4040 repulsus,
2537 3967 2884 4042 postmodum
2921 3965 2990 4042 ab
3042 3961 3173 4042 ipsis
3201 3961 3503 4042 Corinthiis
3535 3961 3593 4014 in

1989 4034 2308 4112 episeopurn
2347 4034 2637 4112 cooptatus
2668 4047 2771 4112 est.
2807 4036 3168 4112 Postulationi
3199 4049 3388 4112 eorum
3426 4034 3597 4112 inter.

1988 4103 2265 4170 cedebant
2302 4110 2572 4174 nonnulli,
2607 4109 2752 4180 apud
2793 4123 2934 4175 quos
2964 4122 3026 4158 ea
3047 4105 3347 4180 obtinebat
3375 4103 3592 4180 religio,

1989 4195 2049 4240 ut
2070 4199 2334 4246 canones,
2363 4182 2453 4248 qui
2476 4173 2862 4254 episcoporum
2887 4176 3293 4254 translatimtes
3307 4173 3592 4254 vetabant,

1988 4257 2180 4310 violari
2209 4245 2491 4315 titncrent,
2521 4251 2566 4305 si
2601 4245 2690 4319 qui
2724 4251 2811 4304 uni
2840 4246 3302 4319 ecclesiaasemel
3327 4245 3592 4307 ordinati,

1989 4329 2124 4384 licet
2156 4327 2225 4381 ab
2253 4341 2316 4381 ea
2348 4317 2641 4391 numquam
2670 4321 2936 4394 suscepti,
2965 4318 3122 4394 alteri
3156 4317 3594 4394 praeficerentur.

1990 4399 2167 4469 Quam
2237 4398 2308 4453 ob
2374 4386 2596 4450 causam
2666 4390 2940 4447 Corinthii
2996 4389 3183 4445 sedem
3243 4386 3603 4458 apostolicam

272 4611 367 4668 sed
393 4610 674 4666 Bonifacio
706 4619 903 4680 praesto
930 4619 1092 4665 erant
1116 4611 1320 4666 chartae
1357 4609 1707 4664 decessorum
1742 4621 1872 4661 suo-
1900 4607 1956 4667 D
1983 4606 2167 4680 Me_rl.,
2199 4606 2332 4680 hanc
2363 4618 2424 4680 ne
2451 4599 2640 4680 aliquis
2667 4613 2836 4668 prteco
2864 4604 2911 4680 et
2934 4611 3082 4680 quem
3111 4593 3385 4680 iudicaret.

273 4701 418 4749 rum,
443 4684 532 4749 qui
565 4684 684 4752 ejus
713 4683 1077 4752 citgnitionent
1103 4682 1442 4752 delegarant.
1472 4680 1576 4734 llas
1607 4680 1766 4752 igitur
1790 4694 1877 4752 ree

273 4755 428 4810 citari
460 4756 563 4808 sibi
603 4755 763 4824 jussit
779 4751 801 4820 ,ί
836 4768 886 4808 et
931 4754 1054 4809 inde
1088 4770 1212 4808 vera
1243 4751 1376 4808 esse
1399 4796 1413 4820 ,
1441 4767 1563 4822 qua:
1602 4751 1880 4808 Valentini

272 4827 459 4883 clerici
489 4825 844 4893 asserebant,
879 4826 1218 4896 recognovit.

343 4907 370 4936 ι
416 4900 554 4953 fidit.
589 4897 746 4952 Rom.
785 4908 909 4966 post
934 4894 1123 4963 Crah.,
1166 4898 1296 4951 cui:
1333 4895 1733 4965 refragantibus
1763 4894 1882 4948 aliis

272 4969 443 5025 libris.
509 4970 722 5024 Plenior
763 4980 912 5024 esset
945 4968 1104 5024 lectio
1149 4970 1201 5023 in
1245 4969 1389 5024 hunc
1433 4968 1676 5032 modum,
1707 4977 1884 5036 utpote

275 5044 383 5112 qui,
413 5042 620 5097 scilicet
641 5052 939 5095 conventus.

347 5113 374 5152 δ
415 5114 474 5168 In
499 5113 686 5168 iisdem
721 5113 876 5178 edit.,
903 5111 1242 5184 provincialis
1257 5122 1332 5165 est
1366 5111 1604 5182 delegata
1637 5110 1880 5184 cognitio.

277 5185 517 5241 Verbum
549 5195 620 5238 est
645 5201 751 5239 non
774 5183 954 5238 exstat
979 5185 1030 5238 in
1057 5199 1186 5237 mss.
1213 5183 1478 5250 Quocirca
1510 5183 1678 5253 magis
1706 5183 1887 5250 placet

275 5272 398 5312 cum
429 5259 618 5322 Sirtn.,
653 5258 956 5325 provinciali
992 5257 1224 5324 delegata
1271 5257 1600 5326 cognitione.
1633 5256 1754 5308 Jam
1796 5269 1889 5326 sue

278 5330 463 5399 peritis
495 5327 745 5394 legimus,
775 5327 1011 5397 delegata
1045 5329 1191 5381 toties
1221 5329 1532 5399 cegnitione.
1568 5325 1888 5399 Ilujusmotli

277 5395 460 5455 autem
484 5401 754 5470 delegatio
775 5395 1142 5454 consentanea
1165 5395 1652 5453 eratWSardicensis
1674 5395 1888 5452 concilii

278 5473 476 5527 cationi
505 5475 558 5526 7.

352 5555 373 5583 ο
418 5544 582 5612 Editi,
605 5543 768 5598 veniet
793 5552 962 5595 tanien
982 5559 1000 5606 ;
1022 5551 1076 5595 et
1096 5555 1246 5608 mox,
1270 5540 1498 5596 Merlino
1521 5550 1771 5609 excepto,
1802 5555 1894 5594 nec

278 5617 511 5688 proderit
542 5630 561 5671 :
588 5615 938 5684 corriguntur
966 5629 1032 5666 ex
1063 5627 1196 5667 mss.

350 5685 378 5725 ἀ
419 5689 477 5743 lu
535 5689 668 5759 Reg.
713 5682 842 5752 ms.,
899 5700 1038 5738 nunc
1080 5700 1360 5753 umquam,
1421 5682 1560 5737 forte
1615 5697 1711 5752 pro
1760 5699 1894 5736 nunc

277 5776 503 5831 aquam.

357 5848 380 5869 υ
424 5832 679 5901 Plerique
708 5844 868 5890 mss.,
907 5841 1248 5901 prtecoquem:
1282 5825 1386 5879 Alii
1429 5825 1538 5880 duo
1575 5840 1697 5879 cum
1726 5822 1892 5901 Crab.

279 5903 443 5958 Sirm.
496 5913 552 5958 et
593 5895 752 5967 Lab.,
803 5895 1153 5969 prtrcoquaut.
1203 5895 1468 5966 Corrupte
1510 5904 1694 5953 autem
1753 5896 1894 5964 apud

2061 4657 2443 4746 t"lnivttlgalis
2469 4718 2483 4738 ,
2518 4657 2582 4724 tie
2622 4657 2843 4746 quorum
2874 4657 3242 4721 intentionibus
3280 4681 3339 4719 ac
3362 4657 3607 4746 _moribus

1983 4751 2049 4804 sit
2071 4737 2335 4804 securum:
2367 4737 2558 4800 Exstat
2581 4737 2798 4811 quidem
2831 4754 3032 4810 magno
3061 4752 3334 4811 consensu
3360 4737 3411 4792 in
3444 4750 3605 4811 tnss.,

1985 4823 2051 4875 de
2078 4826 2228 4896 cujus
2250 4806 2619 4872 intentionibus
2639 4827 2682 4866 et
2707 4806 2969 4895 moribus:
2989 4811 3082 4866 sed
3108 4825 3230 4865 cum
3250 4808 3302 4863 in
3329 4806 3607 4890 plerisque

1987 4909 2050 4947 ac
2096 4887 2398 4961 potioribus
2445 4896 2702 4961 sequatur
2740 4887 2814 4938 sic
2863 4899 3145 4961 securum;
3189 4897 3288 4936 nos
3341 4887 3606 4937 orationis

1989 4957 2161 5019 series
2195 4962 2427 5019 induxit.
2463 4970 2518 5013 ttt
2551 4960 2659 5012 suis
2691 4957 2811 5011 loco
2835 4957 2985 5019 cuius
3010 4957 3450 5010 restitueremus.

2065 5045 2089 5082 ε
2116 5036 2279 5095 Editi,
2303 5031 2621 5101 pra'sentarit
2639 5028 3109 5101 :emendanturex
3131 5025 3369 5101 scriptis.
3397 5021 3607 5101 Deinde

1999 5096 2407 5161 Manichaeorum
2440 5101 2664 5156 notnine
2692 5099 3136 5154 Priscillianistas
3165 5096 3443 5169 designari
3469 5109 3602 5149 eru-

1995 5178 2092 5233 diti
2120 5179 2314 5232 merito
2345 5183 2589 5229 censent.

2068 5248 2096 5286 h
2123 5249 2256 5320 Reg.
2291 5263 2422 5303 mss.
2450 5250 2674 5298 asserem
2702 5240 2925 5320 ;Col_b.,
2957 5252 3262 5320 assererem.

2076 5320 2091 5358 ί
2120 5311 2310 5376 Ριυντυε
2338 5333 2470 5372 mss.
2500 5331 2620 5369 eum
2662 5317 2900 5376 excusis,
2935 5316 3117 5368 edocto
3145 5313 3360 5382 fuerint.
3388 5311 3542 5368 Unus
3567 5326 3602 5366 ο

1997 5393 2250 5459 C0islin.,
2296 5389 2468 5458 prima
2511 5403 2670 5441 manu
2699 5427 2712 5449 ,
2761 5385 2941 5459 educta
2989 5386 3166 5452 fuerit.
3219 5387 3400 5459 Reg,
3430 5383 3605 5438 edicta

2001 5466 2214 5536 fuerint.
2238 5456 2531 5536 ’E'gemina
2580 5459 2668 5512 illa
2723 5457 2953 5536 lectione
2979 5457 3330 5526 componitur
3360 5456 3598 5522 sincera,

2002 5529 2173 5602 edicta
2197 5529 2375 5606 fuerit,
2400 5531 2521 5587 scil.
2553 5529 2822 5606 sententia.

2079 5609 2092 5659 i
2137 5597 2364 5678 Regium
2398 5603 2703 5669 exemplar,
2739 5603 2906 5661 posita
2935 5609 3076 5678 sunt.
3120 5597 3610 5678 Non_displicer_et

2003 5669 2269 5752 proposita
2315 5684 2460 5738 sunt,
2513 5678 2751 5727 maxime
2788 5688 2911 5726 eum
2937 5670 3207 5752 “epistola:
3250 5669 3413 5752 hujus
3439 5669 3602 5726 initio

2004 5739 2384 5823 prauitittatur,
2417 5759 2792 5823 rnorossnres
2813 5760 2903 5814 per
2931 5739 3160 5796 libellum
3185 5742 3424 5797 crimina.

2077 5827 2098 5860 ¹ί
2127 5823 2220 5879 Sic
2250 5836 2379 5878 mss.
2413 5819 2487 5876 At
2506 5817 2662 5883 editi,
2691 5815 2990 5886 dirigemus.
