4122 6346
337 349 432 402 76!

1525 343 1888 400 EPISTULE
1931 339 2016 396 ET
2062 338 2378 396 DEGBETA
2394 381 2406 394 .

3521 339 3630 394 762

333 468 376 520 ιι
397 488 432 526 ι,
461 481 656 535 magna
681 465 1078 519 deliberatione
1103 477 1454 532 suspensum,
1487 470 1543 514 ut
1576 460 1734 530 hujus
1765 459 1922 513 milis
1950 460 2002 520 Α
2031 471 2148 510 tntis.
2182 455 2510 511 industriam
2537 494 2550 518 ,
2596 455 2692 524 qui
2725 468 2796 509 ne
2823 453 3062 508 videaris
3096 453 3186 509 tibi
3220 453 3511 507 commissa
3539 470 3634 509 ue-

330 567 516 628 pastor
571 556 766 623 fieret,
815 557 864 610 in
923 557 1078 624 cujus
1126 555 1299 609 caulis
1354 569 1503 606 suam
1556 571 1585 606 a
1636 552 1928 608 cunabulis

333 649 693 717 transegisset
759 648 1020 702 ειξιτιιριῑιῖ
1079 645 1290 699 Judicia
1341 645 1441 700 Dei
1497 648 1712 715 abyssus
1768 645 1930 697 multa

332 738 522 811 (Psal.
551 755 714 807 xxxv,
745 741 811 812 7)
836 757 850 793 :
876 741 1019 809 quod
1051 754 1293 810 congrue
1314 749 1565 808 aptatnus
1585 738 1921 807 exetuplum,

333 845 386 888 et
441 851 604 890 nemo
654 835 908 890 crederet
951 835 1095 904 quod
1150 835 1202 887 in
1252 833 1587 888 ordinatoris
1631 831 1927 902 aliquando

329 926 504 980 locum
539 927 825 998 subrogari
859 936 1068 998 posset,
1089 936 1114 964 ’ί
1145 926 1271 996 quia
1307 926 1484 984 fuerat
1533 927 1600 978 ab
1629 925 1750 979 aliis
1777 924 1923 978 ordi-

329 1031 514 1076 natus.
549 1020 667 1075 Non
698 1021 915 1092 ambigo
960 1021 1203 1076 cmlesds
1236 1029 1366 1074 tunc
1412 1019 1554 1073 ismd
1591 1019 1758 1072 fuisse
1797 1033 1925 1072 scn-

329 1112 538 1166 lentiae.

393 1203 450 1259 4.
493 1203 608 1271 Qua
628 1201 655 1243 ι)
689 1205 772 1259 vel
799 1218 1075 1260 consensu
1107 1203 1198 1274 qui
1227 1203 1338 1258 illic
1365 1203 1750 1259 anctt‘tritatem
1780 1203 1924 1258 sedis

323 1297 643 1363 apostolicae
691 1297 1130 1367 prtesentabant,
1183 1313 1308 1350 eum
1361 1297 1413 1350 in
1461 1306 1773 1351 nostrorum
1824 1315 1923 1352 nu-

325 1405 536 1446 merum
588 1391 884 1460 recipimus
918 1409 930 1445 :
963 1399 1018 1446 et
1063 1394 1115 1445 ιιι
1164 1407 1258 1445 eos
1297 1405 1529 1448 necesse
1556 1403 1641 1447 est
1679 1393 1922 1464 vigorem

322 1499 609 1550 censurm,
644 1487 732 1556 qui
765 1495 957 1541 contra
989 1495 1236 1540 nostrtttn
1271 1485 1474 1541 factum
1524 1501 1643 1555 post
1679 1487 1794 1542 haec
1831 1504 1926 1543 ne-

321 1579 622 1634 scientibus
679 1582 890 1640 nostris
948 1581 1180 1636 incitare
1228 1581 1484 1636 dicuntur
1542 1584 1810 1652 papulos,
1877 1586 1921 1640 si

320 1672 694 1740 perstiterint,
727 1688 1073 1728 CKSL'P'JIIIUS.
1105 1675 1264 1740 Quod
1293 1675 1510 1746 quidem
1561 1685 1614 1730 et
1660 1677 1920 1732 Dilectio-

321 1780 444 1818 ncm
500 1776 646 1821 tuam
702 1767 756 1822 in
809 1783 906 1822 eos
952 1785 1017 1824 ex
1072 1779 1258 1824 nostra
1321 1771 1689 1839 praeceptione
1741 1773 1922 1829 facere

2030 551 2235 620 gligere
2256 591 2271 616 ,
2304 550 2356 606 id
2386 565 2494 605 non
2532 549 2908 620 printer-mittis
2938 549 3140 605 litteris
3171 549 3412 604 indicare
3437 590 3454 614 ,
3485 552 3629 621 quod

2029 644 2178 700 sedis
2203 646 2522 716 apostolicae
2550 644 2755 700 debeat
2782 659 3023 700 censura
3053 645 3335 715 corrigere
3360 662 3374 698 :
3407 643 3552 698 hunc
3583 653 3633 699 te

2032 736 2125 792 Dei
2153 738 2322 794 nostri
2351 738 2554 793 habere
2589 739 2869 803 professus
2895 737 3171 803 timorem,
3203 752 3363 804 quem
3398 736 3632 804 pruden-

2031 831 2242 887 tissitno
2272 831 2453 889 inesse
2477 835 2733 888 convenit
2761 832 3036 887 sacerdoti
3062 850 3076 898 ;
3107 834 3198 902 qui
3228 841 3356 887 tunc
3388 831 3486 886 tibi
3508 846 3632 886 esse

2029 925 2228 994 poterit
2268 925 2546 994 gloriosus
2573 971 2588 994 ,
2637 926 2685 982 si
2727 941 2790 979 ea
2838 939 2960 994 qua:
2998 941 3146 982 cura:
3189 933 3297 978 tua,-
3336 923 3632 978 commissa

2028 1030 2187 1086 sunt,
2225 1021 2490 1089 prodesse
2524 1019 2776 1074 ecclesiis
2807 1018 3077 1074 fuerimus
3115 1018 3346 1088 experti.
3385 1017 3635 1072 lntuetur

2029 1111 2174 1165 enim
2217 1121 2298 1176 te,
2333 1122 2389 1164 ιιι
2422 1113 2674 1181 epistolis
2712 1115 2822 1168 tuis
2855 1112 2970 1183 ipse
3019 1111 3251 1166 ﬁdeliter
3282 1125 3343 1166 es
3384 1111 3629 1179 locutus,

2026 1205 2378 1261 beatissimus
2419 1206 2614 1262 Petrus
2648 1207 2938 1276 apostolus
2981 1205 3158 1261 oculis
3200 1206 3314 1260 suis
3345 1245 3359 1272 ,
3393 1205 3630 1276 qualiter

2027 1303 2226 1355 summi
2259 1303 2493 1356 rectoris
2531 1301 2704 1356 utaris
2752 1303 2961 1358 officio.
2997 1303 3108 1357 Nec
3147 1310 3329 1370 patest
3367 1300 3464 1355 tibi
3511 1316 3635 1356 esse

2029 1411 2138 1450 non
2173 1396 2491 1466 proximus,
2520 1396 2611 1466 qui
2661 1407 2850 1466 pastor
2895 1395 3292 1450 dominicarmn
3333 1395 3518 1449 ovium
3547 1403 3632 1456 est

2028 1501 2325 1560 perpetuus
2361 1491 2734 1552 constitutus;
2770 1500 2861 1543 aut
2890 1489 3128 1558 aliquam
3171 1487 3350 1543 ubivis
3393 1488 3628 1558 positam

2026 1583 2321 1642 ecclesiam
2369 1599 2477 1638 non
2519 1598 2716 1638 curare
2744 1628 2757 1650 ,
2790 1583 2842 1636 in
2875 1598 2981 1652 quo
3010 1581 3339 1638 universalis
3381 1583 3628 1638 ecclesia:

2028 1679 2263 1750 positum
2288 1679 2516 1749 legimus
2543 1676 2983 1742 fundamentum.

2098 1771 2151 1824 ἓ.
2179 1771 2254 1826 Te
2277 1785 2429 1841 ergo,
2457 1773 2626 1826 frater
2643 1770 2974 1825 charissima
2996 1810 3012 1836 ,
3046 1770 3228 1826 omnis
3250 1786 3382 1826 cura
3412 1786 3631 1841 respec-

320 1861 573 1915 voluutus
607 1879 619 1916 :
657 1871 715 1916 ιιι
772 1879 961 1918 eorum
1011 1865 1322 1933 licentiam,
1374 1867 1573 1938 quibus
1624 1867 1760 1923 nihil
1811 1870 1918 1923 tale
1949 1861 1996 1922 B
2027 1872 2104 1919 tat
2133 1881 2322 1922 earum
2343 1864 2705 1919 ecclesiarum
2732 1906 2745 1929 ,
2777 1878 2914 1933 quas
2950 1861 3048 1917 tibi
3081 1863 3198 1917 \‘ioe
3231 1864 3380 1918 sedis
3409 1874 3634 1934 aposto-

317 1956 715 2024 comntisintns,
747 1957 1108 2014 refrenemus.

859 2073 1199 2129 EPISTULA
1250 2075 1292 2130 ν
1323 2087 1367 2128 σε.

321 2179 445 2250 Iltt/i
474 2182 526 2235 in
568 2181 833 2250 implendo
863 2185 1044 2239 vicarii
1077 2187 1375 2257 apostolictr
1415 2190 1556 2243 sedis
1583 2191 1746 2260 oﬁicio
1789 2193 1917 2262 rigi-

391 2277 557 2329 lantia
587 2278 854 2332 laudatur.
898 2279 1044 2333 Idem
1073 2283 1363 2351 explicatur
1395 2285 1635 2354 ofﬁcium.
1666 2285 1918 2342 Memorat

393 2365 696 2439 Bonifacius
725 2371 900 2438 plures
923 2375 1208 2445 episcopus,
1234 2392 1353 2430 suas
1378 2375 1539 2448 ipsius
1568 2378 1764 2431 litteras
1793 2379 1920 2451 Ruﬁ

391 2477 546 2531 Opera
569 2464 637 2515 ad
660 2479 746 2516 eos
773 2465 997 2536 perlatas
1027 2466 1426 2533 comprobasse;
1458 2486 1614 2540 eaque
1652 2472 1920 2528 occasione

390 2556 440 2609 in
475 2554 743 2629 Perigenis
777 2557 982 2612 laudem
1013 2561 1261 2615 excurrit.

569 2672 937 2730 Dilectissimo
973 2673 1124 2730 fratri
1153 2675 1304 2731 Rura
1333 2675 1676 2735 BONIFACIUS.

395 2791 442 2843 'l.
478 2789 875 2857 Cretleliamus,
915 2802 1036 2860 post
1059 2793 1320 2862 epistolas
1353 2805 1574 2850 nestras
1612 2815 1710 2867 pro
1742 2799 1918 2855 eet-le—

316 2884 552 2938 siasttczu
581 2884 892 2953 disciplina:
918 2886 1304 2944 observatione
1337 2893 1711 2957 transmissus,
1743 2893 1916 2950 omni.

320 2975 418 3031 lius
455 2978 665 3040 adituri.
711 2979 1234 3048 praesumptionibtts
1269 2983 1718 3049 praeclndendutn
1747 3027 1759 3047 ,
1795 3002 1915 3038 cum

321 3071 384 3124 ad
435 3071 900 3132 consultationem
962 3072 1282 3128 llilectionis
1346 3083 1450 3130 tua:
1497 3077 1918 3145 pruabuisscmns

319 3162 563 3218 debitum
628 3180 728 3234 pro
786 3182 1076 3222 eausarnnt
1131 3169 1499 3224 testimationc
1556 3186 1914 3240 responsum;

2025 1957 2144 2012 lit-ae
2172 1972 2201 2011 a
2231 1956 2389 2012 nobis
2410 1957 2647 2011 creditas
2673 1970 3043 2026 recognosces
3076 1975 3088 2009 :
3132 1965 3193 2010 ut
3225 1965 3278 2010 et
3315 1972 3479 2027 prava
3510 1972 3635 2012 cor-

2023 2051 2203 2118 rigas,
2238 2059 2294 2104 et
2318 2050 2577 2120 dissipata
2621 2065 2958 2118 componas;
2997 2059 3056 2105 et
3085 2051 3131 2103 si
3167 2066 3288 2120 quae
3333 2051 3475 2107 inter
3517 2053 3633 2120 cplo

2023 2158 2222 2212 scapos
2262 2147 2519 2200 eveniant
2564 2158 2772 2207 causw,
2825 2141 2930 2198 sub
2976 2143 3148 2198 divini
3187 2145 3382 2213 iudicii
3437 2145 3634 2200 timore

2023 2236 2046 2272 ά
2065 2237 2373 2306 distinguas
2400 2254 2412 2290 :
2436 2247 2490 2292 ut
2514 2238 2741 2293 creditis
2769 2237 2863 2292 tibi
2893 2252 2922 2291 a
2951 2237 3085 2292 sede
3109 2239 3408 2307 spastolica
3433 2239 3630 2309 guber-

2024 2329 2230 2384 naculis
2253 2340 2446 2386 contra
2465 2343 2659 2386 omnes
2681 2329 2878 2386 fluctus
2902 2333 3247 2386 nascentium
3265 2331 3628 2399 procellarum

2015 2423 2164 2495 jttSte
2192 2432 2247 2479 et
2276 2424 2578 2494 prudenter
2606 2426 2798 2480 utaris.

2094 2518 2146 2572 5.
2200 2516 2254 2570 Ιιι
2293 2517 2549 2572 notitiam
2593 2516 2974 2586 singulorum,
3032 2515 3100 2570 ad
3154 2532 3294 2586 quos
3339 2526 3465 2571 ante
3512 2516 3626 2586 jam

2021 2611 2341 2681 scripsimus
2369 2627 2532 2680 quem
2559 2611 2822 2666 deberent
2854 2611 3129 2664 tramitem
3163 2609 3468 2675 custodire,
3499 2623 3627 2663 nos-

2023 2713 2132 2760 tras
2158 2717 2209 2760 te
2233 2703 2500 2780 epistolas.
2531 2703 2819 2774 pertulisse
2858 2703 3046 2757 dixiSti
3080 2721 3094 2756 :
3137 2703 3337 2772 quibus
3375 2703 3624 2759 dehitu

2019 2814 2080 2854 se
2101 2797 2454 2854 commodare
2497 2813 2832 2854 consensum
2878 2795 3102 2867 plurimi
3144 2797 3490 2851 sacerdotum
3541 2809 3628 2850 sa-

2020 2909 2236 2952 crarum
2281 2892 2632 2950 traditionum
2683 2906 2956 2948 memores
3002 2899 3132 2947 sunt
3179 2891 3442 2961 professi;
3491 2906 3628 2961 quos

2020 2990 2258 3046 fraterna
2289 2990 2560 3046 charitate
2595 2991 2854 3059 (Supplo,
2890 2987 3105 3058 smnus)
3135 2987 3432 3055 cmuplexi.
3465 2987 3627 3042 Tales

2021 3099 2143 3138 esse
2170 3085 2548 3153 cognoscimus
2577 3081 2968 3151 coepiscopum
3002 3089 3250 3134 nostrum
3273 3080 3622 3148 Adelphium,

2022 3179 2106 3231 vel
2150 3177 2375 3232 fratrem
2428 3177 2787 3246 Perigenem,
2832 3177 2920 3228 eui
2965 3173 3108 3228 beati
3141 3189 3326 3227 sermo
3362 3171 3624 3226 enneilii'

316 3259 720 3314 caustitttentes
747 3277 810 3316 ea
841 3262 1046 3316 dobere
1090 3263 1340 3328 servari,
1372 3281 1492 3331 quae
1536 3266 1912 3320 ecclesiastica
1942 3268 1983 3327 (ἶ
2016 3271 2126 3341 jntn
2171 3270 2375 3327 dudum
2419 3270 2787 3338 adstipulator
2832 3267 3084 3322 accessit.
3148 3264 3224 3319 Ad
3277 3266 3626 3333 episcopatus

318 3355 482 3423 exigit
509 3355 822 3424 disciplina.
852 3357 957 3412 Sed
987 3367 1250 3426 quantum
1282 3375 1425 3424 nunc
1461 3371 1563 3414 tutu
1597 3361 1913 3416 Sanctitatis

320 3449 480 3503 nobis
537 3450 730 3502 relatio
787 3450 1046 3518 patefecit
1079 3493 1093 3516 ,
1138 3452 1278 3520 apud
1339 3455 1622 3524 plerosque
1676 3455 1912 3510 valuisse

314 3543 459 3610 quod
493 3543 862 3612 scripsimus;
901 3543 1042 3613 apud
1072 3547 1340 3615 quosdam
1376 3560 1554 3604 autem
1587 3550 1914 3604 admonitio-

314 3650 436 3690 nem
482 3646 728 3690 nostram
773 3637 1113 3696 inefficacem
1150 3641 1510 3709 cognovimus
1559 3643 1743 3698 fuisse.
1807 3645 1914 3700 Nec

315 3727 416 3782 hoc
465 3727 821 3792 Fratcruitati
872 3741 976 3784 tute
1023 3745 1312 3796 possumus
1356 3734 1664 3804 imputare,
1708 3753 1828 3792 cum
1863 3747 1913 3792 te

313 3821 533 3876 anxium
565 3838 662 3891 pro
688 3827 984 3876 Commissa
1017 3824 1111 3882 tibi
1145 3825 1506 3903 ecclesiarum
1541 3829 1913 3886 sollicitudine

309 3927 366 3973 et
397 3919 561 3974 rebus
578 3929 632 3973 et
663 3919 866 3974 litteris
885 3919 1205 3977 sentiamus.
1233 3921 1538 3992 Vigilantiae
1569 3937 1673 3979 tua:
1719 3927 1910 3982 lauda-

311 4107 458 4162 nime
504 4113 814 4175 cogeretur.
866 4106 986 4173 Quo
1034 4116 1212 4161 autem
1265 4105 1386 4162 loco
1431 4105 1668 4160 habendi
1721 4116 1908 4162 essent

309 4178 551 4248 episcopi
585 4177 662 4234 illi
695 4177 762 4231 ab
791 4178 1075 4248 ecclesiis,
1110 4177 1305 4246 quibus
1347 4177 1580 4231 ordinati
1615 4191 1789 4245 erant,
1827 4195 1912 4234 t'e-

305 4249 459 4322 jecti,
485 4248 775 4322 concilium
806 4247 1450 4322 Ancyrauum,tam-18;
1485 4250 1905 4315 Antiochocum,

308 4320 430 4376 can.
485 4321 610 4374 item
669 4321 758 4386 18,
810 4331 863 4375 et
911 4320 1387 4386 Neoctrsariense,
1440 4336 1562 4374 can.
1619 4322 1710 4386 56,
1770 4339 1908 4392 [ιι-ιυ-

306 4395 668 4460 st-ripscrnnt.

381 4477 404 4503 ει
436 4464 753 4535 Legendnm
801 4463 1036 4532 videtur,
1076 4465 1169 4536 qui
1213 4463 1337 4518 aliis
1387 4466 1554 4536 fuerat
1603 4464 1897 4520 ordinatus.

305 4537 583 4600 Socrates,
611 4535 704 4589 lib.
731 4547 823 4596 vn,
855 4551 902 4592 c.
929 4538 1020 4598 56.
1052 4535 1260 4606 aliquot
1292 4535 1600 4605 pro’laturus
1625 4538 1894 4605 exempla,

305 4609 502 4682 quibus
532 4608 816 4682 episcopos
855 4605 1464 4682 aliquantlotransferri
1508 4609 1676 4664 licere
1707 4623 1901 4677 appro-

308 4680 420 4746 bet,
454 4681 557 4735 hoc
589 4681 822 4743 primttm
863 4681 1018 4749 ponit
1053 4701 1063 4734 :
1105 4680 1383 4747 Periqenes
1419 4680 1597 4733 Patris
1629 4682 1905 4736 ordinatus

306 4756 476 4823 fuerat
522 4751 798 4826 episcopus
823 4768 840 4805 :
868 4753 956 4805 sed
993 4753 1250 4826 quoniam
1290 4759 1408 4826 ejus
1451 4753 1676 4807 civitatis
1725 4753 1908 4807 inmite

304 4827 451 4880 illum
499 4824 768 4877 admittere
797 4825 1137 4898 recusabant,
1172 4824 1432 4898 Romana?
1465 4825 1607 4879 urbis
1635 4826 1908 4898 episcopus

307 4914 427 4969 eunt
461 4899 514 4950 in
564 4896 962 4969 metropolitano
1003 4898 1124 4952 sede
1156 4896 1391 4951 Corinthi
1422 4896 1670 4952 constitui
1707 4899 1902 4969 jussit,

305 4961 514 5022 morin
555 4965 700 5021 illius
732 4961 1012 5036 'cpiscOpo.
1067 4969 1174 5024 Sed
1231 4986 1298 5023 ex
1340 4970 1635 5024 Occidente
1700 4961 1904 5024 nullout

307 5041 449 5096 aliud
481 5041 535 5094 in
567 5040 804 5092 medium
837 5041 1016 5093 affert.
1052 5041 1210 5094 Anno
1237 5039 1360 5107 541,
1393 5043 1684 5096 concilium
1717 5040 1906 5095 Antio-

306 5117 571 5178 chcnmn,
617 5127 740 5183 can.
779 5111 864 5175 16,
895 5119 1173 5180 vetuerat,
1205 5129 1272 5167 ne
1299 5128 1498 5167 vacans
1527 5119 1819 5183 episcopus
1851 5116 1904 5168 in

305 5194 603 5257 vacantem
615 5182 902 5257 ecclesiam
931 5184 1204 5257 prosiliret
1221 5184 1407 5255 absque
1425 5182 1628 5257 integro
1653 5182 1909 5257 perfecto-

306 5274 402 5327 que
431 5253 676 5322 concilio,
699 5254 974 5320 simulque
1001 5254 1296 5322 perfectum
1323 5253 1444 5310 csse
1465 5253 1759 5311 deiittierat
1782 5258 1907 5314 illud

305 5328 632 5399 concilium,
685 5327 768 5380 cui
823 5327 1130 5399 interfuerat
1183 5327 1621 5399 metropolitanns
1673 5330 1902 5383 antistes.

307 5398 366 5456 Si
416 5411 595 5454 autem
647 5398 1100 5465 metrOpolitanus
1143 5398 1372 5452 antistes
1410 5415 1532 5451 cunt
1567 5415 1664 5453 sua
1698 5403 1908 5468 synodo

309 5481 596 5526 vacantem
630 5469 918 5524 ecclesiam
967 5470 1176 5524 vacanti
1215 5471 1478 5540 episcopo
1517 5471 1757 5525 tribuere
1783 5472 1909 5540 jure

305 5545 506 5613 potuit,
542 5543 775 5611 idipsutn
807 5557 938 5595 sane
983 5541 1132 5594 licuit
1172 5551 1227 5596 et
1269 5542 1516 5595 Rmuauo
1566 5544 1805 5610 pontifici
1853 5545 1906 5598 in

307 5616 681 5696 eaq'iroviticia
707 5654 720 5678 ,
755 5629 876 5696 quae
907 5613 971 5666 ad
1001 5615 1290 5680 specialem
1328 5613 1718 5696 illittsnt‘ttt‘at'll
1742 5617 1908 5684 perti-

307 5687 492 5743 nebat.
530 5686 730 5756 Plodtstn
771 5685 893 5752 jure
943 5695 1126 5752 postea
1168 5701 1299 5739 usus
1340 5693 1425 5738 est
1489 5685 1635 5740 Felix
1680 5686 1718 5739 ll
1748 5702 1905 5756 papa,

305 5774 428 5813 cum
452 5758 646 5811 Joanui
669 5755 872 5810 Talaim
902 5756 1278 5811 Alexandrina
1310 5757 1530 5812 civitate.
1563 5773 1660 5826 per
1690 5755 1907 5814 Petrum

305 5830 564 5899 Maugum
610 5831 785 5895 pulso,
837 5828 1102 5882 Nolanam
1153 5830 1440 5884 ecclesiam
1475 5841 1778 5895 vacantem,
1828 5832 1905 5886 uti

307 5909 465 5959 testis
492 5911 576 5956 est
611 5900 894 5956 Liberatus
915 5899 1078 5965 diac.,
1107 5917 1157 5956 c.
1187 5902 1252 5958 l8
1276 5902 1570 5974 regendam
1602 5901 1770 5957 dedit.

2015 3366 2292 3434 speculam
2330 3368 2442 3432 jam
2486 3364 2715 3418 vocabat
2762 3361 2962 3428 fIDei,
3013 3362 3266 3429 inquam,
3309 3357 3620 3424 sententia,

2014 3459 2168 3527 cuius
2203 3459 2466 3514 bcnellcia
2497 3473 2640 3525 szepe
2670 3455 2951 3510 credimus
2982 3469 3104 3508 esse
3130 3453 3444 3516 contraria;
3473 3463 3527 3505 et
3566 3449 3620 3507 in

2015 3551 2307 3606 adversum
2355 3551 2618 3606 vertimus
2643 3592 2657 3615 ,
2701 3565 2821 3619 qua!
2871 3556 2991 3616 post
3023 3546 3470 3616 recognoscimus
3498 3557 3624 3613 pra-

2017 3645 2208 3702 fuisse.
2236 3646 2407 3714 Quam
2437 3661 2551 3700 rem
2576 3645 2864 3697 confirmat
2895 3641 3096 3711 negotii
3122 3638 3409 3709 prarsentis
3435 3653 3622 3694 exem-

2017 3743 2186 3812 plum.
2219 3741 2416 3795 Tristis
2452 3741 2658 3810 absque
2685 3739 2853 3794 dubio
2883 3737 3246 3804 coepiscopus
3294 3743 3483 3788 noster
3528 3733 3626 3786 Pc-

2016 3835 2230 3905 rigenes
2261 3836 2360 3888 fuit
2389 3877 2400 3898 ,
2435 3850 2557 3888 cum
2592 3851 2715 3888 cum
2761 3847 2920 3886 nemo
2951 3832 3253 3904 susciperet
3281 3830 3619 3884 ordinatum.

2016 3929 2206 3986 Nonne
2253 3931 2384 3986 huic
2428 3931 2531 3986 ltoc
2575 3929 2874 4000 expediens
2925 3935 3078 3993 erat,
3124 3933 3181 3980 ut
3221 3927 3362 3979 hunc
3407 3924 3628 3979 civitate

2089 4108 2113 4147 ι)
2146 4110 2357 4178 Integra
2379 4110 2470 4170 fiet
2495 4109 2790 4173 sententia,
2811 4112 2855 4161 si
2881 4107 3096 4173 legatur
3115 4106 3165 4162 iu
3192 4107 3336 4164 hunc
3363 4109 3586 4163 modum
3605 4127 3618 4164 :

2015 4179 2185 4245 Quare
2219 4198 2332 4234 cunt
2359 4197 2608 4236 consensu.
2632 4195 2832 4242 earum,
2855 4178 2945 4247 qui
2965 4180 3073 4234 illic
3102 4180 3464 4232 auctoritatem
3487 4179 3624 4235 sedis

2010 4253 2312 4323 apostolicw
2337 4251 2779 4323 reprtt'sentobnut
2814 4265 2908 4323 seu
2943 4259 3338 4323 rcprtesentant.
3359 4248 3483 4323 _Seti
3511 4251 3623 4323 lucc

2010 4318 2132 4377 Cittn
2167 4323 2426 4377 subnexis
2451 4322 2518 4376 ad
2549 4322 2710 4374 liuent
2743 4318 3142 4385 sttitSequetttis
3173 4318 3422 4386 epistula:
3459 4321 3625 4385 perti-

2012 4411 2167 4458 nere,
2193 4408 2246 4448 et
2272 4410 2394 4464 qua:
2429 4394 2481 4448 in
2537 4393 2730 4447 eadem
2765 4391 2996 4464 cpistola
3029 4399 3144 4442 toto
3168 4405 3398 4464 numero
3426 4389 3460 4442 4
3489 4408 3624 4444 cou-

2009 4461 2416 4534 tinentur,'huc
2459 4463 2751 4521 referenda
2785 4477 2907 4516 esse
2945 4461 3058 4532 jam
3101 4462 3354 4531 superius
3387 4477 3622 4532 pra-mo-

2007 4542 2246 4595 nuimus.
2505 4583 2520 4595 .
3469 4587 3474 4591 .

2092 4625 2111 4649 ο
2146 4616 2200 4669 Si
2235 4612 2487 4666 chronica
2524 4611 2770 4680 epistolae
2807 4609 2965 4680 hujus
2997 4613 3149 4680 nata,
3205 4605 3278 4657 uti
3315 4604 3498 4680 valde.
3524 4619 3621 4661 ve-

2014 4683 2245 4738 risimile
2276 4694 2391 4745 est.
2428 4677 3045 4739 cumauteredctitibus
3074 4677 3140 4728 ad
3170 4677 3509 4752 superiorem
3539 4692 3622 4732 at-

2017 4758 2188 4820 tinet,
2222 4756 2357 4810 nihil
2390 4756 2491 4810 erit
2529 4756 2672 4810 unde
2705 4764 2917 4823 tempus
2948 4767 3058 4823 quo
3088 4749 3291 4817 Scripta
3324 4760 3438 4823 est,
3469 4761 3620 4807 certo

2012 4827 2362 4890 tlcﬁttiattttts,
2400 4829 2498 4881 nisi
2523 4828 2668 4899 quod
2693 4843 2780 4890 ea,
2803 4821 2923 4897 qua:
2950 4821 3277 4899 ali-exordio
3307 4821 3372 4899 ad
3404 4823 3610 4899 princi-

2011 4915 2186 4970 pmm.
2232 4917 2380 4954 nntn.
2415 4899 2478 4967 4,
2517 4893 2866 4954 disseruntur
2892 4941 2905 4963 ,
2941 4895 3147 4970 nullum
3175 4893 3497 4970 permittunt
3521 4897 3620 4951 du-

2015 4967 2226 5025 bitandi
2259 4974 2456 5038 locum,
2487 4975 2614 5040 quin
2647 4973 2892 5039 proxima
2918 4967 3150 5032 epistola
3177 4967 3208 5020 4
3230 4971 3502 5035 ptlSlel‘iOI'
3522 4973 3614 5024 sit.

2014 5041 2150 5098 Eum
2184 5045 2346 5098 etiam
2382 5046 2460 5096 illi
2502 5058 2786 5100 servamus
2829 5043 3113 5106 ordinem,
3152 5053 3261 5110 quo
3299 5040 3352 5092 in
3383 5042 3621 5096 concilio

2013 5111 2260 5168 Romano
2291 5115 2517 5168 recitata
2559 5125 2662 5168 est.

2086 5182 2112 5221 ά
2157 5185 2402 5240 Lahbeus
2431 5187 2711 5256 distringas
2739 5185 2942 5238 tnallet.
2990 5181 3094 5237 Sed
3136 5181 3252 5256 ejus
3283 5182 3614 5256 coniecturae

2013 5272 2079 5310 ne
2105 5259 2532 5316 subscribamus.
2569 5252 2712 5312 vetat
2738 5257 2933 5309 similis
2965 5256 3115 5309 locus
3140 5252 3296 5326 Xysti
3327 5252 3416 5315 Ill,
3447 5257 3609 5326 epist.

2015 5329 2102 5394 iO,
2133 5348 2186 5382 ιι.
2221 5329 2277 5394 2,
2325 5331 2413 5382 ubi
2442 5331 2484 5382 is
2517 5346 2648 5396 papa
2677 5331 2818 5383 hanc
2844 5328 3132 5381 Anastasio
3162 5325 3417 5392 episcopo
3442 5325 3615 5381 Thcs-

2014 5399 2338 5454 saloniceusi
2385 5409 2705 5471 potestatem
2749 5400 2964 5454 dedisse
2997 5414 3055 5452 se
3083 5399 3297 5471 scribit,
3340 5406 3395 5449 ut
3419 5398 3464 5450 si
3498 5414 3615 5468 qua:

2013 5473 2144 5546 inter
2169 5476 2354 5546 fratres
2388 5470 2682 5528 nascantur
2723 5473 2950 5526 actiones
2986 5470 3272 5539 distinguat
3305 5478 3460 5538 atque
3486 5471 3614 5538 deﬁ-

2015 5555 2143 5597 mat.

2091 5625 2113 5653 °
2146 5615 2190 5670 A
2232 5631 2342 5686 quo
2384 5615 2599 5673 scilicet
2649 5618 2884 5686 primum
2927 5611 3284 5686 Patrensibus
3326 5612 3616 5681 episcopus

2014 5688 2191 5743 fuerat
2220 5683 2504 5744 ordinatus
2530 5733 2543 5757 ,
2573 5683 2660 5744 uti
2686 5690 2848 5758 epist.
2879 5687 2943 5752 4,
2971 5701 3025 5739 ιι.
3065 5686 3126 5750 5,
3163 5683 3420 5739 disertius
3449 5702 3617 5758 expo-

2017 5775 2183 5816 lllllll'.

2091 5831 2108 5869 ί
2153 5831 2208 5888 Si
2235 5832 2585 5904 suppleamtts
2613 5833 2724 5902 hic,
2763 5849 2880 5888 eum
2911 5831 3004 5884 Dei
3031 5828 3286 5884 sententia
3311 5871 3323 5893 ,
3353 5841 3503 5887 recte
3533 5847 3620 5904 se-

2015 5915 2235 5978 quetur,
2266 5905 2382 5971 Dei,
2407 5907 2639 5977 inquam.
