4122 6346
529 291 636 350 765

530 508 766 564 cerent?
795 507 904 564 Sed
935 521 1143 582 quanto
1173 521 1200 549 ει
1231 512 1528 567 inclinatus
1559 511 1696 579 fuit,
1738 528 1861 568 cum
1895 529 2018 570 eum
2050 529 2140 570 or—

531 600 780 658 dinatum
814 619 978 660 nemo
1008 606 1288 675 suscepit,
1323 615 1475 661 tanto
1503 606 1795 662 sublimior
1841 624 1986 664 nunc
2024 618 2137 678 est,

537 711 663 752 cum
685 711 717 752 a
738 698 854 753 suis
873 700 1143 769 poscitur,
1177 700 1268 768 qui
1294 700 1364 754 ab
1385 701 1624 756 externis
1647 703 1822 756 fuerat
1848 703 2137 759 refutatus.

537 790 780 848 Evidens
810 793 956 848 enim
982 792 1078 848 Dei
1103 792 1567 864 manifestumque
1587 793 1875 864 judicium,
1903 797 1992 864 qui
2016 812 2139 852 eum

536 883 590 939 id
622 885 879 954 temporis
917 885 1090 939 voluit
1129 886 1469 955 praestolari,
1527 901 1637 958 quo
1674 902 1982 944 mereretur
2013 889 2141 945 huic

537 977 784 1033 ecclesiae
818 976 1142 1049 praesidere,
1177 978 1230 1032 in
1259 992 1363 1049 qua
1394 987 1449 1034 et
1480 988 1641 1034 natus
1675 978 1948 1035 asseritur
1974 990 2028 1036 et
2055 996 2141 1036 re-

540 1079 722 1124 natus.

610 1161 664 1218 4.
698 1162 892 1218 Frater
927 1163 956 1201 δ
997 1163 1363 1232 eharissime,
1387 1165 1643 1237 quoniam
1683 1165 1989 1236 prudentia:
2039 1177 2142 1222 tua:

541 1256 912 1326 injunctorum
965 1257 1055 1312 vel
1111 1257 1496 1329 delegatorum
1549 1260 1763 1331 pondus
1827 1261 2137 1329 incumbit,

545 1362 566 1389 ο
587 1353 780 1422 petitio
807 1353 1114 1421 supplicum
1140 1354 1229 1408 vel
1254 1354 1554 1424 diligentia:
1575 1365 1678 1410 tuae
1705 1355 1897 1411 electa:
1926 1355 2144 1426 jamdu-

539 1443 668 1498 dum
699 1445 786 1499 vel
812 1444 1109 1500 vicinitatis
1156 1448 1371 1502 ratione
1402 1458 1453 1503 te
1495 1459 1790 1519 respectat.
1818 1450 1992 1516 Quam
2025 1449 2143 1520 qui-

537 1537 663 1594 dem
692 1539 1010 1609 petitiOnem
1037 1557 1144 1596 non
1173 1542 1378 1614 absque
1401 1543 1766 1600 admiratione
1786 1544 2140 1614 perlegimus,

541 1643 830 1702 propterea
875 1635 1022 1705 quod
1059 1636 1169 1690 tuis
1214 1637 1464 1707 epistolis
1507 1639 1832 1708 privaretur.
1877 1637 2143 1694 Omnibus

540 1740 627 1794 eo,
664 1742 826 1797 quem
860 1742 950 1784 res
993 1730 1250 1801 exigunt,
1283 1731 1477 1788 ordine
1506 1733 1799 1788 celebratis
1821 1775 1834 1798 ,
1870 1733 2045 1804 aliqua
2073 1735 2138 1788 ad

1724 298 1971 356 SANCTI
2009 299 2354 357 BONIFACII
2392 301 2433 368 l,
2478 301 2699 372 ΡΑΡἈΕ,

528 425 625 468 sua
650 412 941 470 Patrenses
975 415 1156 488 populi
1185 417 1353 472 unita:
1385 430 1521 472 voce
1564 416 2021 473 contradictionis
2046 433 2131 474 ar—
2159 423 2208 483 Α

3735 309 3831 366 764

2311 420 2634 474 examinaret
2657 467 2670 489 ,
2717 423 2797 476 vel
2827 423 2980 477 etiam
3009 423 3348 490 emendaret,
3397 425 3650 481 direxisse
3681 443 3732 483 se
3767 428 3836 484 si-

2314 513 2550 584 gniﬁcat.

2315 691 2367 747 l.
2411 691 2681 748 Noveram
2726 702 2775 748 te
2800 693 3018 764 quidem
3066 693 3210 749 fama
3255 695 3621 753 celeberrima
3650 699 3835 769 praedi-

2243 796 2400 842 cante
2427 827 2442 854 ,
2469 795 2522 841 ct
2553 787 3010 856 frequentissimis
3032 797 3197 859 atque
3223 791 3603 846 veracissimis
3635 793 3834 848 nuntiis

2243 888 2445 949 quanta
2473 893 2626 935 esses
2661 879 2758 935 Dei
2786 882 2960 951 gratia
2995 882 3187 952 plenus
3217 898 3542 954 acceperam
3578 927 3593 952 ,
3641 886 3837 942 beatis-

2243 971 2383 1026 sime
2428 982 2590 1042 atque
2633 975 2943 1030 venerande
2984 990 3121 1046 papa
3154 975 3420 1032 Bonifaci.
3471 979 3579 1036 Sed
3627 991 3838 1050 postea-

2243 1081 2404 1138 quam
2437 1077 2490 1122 te
2518 1068 2682 1122 etiam
2721 1069 3012 1138 praesentia
3041 1072 3313 1140 corporali
3337 1074 3504 1128 frater
3522 1089 3680 1129 meus
3707 1075 3840 1132 vidit

2243 1165 2506 1235 Alypius,
2555 1177 2926 1238 acceptusque
2971 1185 2999 1223 a
3043 1179 3094 1223 te
3128 1170 3524 1240 benignissime
3562 1187 3628 1227 ac
3665 1175 3839 1227 since-

2244 1259 2466 1314 rissime
2492 1270 2677 1313 mutua
2709 1261 3187 1318 miscuitdictaute
3217 1264 3517 1320 dilectione
3544 1265 3838 1335 colloquia,

2246 1361 2533 1423 tecumque
2555 1355 2872 1419 convivens,
2907 1363 2963 1409 et
2987 1370 3156 1426 parvo
3188 1356 3317 1412 licet
3348 1366 3622 1428 tempore.
3651 1372 3841 1427 magno

2247 1445 2340 1501 tibi
2374 1446 2599 1514 junctus
2637 1446 2831 1501 affectu
2859 1490 2872 1512 ,
2909 1461 2968 1502 se
3016 1447 3179 1503 simul
3213 1459 3381 1504 etme
3414 1449 3625 1505 refudit
3662 1452 3842 1505 animo

2249 1550 2341 1593 tuo
2364 1584 2378 1606 ,
2416 1550 2575 1608 teque
2603 1540 2731 1594 mihi
2771 1542 3077 1610 reportavit
3115 1543 3172 1597 in
3212 1559 3344 1611 suo,
3373 1553 3526 1599 tanto
3557 1544 3732 1613 major
3763 1559 3844 1600 me

2247 1643 2354 1688 tua:
2381 1634 2700 1690 Sanctitatis
2724 1646 2804 1690 est
2837 1637 2974 1689 facta
3001 1638 3220 1703 notitia,
3245 1646 3454 1708 quanto
3481 1639 3692 1693 certior
3717 1638 3845 1693 ami-

2245 1729 2397 1785 citia.
2429 1731 2613 1802 Neque
2631 1732 2776 1786 enim
2820 1731 3134 1803 dedignaris
3164 1777 3177 1801 ,
3220 1733 3310 1803 qui
3354 1749 3461 1788 non
3507 1734 3618 1787 alta
3661 1733 3843 1804 sapis,

544 1834 646 1874 nos
677 1821 882 1890 scripta
912 1826 1258 1880 transmittas
1289 1844 1300 1878 :
1333 1826 1584 1881 nolumus
1626 1827 1770 1882 enim
1817 1829 2144 1898 coepiscopo
2175 1819 2222 1880 Β
2250 1825 2498 1897 quamvis
2519 1827 2684 1881 altius
2709 1825 3029 1896 prtesideas,
3062 1840 3184 1881 esse
3213 1827 3424 1882 amicus
3454 1827 3770 1894 humilium,
3795 1836 3847 1883 et

541 1909 796 1982 Perigeni
830 1924 1072 1968 nostram
1125 1915 1374 1987 paginam
1423 1917 1700 1974 destinare
1747 1919 1931 1989 prius,
1983 1935 2143 1989 quam

542 2012 663 2059 tuas
693 2007 1024 2075 accipiamus
1053 2009 1350 2080 epistulas,
1393 2012 1550 2082 cujus
1591 2012 1927 2069 ordinatiOui
1959 2013 2148 2069 viden-

544 2107 630 2153 tur
656 2099 840 2154 omnia
866 2099 1133 2172 delegata.
1173 2105 1519 2161 Accelerabis
1542 2106 1597 2161 id
1619 2122 1780 2178 agere
1811 2117 2036 2178 propter
2053 2108 2150 2163 de-

542 2190 808 2247 siderium
840 2196 1253 2263 postulantium.
1285 2197 1476 2253 Melius
1505 2201 1649 2255 enim
1683 2216 1849 2257 nosse
1875 2201 2144 2273 dignaris,

541 2298 637 2340 eos
660 2287 711 2340 in
732 2289 873 2341 hanc
894 2304 1120 2356 precem
1142 2292 1279 2356 sola,
1304 2300 1365 2347 ut
1389 2295 1650 2362 arbitror,
1674 2312 1800 2367 erga
1825 2297 2145 2367 religionem

540 2379 831 2436 devotione
865 2381 1077 2439 fervere
1111 2401 1124 2438 :
1155 2386 1395 2443 maxime
1419 2403 1544 2443 cum
1585 2389 2147 2461 irreprehensibiliter

540 2488 664 2529 eum
694 2485 948 2532 asserant
992 2493 1089 2548 per
1130 2495 1308 2536 annos
1356 2481 1679 2539 innumeros
1721 2485 1772 2538 in
1824 2486 2147 2559 presbyterii

540 2568 748 2625 honore
772 2571 1029 2635 durasse,
1061 2583 1116 2628 et
1144 2589 1255 2629 non
1285 2575 1534 2632 indebito
1563 2579 1708 2633 saltu
1736 2623 1752 2647 ,
1783 2580 1878 2636 sed
1907 2581 1972 2635 ad
1999 2598 2147 2637 sum-

543 2678 690 2718 mum
721 2665 992 2734 gradatim
1019 2669 1243 2723 venisse
1291 2669 1585 2741 fastigium.
1620 2671 1720 2727 Cui
1761 2673 1827 2727 ad
1858 2673 2150 2744 plenitudi-

544 2771 668 2810 nem
698 2758 1130 2814 confirmationis
1158 2762 1505 2833 episc0patus
1540 2765 1623 2819 sui
1667 2765 1772 2820 hoc
1799 2768 1981 2822 solum
2009 2769 2146 2824 resi-

540 2848 664 2918 det,
695 2851 840 2922 quod
885 2861 1110 2910 nostros
1149 2856 1201 2910 iu
1252 2857 1464 2913 honore
1504 2874 1606 2912 suo
1635 2860 1866 2916 necdum
1905 2864 2148 2932 suscepit

541 2942 759 3002 affatus.
793 2944 1113 3018 Intelligere
1144 2959 1328 3006 autem
1369 2963 1512 3005 tuam
1558 2968 1666 3008 non
1716 2955 1934 3026 ambigo
1964 2956 2145 3011 chari-

543 3046 712 3093 tatem
755 3037 859 3094 hoc
891 3054 1000 3095 non
1044 3042 1250 3112 absque
1294 3043 1693 3112 admiratione,
1740 3047 1886 3118 quod
1925 3058 1979 3104 et
2023 3050 2146 3105 huic

543 3130 796 3187 videmur
830 3143 1071 3190 nostram
1127 3135 1382 3206 paginam
1431 3154 1537 3193 non
1591 3141 1838 3205 misisse,
1878 3151 1931 3198 et
1963 3141 2149 3214 (Forte

540 3225 662 3296 nec)
693 3225 1031 3297 supplicibus
1057 3232 1358 3298 praebuisse
1385 3247 1736 3302 responsum.
1769 3236 1966 3290 Actum
1995 3253 2023 3288 a
2051 3254 2147 3292 no-
2175 3219 2221 3283 Ο

539 3322 621 3378 bis
651 3335 732 3378 est
756 3369 770 3393 ,
805 3333 862 3378 ut
895 3334 952 3379 et
991 3326 1311 3395 aposwlicae
1344 3328 1491 3382 sedis
1515 3330 1816 3384 auctoritas
1837 3371 1850 3395 ,
1884 3339 1939 3384 et
1971 3331 2150 3386 Dilec-

541 3417 710 3474 lionis
745 3426 856 3473 tuae
904 3421 1328 3474 honorificentia
1378 3434 1715 3478 servaretur.
1747 3423 1879 3478 Data
1914 3439 2009 3478 xm
2036 3423 2144 3478 kal.

537 3511 766 3568 Octobr.
806 3513 1096 3584 (Septemb.
1133 3514 1224 3581 l9,
1249 3532 1376 3570 ann.
1407 3518 1540 3588 419)
1573 3518 1828 3575 Monaxio
1853 3535 1905 3572 v.
1939 3535 1988 3574 c.
2027 3535 2150 3573 con-

543 3606 682 3661 sule.

1086 3701 1422 3761 EPISTULA
1452 3704 1521 3759 Vl
1549 3702 1575 3742 ά

635 3855 918 3897 Αυαυετικι
963 3859 1305 3902 HIPPONENSIS
1352 3862 1586 3902 EPISCOPI
1633 3863 1698 3901 AD
1741 3862 2057 3904 BONll-‘ACIUM

1248 3957 1443 3996 PAPAI.

542 4072 894 4146 Augustinus,
929 4080 1196 4146 prtemisso
1241 4075 1509 4147 Bonifacii
1550 4080 1751 4152 elegia,
1795 4083 2149 4136 necessitatem

613 4170 822 4241 exponit
845 4169 1209 4226 ha’retirorum
1234 4172 1466 4242 epistolis
1488 4173 1862 4244 respondendi.
1893 4173 2026 4229 Tum
2051 4177 2146 4228 hoc

614 4279 743 4332 opus
771 4263 841 4318 ad
883 4264 1036 4320 illum
1067 4267 1427 4337 potissimum,
1461 4283 1564 4321 non
1601 4277 1657 4322 ut
1687 4267 1934 4335 disceret,
1969 4267 2058 4322 sed
2090 4278 2143 4321 ut

615 4489 641 4517 ⁸
666 4479 903 4537 Suhaudi
938 4482 1123 4550 magis.
1163 4481 1263 4537 ilic
1308 4489 1491 4536 autem
1525 4480 1768 4547 humilis,
1803 4478 1853 4534 id
1884 4490 1968 4535 est
2001 4477 2146 4549 quod

550 4553 774 4608 humilis
797 4562 852 4606 et
878 4552 1144 4620 abiectus.

610 4622 637 4661 δ
691 4623 826 4678 Cum
874 4623 1333 4678 antecedentibus
1395 4624 1542 4679 nulla
1599 4623 1810 4677 ratione
1867 4621 2150 4675 colite-rent

542 4696 786 4749 subnexa
820 4712 835 4748 :
883 4695 978 4748 sed
1017 4696 1061 4748 si
1089 4711 1278 4750 eorum
1323 4697 1447 4750 loco
1478 4694 1881 4748 substituantur
1915 4694 2028 4746 lnec
2057 4708 2149 4745 su-

2252 1936 2496 1975 amorem
2537 1920 2840 1991 rependere
2871 1921 3200 1989 impensum.
3233 1920 3370 1989 Quid
3403 1930 3491 1978 est
3517 1923 3664 1976 enim
3707 1921 3846 1977 aliud

2250 2016 2490 2071 amicitia
2514 2060 2528 2085 ,
2563 2032 2682 2087 quze
2728 2032 2834 2070 non
2863 2014 3084 2071 aliunde
3125 2032 3285 2086 quam
3315 2032 3379 2071 ex
3415 2031 3608 2071 amore
3652 2031 3846 2072 nomen

2249 2109 2493 2178 accepit,
2525 2120 2580 2162 et
2611 2123 2874 2178 nusquam
2907 2109 3012 2163 nisi
3045 2107 3108 2182 in
3145 2108 3367 2164 Christo
3401 2108 3581 2165 fidelis
3607 2119 3695 2164 est
3728 2153 3744 2178 ,
3790 2110 3843 2166 in

2251 2217 2358 2270 quo
2388 2201 2506 2256 solo
2530 2216 2654 2256 esse
2682 2203 2846 2256 etiam
2866 2203 3198 2272 sempiterna
3229 2217 3292 2256 ac
3314 2201 3445 2256 felix
3463 2203 3668 2272 potest?
3691 2200 3848 2260 Unde

2251 2305 2306 2350 et
2335 2306 2556 2366 accepta
2589 2311 2684 2365 per
2709 2311 2836 2351 eum
2863 2294 3109 2363 fratrem,
3137 2312 3233 2364 per
3259 2311 3421 2366 quem
3445 2304 3500 2350 te
3523 2294 3849 2352 familiarius

2250 2388 2450 2457 didici,
2487 2389 2692 2458 majore
2732 2387 2925 2442 fiducia
2956 2434 2968 2456 ,
3012 2404 3178 2444 ausus
3214 2404 3332 2443 sum
3364 2388 3571 2458 aliquid
3605 2388 3674 2443 ad
3705 2399 3848 2445 tuam

2251 2482 2660 2538 Beatitudinem
2689 2481 2932 2538 scribere
2965 2481 3032 2536 de
3072 2481 3160 2536 his
3204 2481 3398 2545 rebus,
3435 2498 3556 2553 qua:
3582 2481 3687 2537 hoc
3718 2491 3847 2536 tem-

2254 2595 2388 2648 pore
2411 2579 2785 2649 episcopalem
2820 2593 3033 2644 curam,
3064 2579 3108 2631 si
3134 2593 3236 2647 qua
3269 2576 3326 2632 in
3356 2577 3516 2632 nobis
3541 2587 3648 2646 est,
3679 2579 3744 2632 ad
3769 2579 3844 2632 vi-

2252 2675 2534 2744 gilantiam
2583 2687 2682 2744 pro
2724 2687 2888 2743 grege
2941 2672 3220 2727 dominico
3267 2671 3492 2727 stimulo
3551 2673 3853 2729 recentiore

2252 2767 2571 2822 sollicitant.

2323 2859 2378 2913 2.
2415 2859 2549 2914 Novi
2571 2859 2772 2930 quippe
2798 2857 3038 2914 haeretici
3061 2904 3074 2928 ,
3105 2857 3313 2914 inimici
3341 2859 3534 2930 gratiae
3563 2859 3699 2925 Dei,
3733 2875 3852 2928 qute

2251 2955 2416 3010 datur
2449 2953 2658 3024 pusillis
2696 2963 2750 3009 et
2779 2954 2994 3022 magnis
3023 2967 3117 3022 per
3145 2951 3330 3008 Jesum
3354 2952 3636 3008 Christum
3670 2953 3850 3008 Domi-

2253 3066 2381 3105 num
2403 3059 2674 3114 nostrum,
2699 3047 2804 3103 etsi
2826 3047 2941 3118 jam
2969 3045 3200 3102 cavendi
3230 3046 3548 3103 evidentius
3577 3049 3852 3118 apertiore

2254 3142 2656 3212 improbatione
2699 3149 3106 3206 monstrantur,
3163 3154 3269 3194 non
3323 3148 3505 3195 tamen
3568 3141 3854 3212 quiescunt

2251 3236 2472 3306 scriptis
2506 3235 2620 3290 suis
2654 3236 2836 3290 minus
2865 3242 3154 3289 cantorum
3184 3233 3270 3288 vel
3303 3233 3483 3287 minus
3513 3234 3851 3289 eruditorum

2203 3345 2212 3354 ·
2252 3329 2420 3384 corda
2458 3339 2694 3383 tentare.
2735 3325 2944 3395 Quibus
2984 3327 3174 3396 utique
3199 3334 3348 3381 esset
3375 3325 3849 3395 respondendum,

2253 3441 2324 3482 ne
2372 3441 2432 3480 se
2480 3425 2564 3481 vel
2607 3439 2735 3479 suos
2783 3427 2834 3477 in
2881 3422 2976 3477 illo
3020 3422 3258 3478 nefando
3300 3436 3490 3476 errore
3533 3421 3850 3484 firmarent,

2249 3514 2465 3573 etiamsi
2491 3533 2598 3574 non
2621 3524 2988 3571 metueremns
3003 3531 3070 3570 ne
3091 3529 3424 3586 quemquam
3448 3513 3849 3568 Catltolicorum

2253 3613 2536 3668 verisimili
2569 3626 2826 3666 sermone
2853 3610 3198 3681 deciperent.
3231 3607 3364 3663 Cum
3399 3621 3529 3661 vero
3567 3620 3676 3660 non
3705 3604 3848 3660 desi-

2256 3717 2383 3762 nant
2416 3707 2652 3761 frentere
2675 3706 2741 3759 ad
2765 3704 3021 3758 dominici
3045 3701 3226 3774 gregis
3249 3701 3460 3768 caulas,
3494 3708 3658 3769 atque
3680 3699 3747 3753 ad
3773 3697 3852 3752 di-

2258 3797 2538 3869 ripiendas
2568 3807 2718 3853 tanto
2753 3799 2928 3866 pretio
2954 3795 3268 3865 redemptus
3285 3807 3438 3857 oves,
3469 3791 3654 3846 aditus
3679 3789 3842 3845 unde-

2255 3909 2490 3964 cmnqne
2537 3892 2760 3959 rimari,
2811 3890 3233 3958 communisque
3261 3889 3332 3943 sit
3366 3887 3626 3942 omnibus
3659 3885 3809 3940 nobis
3832 3928 3847 3954 ,

2251 3988 2341 4058 qui
2371 3987 2647 4058 fungimur
2675 3985 3025 4054 episcopatus
3051 3982 3234 4036 officio
3259 3981 3532 4052 (quamvis
3565 3980 3684 4048 ipse
3708 3979 3758 4031 in
3783 3992 3841 4031 ea

2253 4081 2611 4150 praeemineas
2653 4078 2885 4133 celsiore
2929 4073 3204 4146 fastigio),
3249 4074 3474 4143 specula
3519 4071 3846 4143 pastoralis:

2247 4173 2390 4228 facio
2420 4173 2565 4244 quod
2592 4186 2812 4242 possum
2847 4185 2944 4242 pro
2972 4172 3076 4225 mei
3096 4169 3365 4238 particula
3389 4166 3658 4234 muneris,
3683 4181 3847 4236 quan-

2251 4276 2369 4322 tum
2421 4267 2556 4322 mihi
2608 4268 2870 4324 Dominus
2921 4265 3312 4338 adjuvantibus
3358 4263 3705 4320 orationibus
3751 4261 3852 4318 tuis

2249 4478 2670 4549 Pelagianorum
2693 4478 3046 4548 conscripsit,
3078 4488 3126 4534 et
3164 4476 3449 4533 Bonifacio
3480 4474 3848 4545 nuncupavit:

2252 4551 2346 4605 sed
2382 4552 2516 4605 nihil
2547 4561 2695 4606 vetat
2740 4553 3034 4618 quominus
3080 4549 3386 4620 appelletur
3423 4549 3661 4618 epistola
3691 4588 3714 4620 ,_
3745 4563 3854 4601 ma-

2253 4623 2397 4677 xime
2434 4639 2557 4677 cum
2589 4633 2641 4676 et
2680 4624 2961 4692 epistolari
2997 4618 3209 4676 ratione
3244 4621 3630 4692 concinnatum
3663 4618 3775 4692 sit,
3802 4627 3853 4672 et

2253 4693 2502 4760 epistola!
2547 4690 2768 4748 nomine
2807 4693 2998 4748 donari
3040 4694 3256 4746 soleant
3295 4690 3604 4761 hujusntodi
3645 4690 3853 4744 dedica-

545 4766 776 4847 perioris
835 4766 1081 4847 epistolae
1122 4765 1338 4847 num.d
1381 4785 1392 4820 :
1440 4767 1622 4847 Quare.
1669 4781 1920 4818 consensu
1965 4780 2144 4818 eorum
2176 4789 2223 4847 ι)
2253 4765 2454 4847 tiones.
2505 4765 2631 4818 Ideo
2672 4775 2854 4847 autem
2899 4765 3235 4847 Augustipus
3280 4764 3553 4847 Optt‘suin
3583 4762 3850 4847 quonduas

541 4836 630 4909 qui
678 4836 788 4890 illic
817 4838 1177 4890 auctoritatem
1216 4839 1354 4891 sedis
1399 4837 1701 4909 apostolij
1738 4845 2104 4909 reprazsentant
2126 4878 2140 4899 ,

544 4907 660 4962 eum
685 4909 738 4961 in
760 4921 1056 4962 nostrorum
1078 4924 1350 4961 numerum
1380 4907 1683 4974 recipimus,
1712 4919 1842 4975 etc.,
1880 4907 2012 4962 nihil
2041 4910 2148 4962 erit

543 4981 686 5052 quod
720 4997 826 5032 non
851 4980 1135 5049 aptissime
1162 4981 1454 5034 cohaereat.

618 5063 638 5089 ε
671 5051 725 5106 In
754 5053 1016 5116 vulgatis,
1050 5053 1310 5124 petitionis
1346 5053 1710 5124 supplicum...
1751 5052 2032 5106 vicinitatis
2060 5069 2146 5104 ra-

543 5125 683 5177 tione
737 5132 1044 5192 perspectat.
1101 5123 1456 5178 Manifestum
1496 5133 1620 5184 est,
1673 5125 1935 5193 petitionis
1987 5124 2143 5189 loeu,

545 5197 726 5266 petitio
775 5195 1175 5250 restituendum
1217 5211 1358 5250 esse.
1405 5197 1533 5251 ltetn
1578 5206 1922 5267 pet-spectat,
1960 5212 2060 5265 pro
2101 5205 2148 5248 te

542 5265 830 5339 respectat,
865 5269 1154 5333 irrepsisse
1195 5268 1391 5322 suadet
1426 5268 1559 5322 illud
1579 5265 1736 5322 nttni.
1761 5267 1796 5321 2
1828 5286 1838 5320 :
1882 5265 1955 5320 Te
1980 5267 2145 5320 omnis

540 5355 669 5393 cura
736 5348 986 5410 respectat
1046 5355 1226 5392 eurum
1277 5341 1637 5394 ecclesiarum.
1700 5339 1908 5408 Duplici
1982 5341 2146 5405 igitur

543 5415 753 5466 ratione
781 5409 1196 5466 Corinthiorum
1225 5414 1548 5480 pelitimtetn
1579 5411 1644 5464 ad
1680 5410 1879 5463 Rufum
1910 5412 2145 5464 attinere

543 5482 854 5538 Bonifacius
877 5483 1067 5551 docet,
1104 5485 1276 5552 prima
1303 5483 1526 5550 speciali
1555 5524 1567 5545 ,
1603 5497 1708 5550 qua
1735 5483 1936 5535 (ludum
1967 5481 2145 5552 ablu-

542 5554 799 5610 nocentio
845 5555 912 5610 ad
962 5551 1372 5623 cegnoscendas
1423 5552 1736 5620 hujusmodi
1793 5567 1990 5606 causas
2031 5551 2142 5620 jam

542 5629 752 5682 electus
777 5628 980 5692 fuerat;
1004 5629 1177 5681 altera
1211 5626 1486 5679 comnmni
1513 5666 1528 5691 ,
1553 5633 1823 5693 quatenus
1841 5624 2144 5678 Corinthiis

543 5700 761 5753 vicinus
790 5708 910 5753 erat
947 5698 1420 5768 metropolitanus.

612 5768 638 5807 ἀ
672 5771 1060 5837 δετὶριειεεηιιο
1089 5765 1220 5823 420.
1255 5768 1346 5821 Est
1385 5765 1606 5836 quidem
1654 5765 1940 5820 exordium
1973 5766 2146 5820 libro-

541 5843 656 5895 ritm
690 5848 950 5911 quatuor,
982 5843 1120 5909 ques
1145 5837 1481 5908 Augustinus
1508 5840 1702 5890 contra
1727 5838 1861 5893 duas
1885 5837 2145 5904 epistolas

2253 4835 2666 4905 Pelagianorum
2719 4833 3304 4907 epistolas’cottfutat,
3349 4834 3633 4907 (Bonifacio
3672 4833 3853 4886 dican-

2249 4908 2379 4961 dttm
2414 4910 2601 4972 duxit,
2635 4905 2766 4976 quia
2797 4909 2920 4962 illas
2953 4908 3216 4976 epistolas
3257 4906 3358 4960 sibi
3387 4905 3458 4960 ab
3493 4905 3689 4959 eodem
3719 4919 3850 4976 papa

2249 4981 2606 5032 transmissas
2629 4975 2933 5046 acceperat.
2971 4975 3074 5034 Eas
3098 4981 3355 5032 nimirum
3385 4976 3696 5030 Bonifacius
3723 4975 3851 5046 Aly-

2253 5050 2341 5118 pio
2392 5049 2610 5103 tradeus
2655 5049 2824 5105 R0tna
2873 5053 2926 5104 in
2957 5050 3196 5105 Africam
3237 5049 3531 5104 revertenti
3562 5089 3575 5108 ,
3617 5048 3718 5116 ipsi
3749 5048 3851 5100 Au-

2249 5120 2497 5192 guStino,
2533 5121 2688 5190 cujus
2719 5138 2917 5176 nomen
2945 5165 2958 5186 ,
2995 5130 3052 5175 ut
3093 5122 3186 5192 lib.
3222 5138 3260 5175 ll
3303 5119 3451 5175 Iletr.
3479 5119 3620 5192 0.61
3661 5119 3852 5192 tuenti-

2253 5191 2354 5265 nit,
2386 5193 2708 5247 calumniose
2729 5195 3088 5265 interpositum
3116 5191 3430 5265 offendebat,
3459 5191 3841 5265 noluitlatere.

2259 5263 2411 5318 Unde
2465 5275 2679 5334 tempus
2719 5261 2980 5334 colligere.
3017 5275 3101 5319 est
3125 5305 3137 5327 ,
3171 5279 3278 5333 quo
3310 5264 3427 5317 haec
3454 5261 3689 5334 epistola
3729 5275 3844 5315 eum

2255 5337 2468 5406 reltquo
2495 5333 2664 5405 ttpere
2695 5333 2956 5390 adornata
2996 5337 3085 5390 sit.
3111 5337 3346 5407 Alypius
3377 5333 3522 5407 enim
3557 5335 3658 5388 sub
3694 5335 3845 5386 linem

2253 5410 2380 5460 anni
2407 5408 2515 5463 419
2561 5409 2724 5462 ltoma
2763 5423 3012 5462 reversus
3059 5406 3279 5462 dicitur.
3313 5406 3383 5460 Et
3413 5406 3550 5459 ordo
3595 5407 3842 5473 quidem,

2254 5493 2413 5548 quem
2465 5479 2518 5533 in
2579 5478 2734 5535 libris
2787 5479 3257 5534 Retractationnm
3307 5476 3846 5548 Augustiuigohtinet

2254 5545 2371 5604 haec
2417 5550 2756 5618 lucubratio,
2809 5552 3004 5604 suadet
3041 5565 3160 5604 eam
3195 5550 3259 5603 ad
3307 5545 3504 5602 annum
3535 5545 3644 5601 4'20
3688 5546 3846 5615 perti-

2252 5637 2405 5676 nere.
2434 5625 2561 5676 laam
2591 5637 2809 5692 quoque
2841 5637 2937 5692 per
2965 5621 3219 5692 Alypium
3250 5621 3316 5674 ad
3351 5620 3689 5692 Bonifacium
3727 5618 3849 5692 mis-

2251 5707 2367 5748 sam
2397 5709 2517 5749 esse
2552 5690 2800 5750 Julianus
2822 5690 2963 5762 apud
2990 5690 3354 5762 Augustinum
3376 5727 3392 5759 ,
3427 5692 3522 5746 lib.
3563 5705 3585 5746 1
3621 5691 3718 5759 0p.
3755 5690 3849 5743 int-

2252 5765 2390 5834 perf.
2416 5781 2467 5821 c.
2503 5765 2596 5831 85,
2627 5783 2725 5835 pro
2745 5777 2900 5822 certo
2926 5763 3095 5833 ponit.
