4122 6346
363 303 464 362 765

358 414 489 471 dare
518 414 808 487 dignatur,
857 426 911 472 ut
942 416 1336 488 pestilentibus
1365 427 1421 474 et
1449 416 1837 473 insidiantibus
1868 430 1961 472 eo-
1985 422 2036 481 Α

362 525 480 564 rum
506 511 732 582 scriptis
761 511 1038 567 medentia
1073 521 1128 568 et
1155 513 1461 568 munientia
1491 513 1695 582 scripta
1727 520 1966 584 prasten-

361 601 510 668 dam,
540 605 740 676 quibus
769 605 951 662 rabies
975 621 1079 677 qua
1113 604 1324 662 furiunt
1349 649 1364 672 ,
1395 616 1488 662 aut
1526 608 1694 663 etiam
1728 606 1845 676 ipsa
1872 619 1964 660 sa-

360 706 546 762 netur,
578 708 674 754 aut
704 715 733 754 a
767 700 1030 757 lzedendis
1057 702 1182 758 aliis
1211 703 1526 772 repellatur.

432 792 484 846 3.
532 791 662 847 Hazc
691 803 878 848 autem
908 840 920 863 ,
969 809 1094 864 qua:
1126 796 1339 851 duabus
1366 797 1617 866 epistolis
1649 810 1844 852 eorum
1877 809 1965 850 re-

361 885 629 954 spondeo,
657 889 750 942 uni
773 889 985 944 scilicet
1009 905 1174 960 quam
1207 900 1230 928 α
1261 891 1463 946 dicitur
1483 891 1713 946 Romam
1745 890 1964 945 misisse

355 975 630 1045 Julianus,
653 981 825 1035 credo
851 991 908 1036 ut
937 998 1033 1050 per
1054 982 1200 1038 illam
1226 1000 1368 1055 quos
1395 993 1582 1055 posset
1601 1000 1734 1039 suos
1755 993 1850 1039 aut
1875 986 1961 1038 in-
1989 1009 1992 1012 ~

358 1070 573 1126 veniret
602 1113 617 1138 ,
645 1085 737 1128 aut
773 1073 1019 1146 faceret,
1055 1077 1214 1132 alteri
1241 1088 1459 1145 autem,
1491 1093 1655 1147 quam
1683 1077 1877 1132 decem
1907 1087 1965 1134 et

356 1173 482 1219 octo
505 1167 655 1222 velut
697 1170 938 1240 episcopi
983 1169 1278 1242 participes
1312 1174 1433 1240 ejus
1463 1170 1704 1239 erroris,
1743 1185 1852 1226 non
1893 1170 1961 1225 ad

356 1257 662 1325 quoslibet,
689 1260 787 1315 sed
815 1259 881 1315 ad
913 1261 1018 1317 loci
1053 1261 1224 1331 ipsius
1265 1263 1584 1334 episcopum
1611 1279 1708 1318 sua
1745 1262 1960 1319 callidi-

361 1359 470 1406 tate
512 1354 832 1410 tentandum
860 1402 873 1424 ,
909 1364 964 1412 et
993 1357 1059 1410 ad
1091 1373 1218 1414 suas
1242 1369 1455 1430 partes,
1496 1359 1540 1414 si
1582 1368 1770 1430 posset
1800 1360 1916 1415 fieri
1943 1399 1958 1422 ,

361 1443 756 1500 traducendum
789 1489 806 1514 ,
854 1450 971 1503 ausi
1003 1461 1127 1504 sunt
1157 1449 1607 1507 Thessalonicam
1659 1452 1908 1508 scribere
1943 1470 1954 1505 :

357 1537 471 1595 lucc
499 1556 632 1612 ergo
662 1558 784 1614 qua:
808 1543 949 1614 istis,
977 1555 1034 1600 ut
1060 1545 1196 1614 dixi,
1221 1545 1434 1603 duabus
1461 1547 1710 1617 epistolis
1740 1546 1956 1602 illorum

357 1633 457 1688 ista
492 1635 866 1706 disputatione
903 1640 1211 1708 restiondeo
1239 1682 1254 1706 ,
1301 1641 1368 1696 ad
1405 1651 1555 1696 tuam
1607 1641 1955 1712 potissimum

353 1726 592 1798 dirigere
623 1733 995 1800 sanctitatem,
1027 1749 1133 1788 non
1166 1741 1278 1788 tam
1313 1734 1571 1790 discenda
1593 1777 1607 1799 ,
1633 1749 1798 1805 quam
1828 1749 1980 1808 εχειο,

1606 301 1963 360 EPISTOLE
2004 301 2090 359 ET
2132 302 2478 361 DECRETA.

3533 304 3549 374 ε
3564 302 3675 362 766

2261 418 2577 475 Βοκιειοιιιε
2614 420 2903 490 episcopus
2937 419 3176 475 Hononto
3203 430 3437 491 augusto

2143 511 2402 567 Ecclesia:
2433 528 2567 568 mea:
2607 509 2657 580 ἀ,
2693 513 2780 568 cui
2811 513 2958 568 Deus
2991 521 3180 568 uoster
3202 527 3381 569 meum
3413 514 3675 570 sacerdo-

2070 603 2206 658 tium
2240 604 2392 659 vobis
2422 621 2510 661 res
2547 605 2812 662 humanas
2843 605 3161 676 regentibus
3195 604 3503 676 deputavit,
3538 621 3675 663 cura

2069 699 2412 770 constringit,
2447 716 2515 757 ne
2540 702 2718 758 can~is
2748 703 2892 773 ejus,
2925 703 3180 772 quamvis
3209 703 3390 758 adhuc
3414 705 3672 775 corporis

2068 793 2516 850 incommoditate
2543 795 2816 863 detinear,
2867 805 2891 834 θ
2947 804 3250 852 conventus
3299 813 3326 849 ιι
3369 797 3676 854 sacerdoti-

2068 885 2168 941 bus
2214 887 2484 942 nuiversis
2510 901 2563 944 et
2593 889 2849 959 clericis,
2881 899 2937 946 et
2962 889 3278 946 christianae
3328 891 3502 960 plebis
3547 907 3673 962 per-

2067 980 2470 1037 turbationibus
2509 983 2765 1054 agitatus,
2815 984 2956 1055 apud
3007 999 3166 1040 aures
3205 982 3667 1042 Christianissimi

2066 1075 2331 1145 principis
2355 1077 2550 1132 desim.
2585 1076 2603 1116 τ
2635 1079 2690 1134 Si
2717 1079 2845 1150 quid
2886 1079 3034 1135 enim
3069 1095 3230 1136 secus
3252 1096 3414 1151 quam
3445 1089 3666 1152 oportet

2065 1171 2306 1236 eveniat,
2342 1187 2448 1226 non
2481 1187 2576 1228 vos
2611 1173 2662 1227 id
2696 1174 2899 1240 facere,
2931 1175 3024 1246 qui
3066 1186 3263 1230 cuncta
3291 1191 3446 1246 (equa
3477 1176 3668 1231 mode-

2065 1262 2275 1318 ratione
2303 1265 2663 1335 componitis;
2707 1267 2800 1321 sed
2836 1281 2973 1333 nos,
3006 1283 3102 1337 per
3135 1277 3380 1322 nostram
3417 1277 3665 1324 tacentes

2064 1353 2354 1421 desidiam,
2396 1357 2706 1412 videbimur
2743 1359 2887 1428 quod
2929 1358 3169 1413 civitatis
3199 1359 3441 1430 quietem
3483 1369 3538 1415 et
3566 1360 3668 1414 Ec-

2061 1450 2245 1505 clesiae
2265 1466 2451 1519 pacem
2474 1463 2788 1521 pervertere
2813 1453 2989 1507 valeat
3017 1453 3330 1510 admisisse.
3357 1454 3492 1508 Cum
3513 1454 3662 1510 enim

2063 1543 2315 1600 immanis
2345 1546 2508 1601 rebus
2540 1545 2740 1600 divinw
2771 1547 2953 1602 cultor
2988 1546 3268 1617 religionis
3312 1547 3545 1603 Domino
3588 1549 3668 1602 la-

2061 1649 2222 1694 vente
2271 1638 2604 1709 praesideas;
2655 1649 2839 1694 nostra
2891 1639 3048 1709 culpa
3083 1640 3214 1706 erit,
3245 1640 3290 1694 si
3329 1656 3436 1694 non
3479 1639 3532 1695 id
3563 1639 3665 1696 sub

2060 1747 2242 1788 veStra
2263 1734 2462 1804 gloria,
2494 1749 2657 1804 quam
2707 1742 2922 1788 certum
2967 1741 3053 1788 est
3097 1732 3299 1788 divinis
3329 1748 3549 1801 semper
3579 1747 3667 1789 re-

353 1821 632 1887 minanda,
663 1831 720 1879 et
744 1825 835 1880 ubi
875 1824 1107 1881 forsitan
1131 1827 1337 1898 aliquid
1361 1827 1742 1896 displicuerit,
1770 1843 1956 1883 emen-
1985 1843 2034 1904 B
2060 1826 2162 1882 bus
2191 1825 2377 1881 animo
2407 1826 2747 1896 promptiore
2787 1827 3008 1892 favisse,
3047 1825 3202 1880 firmo
3233 1834 3288 1880 et
3322 1826 3507 1881 stabili
3538 1825 3665 1896 jure

353 1914 532 1978 danda
576 1919 863 1975 constitui.
896 1920 1166 1976 Indicavit
1192 1923 1336 1977 enim
1382 1923 1510 1976 mihi
1553 1922 1722 1978 frater
1754 1938 1909 1978 meus
1942 1968 1954 1991 ,

350 2009 495 2079 quod
536 2025 630 2066 eas
684 2011 765 2067 illi
807 2013 940 2068 dare
990 2016 1109 2083 ipse
1160 2016 1416 2086 dignatus
1450 2031 1543 2084 es,
1576 2033 1696 2088 qua:
1734 2019 1787 2072 iu
1841 2027 1957 2073 tuas

351 2117 568 2166 manus,
597 2105 702 2160 nisi
735 2105 1148 2176 vigilantiSsima
1175 2109 1457 2180 diligentia
1487 2109 1712 2165 fratrum
1740 2122 1957 2167 nostro-

350 2209 470 2249 rum
507 2195 748 2252 filiorum
775 2207 996 2256 tuorum
1029 2242 1042 2266 ,
1081 2203 1269 2258 venire
1303 2218 1412 2257 non
1439 2214 1679 2273 possent.
1713 2204 1832 2275 Ago
1859 2219 1957 2261 au-

352 2297 462 2343 tem
503 2288 710 2359 gratias
741 2292 1138 2349 sincerissime
1161 2295 1214 2349 in
1245 2310 1344 2349 nos
1369 2295 1765 2352 benevolentizc
1799 2305 1906 2352 tua:
1935 2340 1950 2365 ,

350 2383 494 2454 quod
526 2399 621 2438 eas
648 2401 736 2441 me
763 2386 940 2442 latere
970 2388 1192 2443 noluisti
1225 2391 1438 2444 litteras
1463 2391 1814 2446 inimicorum
1834 2407 1952 2462 gra-

351 2476 438 2530 tiae
477 2475 572 2531 Dei
603 2521 620 2546 ,
672 2480 723 2533 in
766 2481 965 2550 quibus
1001 2482 1260 2552 reperisti
1294 2499 1491 2538 nomen
1535 2499 1712 2539 meum
1743 2486 1950 2540 calum-

351 2570 506 2627 niose
532 2581 696 2643 atque
719 2574 1005 2630 evidenter
1033 2592 1378 2646 expressum.

872 2668 1208 2725 EPISTULA
1252 2669 1343 2725 VII
1377 2670 1426 2737 ι),

349 2753 457 2810 Seu
491 2765 513 2794 θ
544 2757 862 2828 supplicatio
893 2769 946 2812 ut
976 2763 1324 2817 constituatur
1350 2781 1389 2816 ιι
1409 2765 1667 2835 principe,
1691 2775 1945 2838 quatenus

417 2847 472 2901 in
499 2849 624 2904 urbe
656 2850 823 2906 Roma
853 2868 944 2922 per
972 2853 1219 2907 ambitum
1247 2871 1528 2925 numquam
1548 2858 1783 2929 pontifex
1801 2857 1946 2913 ordi-

419 2950 591 2998 netur.

2062 1920 2424 1986 custodiatur,
2480 1919 2624 1990 quod
2671 1935 2768 1990 per
2799 1927 2880 1974 tot
2920 1933 3187 1974 annorum
3220 1919 3420 1973 seriem
3467 1929 3524 1973 et
3564 1919 3666 1974 sub

2061 2014 2171 2069 illis
2201 2014 2364 2068 etiam
2400 2012 2736 2082 principibus
2764 2013 3034 2080 obtinuit,
3077 2026 3215 2083 quos
3264 2012 3412 2066 nulla
3458 2018 3664 2067 nostra

2061 2107 2343 2178 religionis
2373 2123 2502 2163 cura
2533 2106 2886 2172 constrinxit,
2920 2117 2945 2154 ε
2979 2106 3031 2160 id
3064 2115 3149 2162 est
3175 2106 3442 2173 ethnicis,
3469 2117 3525 2162 et
3558 2105 3662 2161 sub

2056 2208 2255 2255 vestra:
2282 2198 2522 2269 Imperio
2561 2199 2881 2255 Clementia:
2916 2198 3142 2254 minime
3172 2215 3293 2270 quae
3323 2209 3451 2253 sunt
3474 2198 3664 2253 illicita

2056 2290 2446 2347 formidentur.
2473 2291 2592 2362 Ipsa
2617 2291 2762 2347 enim
2790 2288 2815 2328 ιι
2844 2291 3088 2347 Ecclesia
3112 2291 3463 2346 devotionem
3488 2300 3658 2359 tuam,

2055 2386 2513 2442 christianissime
2559 2386 2886 2456 Imperator,
2934 2401 3058 2440 meo
3101 2385 3324 2455 quidem
3375 2400 3656 2453 sermone,

2054 2479 2150 2535 sed
2179 2496 2278 2536 suo
2332 2477 2346 2516 ί
2397 2479 2728 2536 venerabilis
2767 2479 3003 2550 appellat
3043 2479 3265 2545 alfectu,
3300 2494 3460 2551 quam
3500 2479 3663 2535 Chri-

2055 2583 2174 2629 stus
2207 2574 2352 2629 Deus
2385 2584 2597 2641 noster,
2640 2573 2807 2628 vestri
2855 2573 2996 2628 ﬁdus
3030 2584 3209 2628 reetor
3238 2583 3294 2628 et
3322 2573 3660 2643 gubernator

2054 2666 2297 2737 Imperii,
2329 2667 2420 2720 uni
2451 2665 2837 2735 desponsatam
2870 2664 2972 2719 sibi
3008 2676 3060 2719 et
3099 2664 3358 2720 intactam
3389 2665 3657 2735 virginem
3727 2731 3738 2744 .

2055 2771 2238 2816 servat
2265 2760 2340 2832 (II
2381 2759 2506 2814 Cor.
2532 2776 2607 2825 ιιι,
2642 2759 2738 2830 2),
2769 2775 2835 2815 ne
2871 2761 2926 2814 in
2955 2775 3076 2815 eam
3115 2761 3330 2830 aliquos
3369 2759 3658 2830 patiamini

2055 2854 2426 2909 insidiantium
2459 2854 2827 2924 procellarum
2870 2852 3066 2908 ﬂuctus
3095 2853 3231 2908 illidi
3260 2895 3276 2920 ,
3313 2864 3368 2909 et
3413 2852 3655 2924 quietam

2055 2947 2248 3003 faciem
2280 2950 2622 3017 tempestatis
2652 2947 2887 3002 insolitae
2927 2958 3142 3002 tumore
3173 2947 3409 3014 turbari,
3445 2947 3656 3020 glorio-

415 3141 440 3170 ι
473 3134 622 3207 lianc
651 3132 869 3207 luliano
896 3149 1050 3207 suam
1081 3150 1207 3191 esse
1238 3134 1526 3200 iulieianti,
1557 3136 1931 3207 Augusﬁnus,
1964 3140 2010 3204 ί]
2043 3137 2340 3207 perialibus
2390 3135 2586 3192 edictis
2613 3136 2808 3206 quibus
2853 3135 2995 3191 hunc
3037 3135 3350 3207 pontificem
3377 3137 3428 3192 in
3460 3139 3647 3198 urbem

344 3203 436 3276 lib.
473 3205 614 3274 10p.
655 3205 873 3275 imperf.
907 3221 956 3261 c.
990 3206 1078 3272 I8,
1115 3207 1258 3261 istud
1291 3208 1629 3276 respondere
1648 3203 1804 3262 'satis
1844 3211 1938 3263 ha-

343 3274 506 3350 bttiti:
543 3278 655 3350 S_ed
679 3274 865 3332 si’eam
896 3295 996 3331 non
1030 3281 1290 3350 agnoscis,
1323 3274 1437 3333 ccce
1463 3297 1563 3333 non
1591 3282 1657 3333 sit
1690 3289 1798 3334 tua.

410 3348 437 3386 δ
477 3349 533 3404 In
565 3348 812 3405 Gratiani
855 3348 1102 3415 decreto,
1153 3352 1280 3406 dist.
1330 3351 1421 3414 97,
1475 3367 1524 3406 c.
1563 3355 1614 3414 ι,
1675 3363 1782 3406 tota
1842 3351 1939 3407 dc-

339 3421 548 3496 scripta
593 3421 923 3496 c_st._Ex_stat
974 3438 1193 3496 quoque
1239 3425 1288 3477 in
1324 3424 1655 3478 collectione
1688 3425 1936 3496 Dionysii

340 3491 553 3565 Exigui,
592 3492 760 3548 Iladr.
798 3493 1054 3563 Ilispana,
1094 3494 1311 3563 Isidori,
1339 3504 1392 3549 et
1429 3497 1533 3550 alia
1566 3491 1936 3565 Langobardi-

335 3563 416 3637 cis
445 3566 644 3620 litteris
676 3575 924 3620 exarata.
961 3565 1058 3619 llis
1095 3569 1146 3620 in
1197 3567 1614 3622 collectionibus
1659 3563 1932 3637 superiori

334 3635 583 3705 epistolie
607 3639 642 3693 5
669 3638 794 3691 anni
823 3637 950 3700 419,
984 3653 1171 3693 mense
1199 3641 1384 3706 Junio,
1421 3635 1760 3705 consignata:
1786 3651 1934 3695 ante-

2045 3209 2638 3276 revocarejubebatur,
2668 3209 2735 3262 ad
2762 3208 3060 3262 lIonorium
3095 3210 3441 3276 rescripserit
3478 3229 3490 3263 :
3519 3210 3648 3266 Tam

2038 3291 2190 3353 grata
2230 3281 2483 3353 universis
2536 3295 2655 3350 qua:
2695 3283 2851 3353 jussa
2898 3289 3018 3332 sunt
3071 3283 3344 3353 exstitere,
3379 3291 3433 3333 ut
3463 3281 3561 3336 hoc
3597 3295 3647 3340 et

2039 3351 2169 3406 ordo
2191 3351 2570 3417 amplissimus,
2597 3360 2645 3404 et
2675 3351 2938 3404 Itonianus
2968 3352 3196 3420 populus
3209 3353 3638 3420 comprobaret...

2038 3421 2238 3478 Tantus
2266 3426 2435 3494 fervor
2465 3435 2510 3476 et
2542 3423 2723 3476 lattttia
2755 3426 2914 3477 totius
2948 3423 3141 3475 exstitit
3179 3423 3426 3485 civitatis,
3460 3437 3514 3476 ut
3541 3429 3643 3482 sci-

2037 3496 2158 3550 licet
2179 3496 2486 3568 religionem
2503 3494 2780 3568 redditam,
2806 3504 2850 3547 et
2876 3495 3162 3566 prtcstitam
3183 3495 3372 3565 quietis
3388 3497 3641 3553 securita-

2037 3575 2134 3620 tem
2157 3567 2332 3621 omnes
2360 3567 2707 3636 gratulatione
2733 3582 2962 3639 congrua
2986 3575 3367 3620 testarentur...
3401 3568 3510 3622 Nec
3531 3571 3638 3632 iam

2034 3640 2214 3702 aliqua
2242 3640 2494 3693 dissensio
2533 3648 2761 3692 remanet
2791 3639 3137 3710 populorum,
3167 3647 3213 3690 et
3254 3653 3428 3693 onmes
3460 3641 3636 3695 divino

335 3706 696 3784 fertur._Sed
741 3709 874 3784 nihil
907 3709 1276 3784 indejuvatttr
1316 3713 1501 3780 opinio
1553 3712 1794 3776 Bnronii,
1840 3712 1933 3784 qui
2021 3711 2232 3784 judicio
2277 3721 2326 3764 et
2382 3711 2665 3780 majestatis
2706 3706 2885 3764 vestra:
2943 3710 3306 3784 acquieverunt
3352 3709 3633 3784 voluntati.

334 3777 474 3834 hanc
499 3781 564 3835 ad
593 3782 846 3836 eumdem
877 3777 1078 3834 annum
1109 3783 1299 3838 refert.
1334 3777 1388 3840 Si
1429 3784 1574 3838 enim
1627 3799 1773 3837 anno
1822 3777 1930 3840 4'19

331 3863 473 3906 esSet
510 3853 735 3923 scripta,
759 3868 882 3906 cum
910 3867 1028 3907 eam
1059 3870 1242 3909 mense
1263 3857 1408 3911 Julio
1435 3855 1615 3910 datam
1644 3871 1767 3910 esse
1797 3871 1931 3910 con-

328 3931 457 3987 stet,
501 3936 556 3978 ιιι
589 3926 836 3994 epistola:
868 3939 1056 3980 mense
1089 3926 1253 3981 .Iunio
1285 3931 1616 3997 consiguatm
1646 3936 1929 3996 postpone-

327 4003 500 4064 retur,
535 3999 798 4066 temporis
827 3997 964 4050 ratio
995 3999 1324 4065 postulabat.
1368 4000 1419 4054 Si
1471 4003 1637 4052 etiam
1681 4002 1924 4052 occasio-

326 4082 448 4121 nent
473 4085 578 4140 qua
608 4071 810 4139 scripta
862 4077 968 4133 est,
1016 4071 1410 4139 expendamus,
1441 4086 1562 4124 eam
1607 4069 1672 4122 ad
1721 4085 1922 4123 annum

322 4141 428 4193 419
487 4141 766 4210 pertinere
815 4155 920 4194 non
978 4157 1135 4208 posse
1187 4142 1346 4196 facile
1384 4141 1727 4196 conhcietur.
1773 4141 1921 4194 Illam

320 4211 520 4282 quippe
558 4212 778 4282 scripsit
811 4211 1122 4266 Bonifacius
1148 4223 1336 4284 rogatu
1377 4213 1617 4266 omnium
1667 4213 1923 4266 sacerdo-

321 4292 432 4337 ttttn
463 4300 530 4341 ac
556 4285 882 4356 clericorum
913 4299 1164 4356 suorum,
1193 4285 1286 4354 qni
1318 4287 1474 4356 longa
1500 4285 1922 4337 incommoditate

317 4363 484 4425 atque
530 4355 853 4425 mgritntlinc
903 4355 1075 4425 ipsius
1102 4358 1299 4421 territi,
1327 4355 1454 4410 (Ιιιιιι
1489 4357 1607 4424 ejus
1637 4355 1758 4408 vita:
1801 4370 1918 4409 me-

316 4435 554 4491 tuerent,
586 4443 654 4483 ne
686 4429 881 4482 Enlalii
935 4429 1350 4484 recrudesceret
1395 4428 1655 4485 schisma.
1707 4427 1920 4495 prospi-

313 4501 572 4584 ciendum
602 4501 896 4594 deserunt.
922 4501 1182 4584 Quamvis
1209 4502 1352 4594 enim
1377 4503 1763 4594 convalescere
1793 4513 1917 4581 mox
1952 4536 1997 4594 D

312 4574 570 4638 coenet-it,
601 4573 733 4626 nihil
765 4586 940 4626 tamen
968 4575 1182 4627 censuit
1208 4572 1593 4631 dilferemlum,
1628 4573 1918 4635 quominus

314 4641 579 4699 Ecclesiae
612 4645 801 4698 u‘nitati
831 4660 893 4698 ac
929 4647 1049 4713 paci
1081 4645 1135 4699 in
1171 4656 1450 4712 posterum
1486 4642 1821 4697 consuleret.
1849 4647 1917 4696 At

311 4729 444 4771 vero
495 4716 549 4770 in
605 4716 870 4786 superiori
920 4717 1154 4783 epistola
1201 4719 1236 4772 5
1273 4715 1406 4770 nihil
1463 4713 1912 4784 deprehenditur,

310 4790 454 4856 quod
519 4789 826 4860 pontilicem
883 4787 1038 4860 longa
1097 4788 1519 4842 incommoditate
1576 4788 1913 4860 laborantem

309 4860 502 4922 suiret.
539 4861 665 4916 llaec
691 4859 878 4928 igitur,
901 4858 1102 4930 deiqua
1131 4863 1366 4929 agimus,
1395 4863 1560 4914 citius
1585 4860 1612 4912 I
1639 4858 1727 4911 die
1763 4873 1916 4911 men-

309 4931 384 4985 sis
415 4931 542 4988 Julii
577 4934 703 4987 anni
736 4932 845 4987 420
872 4935 1184 5003 consignari
1234 4933 1443 5002 nequit.
1497 4930 1651 5003 Cum
1682 4930 1914 4983 solemni

2034 3783 2364 3837 Cessantibus
2385 3799 2505 3852 ergo
2527 3784 2736 3842 studiis,
2767 3797 2943 3835 omnes
2973 3781 3112 3852 quod
3145 3793 3398 3853 ιιι-ωτεριο
3420 3782 3521 3837 Dei
3538 3788 3634 3838 ad-

2032 3857 2214 3909 moniti
2265 3855 2556 3920 statuistis,
2601 3857 2789 3907 sentire
2837 3863 3116 3923 cmperunt.
3173 3852 3246 3906 Ita
3293 3852 3634 3910 resoriliebat

2031 3926 2389 3996 Synnnachtts
2427 3941 2599 3980 sacrze
2639 3926 2912 3990 epistolae,
2962 3941 3120 3993 quam
3153 3939 3296 3978 anno
3320 3926 3444 3990 H9,
3481 3927 3571 3983 dic
3598 3929 3632 3982 8

2032 3999 2258 4066 Aprilis,
2283 4006 2594 4064 acceperat.
2624 3996 2727 4052 Ubi
2765 3998 2929 4066 igitur
2954 4005 3235 4050 cesserant
3257 3997 3488 4063 partium
3515 4012 3631 4053 stn-

2028 4068 2139 4132 dia,
2181 4069 2560 4123 schistnaticos
2613 4070 2734 4122 illos
2780 4077 3085 4121 conventus
3132 4067 3338 4135 agitare
3391 4072 3630 4136 potuisse

2027 4141 2150 4209 quis
2202 4141 2580 4207 intelligatur?
2613 4139 2718 4194 Sed
2767 4149 2820 4192 et
2869 4138 2936 4191 de
2967 4138 3092 4190 unis
3121 4137 3629 4205 perturbationibns

2028 4212 2441 4273 przevertendis,
2485 4225 2604 4277 qu:e
2661 4209 2910 4263 accidere
2971 4210 3022 4260 in
3070 4217 3345 4275 posterum
3379 4223 3628 4278 possent,

2028 4281 2386 4342 Benitaeium.
2421 4296 2544 4336 cum
2576 4298 2602 4332 a
2633 4281 2782 4335 clero
2809 4291 3109 4333 conventus
3163 4293 3224 4330 ac
3273 4293 3499 4347 rogatus
3542 4297 3629 4335 es-

2023 4365 2128 4415 set,
2163 4355 2454 4407 Sollicitum
2482 4352 2650 4406 fuisse
2685 4361 2793 4406 tota
2817 4349 3237 4419 supplicationis
3263 4351 3432 4419 ipsius
3455 4355 3629 4408 series

2023 4433 2186 4492 atque
2219 4425 2567 4492 Imperatoris
2599 4423 2925 4492 rescriptum
2960 4421 3319 4490 persuadent.

2103 4491 2121 4533 τ
2164 4497 2218 4550 In
2256 4491 2510 4563 vulgatis,
2543 4504 2601 4548 ut
2634 4495 2687 4550 iu
2723 4491 2945 4564 scriptis
2978 4493 3144 4548 llatlr.
3187 4502 3242 4546 ct
3281 4491 3411 4564 Isid.
3446 4507 3633 4546 exem—

2027 4567 2150 4636 plis,
2192 4569 2494 4638 siquidem:
2521 4569 2702 4620 verius
2733 4563 2924 4638 inuis.
2973 4564 3133 4619 Colh.
3170 4563 3412 4638 Langob.
3475 4573 3532 4618 ιιι
3576 4565 3628 4619 in

2022 4636 2430 4695 sincero—Dion.
2460 4640 2761 4708 exemplari
2786 4636 2976 4709 Regio,
3011 4638 3073 4692 Si
3095 4639 3223 4703 quid
3247 4636 3406 4690 enim.

2093 4722 2118 4758 κ
2163 4713 2215 4766 In
2260 4711 2667 4780 exetnplarihns
2707 4708 2957 4764 Dion.’ct
3007 4711 3202 4775 Iladr.,
3233 4711 3288 4762 id
3323 4717 3400 4761 est
3450 4708 3627 4773 licitis,

2023 4785 2122 4837 nisi
2155 4784 2297 4852 quod
2330 4788 2383 4838 in
2415 4799 2524 4837 uno
2555 4783 2766 4836 Harla-o
2799 4787 3232 4851 superscriptnm
3267 4792 3371 4845 est,
3398 4780 3479 4834 vel
3510 4781 3626 4839 ideo

2019 4857 2198 4910 licitis.
2234 4857 2360 4911 Isid.
2397 4866 2516 4925 post
2547 4855 2768 4924 I-Iispan.
2821 4856 2948 4908 coll.
3008 4853 3308 4917 suhstituit,
3354 4854 3408 4906 id
3438 4863 3533 4922 est,
3565 4870 3620 4911 ut

2017 4927 2184 4996 ﬁdens
2234 4938 2410 4982 utatur
2439 4929 2635 4981 licitis:
2663 4925 2810 4996 quod
2855 4937 2909 4981 et
2969 4925 3120 4981 Meri.
3167 4929 3420 4994 arripuit.
3470 4928 3614 4984 EtIIl.

2017 4999 2104 5068 alii
2139 4999 2207 5054 de
2233 5015 2332 5053 suo
2366 5008 2694 5061 posuerunt.
2730 4999 2783 5050 id
2805 5010 2898 5062 cst,
2952 5009 3005 5052 ut
3055 4999 3220 5068 ﬁdens
3266 5010 3385 5052 utar
3439 4999 3614 5057 licitis.

2016 5067 2176 5124 Solus
2222 5070 2512 5125 Gratianus
2554 5069 2798 5133 e\hibet,
2833 5070 2886 5122 id
2927 5081 3020 5133 est,
3052 5067 3107 5123 ut
3154 5070 3296 5123 licita
3328 5085 3613 5128 serventur.

2015 5141 2070 5195 Ιιι
2123 5143 2362 5214 Langoh.
2425 5142 2614 5195 codice
2661 5141 2820 5214 (Iulli.
2862 5151 3075 5202 exstat,
3125 5141 3178 5194 id
3209 5150 3283 5194 es!
3335 5141 3398 5193 de
3433 5144 3612 5214 licitis,

2018 5213 2169 5268 Unde
2200 5214 2605 5267 conticietnlnm
2653 5212 2809 5266 nobis
2839 5215 3013 5266 visum
3044 5224 3128 5268 est
3152 5257 3166 5280 ,
3198 5214 3251 5264 id
3275 5224 3348 5265 est
3373 5212 3612 5269 ethnicis.

2016 5287 2096 5342 Ad
2123 5286 2265 5340 hunc
2292 5284 2554 5340 Bonifacii
2587 5285 2766 5338 locum
2800 5283 3076 5339 Honorius
3100 5287 3270 5348 exigit
3301 5285 3465 5337 verba
3492 5301 3610 5352 sua,

2012 5373 2134 5412 cum
2164 5358 2324 5426 epist.
2368 5357 2434 5412 10
2463 5358 2654 5409 scribit
2689 5374 2700 5407 :
2737 5353 2820 5410 Nc
2851 5355 2945 5409 sub
2971 5355 3288 5424 principibus
3316 5355 3612 5412 cltristianis

2017 5429 2255 5483 Romana
2278 5431 2460 5500 perdat
2482 5427 2747 5496 Ecclesia,
2768 5430 2906 5500 quod
2935 5431 3052 5482 aliis
3084 5427 3480 5498 imperatoribus
3510 5444 3611 5484 non

2011 5513 2206 5557 (ιιιιιειι.

2084 5572 2108 5611 ιι
2149 5575 2204 5630 Ιιι
2235 5590 2336 5630 ms.
2373 5573 2528 5628 Colb.
2563 5573 2801 5644 Langoh.
2834 5571 3182 5644 desideratur
3213 5566 3464 5622 Ecclcsia.

2088 5646 2102 5684 ί
2157 5647 2232 5700 Ita
2258 5647 2530 5701 sincerum
2564 5640 2718 5698 Dion.
2745 5647 3027 5712 exemplar
3051 5640 3277 5703 Regium
3303 5654 3427 5692 cum
3453 5642 3610 5698 Colb.

2008 5719 2078 5775 At
2129 5719 2250 5773 aliis
2291 5719 2344 5773 in
2387 5718 2563 5782 libris,
2614 5715 2908 5770 veneralili.
2953 5714 3089 5769 'I‘um
3131 5712 3241 5766 duo
3297 5725 3430 5768 mss.
3481 5715 3609 5769 coll.

2008 5791 2164 5854 Isid.,
2196 5790 2424 5862 appellat
2455 5789 2692 5862 aliam-Ei

310 5004 821 5074 probatissimorum
862 5002 1210 5059 sacerdotum
1258 5006 1530 5074 legatione
1586 5002 1748 5056 miSsa
1807 5009 1909 5055 est.

388 5087 410 5115 ο
454 5079 772 5145 Argnmenti
807 5077 989 5144 hujus,
1023 5076 1164 5146 quod
1196 5077 1483 5148 Dionysius
1508 5074 1751 5148 Exiguus
1775 5088 1905 5126 con-

310 5148 579 5216 cinnavit,
605 5151 888 5204 veritatem
925 5145 1146 5202 Honorii
1179 5145 1503 5216 rescriptum
1540 5145 1752 5214 probat.

381 5219 406 5257 ἀ
454 5223 508 5276 In
561 5213 663 5276 ius.
722 5221 916 5275 Navar.
973 5220 1060 5274 hic
1101 5219 1320 5274 additur
1356 5213 1838 5287 'Roma’nte:quod
1880 5231 1910 5270 e

310 5295 599 5364 marginal:
653 5301 780 5348 nota
828 5295 877 5345 in
925 5302 1130 5364 textum
1161 5291 1741 5364 videtur‘trauslatum.
1774 5288 1909 5342 Iliuc

304 5361 509 5420 factum
543 5365 684 5435 apttd
720 5364 959 5431 Merlin.,
996 5363 1240 5435 Ecclesia:
1272 5380 1349 5416 me
1373 5361 1643 5435 Romanis.

385 5448 408 5476 ε
450 5431 594 5493 Editi
623 5453 747 5492 eum
787 5437 913 5490 coll.
966 5435 1124 5490 Dion.
1183 5434 1349 5488 I-Iadr.
1407 5433 1630 5500 Ilispan.
1665 5440 1717 5485 et
1750 5431 1903 5495 lsitl.,

307 5523 520 5584 propter
545 5518 822 5584 conventus
846 5509 934 5584 qui
959 5526 988 5559 ιι
1011 5505 1436 5584 sacerdotibus...
1470 5507 1736 5584 agitantur
1765 5518 1782 5556 :
1811 5518 1908 5572 op-

309 5574 423 5638 timi
469 5582 678 5636 codicis
708 5574 869 5634 Coll):
897 5579 1145 5649 Langoh.
1181 5579 1505 5631 auctoritate
1547 5574 1903 5649 castigantur.

306 5654 494 5725 Neque
515 5669 649 5707 vero
690 5656 780 5722 qui
835 5645 1449 5725 essetrtfilligconventus
1494 5664 1527 5700 a
1555 5645 1904 5725 sacerdotibus

308 5719 564 5782 universis
592 5737 636 5778 et
664 5719 868 5779 clericis
896 5736 942 5778 et
971 5720 1283 5778 Christiana:
1311 5719 1473 5791 plebis
1499 5719 1902 5791 perturbationi-

307 5800 400 5872 bus
429 5799 638 5872 agitati,
671 5794 833 5872 facile
859 5796 979 5872 quis
1009 5793 1560 5872 expl:c_et_:_maxime
1589 5805 1708 5844 cum
1727 5793 1901 5872 .Sym-

307 5861 534 5926 machus
559 5866 840 5925 Bonifacio
878 5861 1226 5938 quantumvis
1251 5863 1502 5932 infestus,
1533 5863 1770 5932 acceptis
1799 5861 1898 5917 ima
