4122 6346
535 325 637 382 771

530 537 888 608 subreptione
935 536 1213 601 frustrata,
1245 533 1298 590 id
1327 533 1468 604 quod
1509 547 1540 588 a
1587 533 1886 603 majoribus
1924 533 2128 588 nostris

529 631 886 686 constitutum
904 637 988 685 est
1021 637 1358 684 reservetur.
1383 625 1794 696 thuamquam
1821 641 1929 680 non
1947 625 2126 680 soluat

525 723 584 783 in
598 723 688 792 iis,
703 740 822 794 qua:
845 722 1030 778 divina
1052 721 1310 791 suffragia
1337 719 1658 790 incorrupta
1670 727 1982 784 servarunt,
1999 717 2129 774 alfa-

527 827 617 878 tus
635 817 1000 874 Pereonitatis
1014 825 1116 870 tuae
1131 830 1160 869 a
1181 814 1337 870 nobis
1357 812 1928 869 observenturall‘ectu
1957 813 2127 870 celeri

524 887 781 984 omnique
825 909 1181 967 veneratione
1226 917 1501 978 suscepta,
1535 916 1645 962 tum
1694 908 1970 977 precipue
2009 906 2126 962 haec

523 1019 654 1071 res;
683 1005 808 1076 quia
838 1003 1026 1059 saaculi
1071 1002 1346 1072 totiusque
1377 1001 1533 1072 regni
1579 1001 1752 1055 nostri
1801 1001 2122 1070 soSpitatem

519 1097 670 1156 illius
706 1097 922 1169 inclytae
974 1096 1127 1152 urbis
1169 1110 1368 1150 nomen
1418 1093 1684 1149 hactenus
1720 1103 1925 1149 servat.
1967 1095 2124 1150 Unde

521 1190 671 1247 omni
741 1188 1164 1260 supplicantium
1231 1188 1615 1258 episcoporum
1675 1200 1774 1256 per
1843 1185 2122 1257 Illyricum

519 1283 874 1353 subreptione
911 1289 1146 1347 remota,
1179 1281 1474 1336 statuimus
1499 1279 1784 1334 observari
1807 1279 1951 1349 quod
1981 1278 2122 1346 pris-

521 1395 583 1435 ca
607 1378 908 1450 apostolica
953 1376 1242 1447 disciplina
1272 1385 1326 1431 et
1352 1389 1594 1430 canones
1611 1383 1830 1428 veteres
1857 1374 2122 1445 eloquun-

520 1483 628 1529 tur.
663 1473 842 1543 Super
868 1487 972 1542 qua
999 1486 1080 1537 re,
1116 1469 1412 1526 secundum
1439 1470 1666 1523 formam
1687 1469 1894 1523 oraculi
1917 1467 2120 1524 Peren-

518 1565 706 1622 nitatis
753 1575 882 1632 tute,
931 1564 997 1619 ad
1029 1564 1177 1620 viros
1243 1564 1482 1619 illustres
1539 1563 1829 1633 prmfecms
1877 1562 2118 1633 praetorii

515 1658 713 1732 Illyrici
749 1658 922 1714 nostri
957 1657 1163 1728 scripta
1194 1665 1219 1694 ⁸
1252 1655 1621 1727 porreximus,
1677 1663 1737 1709 ut
1772 1655 2117 1711 cessantibus

514 1754 900 1825 episcoporum
965 1752 1417 1821 subreptionibos
1450 1792 1465 1816 ,
1516 1751 1800 1820 antiquum
1865 1750 2113 1805 ordinem

1670 321 1919 378 SANCTI
1963 320 2311 379 BONIFACII
2353 321 2395 390 l,
2438 323 2666 391 ΡΑΡᾹΞ,

532 441 665 501 fecit
711 439 1136 498 christianorum
1197 436 1504 510 principum
1551 445 1825 507 posteros,
1891 444 1949 491 ut
1984 437 2131 493 omni
2160 443 2214 502 Α

3734 323 3831 378 772

2757 436 3099 496 EPISTOLA
3141 438 3238 495 XII
3264 438 3313 492 δ.

2309 549 2573 590 BONIFACII
2622 549 2661 601 l,
2716 550 2890 599 PAPE,
2939 551 3008 590 AD
3055 549 3328 603 BILAMUI
3377 545 3762 588 NARBONENSEI

2862 645 3180 688 EPISCOPUI.

2234 720 2302 778 Ut
2329 726 2381 777 in
2407 740 2714 796 unaquaque
2745 725 3012 793 prouincia
3037 740 3210 788 nemo,
3248 730 3542 793 contempto
3570 729 3828 791 metropo-

2620 817 2807 885 litano,
2853 818 3126 888 episcopus
3149 815 3441 872 ordinetur.

2230 908 2574 976 BONlt-‘ACIUS,
2624 914 2915 981 episcopus
2960 911 3112 968 urbis
3162 911 3371 977 Romae,
3412 912 3429 943 ‘
3465 912 3694 970 illusio
3715 914 3824 987 epi-

2724 1017 2890 1073 scopo
2931 1002 3272 1060 Narbonensi
3304 1016 3349 1059 ε.

2299 1095 2350 1150 1.
2397 1095 2627 1151 Difﬁcile
2668 1093 2694 1132 ἀ
2741 1095 2961 1166 quidem
3006 1096 3169 1152 fidem
3203 1099 3564 1168 querimoniis
3591 1115 3827 1156 commo-

2225 1186 2438 1257 damus,
2462 1205 2692 1260 quarum
2736 1188 3050 1245 sacerdotes
3092 1189 3310 1244 Domini
3361 1191 3540 1259 pulsat
3574 1192 3821 1260 intentio,

2225 1283 2462 1338 maxime
2489 1299 2611 1338 cum
2641 1298 2738 1338 eos
2760 1282 3059 1353 loquuntur
3088 1283 3370 1354 quidpiam
3393 1295 3586 1339 contra
3616 1295 3824 1355 patrum

2222 1385 2421 1430 statuta
2457 1386 2701 1432 tentasse
2743 1395 2758 1432 :
2791 1378 2885 1434 sed
2935 1380 3254 1448 frequenter
3287 1381 3382 1432 bas
3409 1381 3643 1446 asserit,
3689 1379 3827 1435 sicut

2223 1483 2391 1536 nunc,
2419 1468 2718 1523 multitudo
2743 1471 3108 1524 causantium.
3133 1469 3276 1524 Ecce
3306 1470 3476 1538 enim,
3507 1481 3566 1525 ut
3590 1470 3824 1529 Charitas

2223 1571 2313 1615 tua
2350 1562 2779 1632 recognoscites
2823 1562 3082 1629 subditis,
3119 1572 3142 1599 θ
3190 1561 3522 1618 Lutubensis
3579 1565 3823 1619 ecclesia:

2220 1656 2360 1711 clcri
2387 1657 2547 1721 ordo,
2599 1657 2688 1712 vel
2744 1656 2942 1726 plebis,
2995 1671 3185 1726 preces
3213 1673 3343 1712 suas
3373 1666 3429 1712 et
3458 1657 3731 1728 lacrymas
3757 1658 3822 1712 ad

2219 1765 2340 1814 nos,
2399 1759 2658 1821 quantum
2715 1751 2874 1805 datur
2921 1749 3187 1820 intelligi,
3237 1765 3435 1821 magno
3459 1766 3581 1806 eum
3637 1751 3823 1809 dolore

513 1845 831 1916 specialiter
859 1843 1060 1899 faciant
1088 1842 1351 1899 custodiri
1387 1859 1401 1896 :
1432 1857 1501 1898 ne
1532 1842 1860 1898 venerabilis
1883 1843 2112 1898 ecclesia
2145 1878 2192 1937 Β
2220 1844 2504 1910 miserunt,
2533 1843 2806 1908 dicentes,
2833 1843 3218 1914 coepise0pum
3253 1841 3406 1914 (Haec
3425 1843 3550 1898 citat
3593 1842 3821 1898 Caleni-

512 1939 856 1997 sanctissima
909 1938 1076 1995 Urbis
1105 1936 1390 2010 privilegia
1418 1953 1446 1992 a
1481 1938 1761 1993 veteribus
1817 1939 2111 1993 constituta

514 2033 751 2099 amittat,
777 2048 898 2104 quae
921 2047 1166 2103 perenne
1199 2031 1356 2087 nobis
1380 2030 1461 2086 sui
1507 2031 1746 2087 nominis
1768 2033 2115 2088 consecravit

512 2125 824 2198 imperium.

507 2361 789 2418 emanavit.
826 2360 894 2435 Et
930 2359 986 2414 hi
1012 2355 1512 2435 quidemprtesules
1543 2367 1650 2435 non
1700 2352 1976 2435 immerito
2021 2349 2104 2405 di-

505 2442 725 2497 euutur,
760 2433 882 2502 quia
916 2425 1157 2506 prin-sunt
1184 2425 1522 2494 rei'publiCte,
1557 2425 1700 2506 sicut
1731 2425 1972 2494 episcopi
2004 2439 2102 2478 vo-

506 2515 701 2561 cantur
729 2498 1018 2569 pra-sules,
1049 2503 1171 2567 quia
1212 2511 1452 2568 pt‘a‘suut
1474 2498 1746 2569 ecclesias.

581 2587 607 2613 α
638 2565 968 2631 Exciderunt
992 2565 1193 2640 scripta
1216 2565 1340 2633 illa,
1378 2580 1696 2639 tantumque
1722 2567 1775 2620 in
1805 2565 2104 2640 Theodosii

505 2663 572 2704 ac
599 2647 891 2703 Ju~tiniani
917 2639 1213 2700 Codicibus
1243 2651 1424 2696 exstat
1467 2650 1796 2710 praeceptum
1851 2639 2106 2707 superius

503 2719 728 2774 allatum
752 2759 766 2779 ,
797 2717 940 2787 quod
969 2716 1055 2770 his
1084 2716 1377 2787 rescissum
1405 2710 1883 2787 fuit.§edi_llor_um
1906 2710 2107 2764 verita-

507 2799 616 2846 tem
641 2793 721 2845 vel
755 2782 828 2844 id'
859 2788 1099 2843 maxime
1131 2785 1334 2852 ﬁrmat,
1359 2788 1502 2850 quod
1533 2782 1795 2837 Bonifacii
1823 2797 2106 2836 successo-

502 2876 593 2917 res
647 2861 936 2932 pristinum
985 2858 1076 2929 jus
1131 2857 1186 2911 in
1243 2854 1444 2928 Illyrici
1499 2855 1796 2926 provinciis
1851 2854 1970 2908 sine
1993 2853 2104 2908 ulla

505 2936 881 2989 controversia
912 2934 1278 2985 retinuerunt.

576 3003 605 3042 ι’
629 3004 745 3060 Non
782 3016 986 3058 tantum
1015 3001 1067 3055 in
1095 2998 1514 3056 collectionibus
1540 2997 1729 3065 Dion.,
1757 2995 1954 3062 Hadr.,
1981 2995 2106 3052 llis-

501 3089 641 3147 pana
674 3076 865 3132 Isidori
898 3073 1245 3147 Mercatoris,
1275 3070 1373 3147 sed
1400 3082 1452 3147 et
1491 3071 1546 3147 in
1575 3068 1775 3147 Codice
1801 3082 2099 3147 canonum,

498 3138 664 3217 quem
695 3147 887 3202 Pasch.
931 3145 1260 3213 Quesnellus
1291 3142 1482 3217 edidit.
1523 3142 1777 3217 habetur.
1825 3138 2098 3217 Colberti:

499 3211 627 3276 tium
662 3221 820 3287 hujus
842 3211 1065 3272 Codicis
1092 3216 1370 3285 exemplar
1399 3216 1536 3268 banc
1563 3214 1614 3266 in
1641 3213 1830 3287 lodice
1854 3211 2098 3287 generali

496 3305 612 3361 pra:
644 3307 704 3344 se
731 3283 840 3346 fert
885 3290 1076 3343 falsam
1131 3283 1546 3361 inscriptionem
1585 3303 1598 3338 :
1635 3283 1894 3361 Bonifacii
1950 3299 2100 3361 papa:

497 3353 566 3416 ad
618 3362 882 3418 Hilarium
925 3362 1224 3432 episcopum
1274 3356 1676 3432 Narbonensem
1729 3355 1792 3432 de
1851 3353 2097 3432 Patroclo

494 3435 739 3506 episcopo
781 3423 1123 3506 Lutltebensi'.
1158 3429 1356 3486 Verior
1387 3430 1487 3506 ista
1537 3430 1677 3482 foret
1709 3443 1722 3477 :
1754 3428 1818 3481 de
1846 3423 2096 3479 Patroclo

495 3501 809 3570 Arelatensi,
841 3507 930 3576 qui
963 3502 1308 3557 Lutubensem
1331 3501 1632 3572 episcopum
1655 3510 1845 3576 praeter
1861 3512 2096 3576 canentes

495 3578 774 3632 ordinavit.
799 3567 1086 3632 Siunmam
1117 3567 1434 3637 retinemus,
1459 3567 1619 3642 quam
1653 3567 1942 3642 Dionysius
1969 3567 2097 3620 Exi-

493 3664 634 3720 guos
663 3649 711 3703 ei
745 3648 998 3720 pricl‘tsit.
1048 3646 1345 3720 Privilegia
1365 3640 1629 3720 Patroclo
1659 3640 1940 3720 alo-sime
1964 3653 2098 3692 con-

498 3712 654 3776 cessa
685 3712 1002 3775 Bonifacius
1047 3717 1147 3772 hac
1185 3712 1417 3787 epistola
1450 3715 1522 3769 ita
1569 3712 1850 3771 rescindit,
1906 3719 1963 3764 ut
1996 3725 2096 3765 nec

489 3791 730 3858 illorum,
776 3789 1234 3864 necidecessoris
1275 3788 1384 3850 sui,
1421 3799 1586 3864 aquo
1608 3791 2090 3864 concessaerant,

490 3855 828 3920 mentionem
885 3863 1064 3935 faciat.
1095 3861 1155 3916 in
1185 3875 1270 3923 eo.
1309 3859 1458 3935 quod
1484 3855 1925 3935 meLI‘OpOIiiattis
1947 3855 2035 3935 jus
2065 3870 2091 3906 a

489 3937 795 3992 eanonibus
818 3934 1144 3989 attributum
1189 3933 1465 3994 restituat,
1515 3944 1544 3984 a
1569 3927 1895 3992 leestino,
1925 3927 2091 3998 epist.

491 4006 548 4076 4,
584 4025 641 4063 n.
675 4007 730 4074 6,
755 4007 1027 4062 laudatur.

565 4091 590 4120 ο
622 4081 678 4136 ln
717 4069 956 4150 vulgatis
1001 4076 1300 4135 secundum
1333 4074 1466 4130 Isid.
1495 4075 1582 4150 hic
1604 4072 1826 4150 additur
1846 4069 2089 4137 salutent,

489 4168 613 4236 quin
637 4166 743 4208 vox
772 4145 925 4207 abest
954 4151 1023 4207 ab
1064 4150 1441 4218 antiquiorum
1474 4145 1871 4203 collectionum
1901 4157 2090 4198 exem-

489 4226 786 4356 Ριῗὶῑάῑιῑ,
820 4292 1127 4366 Difﬁcilem,
1178 4304 1286 4348 etc.
1319 4292 1475 4347 Colb.
1507 4307 1637 4354 ms..
1689 4287 1920 4366 Difﬁcile
1945 4303 2088 4366 έμίεὶ·

490 4371 730 4422 rumdam
752 4359 1270 4437 ﬁdeni'querimonia:
1298 4366 1710 4437 commodamus.
1742 4359 1901 4431 lleg.,
1934 4359 2093 4428 Difﬁ-

490 4441 589 4495 cile
619 4443 828 4512 quidem
847 4438 1190 4512 querimoniis
1219 4436 1562 4512 credidimus.

495 4552 499 4556 η
566 4522 590 4549 ε
619 4507 796 4575 Merl.,
836 4507 1171 4563 Lucubensis.
1223 4508 1410 4576 Crab.,
1446 4507 1803 4562 Luctencnsis.

2126 3191 2169 3252 C

2219 1953 2315 1991 nus
2346 1938 2497 2006 epist.
2539 1935 2597 2002 4,
2618 1953 2670 1989 n.
2689 1935 2744 2005 7)
2773 1945 3020 1991 nostrmn
3046 1935 3378 2003 Patroclum,
3407 1933 3426 1974 ί
3446 1951 3540 1991 sua
3562 1934 3820 2006 petitione

2213 2040 2486 2096 cessante,
2517 2029 2574 2084 in
2606 2030 2782 2085 locum
2811 2029 3131 2086 decedentis
3155 2030 3423 2102 episcopi,
3455 2031 3642 2086 nescio
3663 2046 3817 2102 quem

2217 2125 2268 2179 in
2329 2135 2353 2173 δ
2397 2125 2574 2180 aliena
2625 2124 2905 2196 provincia
2959 2127 3330 2196 praetermisso
3389 2127 3818 2199 metropolitano

2211 2352 2382 2408 troclo
2404 2394 2418 2416 ,
2441 2351 2586 2424 quod
2623 2355 2674 2407 in
2700 2352 2874 2408 aliena
2904 2353 3182 2421 provincia
3214 2354 3539 2412 sacerdotes
3570 2356 3816 2413 ordinas-

2210 2437 2313 2489 set,
2345 2434 2402 2479 ot
2430 2426 2482 2479 in
2516 2425 2746 2493 epistola
2775 2425 2807 2480 6
2831 2425 3057 2486 Zosimi,
3097 2443 3152 2480 ιι.
3184 2427 3235 2494 1,
3264 2426 3520 2492 habetur,
3555 2440 3814 2496 erpostu-

2212 2497 2352 2551 larat
2374 2497 2613 2552 l‘lilarins
2643 2497 3035 2560 Narbonensis,
3063 2514 3300 2552 asserens
3322 2499 3376 2553 in
3403 2500 3581 2552 aliena
3610 2503 3814 2568 provin-

2212 2569 2293 2622 cia
2337 2571 2404 2641 ab
2451 2569 2554 2622 alio
2612 2585 2724 2641 non,
2765 2568 2946 2624 debere
3000 2570 3116 2639 ﬁeri
3193 2571 3503 2624 sacerdotes.
3567 2569 3812 2641 Cumque

2211 2639 2442 2695 subinde
2479 2656 2616 2696 unus
2645 2655 2674 2694 e
2709 2640 2940 2695 Patrocli
2964 2642 3375 2698 successoribus
3402 2643 3638 2698 llilarius
3672 2639 3808 2700 idem

2209 2711 2311 2784 sibi
2350 2712 2696 2781 privilegium
2725 2723 3078 2784 arrogassct,
3139 2713 3283 2768 hunc
3334 2715 3466 2771 Leo.
3510 2717 3672 2783 epist.
3721 2717 3805 2784 ll,

2213 2800 2267 2838 ιι.
2299 2783 2353 2843 7,
2388 2785 2650 2850 corripuit
2683 2783 2766 2837 bis
2795 2786 2976 2838 verbis
3004 2803 3017 2838 :
3051 2785 3193 2849 Quid
3229 2785 3329 2840 sibi
3351 2784 3595 2841 Hilarius
3626 2783 3809 2853 qutrrt't

2210 2856 2261 2909 in
2283 2853 2454 2927 aliena
2478 2855 2764 2927 provincia,
2787 2865 2834 2908 et
2861 2857 2914 2908 id
2939 2860 3077 2926 quod
3100 2857 3276 2909 nullus
3297 2859 3622 2911 decesserunt
3648 2861 3807 2927 ipsius

2209 2938 2328 2980 ante
2355 2925 2657 3000 Patroclum
2682 2925 2883 3000 habuit,
2907 2925 3033 3000 quid
3063 2937 3282 3000 usurpat
3305 2931 3329 2983 ἶ)
3352 2929 3408 2984 1η
3437 2939 3552 2984 toto
3584 2925 3688 2985 hoc
3715 2947 3806 2986 ne-

2207 3000 2356 3068 gotio
2385 2998 2634 3072 quaedam
2669 2998 2770 3072 fuit
2810 2999 3124 3072 apostolicm
3147 2998 3294 3054 sedis
3318 3000 3648 3070 judiciornm
3683 3018 3804 3072 spe-

2207 3073 2320 3124 cit-s
2361 3086 2456 3125 seu
2501 3071 2672 3124 forma
2712 3070 2948 3124 diversa.
2989 3071 3174 3126 Primo
3236 3075 3378 3126 enim
3436 3070 3803 3129 Narbonensis

2206 3144 2434 3197 antistes
2493 3146 2873 3211 episcoporum
2933 3143 2987 3195 in
3048 3143 3327 3211 provincia
3386 3143 3727 3201 Narbonensi
3783 3146 3801 3202 1

2205 3213 2630 3268 Ordinattdorttm
2663 3221 2989 3284 potestatem
3017 3224 3345 3270 consecutus
3374 3225 3515 3280 erat,
3558 3227 3611 3271 ut
3642 3233 3672 3271 e
3701 3216 3801 3272 Zo-

2204 3285 2326 3338 simi
2355 3285 2581 3353 epistola
2616 3286 2668 3348 6,
2723 3303 2776 3338 ιι.
2812 3285 2862 3350 l,
2911 3285 3199 3356 discimus.
3234 3287 3368 3341 Tum
3414 3289 3459 3342 is
3504 3303 3639 3356 papa
3671 3305 3796 3344 mox

2203 3360 2346 3411 dicta
2380 3358 2609 3426 epistola
2633 3356 2687 3420 6,
2715 3358 2816 3411 hoc
2843 3355 2920 3410 illi
2948 3356 3038 3427 jus
3070 3360 3312 3422 sustulit,
3345 3373 3408 3412 ac
3439 3355 3717 3414 transtulit
3745 3361 3796 3416 in

2201 3429 2522 3497 episcopum
2583 3430 2983 3484 Arelatensem.
3030 3429 3245 3486 Exinde
3295 3429 3610 3486 Bonifacius
3639 3432 3798 3487 abro-

2199 3509 2325 3574 gnto
2369 3500 2600 3556 Patrocli
2624 3500 2930 3574 privilegio,
2955 3501 3164 3556 llilario
3181 3501 3518 3557 Narbonensi
3543 3506 3797 3574 episcopo

2199 3573 2437 3626 ablatum
2486 3574 2574 3640 jus
2595 3573 2862 3632 restituit;
2914 3574 3058 3641 quod
3086 3584 3140 3628 et
3167 3586 3464 3644 sequentes
3489 3573 3791 3642 pontifices,

2200 3658 2262 3696 ac
2291 3645 2611 3698 nominatim
2642 3644 2776 3706 Leo,
2806 3645 2970 3712 epist.
3007 3645 3092 3708 il,
3125 3663 3178 3699 ιι.
3215 3645 3266 3710 7,
3293 3648 3708 3701 confirmarunt.
3737 3647 3792 3704 in

2201 3713 2303 3768 hac
2335 3725 2520 3770 tamen
2571 3716 2892 3770 diversitate
2924 3731 3116 3772 omnes
3162 3717 3215 3772 in
3261 3733 3422 3771 unam
3446 3720 3795 3786 eonstiirasse

2199 3785 2694 3854 deprehenduntur
2717 3789 3046 3842 sententiam
3075 3805 3087 3842 :
3113 3800 3383 3855 quatenus
3405 3785 3615 3845 sedula:
3637 3807 3798 3846 canc-

2199 3875 2325 3912 ιιιιιιι
2364 3859 2736 3915 observationi
2775 3858 3156 3915 inhaerendum
3208 3876 3332 3916 esse
3361 3876 3469 3916 una
3501 3877 3636 3917 voce
3665 3878 3792 3918 con-

2196 3931 2529 4004 clamarnnt.
2581 3930 2734 4003 Apud
2786 3947 2916 4004 nos,
2961 3934 3132 4002 inquit
3177 3931 3470 3998 Zosimus,
3512 3935 3676 4004 epist.
3723 3935 3786 3998 5,

2195 4003 2510 4059 inconvnlsis
2525 4004 2787 4078 radicibus
2809 4003 2928 4078 uiuit
2942 4006 3240 4072 antiquitas,
3257 4005 3340 4059 cui
3360 4003 3568 4078 decreta
3589 4015 3788 4078 patrum

2196 4091 2413 4131 sanxere
2431 4076 2785 4131 reverentiam.
2816 4074 2874 4129 In
2903 4090 2967 4130 eo
2996 4091 3210 4146 quoque
3223 4087 3274 4130 et
3292 4092 3432 4131 nunc
3454 4074 3782 4143 Bonifacius,

2196 4156 2248 4202 et
2277 4160 2467 4216 postea
2494 4147 2823 4204 Caelestinus
2869 4162 2931 4201 ac
2960 4147 3070 4202 Leo
3087 4162 3212 4202 cum
3242 4148 3332 4202 illo
3363 4149 3782 4205 coneordarunt.

2197 4218 2330 4273 Nam
2363 4233 2414 4275 et
2443 4219 2544 4290 ipsi
2574 4235 2696 4275 sese
2725 4235 2998 4275 canonum
3023 4219 3260 4274 vindices
3279 4235 3495 4276 sununo
3517 4236 3784 4277 consensu

2197 4292 2541 4360 profitentur.
2577 4292 2642 4346 Et
2671 4307 2799 4345 vero
2819 4291 3069 4344 Zosimus
3098 4292 3440 4360 privilegium
3463 4303 3785 4349 controver-

2197 4377 2316 4417 sum
2363 4365 2612 4418 Patroclo
2643 4378 2751 4418 non
2784 4363 3131 4426 adiudicavit.
3165 4362 3267 4417 nisi
3305 4375 3589 4434 postquam
3615 4365 3656 4418 is
3691 4366 3781 4420 tle-

2195 4450 2450 4491 cessores
2470 4451 2600 4490 suos
2631 4435 2725 4490 illo
2771 4449 2988 4502 semper
3024 4437 3240 4504 gavisos
3279 4450 3402 4490 esse
3441 4437 3505 4489 iis
3537 4438 3782 4505 prob-ivit

2194 4508 2548 4577 argumentis,
2575 4523 2644 4578 qu
2660 4527 2692 4578 r
2711 4506 2948 4561 llilarius
2968 4505 3340 4578 Narbonensis
3369 4507 3654 4565 confutare
3677 4522 3780 4563 tum

567 4581 585 4619 ί
621 4580 931 4637 Vestustior
958 4579 1328 4652 codedeolb.
1373 4596 1500 4652 suas
1533 4579 1802 4652 petitiones
1830 4589 2086 4636 cassante.
2120 4592 2168 4652 ι)
2197 4594 2302 4632 ηοιι
2346 4577 2612 4635 valuerat.
2643 4577 2714 4632 At
2735 4579 2777 4632 si
2809 4577 3205 4652 pt':esul_idetn_
3242 4588 3466 4652 postea,
3494 4583 3784 4650 resumptis

489 4653 688 4711 Verior
717 4664 800 4707 est
843 4653 1075 4706 aliorum
1126 4649 1385 4704 librorum
1428 4650 1612 4715 lectio,
1642 4664 1708 4703 ex
1740 4667 1844 4716 qua
1887 4653 2090 4707 confir-

487 4739 673 4780 matur
706 4740 860 4786 usus,
885 4739 952 4778 ne
978 4721 1213 4791 populis,
1243 4737 1337 4773 sua
1359 4723 1609 4786 petitione
1637 4737 1894 4791 cessante,
1931 4725 1980 4777 id
2005 4732 2091 4778 est.

488 4804 677 4878 printer
704 4796 1000 4878 petitionem
1050 4807 1220 4858 suam,
1273 4793 1566 4874 epi~copus
1589 4796 1964 4875 ordinaretur,
1997 4804 2090 4849 aut

488 4863 568 4923 illi
603 4868 684 4920 sic
708 4867 812 4920 sibi
833 4866 1145 4919 ordinatum
1175 4865 1422 4934 accipere
1447 4863 1601 4916 inviti
1627 4877 1978 4934 cogerentur.

565 4947 590 4984 Β
623 4936 790 4992 Sirm.
816 4947 870 4992 et
899 4935 1030 4990 Lab.
1050 4951 1174 4989 cum
1202 4933 1511 5004 antiquiore
1534 4949 1638 4989 ms.
1661 4933 1843 5008 Colb.,
1877 4941 1930 4993 in
1957 4937 2085 4992 alia.

489 5010 646 5066 Alter
676 5009 857 5078 Colb.,
907 5024 969 5062 ex
1010 5009 1200 5072 aliena,
1237 5008 1419 5062 minus
1456 5016 1603 5074 apte.
1656 5008 1913 5072 Quamvis
1940 5012 2086 5066 enim

489 5080 635 5154 istud
658 5095 877 5152 quoque
923 5079 1416 5154 vetent_Canones,
1461 5095 1528 5134 ne
1559 5093 1629 5154 ex
1667 5081 1843 5137 aliena
1867 5083 2087 5154 provin-

487 5153 599 5220 cia,
631 5150 733 5207 nisi
762 5150 812 5206 in
841 5156 1057 5225 propria
1107 5150 1250 5206 desit
1295 5151 1516 5222 dignus,
1547 5153 1834 5225 episcopos
1869 5150 2087 5223 qua-ra-

486 5232 597 5297 tur,
624 5225 691 5278 de
717 5223 1097 5297 sacerdotibus
1144 5235 1325 5278 tamen
1356 5227 1408 5278 in
1450 5226 1625 5279 aliena
1666 5223 1940 5297 provincia
1973 5241 2081 5280 non

483 5295 805 5354 ordinandis
835 5305 946 5352 tota
975 5310 1118 5351 nunc
1147 5297 1520 5351 controversia
1545 5305 1648 5352 est.
1667 5295 1801 5353 'Jam
1828 5314 1950 5354 cum
1986 5299 2083 5351 l’a-

562 5437 578 5467 ¹
609 5435 742 5490 Cum
773 5435 1109 5490 Lutevenses
1134 5433 1204 5508 in
1232 5434 1414 5508 prima
1435 5434 1774 5491 Narbonensi
1800 5435 2080 5508 provincia

487 5507 677 5565 clerici
701 5509 983 5575 conquesti
1008 5505 1148 5577 apud
1175 5505 1512 5560 Bouilacium
1536 5518 1742 5567 essent.
1773 5505 2082 5563 Patroclum

487 5578 906 5648 Arelatensem,
955 5586 1174 5634 mortuo
1217 5577 1478 5646 episcopo
1525 5593 1648 5643 suo,
1680 5581 1912 5635 alterum
1952 5581 2078 5649 sibi,

487 5665 612 5706 cum
627 5651 804 5722 inralia
828 5653 929 5708 sint
945 5649 1256 5722 provincia,
1271 5650 1644 5722 praetermisso
1658 5654 2082 5722 metrOpolitano

487 5737 611 5787 suo,
642 5721 695 5776 id
726 5732 830 5786 est,
865 5718 1072 5778 “trario
1127 5718 1496 5784 Narbonensi,
1550 5718 1882 5778 ordinasse}
1923 5724 1990 5778 de
2019 5741 2080 5779 ea

488 5806 551 5849 re
577 5793 771 5848 scribit
795 5793 860 5848 ad
885 5793 1148 5848 Hilarium
1175 5788 1444 5862 pontifex,
1477 5793 1803 5862 mandatque
1830 5799 1889 5849 ut
1919 5795 2081 5851 Lute—

463 5877 608 5932 ,.vam
639 5863 942 5936 profectus,
969 5860 1377 5932 metrOpolitani
1421 5863 1546 5934 jure
1589 5860 1930 5938 arbitrioque
1963 5877 2081 5922 uta-

2194 4652 2498 4719 spiritibus,
2526 4652 2801 4707 neminem
2837 4659 2966 4704 ante
2996 4649 3305 4704 Patroclum
3337 4650 3470 4705 illud
3505 4652 3609 4706 sibi
3640 4649 3787 4708 arro-

2194 4738 2350 4791 gasse
2399 4723 2560 4794 fidem
2611 4723 2760 4785 fecit,
2817 4723 3045 4794 minime
3097 4722 3294 4777 mirum
3336 4735 3421 4778 est
3451 4739 3576 4777 eum
3608 4723 3783 4794 impe-

2194 4803 2388 4867 trasse,
2427 4804 2483 4849 ut
2505 4793 2564 4867 id
2598 4793 2886 4864 privilegii,
2920 4794 3133 4847 sublata
3165 4809 3325 4867 causa
3359 4807 3588 4865 propter
3624 4793 3784 4867 quam

2195 4865 2460 4920 indultum
2495 4865 2689 4927 fuerat.
2718 4873 3068 4920 revocaretur
3089 4876 3250 4934 atque
3281 4865 3665 4936 abrogaretur}
3690 4867 3788 4921 Zo-

2197 4938 2317 4990 simi
2348 4953 2411 4992 ea
2462 4937 2531 4992 de
2559 4953 2617 4993 re
2660 4937 2928 5007 judicium
2970 4937 3266 4991 etiamnum
3311 4938 3559 4992 defendit
3591 4939 3782 4994 Pasch.

2195 5008 2523 5076 Quesnellus
2554 5009 2850 5074 Dissert.5,
2879 5010 2930 5063 in
2956 5010 3216 5065 Leonem.
3245 5008 3328 5065 Ab
3356 5008 3582 5064 adversa
3607 5023 3784 5065 autem

2197 5093 2350 5149 parte
2391 5091 2533 5134 stant
2583 5080 2877 5148 Baronius,
2905 5082 2970 5134 ad
3003 5097 3132 5134 ano.
3164 5082 3270 5137 418
3326 5090 3383 5136 et
3427 5080 3557 5146 422,
3593 5082 3785 5138 Petrus

2195 5153 2392 5224 Maron,
2421 5152 2546 5224 lib.
2590 5152 2658 5207 de
2678 5152 2942 5216 Primatu,
2971 5151 3016 5224 §7
3036 5155 3132 5218 7i;
3163 5154 3394 5224 ejusque
3442 5153 3786 5209 continuatur

2193 5223 2380 5297 Stenh.
2416 5223 2686 5297 Baluzius,
2723 5225 2817 5280 lib.
2852 5241 2879 5276 v
2906 5223 3262 5297 de’Concord.
3290 5227 3501 5297 sacertl.
3535 5234 3592 5281 et
3626 5227 3779 5297 imp.,

2192 5296 2345 5360 αὖος
2381 5311 2591 5351 necnon
2619 5296 3022 5363 Tillemontius,
3053 5308 3190 5350 tom.
3217 5313 3274 5364 x,
3297 5296 3527 5368 pag.68l
3554 5307 3610 5352 et
3630 5296 3781 5370 seqq.

2190 5442 2312 5502 tur;
2346 5445 2402 5492 et
2442 5438 2675 5506 peractis
2724 5437 2999 5499 omnibus,
3050 5438 3165 5492 sedi
3214 5439 3536 5505 apostolicae
3584 5457 3784 5497 renun-

2189 5509 2285 5562 tiet
2339 5510 2465 5579 quid
2518 5511 2791 5565 statuerit.
2846 5509 3035 5581 Itaque
3105 5511 3373 5567 rescindit
3430 5513 3574 5579 quod
3626 5513 3782 5568 Zosi-

2191 5596 2309 5654 ιιιιις
2385 5594 2558 5651 nuper
2627 5581 2992 5654 decreverat,
3053 5584 3358 5654 prima-que
3413 5583 3782 5641 Narbonensis

2187 5652 2589 5709 ordinationem
2636 5669 2747 5709 non
2772 5652 2838 5708 ad
2875 5652 3296 5723 Arelatensem,
3333 5654 3428 5710 sed
3461 5655 3527 5710 ad
3577 5656 3784 5713 Narbo-

2187 5740 2411 5852 genlsem
2443 5725 2938 5797 episcopum,velut
2968 5727 3470 5796 metropolitanum,
3507 5731 3781 5800 pertinere

2225 5812 2286 5852 ec
2313 5808 2454 5852 arat.

2225 5808 2454 5853 ectarat.
