4122 6346
281 307 384 364 775

1485 298 1848 356 EPISTOLAE
1887 298 1976 355 ET
2013 298 2360 358 DECRETA.

3485 307 3593 365 774

275 427 455 478 contra
490 426 700 489 patrum
731 419 941 488 regulas
983 414 1291 471 ordinasse.
1323 415 1479 484 Quod
1526 433 1867 488 nequaquam
1899 422 1945 480 Α
1979 418 2180 474 tionem
2205 420 2374 490 liquet
2397 434 2520 475 esse
2547 416 2878 474 mandatam.
2913 417 3086 474 Nemo
3109 434 3240 492 ergo
3264 437 3455 479 eorum
3484 437 3597 480 ter-

279 523 568 584 possumus
597 509 741 564 ferre
773 508 1047 578 patienter
1081 527 1094 563 :
1123 511 1246 578 quia
1283 511 1542 564 convenit
1573 526 1673 565 nos
1702 519 1880 578 pater-

280 619 468 661 narum
527 602 870 656 sanetionum
923 601 1216 670 diligentes
1246 618 1370 659 esse
1411 603 1690 658 custodes.
1737 603 1879 658 Nulli

279 699 473 756 etenim
502 696 718 751 videtur
746 694 1025 766 incognita
1054 696 1246 768 synodi
1278 696 1602 752 constitutio
1623 697 1880 761 Nicaeum,

279 808 395 866 quae
424 794 491 846 ita
525 789 794 860 prtecipit,
853 799 913 844 ut
965 789 1156 845 eadem
1185 799 1208 827 ε·
1255 791 1475 861 preprie
1513 790 1680 846 verba
1715 806 1886 860 pona-

280 899 419 942 mus.
457 883 560 939 Per
589 898 1026 954 unamquamque
1065 883 1404 952 provinciam
1448 883 1537 952 jus
1569 885 1888 952 metr0p0li-

285 984 432 1032 tanos
461 976 707 1047 singulos
765 975 968 1031 habere
1011 975 1238 1040 debere,
1290 991 1391 1032 nec
1435 977 1692 1045 cuiquam
1753 976 1889 1031 duas

282 1065 442 1124 ltesse
463 1069 764 1137 subjectus.
780 1067 936 1136 Quod
957 1067 1055 1134 illi,
1079 1069 1205 1138 quia
1229 1069 1411 1135 aliter,
1428 1068 1764 1123 credendum
1781 1083 1890 1125 non

283 1169 384 1227 est,
442 1161 782 1217 servandum
831 1169 1020 1218 sancto
1055 1162 1265 1232 Spiritu
1297 1170 1628 1233 suggerente
1661 1162 1894 1218 sibimet

287 1265 640 1310 cenSuerunt.

354 1347 407 1400 2.
455 1345 631 1413 Unde,
665 1345 834 1402 frater
855 1348 1199 1415 cltariss'tme,
1233 1349 1279 1402 si
1322 1347 1394 1402 ita
1433 1362 1520 1402 res
1547 1356 1696 1415 sunt,
1731 1354 1785 1404 et
1803 1361 1898 1403 ec-

287 1439 502 1496 clesiam
531 1441 897 1510 supradictam
927 1442 1227 1513 provinciae
1256 1451 1361 1496 tua:
1404 1442 1563 1499 limes
1591 1453 1613 1482 °
1649 1441 1896 1508 includit,

285 1541 466 1589 nostra
497 1535 823 1588 auctoritate
847 1534 1229 1600 commonitus,
1258 1532 1404 1604 quod
1451 1534 1670 1605 quidem
1723 1535 1900 1590 facere

287 1636 478 1696 sponte
506 1625 532 1663 ά
571 1627 838 1693 deberes,
883 1625 1173 1683 desideriis
1216 1627 1672 1698 supplicantium,
1705 1637 1760 1684 et
1800 1643 1898 1682 vo-

288 1718 496 1775 luntate
530 1728 804 1792 respects,
837 1720 904 1775 ad
933 1719 1185 1776 eumdem
1221 1720 1400 1776 locum
1444 1723 1500 1776 in
1536 1737 1646 1794 quo
1677 1721 1902 1777 ordina-

290 1816 366 1872 tio
390 1818 513 1872 talis
539 1817 816 1872 celebrata
867 1817 1092 1881 dicitur,
1127 1817 1530 1888 metropolitani
1556 1818 1676 1888 jure
1725 1817 1902 1872 muni-
1933 1829 1980 1888 Β

289 1917 395 1975 tus,
421 1918 474 1964 et
506 1909 966 1978 praeceptionibus
991 1909 1194 1963 nostris
1230 1908 1426 1976 fretus,
1455 1910 1660 1966 accede
1692 1927 1705 1964 :
1738 1909 1901 1964 intel-

289 2003 461 2076 ligens
490 2005 726 2060 arbitrio
778 2013 869 2058 tuo
897 2003 1193 2060 secundum
1235 2004 1448 2074 regulas
1500 2014 1716 2075 patrum
1758 2021 1905 2075 qua:-

290 2110 528 2168 cuntque
557 2097 807 2168 facienda
831 2108 958 2152 sunt
1000 2112 1028 2149 a
1065 2098 1223 2153 nobis
1261 2113 1386 2154 esse
1415 2114 1717 2165 concessa;
1752 2100 1823 2153 ita
1847 2109 1908 2154 ut

291 2192 536 2262 peractis
563 2190 842 2258 omnibus,
874 2190 1191 2260 apostolicae
1223 2190 1339 2246 sedi
1367 2191 1624 2262 quidquid
1650 2191 1906 2246 statueris

293 2289 349 2338 te
373 2284 653 2340 referente
675 2285 966 2350 clarescat,
995 2283 1081 2340 cui
1126 2283 1289 2340 tutius
1319 2284 1613 2354 provincia:
1639 2294 1661 2322 ε
1685 2285 1906 2340 ordina-

367 2416 392 2443 ἰ
429 2407 586 2478 Apud
615 2405 819 2478 Baron.
840 2405 980 2478 _tttin
1002 2418 1109 2478 uno
1135 2418 1236 2457 ms.
1270 2401 1444 2478 llarl.,
1472 2403 1704 2478 propria.
1725 2401 1900 2478 Ques-

295 2474 495 2546 nellus,
522 2479 748 2532 dissert.
801 2476 891 2540 12,
921 2491 973 2529 c.
1008 2477 1061 2543 7,
1091 2490 1192 2544 pro
1238 2475 1448 2546 pronrie
1496 2474 1902 2528 restituendum

297 2559 449 2621 putat
478 2545 662 2622 prope.
702 2548 810 2604 Sed
867 2563 1055 2622 neque
1085 2549 1200 2622 ipse
1231 2545 1294 2622 in
1327 2545 1564 2622 Niuenis
1600 2547 1905 2600 canonibus

299 2617 589 2677 autverba
645 2635 767 2689 qua:
804 2634 832 2672 a
892 2617 1173 2673 Bonifacio
1231 2619 1541 2683 laudantur,
1605 2630 1705 2689 aut
1747 2632 1907 2688 prope

298 2693 482 2749 eadem
514 2688 744 2747 invenit.
784 2690 954 2745 lntmo
991 2705 1164 2758 neque
1206 2690 1347 2743 unde
1377 2699 1634 2758 excerpta
1665 2688 1794 2754 sint,
1821 2689 1904 2742 in-

302 2774 386 2820 ter
406 2765 659 2819 eruditus
691 2765 968 2817 convenit.
998 2762 1101 2815 Alii
1150 2763 1350 2831 quippe
1379 2777 1408 2814 e
1457 2760 1779 2824 canonibus,
1813 2760 1904 2831 qui

305 2836 639 2900 exciderint,
688 2835 963 2902 descripta
1012 2847 1136 2887 esse
1172 2830 1534 2887 arbitrantur.
1582 2831 1689 2886 Alii
1733 2830 1908 2885 multo

306 2908 497 2979 plures
536 2910 816 2961 Nicrenum
844 2919 1110 2959 canonem
1143 2902 1176 2958 6
1201 2903 1286 2959 bic
1319 2903 1542 2979 indicari
1574 2903 1908 2979 existimant.

312 2975 596 3035 Adversus
637 2995 776 3048 quos
845 2993 969 3030 mox
1017 2983 1355 3048 memoratus
1416 2976 1498 3028 vir
1541 2975 1908 3048 CIiII‘ISsIllIUS,

313 3051 477 3109 ibid.,
511 3065 634 3119 cap.
659 3046 728 3104 ὃς
764 3048 878 3104 Nec
908 3064 1024 3120 ego,
1055 3048 1249 3120 inquit,
1280 3047 1414 3120 [tunc
1433 3047 1602 3120 notari
1633 3055 1757 3120 puto
1790 3061 1808 3098 :
1850 3046 1915 3098 de

310 3118 603 3194 majoribus
628 3122 767 3198 enim
795 3118 1078 3198 dioeceseou
1095 3118 1410 3198 primatibus
1431 3119 1592 3198 magis
1609 3119 1913 3198 apit,_quatit

309 3187 833 3261 de'ntetmpolitanis
879 3190 1258 3258 provinciarum
1298 3187 1575 3260 episcopis.
1619 3188 1684 3240 At
1715 3187 1778 3240 de
1808 3187 1912 3253 Itis,

305 3263 459 3330 infit,
490 3264 774 3319 ordinariis
815 3262 1231 3331 metropolitanis
1258 3263 1640 3332 prorinciarum
1661 3262 1914 3330 episcopis

307 3354 483 3393 sermo
506 3337 656 3390 estin
677 3352 873 3390 canone
898 3335 953 3400 ri,
991 3333 1080 3403 qui
1103 3344 1176 3386 est
1204 3333 1268 3384 de
1297 3332 1625 3385 ordinatione
1648 3333 1916 3402 episcopo-

309 3427 457 3466 rum.
476 3409 676 3464 Verum
707 3421 884 3475 neque
917 3405 1020 3459 iste
1041 3420 1215 3458 canon
1247 3405 1281 3458 4
1302 3403 1466 3475 etiam
1495 3419 1561 3457 ex
1591 3404 1918 3475 collectione

311 3497 482 3553 quam
529 3473 807 3553 canonum
839 3477 1066 3532 ecclesite
1122 3476 1274 3530 Rom.
1327 3473 1578 3553 (lodicenr
1619 3474 1914 3553 inscripsit,

313 3545 471 3608 uerba
494 3568 654 3625 prape
676 3551 878 3625 eadem,
917 3561 1171 3625 atqueea
1191 3562 1312 3616 qua:
1341 3547 1652 3625 Bonifacius
1685 3545 1772 3625 llic
1801 3545 1918 3599 lan-

318 3626 440 3686 dat,
485 3618 730 3678 exhibet.
765 3621 840 3676 Ita
871 3635 1065 3688 nempe
1094 3619 1209 3673 illic
1227 3619 1574 3673 enuntiatur:
1603 3618 1918 3690 [spiswpum

318 3706 522 3770 Oportet
555 3696 780 3770 maxime
829 3692 1036 3770 quidem
1067 3692 1129 3745 ab
1164 3689 1408 3770 omnibus
1441 3691 1533 3760 qui
1562 3699 1701 3770 sunt
1724 3691 1777 3770 in
1802 3705 1926 3760 pro—

319 3760 493 3824 vincia
532 3760 862 3820 ordinari}...
913 3762 1156 3817 Potestas
1182 3779 1306 3816 sane
1331 3760 1408 3815 rel
1445 3762 1774 3821 con/irritatio
1804 3777 1922 3830 per-

322 3840 509 3895 tinebit
537 3855 630 3908 per
656 3834 890 3905 singulas
921 3836 1215 3908 provincias
1242 3833 1308 3886 ad
1339 3832 1816 3908 metropolitanum.
1843 3831 1922 3908 Ad

325 3928 433 3968 nos
457 3902 602 3980 quod
635 3902 854 3977 attinet,
894 3908 1024 3962 licet
1058 3902 1560 3980 Itune‘cmtonetnd
1591 3922 1617 3956 ει
1649 3902 1927 3980 Bonifacio

328 3973 614 4040 Iattdatum
642 3997 748 4035 non
783 3973 1060 4048 negemus,
1085 3975 1220 4032 nihil
1248 3988 1424 4030 tamen
1471 3985 1658 4048 vetare
1700 3973 1928 4048 arbitra—

331 4070 460 4111 mur
481 4058 768 4124 quominus
796 4045 937 4106 idém
965 4065 1099 4124 papa
1133 4049 1433 4116 respexerit
1454 4047 1617 4124 simul
1639 4056 1693 4100 et
1715 4045 1782 4124 ad
1810 4060 1928 4099 eam

331 4116 561 4182 canonis
589 4129 621 4176 ti
649 4134 884 4195 partem,
909 4116 1048 4195 quae:
1067 4123 1118 4174 in
1150 4128 1464 4195 pervetusto
1493 4117 1691 4195 codice
1716 4116 1928 4195 Fossat.

332 4214 480 4256 nunc
503 4188 776 4251 Colbisub
799 4198 902 4248 hoc
929 4188 1110 4258 titulo,
1140 4191 1213 4244 De
1234 4189 1550 4259 inﬁrmanda
1578 4188 1927 4259 ordinatione,

337 4287 455 4344 qua:
473 4270 586 4344 sine
596 4283 848 4322 consensu
863 4256 1251 4344 metropolitani
1265 4256 1343 4328 Iit,
1367 4264 1436 4315 ita
1454 4263 1778 4344 exprimitur
1795 4275 1807 4309 :
1834 4256 1936 4344 Per

341 4333 515 4398 omnia
535 4351 709 4394 autem
748 4339 1083 4406 manifestum
1111 4344 1186 4388 est
1215 4335 1330 4399 hoc,
1359 4335 1498 4404 quod
1534 4333 1721 4406 siquis
1747 4340 1938 4406 praeter

339 4417 658 4470 voluntatem
675 4400 1055 4481 metmpdlitani
1074 4406 1304 4481 episcopi
1318 4400 1471 4476 fuerit
1495 4400 1786 4481 ordinatus,
1802 4400 1940 4454 hunc

343 4485 522 4541 statuit
545 4484 656 4538 haec
693 4476 872 4537 sancta
891 4476 1120 4551 synodus
1144 4494 1247 4532 non
1272 4480 1450 4551 debere
1485 4493 1594 4551 esse
1607 4476 1938 4551 episcopum.

345 4557 404 4614 Itt
443 4558 542 4612 illo
565 4562 728 4610 etiam
759 4546 978 4617 Codice,
1010 4566 1170 4620 quem
1194 4549 1516 4619 Quesnellus
1534 4546 1939 4620 edidit,eadem

1985 513 2162 566 minos
2190 511 2367 565 audax
2396 518 2695 567 temerator
2746 510 2996 576 excedat,
3032 527 3134 568 nec
3173 512 3370 584 aliquis
3395 516 3448 572 in
3477 518 3598 572 illo-

1985 619 2105 658 rum
2131 605 2517 659 contumeliam
2553 603 2797 674 partibus
2828 604 2972 670 suis,
3014 621 3137 676 qua:
3177 606 3281 661 sibi
3319 607 3340 645 ί
3371 624 3478 664 non
3514 611 3601 667 vi-

1984 695 2183 750 dentur
2207 710 2495 763 concessa,
2519 696 2805 752 defendat.
2838 695 3031 754 Cesset
3067 696 3379 770 huiusmodi
3410 717 3600 772 pressa

1989 800 2176 844 nostra
2200 790 2530 845 auctoritate
2556 791 2914 861 praesumptio
2935 807 3151 858 eorum,
3175 793 3266 864 qui
3312 795 3460 851 ultra
3483 796 3602 852 lici-

1992 892 2105 938 tum
2127 899 2241 939 suae
2274 885 2504 940 limitem
2534 884 2815 956 dignitatis
2839 887 3167 943 extendunt.
3201 887 3359 956 Quod
3395 889 3606 947 idcirco

1990 975 2248 1044 dicimus,
2282 985 2340 1032 ut
2391 979 2915 1035 advertatcbaritas
2960 992 3072 1049 tua,
3109 982 3246 1039 adeo
3295 999 3398 1042 nos
3435 1002 3603 1042 cauo-

1992 1085 2124 1124 num
2156 1080 2180 1117 8
2216 1084 2484 1144 prmcepta
2515 1089 2759 1140 servare,
2802 1083 2860 1129 ut
2897 1075 2970 1130 ita
3011 1076 3332 1133 constitutio
3387 1096 3604 1152 quoque

1993 1174 2182 1219 nostra
2215 1165 2461 1231 definiat,
2493 1177 2763 1237 quatenus
2787 1169 3198 1239 metrOpolitani
3230 1172 3312 1227 sui
3346 1187 3610 1244 unaquae-

1993 1271 2102 1327 que
2126 1256 2401 1326 provincia
2434 1259 2488 1313 in
2529 1259 2784 1314 omnibus
2819 1261 2983 1316 rebus
3025 1259 3436 1320 ordinationem
3462 1279 3608 1322 sem-

1996 1363 2094 1419 per
2124 1360 2426 1420 exspectet.
2450 1351 2580 1405 Data
2609 1349 2639 1388 h
2669 1368 2700 1406 v
2734 1352 2855 1407 idus
2881 1353 3043 1408 Febr.
3076 1353 3230 1428 (Feb.
3264 1357 3296 1411 9
3321 1374 3446 1412 ann.
3475 1357 3608 1429 4‘22)

1998 1443 2243 1500 dominis
2288 1445 2494 1502 nostris
2543 1447 2788 1504 Honorio
2817 1465 2910 1504 xm
2951 1461 3004 1505 et
3050 1449 3418 1509 Tlteodosiox
3447 1469 3608 1527 augg.

1998 1553 2100 1595 COD
2107 1555 2182 1596 SS.

2511 1632 2849 1690 EPISTULA
2897 1635 3014 1691 XIII
3046 1636 3087 1691 ί.

2004 1726 2206 1798 Rufum
2235 1726 2298 1781 de
2328 1743 2574 1783 concessa
2621 1728 2720 1782 sibi
2750 1730 2932 1784 vicarii
2978 1729 3043 1785 B.
3077 1729 3225 1786 Petri
3255 1732 3508 1805 dignitate
3551 1751 3616 1789 ac

2079 1835 2290 1874 munere
2319 1819 2631 1891 Bonifacius
2675 1822 2941 1891 admonet,
3003 1825 3450 1897 communicatque
3497 1843 3615 1881 cum

2077 1930 2160 1979 eo,
2183 1923 2230 1966 et
2261 1914 2389 1984 quid
2417 1915 2557 1968 circa
2580 1915 2750 1982 varia,
2779 1931 2896 1986 qua:
2919 1915 3030 1969 illis
3071 1917 3126 1968 in
3153 1917 3390 1986 partibus
3409 1918 3617 1990 agitan-

2080 2016 2165 2060 tur
2203 2008 2431 2079 negotia,
2482 2007 2552 2060 ad
2596 2006 2874 2063 Thessalos
2924 2009 3213 2080 scripserit,
3258 2020 3303 2064 et
3337 2011 3464 2079 quid
3513 2011 3616 2082 ipsi

2081 2102 2340 2172 agendum
2365 2111 2536 2156 restet.

2244 2191 2616 2249 Dilectissimo
2646 2193 2803 2248 fratri
2842 2193 2992 2250 Ruso
3030 2193 3375 2250 BONIFACIUS.

2080 2287 2130 2339 l.
2175 2285 2344 2341 Retro
2373 2287 2678 2356 majoribus
2703 2288 2811 2342 tuis
2832 2302 2998 2357 super
3027 2287 3328 2358 provinciis
3355 2287 3618 2357 apostoli-

2011 2416 2116 2472 que
2146 2402 2268 2457 loco
2295 2403 2622 2458 subauditur
2651 2403 2852 2458 debere.
2880 2403 3012 2457 Nam
3070 2404 3464 2469 Alexandrino,
3499 2403 3614 2460 An-

2014 2473 2292 2540 tioclteno,
2311 2474 2794 2530 'l‘bess;ilouicensi
2827 2474 3030 2530 aliisve
3055 2477 3332 2530 nonnullis
3353 2477 3618 2530 antistiti-

2013 2544 2112 2600 bus
2143 2546 2328 2613 plures
2358 2547 2652 2615 provinciae
2675 2555 2805 2601 tunc
2829 2556 2985 2600 erant
3014 2548 3302 2614 subjectae,
3329 2559 3378 2601 ct
3403 2563 3471 2603 ex
3491 2562 3619 2602 sen-

2015 2616 2182 2672 tentia
2203 2617 2504 2672 lnnocuntii
2523 2619 2637 2688 (qui
2666 2619 2830 2688 epist.
2855 2617 2947 2682 94,
2975 2636 3030 2672 ιι.
3050 2619 3105 2682 2,
3131 2621 3408 2682 rescribit,
3427 2618 3618 2673 divisis

2016 2689 2282 2758 imperiali
2310 2688 2517 2758 judicio
2573 2690 2869 2758 provinciis
2919 2691 3251 2759 metropoles
3282 2692 3334 2744 in
3383 2691 3614 2744 ecclesia

2019 2775 2357 2830 nequaquam
2416 2761 2767 2827 dividendus,
2816 2775 2916 2816 nec
2969 2777 3254 2816 numerum
3304 2761 3612 2832 augt-udum

2012 2846 2137 2886 esse
2168 2832 2740 2903 metropolitanorum)
2788 2833 2963 2902 liquet
2989 2833 3107 2888 fieri
3139 2835 3402 2902 pomisse,
3432 2843 3490 2888 ut
3525 2833 3619 2887 uni

2017 2904 2441 2971 metropolitano
2497 2904 2874 2960 ecclesiastico
2904 2905 3025 2958 duae
3083 2905 3373 2972 provincim
3425 2903 3618 2960 civiles

2017 2973 2442 3040 subjicerentur.
2475 2975 2662 3045 Longe
2692 2977 2871 3030 minus
2903 2976 3083 3042 placet
3108 2977 3235 3030 illud
3288 2977 3484 3031 vetusti
3512 2991 3616 3030 ms.

2016 3045 2195 3118 Colb.,
2228 3063 2336 3099 esse
2369 3064 2513 3113 posse
2533 3049 2681 3101 sedes
2711 3046 2988 3118 subjectus.
3039 3046 3154 3102 Non
3183 3049 3327 3103 enim
3359 3047 3427 3102 de
3468 3045 3612 3100 sedt-

2019 3116 2140 3180 bus,
2171 3118 2263 3169 sed
2292 3119 2360 3172 de
2393 3119 2682 3186 provinciis
2717 3116 2999 3172 bic'sermo
3025 3127 3130 3174 est.

2101 3197 2122 3225 ε
2165 3187 2314 3242 Unus
2344 3205 2373 3242 e
2407 3203 2537 3243 mss.
2573 3189 2754 3251 Colb.,
2787 3189 3020 3242 inclusit.
3051 3190 3172 3244 Mox
3229 3189 3443 3245 Merlin.
3479 3188 3614 3243 utin

1943 3232 1990 3296 C
2024 3274 2157 3312 mss.
2190 3259 2343 3313 lsid.:
2373 3232 2886 3325 communias;'editi
2921 3276 3049 3314 vero
3077 3262 3164 3314 alit
3191 3277 3314 3315 cum
3341 3260 3612 3328 exemplis

2018 3332 2146 3385 coll.
2213 3331 2376 3384 Hadr.
2431 3333 2776 3385 communitus
2808 3332 2896 3385 vel
2955 3334 3279 3386 communitis
3313 3349 3326 3385 :
3357 3333 3448 3386 ubi
3495 3345 3621 3385 cmn

2021 3403 2178 3457 Dion.
2206 3402 2444 3473 aliisque
2493 3403 2796 3472 potioribus
2827 3417 2961 3458 mss.
2997 3405 3338 3460 restituimus
3392 3417 3617 3458 commo-

2021 3475 2179 3529 nitus.

2094 3543 2121 3582 ἀ
2157 3545 2306 3602 Unus
2337 3545 2512 3602 codex
2543 3546 2812 3612 Harlznus,
2843 3549 3101 3603 secundis
3139 3549 3312 3615 curis,
3347 3545 3619 3611 debueras,

2027 3618 2241 3674 favente
2271 3618 2444 3687 Regio
2497 3634 2706 3674 meram
2740 3619 2980 3691 Dionysii
3033 3621 3412 3676 collectionem
3444 3617 3624 3674 conti-

2026 3701 2210 3756 nente,
2245 3693 2294 3744 in
2319 3705 2428 3759 quo
2456 3699 2636 3745 exstat
2662 3691 2890 3745 deberes.

2103 3772 2124 3799 θ
2158 3762 2320 3817 Crab.
2358 3763 2446 3817 hic
2474 3763 2683 3816 addidit
2713 3778 2844 3826 sure,
2877 3779 2939 3818 ac
2965 3764 3224 3834 deinceps
3249 3773 3520 3819 retentum
3543 3770 3628 3818 est

2030 3832 2134 3888 hoc
2157 3836 2507 3901 vocabulum,
2533 3834 2677 3902 quod
2703 3852 2731 3886 a
2765 3836 2924 3890 Dion.
2971 3835 3136 3891 I-Iadr.
3169 3832 3351 3904 ﬁatque
3382 3835 3506 3888 aliis
3535 3850 3630 3903 po-

2031 3906 2264 4029 :ioribus
2295 3921 2427 3960 mss.
2451 3907 2626 3962 abest.
2663 3905 2826 3961 Certe
2850 3917 2972 3975 tute,
3010 3923 3118 3963 non
3148 3924 3276 3974 suis,
3311 3905 3622 3962 addendum

2055 3985 2242 4029 uisset.

2055 3978 2242 4031 uisset.

2112 4046 2223 4101 fltt
2284 4047 2418 4102 edit.
2471 4049 2628 4102 llom.
2680 4058 2738 4103 ut
2787 4050 2838 4103 in
2894 4066 2997 4106 ms.
3058 4050 3204 4105 Pitb.
3255 4049 3343 4104 hic
3381 4047 3634 4115 adjicitur

2033 4119 2097 4172 ab
2126 4119 2205 4173 his
2231 4135 2248 4172 :
2279 4135 2509 4188 quorum
2544 4121 2664 4172 loco
2692 4119 3126 4175 subaudiendum
3157 4120 3445 4175 secundum
3474 4134 3628 4190 regu-

2038 4191 2117 4243 las
2140 4201 2366 4255 patrum.
2398 4190 2600 4245 Eadem
2654 4205 2758 4244 vox
2790 4202 3016 4256 patrum.
3067 4206 3251 4260 supra,
3310 4205 3433 4243 cum
3459 4191 3521 4260 in,
3547 4190 3630 4243 bis

2037 4277 2217 4314 eorum
2239 4261 2506 4324 terminos,
2533 4272 2645 4314 tum
2678 4260 2736 4315 in
2767 4262 2885 4316 istis
2922 4265 2975 4316 in
3003 4258 3214 4316 illorum
3242 4258 3631 4323 contumeliam,

2042 4337 2246 4403 pariter
2266 4332 2606 4387 subauditur.

2119 4413 2142 4450 Β
2175 4403 2343 4461 Vetus
2385 4404 2560 4461 codex
2609 4403 2768 4461 Colb.
2818 4420 2882 4459 ac
2913 4403 3087 4474 Pitb.,
3141 4419 3397 4459 canonum
3446 4400 3648 4454 cautius

2049 4487 2306 4551 prtecepta
2326 4492 2550 4551 servare.
2581 4475 2718 4532 Tum
2748 4476 3018 4546 nonnulli,
3046 4477 3144 4535 scd
3167 4491 3273 4530 non
3304 4474 3652 4551 potiores,_ut

2046 4541 2169 4603 ista.
2201 4541 2405 4606 Deinde
2434 4548 2599 4617 l’ith.,
2629 4552 2822 4618 censio,
2853 4552 2974 4602 loco
3008 4541 3174 4605 'vocis
3205 4541 3526 4602 constitutio.
3550 4541 3646 4597 Ni-

348 4639 430 4685 est
462 4627 686 4683 canonis
715 4626 748 4680 6
781 4626 832 4677 in
865 4624 1000 4678 duos
1031 4619 1315 4677 distinetio
1337 4663 1351 4684 ,
1394 4631 1555 4690 atque
1583 4619 1780 4675 iisdem
1799 4632 1950 4692 _ver—
1976 4625 2027 4686 D
2055 4637 2223 4677 caenau
2237 4623 2431 4692 synodi
2457 4635 2719 4676 canonem
2744 4623 2798 4686 4,
2814 4636 2923 4692 quo
2937 4636 3260 4691 eorumque:
3278 4622 3333 4675 in
3353 4631 3660 4692 unaquaque

349 4701 436 4757 bis
480 4709 751 4769 postrema
797 4698 913 4765 ejus
966 4709 1090 4769 pars
1131 4693 1371 4750 eﬂ'ertur.
1404 4689 1568 4747 Certe
1617 4707 1738 4746 VII‘U
1781 4689 1946 4744 docto

352 4768 496 4843 aegre
525 4769 988 4843 concesserimus,
1039 4768 1138 4820 bac
1170 4777 1441 4843 postrema
1476 4777 1627 4832 parte
1667 4777 1828 4817 unam
1861 4777 1946 4817 se-

355 4837 538 4913 diiim,
594 4857 731 4912 quas
781 4839 1010 4894 subinde
1055 4837 1450 4913 patriarcltales
1495 4842 1796 4899 vocarunt,
1836 4850 1944 4913 non

357 4908 674 4974 ceterarum
727 4913 1097 4979 metropoleon
1145 4909 1426 4979 prmscribi
1469 4917 1841 4979 potestatem,
1873 4908 1946 4962 De

358 4986 711 5054 intelligentia
745 4978 922 5038 autem
955 4981 1102 5038 verbi
1134 4978 1354 5055 praprie
1374 4980 1488 5036 haec
1517 4988 1704 5055 nostra
1722 4978 1941 5048 coitjec-

357 5069 479 5116 tura
502 5051 605 5122 est,
625 5056 901 5112 Zosimunt
923 5068 1025 5111 non
1060 5051 1276 5122 propria
1297 5051 1500 5108 Nicaeni
1530 5052 1749 5108 concilii
1780 5056 1943 5122 verba

360 5132 450 5190 hic
477 5121 680 5187 referte
718 5128 950 5182 voluis~e
970 5168 984 5186 .
1025 5121 1118 5179 sed
1151 5129 1312 5180 verba
1336 5165 1350 5186 ,
1384 5142 1503 5194 qml’
1531 5126 1671 5179 forte
1701 5126 1753 5178 iu
1781 5121 1945 5176 Lutu-

365 5203 613 5260 beusium
660 5200 841 5256 libello
869 5214 902 5254 e
926 5195 1162 5252 Nicaenis
1189 5197 1489 5252 canonibus
1518 5195 1829 5252 summatim
1857 5207 1952 5247 ex-

366 5291 552 5348 ρι-θςεςι
601 5283 785 5348 erant,
827 5271 1148 5348 repetiisse,
1197 5283 1262 5323 ac
1291 5268 1439 5348 velut
1471 5268 1571 5347 sibi
1603 5265 1952 5348 propri-altic-

365 5337 624 5405 clarasse.
659 5337 777 5414 Qua
797 5337 1005 5414 ratione
1026 5340 1296 5405 Zosimus,
1317 5349 1384 5414 ιιι
1406 5341 1455 5392 in
1486 5341 1715 5414 epistola
1740 5339 1805 5392 ⁸21
1833 5337 1960 5414 (2m:

369 5420 584 5486 Iestini,
621 5407 797 5484 nili,
832 5413 996 5486 visuri
1037 5427 1226 5486 sumus
1247 5453 1262 5477 ,
1292 5407 1738 5486 (Ea_rtltaginettsis
1766 5407 1964 5486 synodi

371 5481 589 5548 decreta
621 5481 896 5557 adoptavit
922 5485 1006 5538 ltts
1036 5485 1217 5540 verbis
1249 5502 1262 5536 ε
1302 5481 1449 5537 Illud
1484 5483 1638 5536 etiam
1663 5482 1801 5554 quod
1825 5482 1969 5557 intra

371 5552 794 5631 Carthaginiensis
841 5557 1029 5628 synodi
1069 5557 1652 5631 decretaconstitutum
1676 5552 1785 5624 est,
1817 5552 1972 5621 quasi

371 5627 640 5692 moratust
669 5627 971 5700 apostolica:
997 5628 1133 5684 sedis
1163 5627 1545 5700 amplectimur.

449 5707 475 5746 δ
503 5708 560 5765 Ιιι
592 5697 724 5761 edit.
754 5703 914 5758 Rom.
940 5702 1174 5769 aliisque
1203 5697 1634 5768 antiquioribus,
1658 5706 1718 5752 ut
1748 5697 1803 5752 in
1836 5710 1969 5769 mss.

1543 5769 1698 5838 Quod
1746 5768 1973 5825 verbum

377 5850 586 5929 [celius
617 5840 774 5905 abest
794 5849 865 5904 ab
911 5840 1335 5916 exemplaribus
1363 5843 1521 5899 Dion.
1560 5850 1620 5899 et
1647 5840 1814 5897 Hadr.
1838 5840 1978 5911 ejus-

373 5779 507 5836 coll.
539 5777 698 5848 Hisp.
724 5783 782 5831 et
799 5773 926 5831 Isid.
959 5772 1048 5827 hic
1073 5771 1292 5848 additur
1325 5787 1494 5848 posse.

2052 4688 2320 4764 provincia
2341 4694 2506 4763 ﬁunt,
2536 4688 2982 4762 conﬁrmationem
3029 4711 3061 4746 (ι
3107 4688 3508 4764 metrOpolitano
3530 4688 3648 4764 ﬁeri

2050 4763 2386 4836 principitur,
2423 4765 2733 4821 Bonifacius
2759 4765 2846 4820 bie
2871 4781 2980 4820 non
3021 4763 3656 4824 obscure'commendat

2047 4851 2110 4891 ac
2143 4841 2340 4892 ltrmat.

2126 4905 2241 4962 11In
2295 4919 2481 4967 vetere
2542 4926 2648 4966 ms.
2705 4911 2889 4976 Colb.,
2945 4925 2995 4964 vi
3058 4910 3181 4965 idus
3229 4908 3390 4967 Febr.
3449 4911 3657 4968 Deinde

2048 4979 2165 5034 haec
2206 4983 2369 5037 verba
2419 4984 2645 5036 dominis
2697 4983 2910 5047 nostris,
2965 4998 3089 5050 qua:
3135 4982 3188 5038 itt
3241 5001 3340 5037 ms.
3378 4983 3649 5042 Pitb.de-

2049 5051 2390 5176 ﬁds-rantur,
2444 5055 2496 5110 in
2543 5058 2760 5110 caeteris
2805 5056 3193 5124 exprimuntur
3236 5057 3322 5111 bis
3357 5060 3500 5113 notis
3526 5053 3650 5109 DD.

2119 5139 2135 5174 l
2178 5165 2191 5176 .

2119 5139 2191 5178 [Υ.

2137 5192 2152 5231 ί
2192 5194 2258 5248 Ει
2281 5194 2400 5252 haec
2427 5196 2683 5262 epistola,
2714 5213 2834 5269 quae
2865 5207 2919 5254 et
2942 5201 3425 5257 commonitorium
3459 5199 3656 5254 merito

2060 5277 2310 5335 vocetur,
2340 5282 2465 5322 cum
2488 5270 2700 5324 duabus
2723 5272 3181 5337 subsequentibus
3208 5275 3261 5327 in
3285 5273 3516 5327 concilio
3541 5271 3656 5324 Ro-

2064 5353 2247 5402 mano,
2274 5341 2415 5407 quod
2458 5339 2619 5397 Luca:
2647 5341 2915 5398 Holstenii
2937 5357 3101 5407 onera
3137 5347 3188 5399 in
3221 5347 3393 5399 lucem
3428 5342 3654 5410 prodiit,

2065 5409 2291 5484 recitata
2321 5424 2426 5484 est.
2452 5411 2578 5468 Tria
2603 5414 2690 5466 illa
2716 5413 2915 5482 scripta
2934 5415 3076 5471 idem
3096 5417 3328 5471 Severus
3347 5414 3661 5484 apostolicae

2070 5481 2490 5559 s_e_dis_not:t_rius
2514 5486 2676 5559 simttl
2720 5487 2775 5540 in
2806 5481 3082 5559 Illyricum
3111 5489 3326 5542 detulit.
3353 5481 3515 5559 Unde
3537 5501 3662 5559 cum

2078 5552 2332 5626 Mcolaus
2357 5554 2374 5608 l
2399 5555 2688 5623 epistolam
2707 5599 2722 5621 ,
2753 5552 3079 5625 quaimedia
3100 5568 3204 5624 est,
3233 5558 3431 5626 saepius
3459 5555 3664 5623 laudat,

2081 5624 2246 5680 etiam
2269 5627 2389 5680 aliis
2419 5628 2628 5684 duabus
2647 5624 2833 5698 adjicit
2849 5630 3247 5684 auctoritatem.
3281 5624 3554 5684 Praeterea
3580 5629 3670 5693 iis,

2081 5712 2202 5766 qua:
2227 5697 2296 5753 de
2327 5698 2592 5769 Perigene
2620 5701 2671 5754 itt
2717 5697 2832 5755 illis
2879 5701 3080 5755 litteris
3133 5700 3421 5770 habentur,
3452 5715 3684 5758 consen-

2084 5776 2301 5852 taneum
2345 5780 2441 5852 est
2464 5771 2711 5828 Socratis
2737 5771 2836 5827 lib.
2868 5787 2962 5839 vn,
2987 5787 3036 5826 c.
3069 5773 3162 5841 56,
3214 5773 3281 5830 de
3311 5772 3417 5830 hoc
3449 5772 3686 5846 praesule

2086 5851 2474 5898 ῑθδιιιιιοιιιιιιιι.
