4122 6346
251 333 352 388 777

1427 327 1792 389 EPISTOLAS
1833 331 1922 388 ET
1965 330 2313 389 DECRE'I‘A.

3475 344 3581 399 778

251 431 460 492 natum,
496 422 551 478 in
579 428 762 479 totum
809 417 1106 478 sacerdotii
1154 433 1450 478 censemus
1495 422 1704 481 honore
1748 423 1861 495 pri-
1888 429 1940 489 Α
1967 423 2222 478 sticarum
2257 422 2466 478 sauctio
2491 423 2805 494 regularum
2849 424 3074 496 majoris
3122 442 3246 486 esse
3286 444 3395 487 non
3435 432 3590 489 dedit

253 520 508 575 vandum.

319 610 372 666 5.
417 611 551 667 Ture
595 610 884 667 charitatis
916 617 1002 666 est
1045 609 1314 666 Severum
1347 610 1668 680 apostolicae
1717 609 1866 664 sedis

252 705 553 772 notarium,
587 704 792 760 animis
825 702 1271 774 acceptissimum
1305 703 1536 768 nostris,
1573 702 1642 757 de
1678 710 1870 757 nostro

252 798 487 872 proprio
511 797 682 854 latere
708 807 734 836 ³
762 797 1124 864 destinatum,
1148 797 1392 867 peractis
1422 796 1700 864 omnibus,
1753 782 1868 850 tota

249 892 538 951 celeritate
574 893 888 959 dimittere;
934 900 994 948 ut
1023 899 1308 963 gestarum
1355 890 1608 946 ordinem
1655 904 1866 956 rerum,

253 986 449 1043 eodem
489 984 743 1042 festiuius
773 994 1108 1054 revertente,
1143 999 1464 1040 noscamus.
1509 985 1645 1038 Data
1685 997 1718 1037 v
1749 983 1870 1039 idus

251 1080 479 1137 Martias
514 1078 728 1151 (Martii
758 1079 792 1134 5
817 1096 941 1134 ann.
990 1077 1156 1148 422),
1209 1077 1456 1133 Honorio
1487 1092 1584 1132 xm
1613 1083 1670 1133 et
1690 1074 1872 1133 Theo-

251 1173 408 1230 dosio
432 1188 463 1229 x
499 1172 760 1245 Augustis
781 1173 1125 1229 consulibus.

781 1265 1120 1322 EPISTOLA
1146 1264 1270 1321 XIV
1299 1265 1352 1320 ι’.

253 1357 508 1415 Concessa
539 1359 681 1430 Rufo
712 1368 956 1430 potestas,
989 1375 1145 1430 quam
1177 1358 1420 1412 nonnulli
1455 1357 1870 1425 contemnebant,

323 1460 524 1508 asserta
564 1453 787 1521 primum
811 1452 1110 1521 apostolica:
1134 1452 1270 1507 sedis
1306 1451 1638 1517 auctoritate,
1684 1450 1874 1520 conﬁr-

325 1554 521 1600 matur.

255 1639 646 1698 Dilectissimis
677 1639 938 1696 fratribus
964 1640 1238 1696 universis
1267 1638 1544 1711 episcopis
1576 1655 1674 1711 per
1702 1639 1870 1697 Thes-

327 1735 521 1791 saliam
551 1734 866 1790 constitutis
894 1733 1238 1790 BONIFACIUS.

1969 517 2275 586 potestatis.
2333 516 2610 588 Leguutur
2632 519 2835 574 etenim
2869 530 3143 591 praecepta
3191 525 3456 595 majorum
3486 545 3500 593 ;
3535 537 3592 584 et

1969 609 2165 677 quibus
2197 609 2251 670 in
2282 610 2558 666 Ecclesias
2581 611 2722 681 juris
2744 611 2947 683 aliquid
2970 612 3223 671 dederint
3252 619 3585 676 invenimus.

1969 698 2088 755 Jam
2123 711 2417 757 temerator
2447 711 2530 758 est
2560 703 2948 760 ecclesiasticae
2979 707 3308 778 disciplinac,
3339 711 3588 782 quistjuis

1973 793 2026 848 in
2059 794 2176 864 ejus
2210 796 2378 866 leges,
2407 811 2531 852 cum
2559 797 2665 853 sibi
2698 799 2834 854 nihil
2863 799 3154 868 debeatur,
3177 806 3394 875 irrepit,
3427 823 3489 862 ea
3515 809 3590 864 si-

1972 886 2146 944 bimet
2192 889 2540 959 vindicando,
2570 907 2692 962 qua:
2741 893 2845 949 sibi
2894 910 2924 949 a
2975 897 3455 971 patribus-negata
3510 903 3592 958 vi-

1972 980 2226 1040 deautur.

2045 1076 2100 1132 5.
2144 1077 2393 1148 Accipite
2425 1095 2558 1152 ergo
2609 1082 3044 1140 admonitionem
3095 1095 3150 1142 et
3186 1091 3593 1160 correptiouem

1974 1179 2242 1236 nostram,
2264 1186 2328 1225 ex
2349 1173 2547 1242 quibus
2565 1192 2725 1230 unam
2756 1175 2774 1214 ί
2801 1178 3165 1252 pontificibus,
3188 1181 3416 1248 alteram
3434 1183 3599 1240 dissi-

1975 1260 2236 1316 dentibus
2266 1264 2610 1323 exhibemus.
2641 1268 2775 1324 Nam
2811 1271 2932 1326 ideo
2967 1273 3039 1326 ait
3066 1269 3365 1341 Apostolus
3391 1295 3410 1331 :-
3456 1277 3596 1343 Quid

1977 1354 2154 1425 vultis,
2183 1359 2235 1415 in
2259 1359 2403 1432 virga
2432 1363 2632 1415 veniam
2664 1365 2733 1416 ad
2764 1379 2871 1431 vos,
2893 1382 2958 1419 an
2990 1369 3040 1420 in
3069 1368 3320 1423 charitatc
3341 1380 3387 1424 et
3418 1373 3470 1427 in
3492 1375 3601 1443 spio

1977 1452 2082 1504 ritu
2107 1453 2516 1509 mansuetudinis
2544 1456 2598 1525 (Ι
2631 1456 2751 1510 Cor.
2780 1474 2853 1524 tv,
2889 1459 2992 1531 21)
3016 1461 3040 1513 ?
3065 1461 3231 1518 Scitis
3259 1455 3405 1519 enim
3437 1466 3600 1523 beato

1980 1543 2140 1600 Petro
2170 1554 2460 1617 utrumque
2505 1549 2790 1618 possibile,
2840 1552 2889 1607 id
2933 1561 3019 1609 est
3073 1554 3128 1610 in
3177 1559 3600 1617 mansuetudine

1978 1637 2163 1700 mites,
2190 1638 2241 1693 in
2269 1638 2419 1710 virga
2451 1643 2721 1711 superbos
2753 1660 3003 1715 arguere.

2053 1733 2108 1786 4.
2151 1733 2293 1803 Ergo
2324 1745 2539 1792 servate
2565 1735 2828 1793 honorem
2851 1739 3093 1796 debitum
3118 1744 3282 1815 capiti
3310 1764 3323 1800 :
3347 1747 3471 1817 quia
3503 1764 3602 1804 no-

331 1827 384 1882 l.
425 1825 704 1886 Institutio
767 1826 1100 1882 universalis
1161 1826 1436 1883 nascentis
1495 1825 1757 1883 Ecclesize
1807 1827 1877 1884 de
1907 1863 1955 1923 Β
1982 1818 2160 1881 lumus
2190 1836 2248 1882 ut
2276 1828 2423 1884 intra
2449 1845 2508 1886 se
2535 1832 2781 1887 membra
2814 1835 3119 1902 decerteut,
3149 1839 3222 1893 ita
3252 1848 3314 1894 ut
3339 1841 3601 1900 tendatur

257 1920 403 1978 beati
439 1919 588 1976 Petri
620 1919 856 1990 sumpsit
881 1920 1090 1976 honore
1118 1919 1468 1991 principium,
1512 1919 1566 1975 iu
1597 1937 1706 1992 quo
1735 1922 1876 1991 regi-

259 2031 384 2073 men
417 2015 535 2085 ejus
565 2025 621 2070 et
649 2029 862 2069 summa
913 2013 1185 2069 consistit.
1238 2014 1317 2069 Ex
1356 2013 1478 2085 ejus
1510 2013 1654 2069 enim
1702 2015 1880 2071 eccle-

261 2109 482 2166 siastica
511 2107 803 2178 disciplina
855 2123 954 2179 per
998 2123 1192 2164 omnes
1246 2095 1544 2174 ECclesias,
1599 2108 1878 2179 religionis

259 2201 369 2273 jam
407 2211 693 2259 crescente
723 2203 936 2258 cultura
963 2243 976 2268 ,
1019 2202 1172 2258 fonte
1196 2203 1456 2258 manavit.
1488 2202 1726 2258 Nicaeus:
1753 2217 1882 2275 syn-

263 2299 353 2356 odi
383 2313 492 2354 non
523 2298 671 2354 aliud
705 2307 976 2370 praecepta
1007 2307 1308 2354 testantur:
1340 2299 1476 2355 adeo
1507 2308 1569 2352 ut
1592 2296 1752 2371 (Citat
1781 2297 1881 2352 Ni-

264 2394 447 2449 cotaus
485 2392 692 2463 Iepist.
735 2392 809 2448 al.
859 2391 954 2464 42)
983 2409 1090 2448 non
1133 2393 1337 2463 aliquid
1382 2409 1546 2464 super
1582 2408 1708 2449 eum
1748 2407 1881 2449 ausa

263 2487 342 2543 sit
387 2499 408 2526 ε
442 2487 804 2553 constituere,
836 2500 960 2542 cum
989 2487 1197 2542 videret
1249 2487 1381 2543 nihil
1415 2503 1576 2558 supra
1628 2488 1881 2544 meritum

264 2593 429 2634 suum
460 2592 624 2648 pOSse
670 2577 914 2634 conferri
946 2595 958 2631 :
991 2578 1174 2633 omnia
1205 2577 1444 2649 denique
1489 2577 1617 2634 huic
1658 2587 1887 2634 noverat

267 2672 489 2729 Domini
516 2687 775 2729 sermone
805 2687 1089 2746 concessa.
1129 2674 1281 2730 Hauc
1309 2689 1440 2744 ergo
1469 2674 1727 2730 Ecclesiis
1771 2684 1886 2730 toto

268 2765 404 2822 orbe
433 2764 649 2822 diffusis
702 2765 852 2821 velut
901 2775 1065 2838 caput
1112 2780 1335 2822 suorum
1385 2776 1600 2823 certum
1633 2776 1719 2822 est
1763 2781 1888 2824 esse

272 2859 647 2938 membrorum
675 2877 688 2915 :
723 2875 754 2916 a
780 2876 886 2930 qua
913 2875 973 2916 se
994 2861 1240 2932 quisquis
1271 2863 1523 2931 abscidit,
1558 2862 1618 2918 fit
1636 2862 1888 2919 christia-

273 2969 361 3010 na;
390 2954 674 3026 religionis
703 2954 962 3021 extorris,
1011 2969 1135 3011 cum
1169 2955 1223 3012 in
1271 2955 1460 3012 eadem
1503 2971 1614 3012 non
1661 2958 1907 3027 coeperit.

274 3061 400 3105 esse
429 3063 716 3120 compage.
991 3078 996 3082 -
1178 3045 1184 3052 ’

349 3141 404 3195 2.
448 3140 631 3197 Audio
671 3141 1054 3214 episcoporum
1087 3143 1378 3214 quosdam,
1419 3143 1726 3215 apostolico
1769 3143 1893 3214 jure

1983 1933 2174 1974 eorum
2204 1920 2270 1974 ad
2304 1936 2404 1976 nos
2437 1937 2607 1994 usque
2650 1936 2931 1982 certamen
2959 1945 2973 1993 ;
3006 1929 3135 1984 dum
3167 1929 3390 1988 fratrem
3423 1943 3477 1989 et
3508 1950 3603 1992 co-

1981 2010 2296 2081 episcopum
2331 2023 2576 2069 nostrum
2612 2016 2813 2074 Rufum
2865 2019 3090 2090 dignum
3130 2022 3330 2080 ducitis
3357 2036 3605 2084 contem-

1982 2111 2076 2173 ptu
2102 2122 2113 2157 :
2138 2105 2223 2160 cui
2250 2105 2385 2161 nihil
2415 2121 2616 2162 novum
2649 2111 2948 2168 auctoritas
2979 2124 3162 2169 nostra
3210 2119 3482 2185 concedit,
3517 2135 3606 2177 se-

1983 2212 2156 2268 quens
2187 2198 2426 2268 priorum
2457 2209 2482 2246 8
2507 2203 2761 2272 gratiam,
2793 2219 2898 2274 qua
2928 2205 3054 2260 huic
3083 2222 3214 2262 cura
3245 2211 3606 2268 ecclesiarum
3651 2247 3663 2256 -

1984 2305 2130 2360 swpe
2157 2291 2372 2347 videtur
2400 2292 2663 2363 iojuncta.
2694 2295 2850 2362 Quod
2885 2295 3082 2352 factum
3117 2298 3188 2354 ita
3223 2299 3604 2360 intemeratum

1985 2385 2198 2441 servari
2223 2387 2478 2442 volumus
2506 2389 2560 2444 in
2606 2389 2876 2455 futurum,
2909 2391 3052 2446 sicut
3092 2409 3122 2447 a
3153 2395 3403 2463 patribus
3447 2397 3607 2468 hujus

1986 2481 2364 2552 dispositionis
2395 2483 2568 2538 forma
2599 2494 2815 2540 servata
2843 2497 2948 2542 est.
2981 2486 3094 2542 Non
3127 2489 3288 2544 decet
3310 2489 3506 2547 fratres
3531 2493 3611 2548 al-

1987 2575 2159 2631 terius
2194 2575 2460 2646 dignitate
2507 2577 2770 2633 morderi.
2806 2578 2970 2634 Certe
3001 2578 3048 2633 si
3098 2581 3148 2633 in
3185 2587 3455 2652 quoqua‘m
3489 2585 3608 2655 ejus

1989 2675 2151 2740 s’upra
2183 2670 2425 2725 debitum
2457 2671 2557 2726 fuit
2587 2673 2702 2727 visa
2744 2672 3044 2741 correptio,
3079 2675 3336 2743 quoniam
3371 2677 3493 2731 ideo
3529 2687 3608 2734 te-

1990 2773 2084 2820 net
2113 2762 2272 2818 sedes
2303 2765 2603 2833 apostolica
2641 2765 3030 2837 principatum,
3080 2777 3137 2821 ut
3184 2769 3437 2838 querelas
3484 2787 3607 2827 om-

1991 2859 2141 2915 nium
2171 2859 2197 2897 δ
2228 2860 2455 2916 licentes
2479 2868 2725 2928 acceptet
2752 2875 2767 2925 ;
2798 2859 3138 2928 interpellari
3173 2877 3272 2916 nos
3301 2877 3469 2934 super
3506 2863 3609 2920 hoc

1991 2954 2159 3010 missa
2184 2953 2456 3024 legatione
2484 2962 2837 3020 convenerat,
2871 2967 3008 3023 quos
3039 2968 3227 3008 curam
3249 2957 3490 3010 omnium
3523 2973 3612 3013 re-

1995 3067 2115 3106 rum
2166 3067 2390 3107 manere
2431 3049 2686 3113 videatis.
2720 3049 2910 3104 Cesset
2960 3049 3174 3104 novella
3233 3054 3604 3122 prazsumptio.

1996 3144 2169 3200 Nemo
2194 3145 2394 3199 audeat
2421 3158 2647 3212 sperare
2669 3141 2812 3212 quod
2845 3157 2952 3196 non
2985 3141 3131 3198 licet.
3165 3142 3357 3198 Nullus
3384 3161 3448 3200 ea
3488 3161 3612 3216 qua:

277 3244 620 3306 contempto,
671 3251 872 3292 novum
913 3233 942 3274 ά
973 3237 1255 3309 quidpiam
1287 3247 1474 3294 contra
1508 3237 1712 3294 Citriin
1761 3252 1891 3308 pro-
1922 3263 1968 3328 ρ
2000 3237 2432 3308 suntapatrihus
2460 3243 2633 3306 gesta,
2659 3243 2713 3289 et
2734 3250 2833 3305 per
2865 3243 3072 3290 tantum
3098 3241 3401 3308 temporum
3429 3249 3615 3295 custo-

279 3328 401 3400 prie
432 3341 705 3400 praecepta
754 3338 987 3392 tentare.
1023 3346 1146 3388 cum
1192 3347 1252 3387 se
1281 3332 1351 3386 ab
1380 3332 1706 3403 apostolica:
1749 3330 1896 3387 sedis

281 3423 690 3507 communione,
719 3434 796 3494 et,
821 3433 880 3479 ut
903 3423 1079 3478 dicam
1111 3425 1313 3493 verius,
1346 3435 1615 3495 potestate
1643 3439 1898 3495 separare

282 3516 553 3585 nituntur,
586 3533 779 3574 eorum
809 3527 832 3556 θ
864 3527 1109 3590 petentes
1135 3520 1422 3590 auxilium,
1466 3535 1606 3592 quos
1634 3520 1898 3578 ecclesia-

357 3731 382 3759 ἰ
408 3722 522 3780 Hoc
548 3731 656 3791 est,
689 3739 854 3778 unum
878 3738 945 3778 ex
974 3723 1045 3779 iis
1073 3727 1161 3793 qui
1185 3726 1341 3782 lateri
1377 3735 1568 3783 nostro
1592 3726 1880 3782 adhzerere

285 3795 488 3859 solent,
520 3794 768 3863 adeoque
823 3796 977 3850 nobis
1023 3799 1156 3862 noti,
1187 3797 1505 3867 familiares,
1558 3798 1774 3867 probati
1805 3809 1887 3852 al-

285 3881 390 3941 que
411 3867 575 3941 chari_
621 3876 769 3922 sunt.
817 3867 895 3941 De
924 3869 1073 3941 vocis
1127 3868 1290 3940 hujus
1327 3873 1651 3941 antiquitate
1680 3882 1734 3926 et
1786 3885 1888 3926 usu

286 3937 440 4009 plura
472 3940 524 3992 in
554 3938 755 3994 Leonis
775 3939 1062 3998 epistolam
1093 3941 1153 3994 51
1196 3937 1393 3996 dicturi
1423 3937 1631 3997 sumus.

361 4008 387 4049 δ
417 4010 613 4065 Totum
636 4009 878 4081 epistolae
903 4012 1059 4082 hujus
1087 4013 1395 4077 exordium,
1427 4023 1486 4068 ιιι
1511 4015 1578 4068 ab
1605 4013 1893 4069 Holsteuio

287 4091 370 4136 est
392 4084 763 4153 observatum,
790 4082 1093 4138 Hadrianus
1114 4085 1156 4152 l,
1182 4086 1340 4153 epist.
1357 4084 1447 4153 97,
1472 4084 1688 4140 Codicis
1702 4085 1890 4140 Caro].

289 4153 418 4225 edit.
439 4152 648 4225 Grets.,
675 4169 797 4223 pag.
820 4154 950 4220 522,
975 4152 1343 4225 transeripsit.
1375 4156 1555 4212 Prima
1583 4157 1700 4225 ejus
1729 4157 1895 4211 verba

290 4223 549 4280 Nicolaus
576 4224 616 4292 l,
650 4225 813 4295 epist.
847 4225 918 4279 al.
951 4226 1041 4291 70,
1076 4242 1132 4280 n.
1165 4223 1234 4291 8,‘
1253 4237 1309 4282 et
1336 4228 1488 4293 alibi,
1530 4223 1730 4282 laudat.
1775 4227 1898 4296 Ipse

290 4296 607 4351 Bonifacius
650 4296 910 4351 nopnullrt
963 4300 1016 4352 in
1068 4314 1134 4352 eo
1165 4299 1230 4352 ad
1278 4299 1636 4355 imitationem
1687 4298 1900 4354 exordii

291 4369 536 4442 epistolae
563 4365 636 4422 25
656 4367 961 4442 Innocentii
985 4368 1050 4424 ad
1079 4370 1392 4442 Decentium
1422 4371 1710 4442 expressit.

367 4451 389 4478 ο
431 4439 561 4495 Seil.
591 4455 714 4494 can.
759 4442 812 4503 6,
849 4441 936 4495 ubi
973 4443 1024 4495 in
1054 4441 1328 4498 veteribus
1359 4439 1638 4498 codicibus
1682 4443 1901 4510 legitur,

293 4510 1022 4588 Ecclesiaﬁomanasemper
1043 4513 1219 4567 habuit
1246 4513 1265 4586 (
1290 4530 1420 4588 non,
1451 4527 1507 4569 ut
1530 4514 1733 4588 Quesn.
1761 4529 1900 4588 prae—
1926 4525 1979 4588 D

292 4586 434 4656 tulit,
470 4581 689 4653 habeat)
729 4581 1031 4656 primatum.
1080 4588 1200 4654 Quo
1228 4581 1527 4655 respiciens
1558 4581 1824 4639 'Nicolaus
1855 4584 1894 4650 I,

291 4654 562 4730 epistas,
606 4656 681 4709 ait
704 4654 738 4730 ι
765 4654 824 4711 Si
860 4657 1105 4730 instituta
1145 4654 1373 4713 Nicaeum
1410 4659 1596 4730 synodi
1627 4658 1902 4730 diligenter

294 4727 664 4800 inspiciuntur.
697 4728 984 4800 invenietur
1011 4730 1265 4800 profecto,
1297 4734 1416 4795 quia
1438 4727 1702 4786 'Romante
1725 4727 1904 4782 Eccle-

295 4799 389 4853 siae
421 4800 626 4853 nullunt
655 4799 831 4852 eadem
862 4801 1091 4870 synodus
1110 4799 1116 4800 ί
1137 4800 1353 4855 contulit
1382 4805 1790 4858 incrementum:
1814 4801 1904 4855 sed

296 4871 470 4943 potius
497 4886 561 4924 ea:
604 4872 716 4942 ejus
745 4871 933 4940 forma,
966 4874 1103 4943 quod
1134 4870 1505 4930 Alexandriam
1535 4873 1778 4928 Ecclesiw
1808 4874 1902 4926 tri-

299 4941 472 4997 bueret
499 4941 907 5014 particulariter,
928 4941 1149 5014 sumpsit
1169 4946 1481 5013 exemplum.
1511 4947 1712 5001 Eodem
1741 4945 1909 5014 perti—

298 5023 392 5069 net
405 5022 469 5088 et
499 5013 642 5088 quod
672 5013 919 5088 Gelasius
943 5015 1101 5088 epist.
1128 5017 1217 5083 5'5,
1256 5035 1310 5070 u.
1340 5019 1394 5087 l,
1422 5018 1637 5088 scripsit
1663 5038 1674 5070 :
1708 5013 1906 5088 Roma-

300 5101 369 5140 na
400 5085 632 5140 Ecclesia
659 5086 817 5139 nullis
838 5087 1098 5155 synodicis
1122 5085 1411 5144 constitutis
1433 5085 1628 5144 ueteris
1661 5087 1910 5144 Ecclesiis

302 5156 522 5227 prtelata
545 5165 656 5211 est:
696 5158 784 5211 sed
813 5158 1106 5228 evangelica
1135 5175 1254 5214 uoce
1300 5158 1511 5215 Domini
1546 5173 1592 5215 et
1624 5161 1910 5217 Saluatoris

301 5229 467 5306 nostri
496 5229 777 5306 pri-rnatum
799 5229 1038 5284 obtinuit.
1064 5229 1178 5285 Ista
1213 5234 1375 5304 igitur
1398 5231 1706 5306 privilegia,
1741 5233 1915 5306 inquit

303 5297 558 5354 Nicolaus
604 5299 646 5357 Ι.
691 5301 971 5368 aliquanto
1017 5311 1146 5358 ante
1193 5297 1316 5358 nios
1362 5297 1522 5358 cilata
1563 5297 1751 5366 vcrba,
1795 5297 1916 5358 huic

304 5369 556 5446 Ecclesia:
577 5369 770 5446 Christi
790 5389 821 5425 a
845 5371 1052 5428 Christo
1075 5375 1288 5439 donata,
1308 5376 1562 5446 asynodis
1576 5392 1677 5430 non
1695 5377 1914 5442 donata,

305 5445 533 5516 sedjam
563 5445 888 5498 solummodo
914 5445 1174 5500 celebrata
1202 5456 1251 5501 et
1280 5445 1543 5501 venerata.

377 5511 486 5569 «Γιι
520 5530 662 5570 nunc
695 5516 951 5570 dicuntur
991 5533 1179 5571 novum
1203 5518 1475 5591 quidpiam
1507 5529 1686 5591 contra
1729 5518 1922 5573 Christi

306 5597 562 5660 praecepta
580 5593 800 5653 tentare,
816 5602 1045 5654 quorum
1072 5606 1200 5643 nova
1223 5589 1538 5644 tentamenta
1555 5589 1610 5644 in
1636 5591 1923 5660 superiore

309 5659 658 5732 epistola__.gn‘.
697 5661 750 5726 l,
786 5669 1105 5732 arguuntur.
1140 5663 1218 5716 Ex
1264 5677 1373 5731 quo
1405 5659 1923 5732 colligitur,’tenla—

311 5737 499 5784 menta
531 5729 623 5783 illa
651 5745 785 5785 nova
835 5745 941 5784 non
971 5731 1141 5787 solius
1177 5729 1360 5799 Attici,
1393 5733 1490 5788 sed
1528 5729 1764 5789 maxime
1791 5749 1927 5788 non-

313 5800 590 5874 nullorum
619 5801 929 5874 Thessaliae
951 5802 1328 5874 episcOporum
1359 5805 1525 5861 fuisse
1550 5819 1565 5870 ;
1596 5815 1759 5873 atque
1787 5803 1928 5862 hanc

253 5915 260 5920 .
317 5869 500 5943 ulpam
541 5888 652 5930 non
681 5881 889 5929 tantum
917 5871 972 5927 in
995 5869 1276 5946 illegiiima
1309 5877 1528 5933 Maximi
1554 5869 1926 5946 'ordi’natione,

772 5967 1058 6030 Ρηιιοι..
1102 5968 1301 6076 XX;

2002 3333 2137 3401 dita,
2171 3342 2437 3387 temerare
2465 3328 2781 3385 contendat.
2817 3327 3162 3384 Ordinatioui
3193 3340 3397 3386 nostra:
3427 3344 3617 3402 pareat

2005 3416 2249 3498 quisquis
2279 3440 2340 3480 se
2385 3423 2704 3494 episcopum
2751 3424 3118 3493 recognoscit.
3171 3423 3470 3497 Episcopos
3518 3443 3618 3499 per

2008 3518 2282 3592 Illyricum
2322 3517 2458 3573 citra
2491 3516 2886 3574 conscientiam
2924 3517 3238 3589 coepiscOpi
3287 3520 3461 3576 nostri
3490 3519 3614 3577 Rufi

1993 3727 2088 3782 sed
2110 3735 2166 3782 et
2194 3726 2246 3781 in
2273 3724 2584 3799 violatione
2592 3723 2734 3795 juris
2757 3722 3076 3794 apostolica:
3095 3725 3263 3794 sedis,
3286 3726 3432 3799 quod
3455 3727 3616 3786 Chri-

1994 3800 2065 3854 sti
2097 3796 2491 3871 prxeceptissit
2518 3795 2738 3871 fultum,
2762 3800 2925 3871 sitam
2956 3810 3098 3871 esse.

2071 3867 2115 3908 θ’
2135 3869 2298 3943 Attici
2317 3869 2638 3943 scilicet,de
2654 3867 2964 3943 cujus‘s’ede
2986 3869 3234 3943 Gelasius
3255 3885 3416 3940 papa,
3446 3877 3612 3943 epist.

2001 3941 2090 4014 18,
2120 3958 2173 3996 tt.
2209 3941 2299 4008 10,
2331 3939 2447 3994 haec
2475 3939 2731 4014 edisserit
2759 3958 2772 3995 :
2807 3940 2868 3996 Si
2895 3951 3028 4014 certe
3057 3939 3136 4014 de~
3152 3939 3407 4014 dignitate
3439 3939 3616 4014 agitur

1998 4013 2286 4076 civitatum,
2320 4011 2559 4065 secundm
2585 4011 2718 4065 sedis
2746 4020 2792 4064 et
2816 4013 2978 4065 tertia’
3000 4011 3169 4078 major
3191 4011 3266 4065 est
3285 4011 3509 4082 dignitas
3529 4035 3617 4070 sa-

2004 4083 2291 4154 cerdotum,
2322 4099 2475 4151 quam
2507 4085 2618 4154 ejus
2641 4082 2886 4154 civitatis,
2915 4098 3031 4152 qua:
3062 4098 3165 4154 non
3188 4086 3354 4154 solum
3388 4085 3520 4138 inter
3538 4104 3618 4140 sc-

2007 4155 2096 4208 des
2126 4153 2335 4224 minime
2385 4152 2707 4219 numeratur,
2747 4152 2978 4224 sedrnec,
3013 4161 3070 4224 ut
3102 4153 3261 4207 habet
3307 4153 3419 4208 Leo
3450 4157 3612 4224 epist.

2005 4226 2132 4292 195,
2169 4241 2224 4279 ιι.
2253 4223 2307 4290 5,
2334 4223 2618 4293 quisquam
2651 4223 2990 4286 apostolicam
3013 4223 3179 4291 facere
3207 4231 3370 4293 poteSt
3400 4223 3569 4279 sedem
3598 4248 3616 4291 ,-

2011 4297 2178 4352 immo
2201 4305 2261 4350 ut
2285 4294 2633 4363 prosequitur
2661 4293 2936 4359 Gelasius,
2968 4310 3058 4347 nec
3088 4295 3222 4347 inter
3259 4297 3619 4363 metmpolita—

2014 4385 2197 4423 norum
2216 4370 2346 4442 jura
2367 4375 2619 4421 censetur.
2652 4365 2771 4419 Non
2802 4365 3076 4442 immerito
3101 4366 3266 4442 igitur
3310 4363 3623 4442 Bonifacius

2009 4455 2156 4497 nunc
2181 4437 2231 4494 ei
2261 4439 2446 4493 datum
2480 4451 2602 4492 esse
2629 4447 2811 4506 negat.
2837 4445 2895 4489 ut
2923 4437 3141 4508 majoris
3169 4445 3295 4490 esset
3333 4440 3620 4506 potestatis.

2087 4511 2108 4552 ί
2150 4511 2316 4567 Forte
2342 4509 2704 4583 participibus,
2730 4510 2834 4563 hoc
2849 4521 2930 4562 εει
2955 4508 3006 4559 in
3035 4517 3218 4583 nostra
3240 4509 3624 4583 communione

2008 4579 2474 4657 permanentibus,
2518 4579 2718 4657 quibus
2761 4587 3110 4657 opponuntur
3151 4579 3628 4642 dissidentes,hoc

2007 4651 2092 4714 est
2120 4657 2188 4710 ab
2226 4654 2394 4724 ipsius
2418 4652 2686 4709 Bonifacii
2710 4651 3101 4710 communione
3121 4668 3218 4708 seu
3243 4660 3514 4721 potestate
3536 4671 3626 4711 se-

2009 4744 2205 4802 parat-Le
2226 4741 2294 4802 se
2319 4727 2577 4802 nitentes.

2085 4813 2110 4850 ις
2150 4799 2352 4855 Saltem
2391 4796 2631 4864 Damasi,
2665 4796 2843 4854 Siricit
2875 4805 2928 4852 et
2973 4793 3297 4868 Innocentii,
3349 4809 3407 4856 ut
3455 4803 3618 4860 etiam

2010 4872 2262 4949 Nicolaus
2287 4870 2326 4934 ι,
2355 4871 2514 4939 epist.
2549 4869 2605 4937 2,
2632 4870 2698 4925 ad
2721 4870 3077 4949 _hIicli_a_elem,_
3103 4870 3367 4949 meminit.
3406 4873 3483 4929 Ex
3512 4893 3620 4949 quo

2013 4945 2359 5015 perSpicuum
2383 4952 2490 5006 est,
2527 4943 2823 5020 nonnullos
2851 4941 3334 5020 Tliessalouicensi
3362 4941 3620 5020 φριεοὸρο

2013 5013 2343 5089 concessam
2368 5021 2692 5089 potestatem
2737 5014 2884 5067 velut
2930 5013 3056 5081 quid
3102 5029 3298 5089 ttovum
3325 5013 3618 5089 objecisse,

2015 5087 2253 5155 indeque
2285 5085 2594 5140 Theodosio
2623 5086 2804 5139 datam
2833 5100 2956 5138 esse
2982 5086 3351 5156 occasionem,
3385 5085 3442 5146 ut
3467 5085 3618 5149 illam

2015 5157 2084 5214 ad
2106 5159 2267 5226 regia:
2299 5157 2448 5211 urbis
2479 5159 2792 5225 episcopum
2822 5155 3161 5212 transferret.

2088 5226 2117 5265 ιι
2159 5229 2302 5307 Loco
2340 5227 2490 5283 verbi
2525 5227 2902 5307 licentesquod
2955 5227 3205 5307 littlsleu.
3237 5246 3301 5307 ex
3336 5233 3621 5307 archetypi

2018 5300 2124 5356 fide
2150 5301 2473 5372 retinuerat,
2500 5297 2777 5354 substituit
2808 5299 2940 5353 Lab.
2973 5299 3204 5356 licenter.
3234 5303 3350 5358 Non
3375 5297 3622 5372 diSpli'ce-

2020 5381 2104 5428 ret
2133 5371 2418 5446 gliscentes.
2452 5372 2540 5428 Sic
2571 5380 2753 5446 tamen
2795 5372 3008 5446 licentes
3037 5372 3419 5446 accipereiest,
3467 5381 3621 5446 quasi

2021 5439 2474 5517 quq—liceuutceu
2497 5458 2612 5517 qua:
2628 5442 2781 5517 licittc
2801 5447 2920 5496 sint.
2949 5439 3270 5498 Observavit
3292 5439 3628 5517 llolstenius,

2023 5514 2500 5572 SubindeAtticum
2526 5514 2958 5584 NiCopolitanum
2984 5517 3322 5584 episcopum,
3346 5532 3467 5572 cum
3484 5514 3630 5577 Ana;

2026 5590 2231 5661 stasius
2279 5584 2786 5661 Thessalonicensis
2831 5594 3102 5661 potestate
3144 5600 3240 5640 sua
3283 5603 3410 5658 erga
3450 5591 3629 5661 ipsum

2027 5659 2226 5716 abusus
2249 5665 2417 5729 esset,
2451 5657 2702 5728 querelas
2729 5672 2858 5716 suas
2877 5656 2943 5712 ad
2971 5656 3548 5729 Leonemrpapamfut
3575 5666 3630 5722 in

2028 5731 2147 5802 ejus
2197 5728 2425 5807 epistola
2473 5727 2546 5807 l4
2582 5731 2754 5807 visuri
2801 5743 3011 5793 sumus,
3054 5727 3342 5798 detuliSse,
3393 5746 3632 5807 eumque

2031 5800 2244 5874 aequum
2267 5800 2481 5859 illarum
2501 5801 2742 5874 judic’em
2771 5807 3054 5872 expertum
3082 5813 3224 5856 esse.

3114 5968 3194 6033 25
