4122 6346
257 239 348 303 78l

1492 233 1853 293 EPISTOL£
1900 235 1987 293 ET
2030 236 2372 301 DECRE'l‘A.

3469 240 3577 298 78-2

252 361 397 429 jares
418 364 666 423 secutus,
698 354 791 427 qui
824 352 1128 408 Ecclesium
1176 349 1727 408 Thessalonicensem
1760 351 1863 407 sibi
1893 365 1941 431 Α
1972 352 2129 408 dictu!
2158 362 2346 411 nostra
2388 352 2661 410 sententia
2691 352 3002 410 collocavit.
3063 353 3195 422 Quis
3249 371 3383 425 ergo
3432 356 3577 413 hunc

252 466 466 521 semper
480 447 807 505 familiarem
830 455 883 502 et
899 446 948 500 iu
969 444 1183 516 collegii
1207 444 1472 499 cltaritate
1492 442 1863 512 farnulantem,

254 544 489 616 dignam,
524 543 666 598 sicut
705 541 837 596 lides
885 539 1086 596 asserit
1117 539 1465 605 scriniorum,
1519 539 1621 594 hoc
1665 538 1872 593 honore

257 640 551 696 duxerunt.
584 638 754 707 Quem
781 635 934 691 fratri
961 634 1102 690 Rufo
1127 635 1441 705 apostolica-
1473 636 1639 690 etiam
1671 636 1722 689 in
1747 650 1873 709 pos-

258 742 431 791 terum
466 733 640 803 gratia
674 732 820 786 sedis
850 729 1129 801 indulget;
1162 743 1371 802 sequax
1403 728 1639 794 Domini,
1666 729 1758 806 qui
1790 744 1877 782 ex-

260 828 386 884 altat
411 825 751 889 humiliatos,
780 834 833 879 et
859 824 1112 879 humiliat
1132 839 1351 890 semper
1370 822 1546 879 elatos
1573 838 1587 888 ;
1611 821 1741 882 dom
1767 820 1876 879 illis

260 921 484 993 gratiam
521 920 730 984 tribuit,
760 917 843 973 his
872 919 1089 973 resistit
1114 916 1166 990 (l
1207 916 1319 971 Pet.
1356 932 1411 986 ν,
1446 915 1534 989 6).

327 1016 382 1070 lt.
418 1014 694 1083 Quantum
730 1023 813 1066 est
870 1028 999 1083 ergo
1061 1012 1389 1067 humilitatis
1451 1026 1673 1078 munus,
1727 1010 1876 1082 quod

263 1108 448 1178 gratia:
481 1106 685 1161 divinae
715 1105 871 1159 lance
918 1104 1229 1174 pensatur?
1266 1105 1331 1157 lit
1357 1113 1559 1173 quanta
1603 1111 1686 1156 est
1719 1117 1877 1171 paena

264 1200 561 1272 superbire,
596 1200 681 1255 cui
718 1198 937 1270 proprie
969 1200 1135 1252 totius
1167 1197 1359 1253 mundi
1391 1196 1659 1251 Dominus
1702 1206 1765 1250 ‘et
1792 1211 1883 1250 re-

266 1304 384 1352 ctor
415 1292 665 1350 obsistit?
686 1292 877 1348 Melius
907 1301 1087 1347 autem
1120 1289 1477 1345 Fraternitati
1506 1289 1884 1344 vestraeintel-

267 1384 542 1459 ligendum
568 1384 848 1455 relinquo,
885 1384 1007 1455 quis
1040 1382 1393 1449 humilitatis,
1425 1390 1481 1439 et
1538 1381 1661 1451 quis
1693 1396 1886 1451 super-

269 1480 371 1537 biae
401 1480 473 1535 sit
505 1478 784 1551 magister.
837 1477 943 1533 Sed
986 1478 1131 1531 absit
1161 1474 1265 1531 hoc
1294 1492 1321 1532 a
1356 1475 1570 1531 Domini
1626 1473 1884 1530 sacerdov

271 1574 433 1641 tibus,
468 1583 527 1630 ut
557 1574 609 1628 iu
641 1573 787 1628 htmc
817 1572 1014 1644 aliquis
1074 1587 1269 1627 eorum
1320 1570 1480 1626 cadat
1538 1578 1773 1636 reatum,
1806 1577 1886 1633 ut,

271 1686 412 1728 nova
442 1669 725 1742 quidpiam
787 1666 1143 1738 usurpatione
1195 1666 1481 1732 lentando,
1512 1665 1732 1721 inimica
1786 1662 1892 1719 sibi

1973 445 2123 500 rudis
2153 457 2207 502 et
2252 461 2486 516 peregre
2515 444 2750 503 fortasse
2780 460 2924 501 nunc
2943 445 3163 500 demum
3205 446 3429 502 rediens
3482 465 3575 505 ac-

1975 548 2196 595 cusator
2241 539 2511 595 incessit?
2533 539 2670 607 Quis
2698 548 2852 597 certe
2874 542 3208 605 antistitum,
3233 550 3296 595 ut
3350 543 3581 597 l‘ratrum

1975 633 2303 687 conveniret
2328 632 2516 699 turba,
2544 633 2831 701 przecepit,
2873 632 3032 689 lectis
3058 634 3307 701 epistolis
3337 636 3586 691 nostris?

1975 726 2249 792 Quoniam
2275 725 2427 781 locus
2451 726 2641 795 exigit,
2666 725 2713 781 si
2749 726 2929 793 placet
2954 740 3251 782 recensere
3270 743 3543 783 nationum
3560 728 3588 770 δ

1978 820 2296 876 sanctiones
2320 862 2333 884 ,
2367 819 2659 889 reperietis
2681 836 2804 889 qua:
2827 822 2897 875 sit
2922 829 3049 890 post
3070 822 3373 877 Ecclesium
3392 823 3593 878 Roma-

1982 927 2105 967 nam
2136 911 2375 971 secunda
2402 911 2588 981 sedes,
2615 928 2689 984 qu
2708 928 2809 968 eve
2837 912 2905 968 sit
2931 914 3116 969 tertia.
3150 917 3188 968 A
3224 914 3425 985 quibus
3464 916 3592 970 ideo

1983 1003 2054 1059 ita
2082 1019 2268 1060 rerum
2311 1004 2529 1060 videtur
2561 1004 2699 1061 ordo
2728 1016 2750 1043 ο
2778 1004 3097 1073 distinctus,
3141 1016 3202 1061 ut
3227 1022 3287 1063 se
3320 1007 3600 1063 Ecclesia-

1984 1120 2106 1162 runt
2135 1103 2425 1172 pontiﬁces
2451 1112 2799 1166 eaeterarum,
2817 1102 2923 1159 sub
2946 1120 3057 1160 uno
3088 1114 3268 1159 tamen
3293 1104 3598 1176 eodemque

1987 1198 2323 1263 sacerdotio,
2357 1197 2563 1254 habere
2593 1208 2933 1267 eognmoant
2956 1201 3155 1269 quibus
3184 1200 3452 1257 charitate
3479 1218 3597 1257 scr-

1989 1302 2110 1349 vata
2141 1303 2361 1362 propter
2384 1293 2814 1349 ecclesiasticam
2838 1293 3191 1365 disciplinam
3218 1295 3456 1351 debeant
3476 1312 3601 1352 esse

1989 1387 2248 1453 Stthjecli.
2278 1387 2343 1443 Et
2367 1387 2587 1457 quidem
2621 1389 2739 1444 haec
2766 1390 3036 1444 sententia
3071 1406 3344 1456 canonum
3369 1408 3398 1447 a
3448 1403 3602 1448 vetu-

1993 1490 2132 1536 state
2161 1482 2381 1541 duravit
2414 1482 2698 1554 (Nicotaus
2732 1482 2774 1549 l,
2800 1484 2954 1553 epist.
2982 1485 3036 1547 8,
3088 1485 3251 1540 Mich.
3300 1488 3483 1560 imp.),
3547 1500 3606 1545 ut

1996 1591 2141 1633 nunc
2167 1592 2360 1647 usque,
2386 1574 2612 1632 Christo
2634 1587 2825 1631 nostro
2852 1578 3090 1644 favente,
3120 1582 3404 1650 perdurat.
3431 1583 3606 1640 Nemo

1997 1686 2256 1742 umquam
2289 1672 2598 1741 apostolico
2626 1673 2878 1739 culmini,
2938 1675 3006 1729 de
3033 1676 3192 1746 cujus
3233 1678 3442 1744 judicio
3496 1695 3607 1734 non

277 1764 445 1820 faciat
469 1766 603 1820 scita
635 1762 904 1834 maiorum
940 1778 952 1813 ε
991 1761 1245 1816 :rmulum
1280 1774 1339 1815 se
1366 1759 1517 1814 illum
1574 1756 1892 1833 specialiter
1921 1763 1971 1831 Β
2000 1764 2129 1822 licet
2161 1766 2472 1832 retractari,
2502 1782 2699 1821 manus
2721 1767 2918 1821 obvias
2946 1768 3210 1823 audacter
3241 1770 3466 1824 intulit:
3516 1786 3615 1827 ne-

272 1858 479 1913 babere
509 1870 873 1929 cognoscens,
901 1854 1043 1925 apud
1076 1870 1240 1924 quem
1275 1852 1528 1908 Christus
1558 1861 1751 1907 noster
1807 1866 1894 1905 sa'

273 1949 510 2006 cerdotii
567 1965 837 2004 summam
908 1946 1129 2002 locavit.
1185 1947 1240 2000 ln
1298 1944 1455 2015 cujus
1502 1943 1893 1999 contumeliam

273 2043 522 2115 quisquis
551 2042 807 2112 insurgit,
842 2040 1115 2094 habitator
1161 2038 1468 2095 cwleSIium
1525 2055 1635 2095 non
1696 2036 1896 2107 poterit

275 2152 401 2192 esse
433 2151 749 2206 regnorum.
792 2133 926 2202 Tibi,
959 2131 1157 2204 inquit,
1193 2132 1326 2186 dabo
1358 2133 1525 2186 claues
1566 2134 1708 2203 regni
1740 2129 1894 2185 τανισ-

276 2246 393 2284 rum
424 2228 648 2301 (Matth.
686 2244 798 2291 xw,
836 2226 947 2296 19),
985 2227 1034 2280 in
1069 2242 1188 2296 quae
1218 2226 1402 2281 nullus
1432 2229 1550 2282 sine
1582 2226 1755 2295 gratia
1812 2225 1894 2294 ja-

279 2323 477 2378 nitoris
508 2321 753 2376 intrabit.
785 2319 867 2374 Tu
908 2338 982 2385 es,
1017 2320 1217 2392 inquit,
1255 2319 1464 2383 Petrus,
1496 2330 1546 2375 et
1584 2336 1739 2387 super
1761 2316 1899 2372 lianc

280 2426 481 2487 petram
503 2414 777 2485 wdiﬁcttbo
791 2411 1081 2469 Ecclesium
1107 2431 1270 2468 meam
1286 2412 1448 2484 (Ibid.
1464 2455 1478 2479 ,
1504 2412 1617 2485 18).
1643 2414 1900 2479 Quicum-

280 2525 385 2577 que
416 2508 583 2580 igitur
613 2508 762 2578 cupit
793 2507 955 2561 etiam
1015 2518 1140 2563 ante
1198 2508 1365 2561 Deum
1428 2516 1673 2560 nostrum
1717 2519 1901 2560 sacer-

283 2602 415 2657 dotii
463 2602 725 2672 dignitate
774 2602 1021 2666 censeri;
1082 2603 1339 2668 quohiam
1393 2599 1457 2651 ad
1512 2599 1678 2653 Deum
1735 2597 1901 2653 Petro

289 2694 633 2765 suscipiente
668 2693 1002 2763 pervenitur,
1037 2694 1088 2746 in
1116 2708 1222 2762 quo
1253 2691 1579 2756 Ecclesium,
1610 2692 1752 2744 sicut
1809 2706 1901 2743 su-

288 2803 383 2858 pra
408 2787 863 2851 memoravimus,
893 2785 1256 2840 universalem
1287 2795 1497 2840 certum
1521 2793 1746 2840 estesse
1779 2781 1900 2837 lun-

288 2881 495 2949 datam,
528 2880 692 2937 debet
722 2894 845 2936 esse
876 2880 1022 2935 mitis
1043 2890 1097 2933 et
1132 2878 1353 2933 humilis
1397 2878 1563 2934 corde
1596 2896 1607 2933 ε
1668 2892 1737 2933 ne
1767 2875 1899 2931 inci-

290 2974 402 3045 piat
435 2971 740 3041 discipulus
806 2982 1105 3026 contumax
1161 2970 1326 3036 illius,
1377 2972 1533 3040 cujus
1589 2968 1901 3040 superbiam

292 3067 541 3124 imitatus
570 3078 679 3132 est,
710 3080 927 3136 pinnam
961 3066 1149 3120 subire
1174 3063 1437 3119 doctoris.

1998 1873 2088 1914 mo
2120 1858 2174 1913 iu
2209 1858 2314 1914 hoc
2337 1857 2565 1913 rebellis
2595 1858 2828 1927 exstitit,
2875 1859 2980 1913 nisi
3014 1858 3111 1928 qui
3141 1859 3210 1914 de
3232 1875 3291 1915 se
3322 1861 3493 1913 voluit
3520 1862 3610 1926 ju-

1996 1953 2192 2011 dicnri.
2221 1953 2452 2008 Servant
2478 1951 2745 2008 Ecclesia:
2774 1969 2989 2022 magna:
3018 1953 3290 2020 praedictae
3321 1968 3418 2022 per
3443 1969 3609 2008 cano-

2000 2060 2099 2102 nes
2126 2044 2443 2115 diguitates,
2463 2034 2832 2101 Alexandrina
2866 2054 2921 2098 et
2950 2044 3313 2110 Antiochena,
3343 2044 3608 2101 habentes

2000 2138 2355 2193 ccclesiaStici
2377 2138 2516 2206 juris
2542 2137 2815 2192 notitiam.
2836 2136 3093 2203 Servant,
3124 2136 3371 2207 inquam.
3404 2146 3608 2194 statuta

2001 2234 2290 2299 majorum,
2329 2232 2380 2287 in
2410 2230 2667 2287 omnibus
2700 2229 3037 2292 deterentes,
3072 2239 3127 2287 et
3173 2232 3298 2298 ejus
3331 2231 3613 2287 vicissitu-

2000 2322 2187 2378 dinem
2216 2322 2549 2391 recipicntes
2577 2323 2791 2391 gratias.
2818 2336 2979 2388 quam
3006 2336 3065 2375 se
3104 2321 3158 2375 in
3193 2322 3423 2376 lttmiino
3452 2364 3466 2386 ,
3520 2321 3612 2392 qui

2004 2433 2106 2488 pax
2143 2425 2332 2475 nostra
2364 2424 2467 2478 est,
2505 2416 2666 2470 nobis
2688 2413 2898 2485 debere
2917 2425 3282 2483 cognoscunt.

2073 2510 2125 2564 6.
2157 2508 2264 2565 Sed
2295 2509 2420 2579 quia
2455 2522 2544 2563 res
2578 2507 3278 2577 postulat.approbantium
3311 2508 3611 2563 documen-

2005 2603 2073 2659 tis
2097 2612 2202 2667 est,
2235 2601 2502 2657 maximas
2549 2600 2914 2656 Orientalium
2967 2598 3245 2655 Ecclesias
3299 2599 3352 2653 in
3386 2603 3617 2670 magnis

2004 2698 2263 2769 negetiis,
2297 2696 2347 2750 iu
2373 2696 2574 2766 quibus
2596 2710 2736 2763 opus
2756 2702 2911 2749 esset
2938 2693 3347 2764 disceptatione
3380 2695 3615 2764 majore,

2006 2792 2196 2848 sedem
2240 2805 2459 2857 semper
2503 2790 2849 2845 consuluisse
2916 2787 3245 2853 Romanam,
3302 2798 3357 2843 et
3402 2790 3619 2856 (proties

2009 2903 2139 2940 usus
2162 2887 2363 2953 exegit,
2385 2884 2505 2952 ejus
2529 2884 2799 2939 auxilium
2822 2881 3155 2953 postulasse.
3174 2881 3390 2936 Sancta:
3406 2896 3614 2936 memo-

2010 2978 2108 3033 riae
2140 2977 2479 3031 Athanasius
2514 2988 2569 3030 et
2600 2977 2819 3041 Petrus,
2851 2973 3246 3029 Alexandriam
3297 2975 3615 3028 sacerdotes

2012 3068 2297 3130 Ecclesiae,
2328 3067 2494 3134 hujus
2536 3067 2685 3123 sedis
2730 3066 2993 3133 auxilium
3042 3067 3417 3136 postularunt.
3474 3066 3609 3120 Cum

366 3161 421 3216 5.
452 3160 833 3230 Congregatur
862 3173 1014 3229 ergo,
1049 3167 1107 3213 ut
1132 3158 1427 3213 redeamus
1455 3156 1520 3209 ad
1552 3170 1771 3210 causam
1804 3152 1905 3207 hu-
1931 3156 1975 3219 C
2011 3160 2354 3221 Antiochena
2378 3160 2623 3217 Ecclesia
2656 3175 2752 3229 per
2774 3160 3003 3215 multum
3025 3160 3291 3228 temporis
3316 3160 3611 3225 laboraret,

292 3254 382 3326 jus
415 3253 659 3324 injuritc,
690 3256 932 3322 synodus
963 3251 1165 3321 nlcujus
1190 3251 1391 3306 dilecto
1421 3250 1730 3303 consultum
1766 3262 1909 3302 sem-

300 3366 394 3420 per
436 3347 821 3418 superhabcns
862 3348 1082 3403 concilii
1129 3355 1488 3416 recognoscat
1518 3360 1777 3401 arcanum
1812 3362 1825 3398 :
1856 3352 1909 3399 et

307 3440 423 3508 ﬁet,
455 3439 603 3514 quod
633 3439 851 3511 quidem
883 3439 999 3495 lieri
1023 3455 1119 3512 per
1152 3441 1372 3511 regulas
1395 3441 1624 3497 omnino
1671 3455 1775 3494 non
1818 3452 1917 3509 po-

311 3536 473 3599 terit,
506 3535 693 3607 frattjs
736 3545 789 3591 et
840 3534 1154 3606 coepiscOpi
1205 3537 1376 3590 nostri
1407 3536 1688 3607 Perigenis
1743 3533 1919 3590 honor

306 3632 509 3687 dubius
539 3639 595 3686 et
645 3630 911 3697 incertus,
946 3645 1107 3703 quem
1161 3630 1213 3686 in
1247 3629 1377 3686 sede
1410 3630 1675 3688 Ecclesia:
1728 3646 1923 3702 supra-

311 3871 456 3922 mns,
478 3854 771 3910 Auctoritas
802 3862 981 3909 nostra
1006 3853 1403 3908 commonitione
1424 3853 1580 3907 solita
1606 3870 1788 3907 vacare
1818 3869 1921 3906 non

313 3930 477 3993 debet,
531 3928 753 3982 nomine
803 3927 1125 3980 auctoritatis
1170 3925 1456 3996 epistolam
1507 3924 1921 3996 intelligendam

314 4015 436 4056 esse
466 3999 668 4055 nemini
701 4016 804 4052 non
838 3998 1054 4053 obvium
1088 4006 1189 4052 est.

392 4084 416 4110 υ
458 4071 637 4127 Locus
668 4070 969 4125 mendosus
1000 4068 1255 4123 resarciri
1290 4068 1369 4121 sic
1398 4076 1583 4137 posset
1643 4085 1655 4119 :
1716 4082 1830 4130 qua:
1859 4064 1924 4117 de

320 4146 477 4199 electo
508 4142 805 4198 consultum
832 4142 1045 4214 superni
1095 4144 1307 4214 insuper
1338 4138 1539 4214 habens
1583 4137 1788 4214 consilii
1846 4154 1925 4214 re-

321 4208 907 4291 cognoscat_arcanum.'
932 4208 1255 4283 lixpostulat
1286 4211 1486 4280 quippe
1513 4211 1579 4265 tle
1621 4208 1918 4291 episcopis,

324 4280 469 4359 quod
495 4288 563 4343 de
594 4286 877 4359 Pcrigenis
902 4280 1063 4359 citust
1108 4297 1504 4359 recognoscere
1552 4281 1757 4359 vellent
1779 4280 1928 4350 judi-

326 4352 467 4415 cium
502 4352 818 4429 apostolica:
851 4356 1020 4423 sedis,
1054 4370 1176 4425 quae
1210 4355 1467 4429 gopsulrto
1512 4368 1575 4408 ea
1607 4352 1677 4408 de
1726 4370 1788 4407 re
1819 4367 1924 4407 coe-

329 4432 482 4487 lestis
514 4422 728 4485 consilii
759 4443 963 4483 arcano
992 4422 1171 4482 sec—uta
1200 4422 1298 4479 Dei
1328 4428 1649 4481 voluntatem
1680 4431 1824 4489 erat,
1875 4431 1931 4477 ut

329 4519 520 4572 supra,
557 4518 610 4556 ιι.
645 4500 703 4566 ‘2,
736 4500 954 4555 dicitur.

400 4568 428 4613 ὖ
451 4575 795 4630 Nicaenorutn
823 4571 1099 4639 videlicet,
1132 4588 1363 4644 quorum
1394 4581 1551 4626 sexto
1582 4568 1934 4644 distinguitur

332 4647 468 4704 ordo
499 4646 733 4709 sedtum,
757 4646 993 4699 maxime
1036 4638 1339 4700 secundum
1374 4644 1663 4697 lectionem
1705 4654 1828 4711 quae
1879 4638 1934 4695 in

336 4730 523 4775 vetere
555 4718 745 4774 codice
776 4717 901 4772 olim
937 4715 1278 4783 Fossatensi,
1314 4731 1461 4769 nunc
1492 4713 1832 4783 Colhcrlino,
1879 4719 1938 4767 et

336 4791 460 4847 aliis
483 4789 762 4846 nonnullis
787 4789 996 4842 obtinet
1022 4790 1075 4843 in
1098 4788 1242 4843 hunc
1270 4784 1488 4841 modotu
1516 4806 1525 4840 :
1563 4783 1797 4839 Ecclesia
1833 4784 1939 4838 R0-

337 4880 495 4918 mana
516 4878 715 4931 semper
732 4860 910 4914 habuit
942 4862 1242 4929 primatum.
1262 4859 1458 4931 Tenent
1489 4855 1940 4931 autern/Egyptus

340 4936 517 5008 Libyae
545 4944 592 4989 ct
625 4929 898 5008 Pentapoli
928 4934 1093 5008 (apud
1124 4932 1331 5008 Qucsu.
1353 4929 1704 5008 .Pcutnpolisj
1737 4932 1939 5008 prima-

343 4998 471 5073 tunt,
499 5011 573 5061 ita
604 5015 657 5059 ut
687 4998 957 5075 episcopus
981 4998 1317 5059 Alexandriae
1345 5001 1531 5055 harum
1566 5002 1795 5075 omnium
1844 4998 1941 5051 ha-

345 5081 455 5133 beat
486 5074 791 5152 potestatein
814 5074 1108 5152 ;_q_uoniam
1135 5086 1180 5129 ct
1209 5076 1444 5152 Romano
1473 5075 1715 5152 episeopo
1738 5074 1844 5126 lucc
1870 5079 1946 5152 est

344 5143 687 5206 consuetudo.
724 5143 976 5203 Similiter
1002 5159 1174 5201 autem
1204 5156 1247 5200 et
1276 5148 1363 5217 qui
1389 5146 1441 5198 in
1460 5145 1730 5199 Antiochia
1749 5143 1944 5217 consti—

348 5232 489 5278 tutus
513 5230 606 5277 est.
638 5219 825 5289 Itaque
847 5230 895 5273 et
915 5222 969 5271 in
988 5220 1185 5274 caeteris
1210 5215 1486 5287 prouinciis
1512 5217 1781 5289 privilegia
1808 5215 1949 5289 salra

349 5296 453 5350 sint
483 5286 856 5349 Ecclesiar'um.
895 5292 973 5345 Ad
1008 5286 1260 5345 eumdem
1285 5305 1549 5351 cmwnent
1587 5286 1815 5355 respicit
1842 5286 1951 5340 Lco

353 5366 512 5435 epist.
538 5367 632 5429 95,
652 5366 775 5427 n.5,
806 5363 1170 5427 uliiAnalolii,
1190 5363 1278 5435 qui
1303 5361 1601 5435 secundum
1628 5359 1681 5412 in
1701 5358 1953 5435 Ecclesia

356 5428 534 5494 locum
568 5428 881 5503 allectabat,
916 5428 1217 5488 ambitioni
1244 5432 1535 5485 intercedit
1566 5430 1668 5503 hac
1695 5428 1905 5503 ratione
1939 5446 1951 5481 :

356 5510 437 5564 Ad
471 5526 639 5563 meum
664 5506 823 5586 trudi!
855 5500 1075 5586 reamur,
1101 5507 1145 5560 si
1166 5514 1499 5586 intlernarttm
1520 5500 1957 5586 repulwsmtio-

358 5598 503 5649 num,
532 5598 648 5651 qutv
690 5582 743 5651 iu
770 5578 971 5648 synodo
1007 5570 1226 5631 Nicwna
1254 5576 1321 5627 ad
1348 5574 1513 5651 totius
1543 5570 1790 5627 Ecclesia:
1818 5571 1959 5651 regi—

361 5671 473 5708 men
491 5640 685 5725 spiritu
720 5640 819 5702 1)ρῖ
842 5652 1275 5725 instruentesunt
1307 5646 1551 5725 condith
1578 5659 1681 5725 me,
1713 5640 1853 5725 quod
1873 5640 1963 5696 ab-

358 5727 447 5789 sit,
472 5714 778 5783 conuiuenti:
807 5721 1081 5777 cialetaur.
1112 5718 1269 5787 Quod
1295 5725 1476 5772 autem
1510 5714 1831 5775 Bonifacius
1854 5731 1962 5789 tum

370 5785 508 5856 alios
543 5796 632 5853 hic
653 5794 859 5855 indicet
888 5785 1183 5849 canones-ia
1210 5789 1462 5855 Nicamis,
1502 5803 1717 5847 rursum
1761 5785 1963 5845 conﬁr-

1963 4683 2019 4744 D
2045 4658 2105 4713 ’π

2008 3257 2081 3309 ita
2111 3265 2166 3307 ut
2198 3252 2396 3307 tierent
2424 3253 2576 3307 illinc
2612 3262 2839 3331 propter
2866 3250 2970 3307 hoc
2994 3252 3171 3323 ipsum
3202 3268 3353 3318 szepc
3392 3252 3614 3307 discur-

2014 3364 2131 3418 sus,
2166 3350 2344 3421 primo
2368 3347 2469 3402 sub
2498 3346 2737 3409 Meletio,
2772 3357 2957 3415 postea
3002 3346 3102 3401 sub
3153 3345 3432 3412 Flaviano,
3486 3361 3621 3414 apo-

2016 3442 2269 3497 stolicam
2295 3440 2481 3496 sedem
2509 3439 2859 3495 manifestum
2891 3448 2975 3494 est
3004 3442 3122 3493 esse
3157 3438 3489 3493 consultam.
3539 3439 3623 3494 Ad

2019 3535 2180 3607 enjus
2211 3533 2593 3589 auctoritatem
2628 3542 2747 3604 post
2779 3531 2975 3596 multa,
3002 3548 3118 3601 rpite
3149 3531 3217 3585 ab
3251 3530 3496 3589 Ecclesia
3529 3549 3628 3587 no—

2023 3639 2134 3686 stra
2176 3636 2330 3699 gesta
2362 3625 2733 3694 sunt,nemini
2764 3625 2994 3685 dubium
3026 3636 3109 3681 est
3134 3624 3451 3680 Flavianum
3478 3640 3630 3679 com-

2034 3858 2233 3915 matur,
2264 3864 2327 3902 ex
2350 3847 2433 3902 his
2451 3848 2702 3916 ejusdem
2720 3847 2919 3903 Leonis
2939 3847 3210 3916 epist.97.
3246 3864 3298 3900 n.
3328 3848 3379 3911 '5,
3407 3848 3472 3902 ad
3486 3848 3632 3904 Ana-

2036 3923 2248 3987 tolium,
2285 3920 2464 3973 verbis
2490 3936 2502 3972 :
2540 3918 2702 3973 Doleo
2729 3920 2957 3972 etiamin
2986 3924 3083 3972 hoc
3115 3920 3448 3972 dilectionem
3485 3932 3629 3974 tuam

2031 4009 2139 4048 esse
2163 3991 2482 4061 prolapsam,
2516 4001 2569 4042 ut
2597 3992 2973 4044 sacratissimas
3004 3988 3338 4043 Nica’norum
3371 4006 3632 4046 canonum

2030 4064 2423 4121 constitutiones
2446 4062 2709 4114 conareris
2730 4062 3037 4129 infringere,
3063 4070 3325 4128 (anu/nam
3344 4072 3637 4131 Opportune

2032 4152 2086 4189 se
2113 4134 2205 4187 tibi
2238 4134 2334 4186 hoc
2362 4142 2562 4197 tempus
2582 4131 2840 4191 obtulerit,
2871 4148 2971 4199 quo
2997 4133 3210 4184 secundi
3242 4132 3452 4185 honoris
3482 4136 3638 4200 priri-

2034 4206 2226 4277 lcgium
2272 4203 2417 4257 sedes
2452 4201 2813 4277 Alexandrina
2841 4202 3165 4277 perdiderit,
3191 4213 3263 4277 ret
3315 4202 3639 4277 Antiochena

2035 4274 2280 4331 Ecclesia
2312 4276 2683 4343 proprietatem
2734 4275 2898 4327 tertiw
2949 4274 3224 4345 dignitatis
3270 4274 3523 4345 antiscrit.
3574 4274 3643 4327 Et

2040 4366 2095 4406 n.
2126 4348 2182 4414 4,
2207 4348 2477 4418 approbat
2511 4346 2624 4403 Leo
2658 4348 2866 4415 legatos
2898 4359 3048 4418 suos,
3104 4344 3196 4413 qui
3251 4347 3304 4397 in
3335 4344 3646 4418 Citalcedo-

2040 4425 2196 4479 tit-nsi
2230 4416 2468 4475 concilio
2500 4420 2861 4477 Vehementer
2892 4417 3249 4481 obstiterant,
3271 4433 3341 4470 ne
3384 4418 3492 4470 tale
3533 4416 3645 4482 pri-

2041 4494 2296 4564 vilegium
2322 4493 2743 4559 tioustantittop.
2775 4490 2893 4544 sedi
2920 4490 3345 4564 concederetur,
3369 4496 3542 4564 aperte
3568 4503 3653 4541 re-

2042 4558 2327 4627 clamantes
2358 4582 2421 4619 ne
2449 4572 2632 4619 contra
2656 4558 2898 4618 instituta
2950 4558 3175 4615 Nicwna
3200 4561 3539 4630 pra'sumptio
3569 4576 3651 4614 rc-

2112 4639 2219 4694 obte
2250 4636 2491 4691 novitatis
2519 4644 2829 4704 assurgeret.

2125 4724 2143 4748 σ
2181 4711 2236 4765 In
2264 4711 2415 4779 prius
2446 4708 2707 4777 vulgatis.
2735 4710 3051 4779 destructus,
3082 4705 3361 4779 intendunt
3414 4704 3649 4761 manife-

2048 4795 2215 4845 stntn,
2240 4777 2514 4851 quodnon
2544 4780 2781 4848 amplius
2810 4777 3188 4837 sustinendum
3222 4778 3553 4842 putavimus.
3591 4780 3646 4835 id

2049 4854 2195 4926 quod
2217 4855 2289 4926 de
2313 4852 2603 4926 sacerdotii
2632 4853 2847 4926 unitate
2873 4851 3406 4926 paucisBonilas-ius
3438 4853 3527 4908 hic
3554 4854 3651 4908 (Ιο-

2051 4923 2160 4989 cct,
2188 4925 2490 4995 Cyprianus
2514 4924 2613 4976 sub
2631 4923 2845 4977 initium
2872 4923 3047 4995 lib.
3066 4923 3212 4977 Uuit.
3238 4924 3383 4977 ECt'l.
3404 4926 3650 4993 pluribus

2055 4994 2310 5067 explicat.
2343 4996 2441 5051 Ubi
2474 4996 2616 5048 enim
2649 4995 2967 5067 observavit
2988 4994 3277 5049 Dominum
3306 5012 3487 5063 parem
3525 4998 3647 5066 qui-

2055 5066 2179 5125 dem
2214 5067 2491 5136 Apostolis
2520 5066 2777 5120 Ollllllblls
2809 5074 3135 5133 potestatem
3164 5069 3645 5127 trilmisse.vcrum

2052 5151 2106 5195 ut
2139 5140 2385 5193 unitatem
2405 5139 2778 5206 manifestarnt,
2802 5153 2956 5190 unum
2977 5139 3279 5191 cathedram
3300 5141 3645 5207 constituisse,

2053 5224 2100 5267 et
2168 5212 2382 5264 unitatis
2432 5213 2544 5273 cius
2594 5210 2844 5282 originem
2898 5209 2959 5262 ab
3013 5225 3117 5263 uno
3162 5211 3493 5282 incipiantur:
3552 5227 3650 5264 sua

2057 5283 2364 5341 auctoritate
2390 5281 2742 5353 disposuisse;
2776 5290 2899 5349 post
2931 5296 3096 5348 pauca
3130 5281 3378 5349 subjicit:
3430 5281 3642 5351 Episco-

2059 5364 2213 5428 patus
2255 5372 2387 5428 unus
2415 5365 2495 5428 cst
2519 5395 2532 5417 ,
2561 5354 2714 5423 cujus
2748 5372 2780 5428 ᾳ
2823 5353 3041 5423 singulis
3070 5354 3123 5406 in
3152 5354 3376 5407 solidum
3408 5370 3529 5421 pars
3554 5370 3657 5406 una

2058 5423 2278 5481 tenetur.
2315 5423 2519 5480 Eadem
2542 5434 2724 5479 mente
2746 5424 3087 5494 Augu~tinus
3117 5427 3411 5489 ipsummet
3439 5424 3659 5477 Bonifa-

2062 5501 2233 5561 cium.
2262 5512 2448 5567 supra,
2483 5497 2641 5565 epist.
2669 5496 2726 5560 6,
2761 5497 2840 5550 sic
2876 5496 3172 5564 alloquitur
3203 5514 3213 5546 :
3250 5495 3549 5550 Communis
3586 5506 3660 5548 est

2067 5570 2302 5623 onmibus
2328 5568 2496 5635 nobis,
2525 5570 2611 5638 qui
2636 5568 2903 5637 fungimur
2927 5568 3247 5638 episcopatus
3266 5567 3465 5636 ofﬁcio,
3484 5582 3663 5631 quant-

2068 5644 2142 5695 vis
2172 5643 2223 5694 in
2248 5657 2308 5695 ea
2334 5642 2442 5709 ipse
2471 5642 2805 5712 prtccmineas
2832 5638 3047 5693 celsiore
3078 5638 3307 5707 fastigio,
3336 5638 3544 5709 specula
3575 5655 3670 5708 pa-

2071 5713 2301 5768 storalis.
