4122 6346
543 310 649 370 783

1238 315 1587 375 APPENDIX
1626 319 1717 375 Αι)
1757 271 2241 375 ΕιηετοιΑέδ.
2283 314 2627 375 nomnen
2664 318 2709 389 ι,
2749 316 2975 377 paras.

3750 317 3847 376 784

531 428 811 485 munionis
853 432 1088 502 gratiam
1115 440 1140 469 δ
1181 435 1492 503 recepisse;
1547 450 1654 506 qua
1707 436 1759 489 in
1808 442 2134 505 perpetuum
2166 435 2217 496 A
2246 443 2364 491 trus
2396 437 2695 506 semeljam
2726 436 2968 506 Spiritus
2996 435 3171 492 sancti
3198 436 3554 508 suggestione
3592 436 3846 504 ﬁrmavit,

535 532 813 589 caruerat,
876 524 981 579 nisi
1032 524 1162 580 hinc
1195 541 1362 596 super
1418 528 1523 583 hoc
1560 528 1763 599 scripta
1811 538 2146 583 manassent.

539 616 1001 673 Clementissima:
1045 620 1447 675 recordationis
1498 623 1753 693 princeps
1804 620 2148 676 Theodosius

538 708 783 765 Nectarii
815 712 1220 768 ordinationem
1244 724 1466 783 pr0pter
1487 730 1573 782 ea,
1594 716 1718 786 quia
1747 715 2014 777 innostra
2044 730 2147 769 no-

543 805 698 860 tione
727 820 836 861 non
860 816 1031 873 esset,
1064 807 1267 863 habere
1299 823 1406 862 non
1441 810 1767 865 existimans
1792 810 2103 867 ﬁrmitatem
2130 851 2145 877 ,

539 897 724 952 missis
749 914 781 953 e
813 898 982 954 latere
1012 914 1113 953 suo
1140 900 1336 956 aulicis
1365 917 1488 957 cum
1517 902 1818 972 episc0pis,
1852 902 2146 959 formatam

538 986 567 1026 b
602 988 730 1046 huic
754 1006 782 1043 a
811 990 942 1046 sede
962 990 1212 1046 Romana
1235 992 1401 1063 dirigi
1433 995 1769 1065 regulariter
1796 994 2143 1067 depoposcit,

539 1096 663 1151 quae
695 1082 815 1150 ejus
839 1081 1215 1138 sacerdmium
1272 1084 1584 1140 roboraret.
1639 1086 1783 1143 Ante
1807 1089 1974 1143 breve
2006 1098 2148 1142 tem-

538 1188 666 1243 pus,
700 1173 754 1228 id
785 1182 893 1239 est,
923 1174 1026 1229 sub
1051 1176 1467 1243 przedecessore
1510 1194 1631 1234 meo
1679 1181 1853 1235 beata:
1888 1180 2149 1235 recorda-

538 1268 708 1322 tionis
736 1264 1090 1335 Innocentio,
1123 1269 1489 1325 Orientalium
1517 1271 1893 1327 Ecclesiarum
1924 1272 2150 1345 pontiﬁ-

537 1375 654 1425 ces,
675 1359 928 1417 dolentes
952 1376 1011 1415 se
1033 1377 1063 1415 a
1085 1362 1231 1417 beati
1250 1364 1399 1418 Petri
1419 1367 1810 1422 communione
1841 1352 2141 1437 sejunctas,

536 1469 636 1525 per
674 1456 885 1526 legatos
920 1455 1085 1527 (Vide
1142 1457 1439 1514 Innocentii
1461 1462 1715 1531 epistolas
1767 1463 1835 1518 19
1885 1474 1931 1516 et
1978 1462 2146 1535 seqq.)

535 1563 751 1617 pacem,
778 1550 921 1605 sicut
966 1549 1212 1605 charitas
1247 1562 1432 1608 vestra
1482 1554 1715 1620 retinet,
1750 1565 2143 1625 poposcerunt.

526 1640 652 1710 Quo
690 1654 939 1712 tempore
961 1645 1265 1714 apostolica
1300 1646 1465 1703 sedes
1490 1650 1673 1703 omnia
1703 1665 1810 1701 non
1843 1648 2145 1704 difﬁculter

522 1733 783 1802 indulsit,
803 1736 882 1790 illi
911 1751 1113 1805 parens
1138 1738 1402 1808 magistro
1427 1738 1517 1809 qui
1541 1740 1617 1793 ait
1646 1737 2138 1812 (llCor.u,iO,ll):

2253 528 2392 583 nihil
2423 527 2549 583 huic
2581 531 2902 600 relinquens
2946 529 2997 584 in
3034 538 3311 599 posterum
3346 530 3705 599 quaestionis,
3739 531 3846 596 cui,

2251 623 2379 678 dum
2412 623 2844 679 constitueretur
2884 639 2914 678 a
2945 622 3103 679 nobis
3135 638 3230 694 per
3259 623 3383 693 ejus
3426 621 3697 691 temporis
3728 637 3849 692 spa-

2252 716 2384 771 tium
2414 732 2521 784 quo
2573 717 2811 782 vacavit,
2844 716 2978 771 nihil
3030 716 3259 773 omnino
3297 725 3515 771 constet
3552 714 3847 786 obiectum.

2248 808 2441 864 Cesset
2481 808 2783 875 accusatio,
2817 808 2975 878 cujus
3022 808 3281 863 invidiam
3326 808 3627 878 probamus
3660 819 3847 863 aucto-

2249 916 2387 956 rem.
2417 899 2678 957 Solvatur
2711 901 2961 956 machina
2997 900 3255 958 falsitatis
3278 900 3331 956 in
3361 916 3485 956 eum
3507 901 3847 971 compositae;

2250 993 2375 1065 quia
2420 992 2485 1047 ad
2531 994 2921 1062 sacerdotium,
2961 994 3056 1050 Dei
3090 996 3263 1051 nostri
3303 1005 3358 1051 et
3402 996 3650 1051 omnium
3682 996 3851 1051 bono-

2248 1102 2369 1142 rum
2402 1086 2613 1154 favore,
2647 1090 2913 1156 pervenit.

2320 1179 2373 1234 8.
2415 1179 2559 1235 Sane
2586 1182 2842 1251 quoniam
2877 1182 3182 1239 servandus
3210 1185 3516 1241 accusatori
3553 1185 3711 1242 locus
3746 1194 3847 1251 est,

2249 1291 2319 1329 ne
2350 1286 2371 1313 ε
2403 1274 2718 1331 audentiam
2754 1276 2968 1346 penitus
3001 1278 3233 1333 incitare
3265 1278 3553 1334 videamur
3576 1322 3591 1346 ,
3641 1282 3687 1333 si
3726 1279 3845 1350 quid

2247 1370 2314 1425 ab
2346 1369 2540 1426 eodem
2572 1378 2862 1442 postquam
2896 1373 3192 1442 episc0pus
3244 1374 3450 1429 nostris
3482 1382 3569 1429 est
3614 1374 3851 1428 auctori-

2248 1463 2455 1519 tatibus
2486 1465 2849 1531 coustitutns,
2881 1475 3070 1521 contra
3118 1466 3472 1537 disciplinam
3506 1477 3561 1523 et
3604 1467 3852 1538 proposi-

2248 1567 2358 1611 tum
2388 1557 2680 1613 sacerdotii
2712 1558 2889 1614 fertur
2916 1559 3241 1627 admissum,
3277 1562 3638 1631 coepisc0pus
3668 1571 3849 1617 noster

2246 1649 2443 1716 Rufus,
2473 1653 2559 1705 cui
2592 1651 2657 1705 ad
2685 1652 2861 1707 vicem
2907 1660 3151 1707 nostram
3205 1662 3401 1709 cuncta
3430 1654 3846 1720 Committimus,

2246 1757 2369 1797 cum
2404 1743 2618 1797 exteris
2652 1741 2917 1799 fratribus
2945 1760 3082 1814 quos
3112 1746 3231 1813 ipse
3269 1742 3294 1781 ά
3340 1746 3635 1818 delegerit,
3686 1762 3848 1817 nego-

534 1829 599 1885 Si
626 1830 708 1884 cui
737 1841 910 1884 autem
930 1832 1133 1900 aliquid
1161 1833 1417 1901 donastis,
1444 1846 1491 1888 et
1517 1850 1655 1907 ego;
1696 1851 1816 1888 nam
1856 1847 1903 1890 et
1962 1852 2054 1907 ego
2098 1836 2144 1889 si
2173 1828 2223 1888 B
2252 1834 2382 1888 tium
2417 1834 2631 1889 curabit
2665 1835 2889 1900 audire;
2937 1836 3003 1891 ad
3058 1845 3300 1892 nostram
3346 1838 3622 1894 relaturus
3671 1839 3850 1894 omnia

536 1924 663 1996 quid
689 1926 881 1979 donavi
927 1935 1141 1995 prapter
1189 1944 1279 1983 vos
1309 1930 1364 1982 in
1413 1944 1635 1999 persoaa
1665 1928 1859 1985 Christi
1886 1946 1904 1983 :
1958 1939 2011 1982 ut
2044 1946 2145 1983 non

538 2017 903 2089 possideamur
929 2035 959 2071 a
994 2017 1198 2074 Satana
1220 2038 1239 2087 ;
1272 2038 1376 2075 non
1401 2023 1536 2075 enim
1573 2022 1873 2094 ignoramus
1898 2024 2151 2077 versutias

533 2111 649 2182 ejus
682 2107 967 2179 (Nicolaus
998 2111 1019 2165 ι
1046 2112 1155 2167 haec
1183 2112 1369 2167 laudat
1394 2114 1447 2167 in
1477 2113 1582 2183 ﬁne
1604 2116 1755 2186 epist.
1782 2114 1878 2186 4‘2)
1907 2132 1918 2167 :
1948 2114 2001 2170 id
2032 2126 2140 2183 est,

532 2205 659 2277 quia
688 2220 907 2274 semper
938 2204 1289 2263 dissensione
1318 2210 1555 2264 laetatur.

607 2300 662 2354 7.
696 2300 973 2369 Quoniam
1006 2302 1174 2372 igitur
1204 2303 1272 2357 ad
1300 2303 1641 2374 probandam
1665 2306 1951 2360 veritatem
1998 2305 2145 2361 arbi-

528 2402 647 2450 tror
678 2410 802 2465 quze
845 2395 1113 2462 diximus,
1140 2395 1343 2453 fratres
1374 2397 1709 2465 charissimi,
1742 2399 1994 2468 exempla
2020 2398 2141 2453 suf-

524 2488 716 2553 ﬁcere,
739 2491 992 2559 quamvis
1021 2490 1173 2559 plura
1197 2493 1367 2546 vestri
1395 2492 1622 2547 notione
1656 2502 1949 2548 teneantur
1975 2510 1988 2557 ;
2019 2493 2143 2548 abs-

529 2598 637 2654 que
654 2584 1013 2641 fraternitatis
1035 2587 1234 2655 injuria
1250 2588 1552 2641 conventui
1572 2597 1759 2643 vestro
1781 2588 2037 2643 volumus
2060 2587 2144 2644 his

531 2675 739 2732 litteris
759 2677 1070 2738 obviatum,
1089 2692 1226 2748 quas
1249 2694 1278 2731 a
1305 2679 1464 2733 nobis
1484 2695 1580 2748 per
1603 2678 1897 2747 Severum,
1925 2692 2145 2751 aposto-

534 2765 655 2821 licae
681 2765 831 2822 sedis
856 2764 1152 2835 notarium,
1169 2767 1365 2822 animis
1387 2771 1833 2841 acceptissimum
1864 2772 2091 2838 nostris,
2115 2788 2146 2827 e

536 2872 727 2916 nostro
761 2861 937 2916 latere
968 2860 1300 2916 destinatum
1316 2862 1549 2917 videatis
1578 2878 1703 2919 esse
1728 2863 1987 2931 directas,
2013 2880 2142 2920 con-

536 2952 852 3021 venientes,
872 2963 931 3009 ut
952 2954 1242 3020 condecet,
1262 2954 1485 3023 fratres,
1514 2958 1737 3026 nequis,
1761 2958 1949 3013 volens
1966 2959 2017 3012 in
2044 2974 2143 3014 no-

534 3058 649 3104 stra
672 3050 1055 3104 communione
1085 3047 1313 3117 durare,
1361 3048 1550 3105 fratris
1594 3058 1650 3105 et
1680 3051 1991 3121 coepiscopi
2047 3069 2145 3108 uo-

534 3142 635 3198 stri
666 3142 950 3214 Perigenis
986 3144 1185 3198 iterum
1217 3142 1285 3197 ad
1332 3141 1742 3198 discutiendum
1793 3145 1847 3199 in
1902 3145 2143 3201 medium

538 3251 739 3297 nomen
770 3237 1048 3293 adducat:
1091 3236 1250 3307 cujus
1300 3235 1670 3291 sacerdotium
1716 3239 2002 3309 apostolus
2043 3238 2145 3295 Pe-
2172 3229 2217 3292 C

604 3366 632 3394 ιι
657 3354 806 3411 Istud
834 3355 1066 3424 contigit
1094 3354 1348 3423 proxime
1377 3365 1500 3424 post
1527 3356 1933 3412 ordinationem
1967 3357 2136 3413 Joan-

540 3429 624 3484 nis
646 3428 1073 3497 Constantinop.
1095 3427 1359 3495 episcopi.
1386 3425 1541 3481 Tunc
1575 3428 1719 3482 enim
1751 3432 2005 3497 Aeacius,
2038 3429 2140 3483 Be-

540 3515 675 3557 rmte
696 3506 1007 3569 episc0pns,
1042 3514 1145 3551 una
1172 3513 1294 3571 cum
1331 3498 1536 3571 Isidoro
1562 3510 1623 3571 et
1642 3500 1849 3570 aliquot
1874 3502 1998 3555 aliis
2020 3516 2145 3571 pre-

543 3568 778 3642 sbyteris
801 3588 863 3626 ac
890 3571 1138 3625 diaconis
1167 3568 1557 3625 Antiochensis
1593 3568 1879 3633 Ecclesia).
1914 3568 2145 3627 Romam

542 3643 796 3703 veniens,
829 3658 935 3696 non
967 3644 1143 3695 solum
1179 3642 1543 3696 ordinationis
1567 3642 1794 3698 Joannis
1827 3644 2139 3709 decretum,

546 3716 643 3770 sed
669 3725 724 3769 et
753 3713 997 3767 Flaviani
1026 3729 1142 3767 cum
1180 3712 1472 3781 Theophila
1504 3718 1948 3780 communionem,
1982 3726 2040 3769 ut
2063 3715 2144 3768 lo-

549 3788 737 3857 quitur
768 3784 1044 3839 Palladius
1076 3786 1126 3838 in
1158 3785 1289 3857 dial.
1323 3801 1451 3856 pag.
1486 3785 1576 3848 5i,
1610 3788 1807 3841 attulit.
1851 3786 1962 3841 Ilac
1986 3802 2147 3840 orca-

551 3855 707 3914 sione
733 3858 1011 3912 Romanus
1040 3855 1280 3929 pontufex
1320 3855 1507 3927 pacem
1534 3874 1559 3909 a
1591 3857 1900 3923 Thr-Ophilo
1924 3874 2148 3929 compo-

554 3931 721 3985 sitam
740 3930 956 3998 scriptis
986 3927 1053 3983 ad
1079 3927 1396 3982 Flavianum
1424 3930 1565 3983 datis
1595 3931 1969 3985 conﬁrmavit.
2022 3927 2148 3985 Haec

554 4013 738 4057 autem
763 4004 959 4067 scripta
988 4001 1070 4055 vel
1093 4000 1291 4056 Siricio
1321 4001 1406 4055 vel
1433 4000 1551 4069 ejus
1577 4002 1885 4055 successori
1918 4005 2149 4056 Anasta-

554 4075 640 4129 sio
671 4072 1016 4129 attribuenda
1043 4088 1184 4134 esse,
1207 4087 1392 4141 supra,
1423 4086 1547 4143 pag.
1574 4072 1700 4135 707,
1728 4071 1858 4143 §l4,
1886 4074 2148 4128 observa-

556 4146 755 4200 vimus.
790 4145 989 4201 Recole
1018 4156 1072 4199 et
1098 4159 1219 4213 qua:
1246 4143 1408 4205 ibid.,
1437 4142 1465 4214 §
1500 4144 1587 4205 15,
1613 4158 1673 4198 ea
1706 4142 1773 4199 de
1801 4161 1859 4199 rc
1888 4146 2151 4201 disserui-

558 4234 703 4272 mus.
738 4216 873 4272 Huic
915 4217 1159 4271 Flaviani
1192 4217 1447 4284 exemplo
1477 4215 1714 4285 adjicere
1746 4218 2012 4285 potuisset
2053 4218 2153 4273 Bo-

559 4289 795 4344 nifacius
814 4289 1045 4343 alterum
1072 4288 1381 4359 Porphyrii,
1412 4287 1504 4357 qui
1530 4302 1651 4341 cum
1683 4289 1844 4356 paulo
1863 4300 1984 4356 post
2010 4289 2155 4358 ejus-

558 4360 687 4417 dem
734 4359 982 4416 Flaviani
1012 4362 1120 4413 vita
1153 4358 1326 4413 fuucti
1372 4361 1551 4413 locum
1604 4372 1949 4424 usurpasset,
2011 4370 2155 4417 teste

557 4432 807 4487 Palladio
834 4432 965 4487 dial.
998 4447 1118 4502 pag.
1149 4429 1275 4495 141,
1306 4431 1373 4483 ad
1400 4430 1689 4484 Romanam
1718 4429 2006 4485 Ecclesium
2026 4433 2156 4485 scri-

561 4507 688 4574 psit,
719 4514 767 4559 et
794 4521 1036 4571 responso
1060 4504 1249 4574 dignus
1277 4502 1483 4574 habitus
1505 4518 1608 4554 non
1637 4504 1774 4571 fuit;
1820 4506 1944 4572 quia
1978 4505 2157 4557 nimi-

559 4573 703 4642 rum,
749 4586 807 4630 ut
838 4576 981 4629 idem
1012 4573 1285 4628 Palladius
1311 4573 1521 4643 pag.28
1544 4582 1751 4640 narrat,
1772 4574 2157 4627 ordinationem

562 4651 674 4721 ejus
709 4648 997 4721 contrarjus
1015 4655 1061 4700 et
1088 4645 1169 4721 fus
1192 4648 1405 4721 lactant
1441 4644 1674 4721 Romano
1707 4645 1969 4721 ροιιιὶίὶσί⁸
1996 4646 2159 4699 Inito-

560 4714 744 4773 centio
778 4714 1167 4772 Antiochensis
1192 4714 1455 4770 Ecclesiae
1481 4718 1787 4786 presbyteri
1821 4716 2155 4770 nuntiarant.

560 4790 717 4845 Unde
746 4789 914 4859 liquet
937 4788 1103 4841 simul
1134 4787 1588 4859 ctrPurphyriuln
1637 4802 1863 4859 operam
1911 4788 2153 4857 dedisse,

563 4868 622 4915 ut
650 4857 995 4915 Innocentius
1018 4873 1171 4912 suam
1200 4858 1371 4927 ipsius
1418 4857 1821 4912 ordinationem
1858 4870 2029 4913 ratam
2056 4859 2155 4914 ha-

558 4932 737 4999 beret,
760 4939 817 4985 et
841 4931 1213 4985 Antiochenos
1236 4930 1587 4999 presbyteros
1616 4929 1852 4995 cavisse,
1888 4946 1955 4986 ne
2008 4933 2150 4988 idem

2254 1927 2560 1995 notionem,
2592 1944 2953 2001 qumcumque
2994 1931 3297 2002 cognitioni
3331 1932 3453 2003 ejus
3501 1949 3686 1990 rerum
3734 1949 3853 1989 cur-

2251 2035 2346 2076 sus
2374 2032 2427 2076 et
2456 2022 2591 2076 ordo
2622 2024 2960 2079 monstrarit.

2323 2115 2376 2170 9.
2420 2115 2554 2172 Illud
2585 2116 2773 2181 etiam,
2804 2118 3063 2187 quoniam
3108 2118 3411 2173 auctoritas
3461 2126 3654 2173 nostra
3703 2133 3848 2174 com-

2252 2210 2558 2266 monitione
2591 2210 2749 2265 solita
2780 2226 2975 2267 vacare
3002 2228 3109 2267 non
3142 2212 3329 2278 debet,
3360 2211 3650 2268 hortamur
3676 2222 3731 2269 et
3770 2229 3851 2269 re-

2250 2306 2423 2376 petito
2454 2306 2655 2375 szepius
2685 2320 2943 2361 sermone
2972 2306 3337 2376 prmcipimus,
3391 2316 3451 2362 ut
3496 2308 3548 2362 in
3599 2307 3848 2363 omnibus

2250 2396 2379 2453 huic
2406 2398 2526 2453 viro
2568 2397 2939 2454 obedientiam
2972 2399 3426 2470 dispositionibus
3454 2400 3841 2455 commodetis.

2248 2489 2461 2556 Nullus,
2495 2499 2552 2545 ut
2596 2489 2913 2561 frequenter
2942 2491 3214 2557 diximus,
3258 2492 3492 2564 alicujus
3545 2494 3850 2549 ordinatio-

2250 2600 2374 2641 nem
2412 2588 2549 2640 citra
2600 2585 2717 2656 ejus
2748 2587 3145 2642 conscientiam
3193 2586 3481 2642 celebrare
3528 2597 3847 2658 praesumat,

2250 2682 2361 2746 cui,
2393 2690 2642 2750 utsupra
2678 2679 2885 2736 dictum
2919 2690 3020 2747 est,
3072 2682 3191 2736 vice
3233 2691 3417 2736 nostra
3464 2690 3665 2737 cuncta
3708 2698 3852 2739 com-

2250 2774 2537 2829 mittimus.
2575 2774 2690 2830 Sibi
2721 2783 2875 2830 certe
2924 2774 3086 2846 hujus
3117 2774 3563 2846 przcsumptionis
3606 2784 3852 2831 auctores

2248 2868 2599 2939 imputabant
2622 2869 2675 2924 in
2702 2879 3006 2941 posterum,
3035 2885 3159 2926 cum
3189 2885 3247 2926 se
3271 2869 3512 2925 viderint
3533 2869 3850 2940 apostolicae

2249 2962 2531 3019 charitatis
2559 2972 2831 3019 extorres.
2868 2964 3001 3019 Data
3050 2980 3080 3017 v
3113 2964 3235 3020 idus
3287 2963 3511 3019 Martias
3561 2962 3750 3033 (Mart.
3786 2963 3843 3017 ll

2250 3072 2375 3109 ann.
2412 3055 2565 3127 4‘22),
2626 3055 2871 3111 Honorio
2920 3072 3013 3110 xm
3050 3064 3107 3112 et
3146 3054 3462 3112 Theodosio
3506 3071 3539 3110 ι
3586 3054 3847 3127 Augustis

2250 3148 2588 3204 consulibus.

2245 3373 2383 3428 papa
2406 3358 2552 3411 illam
2578 3358 2912 3414 admitteret.

2315 3429 2341 3467 δ
2374 3430 2447 3484 De
2482 3434 2580 3484 hac
2608 3430 3029 3501 lcgationenihil
3062 3430 3207 3499 apud
3247 3429 3663 3485 ecclesiasticos
3710 3428 3849 3484 scri—

2244 3509 2431 3571 plores
2463 3503 2696 3570 legimus
2730 3503 3010 3558 memoria:
3039 3502 3375 3557 mandatum.
3411 3502 3651 3556 Tantum
3686 3502 3850 3556 habe-

2246 3589 2367 3627 mus
2395 3587 2582 3643 supra,
2622 3590 2742 3643 pag.
2791 3574 2934 3635 567,
2984 3575 3177 3645 synodi
3229 3574 3852 3644 Constantinopolitanae

2248 3647 2537 3712 epistolam
2569 3645 2881 3700 Theodosio
2934 3646 3069 3714 imp.
3125 3654 3398 3714 praesente
3454 3647 3848 3716 conscriptam,

2247 3732 2353 3786 qua
2386 3716 2648 3771 Damasus
2677 3725 2731 3771 et
2752 3718 2881 3771 Socii
2907 3716 2973 3771 de
3002 3717 3244 3772 Nectarii
3270 3718 3623 3772 ordinatione
3655 3718 3853 3773 certio-

2250 3803 2340 3841 res
2368 3788 2523 3859 liunt,
2555 3804 2617 3842 ac
2640 3790 2708 3843 de
2732 3790 2822 3842 illa
2852 3789 3118 3859 gratulari
3171 3800 3460 3855 rogantur.
3517 3790 3687 3844 Forte
3732 3802 3851 3842 cum

2250 3859 2304 3914 id
2338 3858 2587 3914 dilfet‘rct
2619 3858 2900 3925 Damasus,
2938 3861 3274 3915 existimavit
3302 3860 3607 3930 Imperator
3650 3859 3849 3915 forma-

2252 3938 2384 3996 tam,
2419 3947 2578 3998 qnam
2600 3933 2914 3999 eXpetebat,
2958 3931 3197 3986 solemni
3251 3933 3530 4003 legatione
3565 3933 3845 4001 postulan-

2253 4003 2398 4057 dam.
2434 4003 2531 4058 Hic
2562 4003 2799 4073 formata:
2840 4004 3058 4059 nomine
3082 4003 3462 4074 intelliguntur
3487 4004 3690 4060 litterae
3708 4018 3853 4059 com—

2256 4077 2534 4129 munionis
2568 4077 2800 4140 iudices,
2835 4076 3031 4146 quibus
3060 4079 3297 4131 recentis
3342 4077 3586 4145 episeopi
3630 4076 3849 4130 ordina-

2256 4147 2330 4200 tio
2357 4148 2727 4217 approbatur;
2762 4149 3007 4213 quamvis
3041 4146 3143 4201 hoc
3178 4148 3446 4202 vocabulo
3496 4147 3728 4217 intelligi
3759 4160 3846 4200 so-

2256 4219 2405 4272 leant
2433 4221 2625 4273 littera:
2670 4220 2823 4290 laicis
2853 4220 2939 4273 vel
2972 4219 3189 4274 clericis
3245 4234 3473 4290 peregre
3525 4219 3853 4274 abeuntibus

2258 4290 2421 4356 datae,
2448 4302 2504 4345 ut
2532 4306 2724 4345 eorum
2762 4289 2890 4345 ﬁdei
2932 4291 3016 4346 vel
3055 4291 3263 4347 ordinis
3298 4289 3396 4346 seu
3444 4291 3651 4363 gradus
3675 4295 3855 4348 essent

2261 4370 2451 4417 ιθεῐθε.

2335 4445 2356 4471 ο
2385 4434 2700 4506 Legendum
2727 4433 2894 4500 forte,
2928 4449 2991 4489 ne
3021 4434 3343 4489 audientiam
3374 4432 3581 4505 penitus
3610 4433 3853 4499 incidere,

2262 4503 2363 4577 hoc
2390 4503 2558 4561 verbo
2585 4508 2764 4575 posito
2806 4522 2903 4575 pro
2934 4507 3218 4561 abscidere
3250 4522 3313 4561 ac
3345 4503 3569 4577 negare.

2332 4573 2358 4612 ά
2393 4573 2635 4633 Subinde
2670 4573 2820 4643 Leo,
2842 4577 3004 4646 epist.
3038 4578 3123 4643 1‘2,
3150 4579 3217 4633 ad
3276 4573 3636 4634 Anastasium
3661 4620 3675 4643 ,
3707 4591 3853 4633 num.

2266 4648 2352 4712 14,
2380 4650 2525 4704 hunc
2548 4649 2792 4720 judicum
2843 4650 3117 4705 delectum
3142 4665 3247 4704 non
3279 4652 3374 4704 uni
3411 4649 3738 4715 Anastasio,
3758 4646 3851 4703 sed

2265 4720 2699 4790 metropolitanis
2778 4723 3048 4791 permisit.
3118 4720 3319 4777 Verum
3393 4721 3498 4776 hoc
3572 4723 3849 4777 decretum

2257 4792 2428 4846 edidit
2455 4793 2565 4849 Leo
2589 4802 2876 4863 postquam
2908 4792 3231 4850 Anastasius
3258 4808 3528 4849 concessa
3560 4793 3667 4850 sibi
3698 4800 3849 4864 pote—

2254 4872 2398 4920 state
2422 4866 2623 4921 abusus
2649 4872 2818 4921 esset.

1734 5108 2368 5222 APPEN
2380 5114 2712 5225 DIX

565 5280 815 5408 AD
891 5273 1861 5404 EPISTOLAS
1918 5277 2042 5402 S.
2093 5281 2148 5403 I

2250 5276 3045 5411 DNIFACII
3142 5286 3191 5409 Ι
3279 5285 3843 5413 PAP/E.

1951 5456 2437 5541 NOTITIA

1034 5568 1437 5623 SCRIPTORUM
1460 5568 1583 5621 NON
1608 5568 2024 5623 EXSTANTIUM
2049 5571 2197 5631 QUAE
2219 5571 2309 5624 AD
2332 5572 2729 5629 BONIFACIUM
2752 5576 2775 5629 Ι
2798 5576 3019 5630 PAPAM
3046 5575 3392 5630 ΑΤΤΙΝΕΝΤ.

2018 5686 2378 5703 ——

1327 5749 1369 5806 Ι.

611 5844 661 5900 1.
685 5842 819 5899 Ante
838 5861 1057 5901 mensem
1075 5840 1295 5900 Iunium
1316 5844 1441 5900 anni
1470 5845 1597 5915 419,
1631 5844 1919 5905 Valentiam
1944 5849 2131 5904 civita-

2250 5754 2316 5811 tis
2338 5756 2513 5813 clerici
2546 5759 2877 5831 Bonifacium
2903 5771 3274 5830 convenerunt,
3328 5761 3473 5833 eique
3521 5765 3855 5831 porrexerunt

2247 5848 2478 5907 libellum
2500 5854 2741 5911 adversus
2765 5854 3329 5927 Maximmn,ipsorum
3349 5856 3665 5928 episcopum,
3707 5854 3755 5907 in
3792 5869 3853 5924 qu
