4122 6346
283 348 386 406 785

557 349 842 408 NOTITIA
881 350 1320 412 SCRIPTORUM
1360 356 1497 414 NON
1537 357 1988 417 EXSTANTIUM
2028 362 2195 432 QUAE
2237 365 2330 421 AD
2370 366 2430 424 S.
2472 366 2895 430 BONIFACIUM
2936 374 3306 436 ATTINENT.

3496 354 3602 441 rso

274 469 482 523 diversa
511 470 626 541 ejus
652 470 872 524 crimina
903 471 1245 542 exponebant.
1277 473 1605 530 Nominatim
1628 493 1746 532 vero
1771 494 1886 532 eum
1912 479 1967 539 Α
1993 477 2185 550 (Epist.
2239 482 2273 538 5
2299 525 2314 550 ,
2347 500 2401 538 n.
2431 484 2489 557 4)
2541 494 2690 542 tuam
2726 503 2835 544 non
2875 490 3095 564 ambigo
3133 495 3458 553 charitatem
3505 497 3611 556 hoc

274 562 706 620 Manichaeorum
772 564 1004 638 caligine
1056 567 1364 625 involutum
1421 587 1530 627 esse
1597 581 1886 644 arguentes

273 657 483 732 (Epist.
509 657 576 730 '5)
605 700 620 725 ,
655 659 706 714 in
739 659 1120 731 probationem
1153 662 1383 733 objecta:
1417 667 1495 720 rei
1533 677 1686 736 gesta
1722 681 1886 738 syno-

274 752 418 809 dalia
448 753 826 826 proferebant.
859 755 1120 812 Eumdem
1147 775 1350 832 quoque
1379 760 1560 818 lurore
1582 778 1683 817 suo
1716 772 1772 819 et
1801 763 1882 819 in-

272 860 407 902 sana
451 849 764 905 temeritate
821 847 888 905 ad
932 851 1282 906 saecularium
1310 852 1556 922 jutlicum
1591 857 1886 911 tribunalia

274 940 554 996 subditum
574 942 862 1012 qttazstioni
883 942 1233 1000 ethomicidii
1253 946 1570 1001 damnatum
1592 965 1699 1002 esse
1712 949 1882 1018 gestis

267 1033 501 1106 prolatis
527 1033 581 1090 in
610 1035 845 1092 medium
872 1038 1190 1091 asserebant.
1221 1037 1321 1092 His
1347 1039 1610 1094 addebant
1638 1057 1751 1094 eum
1774 1083 1788 1108 ,
1817 1043 1882 1096 ab

265 1126 433 1198 ipsius
469 1127 735 1198 Bonifacii
776 1129 1133 1185 decessoribus
1172 1132 1408 1202 delegata
1451 1133 1759 1202 provinciali
1789 1151 1877 1188 co-

262 1221 519 1293 gnitione,
534 1239 740 1294 semper
763 1224 1019 1280 decretum
1032 1225 1323 1282 declinasse
1327 1227 1613 1299 judicium,
1630 1245 1690 1282 ac
1714 1229 1880 1284 nihilo

263 1317 438 1372 minus
454 1318 782 1390 episcOpatus
805 1319 903 1373 sibi
929 1337 1115 1375 nomen
1148 1321 1202 1373 in
1225 1321 1455 1393 propria:
1479 1322 1706 1375 civitatis
1734 1323 1878 1394 infa-

263 1412 426 1463 miam
456 1411 565 1465 suis
608 1414 661 1465 in
687 1411 918 1467 latibulis
941 1411 1226 1466 vindicare.
1270 1411 1412 1467 Huic
1452 1414 1628 1469 libello
1652 1413 1878 1489 Bonifa-

262 1504 397 1570 cius,
427 1503 654 1574 1'5junii
682 1505 766 1560 die
791 1507 920 1560 anni
947 1505 1078 1572 M9,
1101 1507 1384 1578 rescripsit.

329 1689 385 1744 2.
417 1689 570 1747 Circa
608 1708 834 1752 mensem
873 1694 1166 1766 Augustum
1189 1697 1422 1769 ejusdem
1446 1700 1574 1753 anni
1600 1697 1709 1757 419
1735 1744 1749 1768 ,
1781 1718 1873 1757 ασ-

260 1786 391 1858 cepit
418 1784 730 1859 Bonifacius
767 1787 1156 1844 Corinthiorum
1181 1807 1358 1860 preces
1387 1834 1402 1859 ,
1439 1794 1623 1864 quibus
1654 1793 1867 1868 Perige-

1991 588 2097 629 non
2121 575 2330 647 absque
2357 578 2728 639 admiratione
2750 626 2764 652 ,
2792 585 2935 654 quod
2964 595 3017 642 et
3043 586 3173 643 huic
3196 587 3505 663 (Perigeni)
3528 590 3612 647 vi-

1989 665 2186 724 demur
2239 681 2484 727 nostram
2533 673 2782 747 paginam
2809 693 2920 732 non
2965 679 3210 747 misisse,
3241 688 3297 736 et
3319 681 3433 754 (seu
3480 685 3605 754 nec)

1989 761 2333 830 supplicibus
2361 763 2702 838 (Corinthiis)
2726 770 3026 839 praebuisse
3048 788 3391 844 responsum.
3434 773 3606 833 Porro

1988 850 2086 903 hac
2109 852 2361 908 dilatione
2389 873 2642 926 suspensa
2658 869 2769 914 erat
2793 863 2976 916 electio
3003 879 3094 918 seu
3125 875 3357 935 potestas
3383 865 3607 939 Perige-

1987 947 2067 1000 nis
2090 963 2109 1001 :
2136 949 2220 1003 cui
2243 989 2260 1016 ,
2290 950 2459 1022 inquit
2499 951 2806 1026 Bonifacius
2837 955 3066 1030 (Ibid.),
3095 959 3163 1015 ad
3195 960 3600 1030 plenitudinem

1986 1040 2424 1099 conﬁrmationis
2465 1049 2819 1116 episcopatus
2855 1051 2978 1118 ejus
3023 1052 3126 1108 hoc
3157 1054 3335 1108 solum
3365 1056 3601 1126 residet,

1984 1133 2128 1204 quod
2149 1145 2369 1191 nostros
2390 1138 2441 1191 in
2472 1139 2686 1196 honore
2712 1157 2812 1197 suo
2841 1143 3083 1199 nondum
3104 1149 3344 1218 suscepit
3377 1149 3604 1210 allatus.

1984 1224 2116 1282 Cum
2163 1229 2324 1298 igitur
2362 1228 2673 1304 Bonifacius
2708 1237 2988 1306 quominus
3024 1239 3302 1310 epistolam
3342 1258 3489 1296 suam
3531 1244 3601 1298 ad

1984 1320 2297 1395 Perigenem
2320 1327 2541 1380 mitteret
2567 1371 2582 1395 ,
2619 1344 2677 1381 eo
2708 1345 2811 1382 uno
2829 1331 3091 1384 detentum
3124 1349 3180 1385 se
3199 1342 3432 1398 testetur,
3457 1336 3598 1403 quod

1983 1415 2156 1472 nullas
2183 1435 2213 1470 a
2238 1416 2380 1486 Rufo
2400 1417 2602 1474 litteras
2631 1423 2949 1492 recepisset;
2979 1423 3348 1496 ambigendum
3370 1443 3472 1480 non
3497 1436 3594 1495 est,

1981 1511 2106 1580 quin
2133 1510 2220 1564 ubi
2241 1512 2461 1566 redditu:
2482 1525 2602 1567 sunt
2630 1515 2735 1586 ipsi
2762 1515 2887 1586 Rufi
2907 1517 3116 1581 litterae,
3143 1519 3415 1589 confestim
3443 1530 3492 1572 et
3523 1519 3594 1573 ad

1981 1603 2289 1678 Perigenem
2307 1607 2525 1663 dilatam
2547 1611 2816 1682 paginam,
2842 1623 2886 1663 et
2902 1612 2972 1663 ad
2991 1607 3295 1666 Corinthios
3309 1629 3588 1680 responsa,

1977 1699 2211 1769 adeoque
2243 1718 2345 1754 una
2373 1718 2488 1755 cum
2517 1703 2744 1756 secunda
2769 1703 2838 1755 ad
2866 1701 3071 1772 Rufum
3106 1705 3355 1774 epistola,
3377 1707 3594 1763 miserit.

1982 1791 2269 1864 Utrumque
2295 1798 2415 1849 véro
2440 1796 2939 1864 prwstitumindicat
2964 1796 3043 1849 his
3075 1797 3238 1851 verbis
3271 1812 3291 1853 :
3322 1798 3590 1854 Dedimus

261 1894 378 1933 nem
405 1880 709 1951 episcopum
733 1898 834 1935 non
853 1892 958 1936 tam
977 1883 1230 1955 accipere,
1263 1901 1416 1955 quam
1440 1887 1682 1952 retinere,
1711 1905 1764 1943 se
1785 1907 1874 1944 cu-
1909 1881 1951 1943 Β
1981 1885 2126 1941 hunc
2175 1886 2437 1941 Ecclesia:
2484 1887 2629 1941 illius
2667 1903 2792 1942 esse
2847 1887 3162 1958 pontiﬁcem
3195 1932 3209 1956 ,
3253 1889 3306 1944 in
3347 1903 3450 1959 qua
3494 1905 3594 1959 per

261 1987 382 2042 pere
408 1973 797 2043 significabant.
833 1973 934 2028 His
954 1976 1194 2044 precibus
1219 1979 1545 2038 subiecerant
1568 1983 1730 2035 totius
1753 1999 1877 2052 syn-

260 2063 348 2116 odi
408 2064 660 2131 Achaite,
726 2082 842 2138 quae
899 2068 1100 2138 pridem
1162 2067 1471 2143 Perigenem
1528 2071 1873 2133 Patrensibus

258 2158 556 2231 episcOpum
586 2160 885 2227 ordinarat,
918 2178 1076 2231 super
1109 2166 1222 2234 ejus
1249 2166 1456 2219 nomine
1481 2167 1730 2235 scriptam
1764 2171 1878 2238 epi-

257 2251 525 2313 stolam,in
545 2269 650 2322 qua
672 2253 1014 2309 ordinationis
1032 2256 1175 2310 illius
1194 2264 1302 2312 tota
1321 2263 1668 2314 enarrabatur
1687 2263 1870 2328 series,

257 2360 320 2398 ac
354 2346 664 2400 nominatim
704 2359 934 2404 sanctus
984 2358 1040 2404 et
1084 2350 1322 2428 instituti
1371 2353 1561 2424 optimi
1609 2356 1873 2426 qualitate

259 2439 473 2511 pollens
495 2437 698 2514 (Epist.
735 2442 789 2506 4,
819 2460 874 2497 η.
906 2441 962 2515 ὅ)
987 2429 1397 2515 praedicabatur.

923 2560 926 2564 '
1018 2538 1108 2596 111.

327 2627 382 2683 ὅ.
407 2627 735 2701 Bonifacius,
750 2634 976 2704 acceptis
996 2633 1386 2692 Corinthiorum
1409 2639 1616 2708 litteris,
1635 2641 1871 2710 Septem-

261 2722 362 2776 bris
396 2722 462 2778 19
487 2722 572 2778 die
590 2725 828 2794 prcedicti
853 2727 981 2780 anni
1001 2726 1109 2785 419
1129 2771 1142 2794 ,
1166 2747 1344 2785 earum
1363 2719 1739 2801 exempluniad
1758 2733 1872 2789 Ru-

258 2817 367 2886 funt
398 2814 916 2874 Thessalonicensem
939 2823 1240 2895 episcOpunt
1260 2825 1399 2880 misit
1419 2867 1434 2891 ,
1464 2825 1763 2881 Corinthios
1794 2828 1870 2882 sic

260 2911 367 2964 noti
394 2913 479 2965 sui
504 2928 657 2980 quant
681 2914 905 2983 primum
933 2924 1194 2987 compotes
1219 2918 1335 2983 ﬁeri
1351 2921 1584 2990 cupiens,
1603 2930 1658 2973 ut
1683 2921 1735 2974 id
1757 2921 1872 2975 sine

261 3001 386 3074 Ruﬁ
416 3004 622 3072 litteris,
648 3022 763 3078 quae
782 3020 1196 3078 prwconceptam
1219 3011 1282 3064 de
1300 3009 1552 3084 Perigene
1572 3013 1870 3084 Opinionem

261 3099 664 3170 conﬁrmarent,
698 3101 947 3173 perﬁcere
993 3103 1236 3156 noluerit.
1283 3103 1390 3160 Sed
1427 3106 1518 3177 qui
1560 3106 1699 3179 Rufo
1748 3116 1870 3161 tunc

259 3193 509 3265 scripsit:
542 3191 808 3249 Nolumus
827 3190 1025 3267 (Epist.
1052 3198 1106 3263 5,
1143 3213 1196 3250 n.
1225 3195 1284 3270 4)
1320 3200 1651 3270 coepiscopo
1679 3209 1869 3256 nostro

1980 1979 2225 2049 singulos
2288 1980 2493 2049 gradus
2553 1982 2892 2050 prazteritam
2940 1996 3162 2052 quoque
3223 1982 3590 2053 transegisset

1979 2081 2194 2128 aetatem
2229 2072 2424 2144 (Epist.
2461 2075 2550 2140 15,
2573 2092 2624 2128 n.
2656 2074 2738 2147 2).
2767 2074 2867 2130 Ubi
2890 2077 3177 2129 notandum
3198 2077 3410 2130 verbum
3433 2075 3590 2132 dedi-

1978 2183 2122 2235 mus,
2152 2170 2291 2240 quod
2322 2167 2642 2240 praecipuam
2668 2169 2949 2240 quamdam
2979 2176 3286 2239 potestatem
3313 2177 3484 2222 sonat.
3517 2166 3590 2222 Et

1975 2261 2032 2315 id
2055 2262 2264 2333 quidem
2303 2268 2435 2316 adeo
2475 2264 2818 2318 necessarium
2861 2261 3149 2329 videbatur,
3182 2271 3240 2316 ut
3285 2279 3443 2333 quam
3493 2263 3587 2317 diu

1977 2354 2189 2409 deerant
2232 2355 2420 2410 littera:
2465 2356 2652 2428 quibus
2692 2355 3002 2421 Bonifacius
3033 2356 3346 2431 Perigenem
3384 2359 3586 2430 episco-

1977 2463 2100 2517 pum
2124 2448 2371 2502 constitui
2399 2450 2599 2518 juberet
2618 2491 2633 2514 ,
2685 2448 2751 2503 ad
2781 2448 3184 2519 plenitudinem
3207 2448 3585 2506 conﬁrmatio-

1976 2539 2063 2594 nis
2092 2541 2444 2611 episcopatus
2472 2541 2595 2611 ejus
2624 2539 2826 2613 aliquid
2854 2542 3102 2597 residere
3114 2541 3474 2614 judicaretur.

1993 2621 2000 2634 '
2741 2636 2828 2691 Vl.

2046 2729 2101 2786 6.
2137 2729 2254 2786 Una
2295 2730 2563 2804 Bonifacii
2593 2731 2814 2803 epistola
2849 2729 2883 2785 5
2910 2731 3064 2804 plura
3109 2732 3308 2787 indicat
3333 2733 3534 2806 scripta
3567 2779 3583 2804 ,

1972 2839 2090 2894 qua:
2119 2824 2186 2876 ad
2219 2840 2312 2878 nos
2350 2824 2560 2877 minime
2591 2833 2952 2894 pervenerunt.
2991 2821 3058 2878 In
3086 2840 3146 2878 ea
3172 2825 3366 2896 quippe
3396 2841 3591 2880 men.oo

1973 2925 2057 2969 rat
2087 2914 2392 2988 Bonifacius
2433 2915 2558 2986 Ruﬁ
2597 2915 3072 2972 Thessalonicensis
3111 2917 3360 2972 antistitis
3398 2917 3590 2987 episto-

1973 3007 2081 3062 lam
2100 3051 2114 3075 ,
2138 3026 2241 3080 qua
2265 3010 2436 3080 ipsum
2463 3009 2526 3062 de
2545 3008 2819 3063 nonnullis
2847 3009 2916 3063 ad
2950 3007 3306 3063 Ecclesiarum
3326 3007 3424 3062 sibi
3445 3024 3588 3062 cont-

1973 3105 2252 3158 missarum
2283 3105 2512 3174 regimen
2546 3104 2916 3172 pertinentibus
2942 3101 3261 3157 consulebat.
3302 3101 3432 3156 Tum
3462 3102 3584 3156 huic

1973 3195 2100 3267 Rufi
2121 3195 2494 3250 consultationi
2521 3195 2768 3250 debitum
2797 3195 2991 3268 (Epist.
3019 3196 3074 3262 5,
3093 3212 3147 3248 n.
3184 3193 3238 3266 1)
3270 3211 3368 3264 pro
3391 3209 3584 3249 causa-

261 3285 511 3358 Perigeni
555 3297 802 3344 nostram
837 3291 1089 3359 paginam
1135 3290 1414 3347 destinare
1466 3295 1618 3364 prius
1646 3340 1659 3361 ,
1707 3311 1869 3366 quam
1900 3273 1946 3337 (ἶ
1979 3308 2097 3346 rum
2129 3291 2502 3346 aestimatione
2528 3305 2852 3361 responsum
2870 3289 3075 3345 dedisse
3092 3306 3146 3345 se
3165 3299 3334 3358 notat,
3364 3289 3582 3345 consti-

261 3389 381 3436 tuas
404 3381 492 3455 (de
519 3381 600 3454 eo)
625 3382 961 3454 accipiamus
983 3384 1274 3455 epistolas,
1293 3386 1430 3440 idem
1454 3389 1632 3442 statim
1653 3389 1868 3462 adjicit:
1889 3423 1896 3430 -

260 3475 614 3532 Accclerabis
646 3492 779 3548 ergo
826 3477 878 3533 id
928 3493 1090 3550 agere
1144 3488 1370 3550 prapter
1397 3480 1734 3536 desiderium
1776 3498 1872 3552 po-

258 3571 603 3626 stulantium.
651 3569 826 3641 Rufus
865 3583 1040 3627 autem
1088 3571 1355 3642 Bonifacii
1395 3573 1674 3629 desideriis
1704 3593 1761 3630 eo
1785 3593 1869 3630 ce-

232 3662 417 3717 .lerius
436 3664 615 3737 paruit
645 3673 800 3734 atque
827 3662 1096 3729 libentius,
1125 3665 1265 3736 quod
1287 3681 1388 3720 non
1417 3668 1525 3721 alia
1555 3677 1683 3722 esset
1703 3668 1872 3738 ipsius

258 3767 411 3828 atque
461 3757 856 3813 Corinthiorum
896 3761 959 3812 de
1007 3758 1263 3829 Perigene
1307 3764 1582 3816 sententia.
1625 3763 1777 3828 Quod
1824 3773 1872 3817 et

258 3847 567 3921 Bonifacius
589 3859 804 3906 testatur
833 3851 914 3906 Itis
937 3853 1131 3907 verbis:
1157 3853 1286 3909 Post
1310 3855 1580 3925 aliquanti
1605 3857 1872 3927 temporis

261 3947 496 4013 spatium
520 3928 720 4016 (Epist.
749 3945 839 4010 15,
864 3962 918 3999 n.
937 3945 997 4015 2)
1026 3960 1196 4016 super
1225 3949 1328 4002 hoc
1353 3947 1600 4017 praedicti
1625 3951 1870 4019 episcopi

264 4042 434 4095 nostri
470 4038 644 4113 (Ruﬁ)
676 4055 798 4111 quae
829 4040 1134 4110 praemissis
1175 4040 1467 4095 desideriis
1513 4042 1874 4098 convenirent

269 4134 388 4207 (hoc
428 4143 537 4199 est,
568 4149 687 4205 qua?
722 4132 1024 4206 Perigenem.
1048 4135 1242 4188 honore
1275 4135 1376 4206 ipsi
1416 4134 1588 4189 delato
1625 4135 1874 4205 dignissi-

266 4228 871 4297 mumtestificarentur),
897 4226 1102 4297 scripta
1127 4236 1420 4282 venerunt.
1438 4227 1667 4297 Sed/uec
1687 4227 1756 4280 ad
1780 4243 1874 4283 nos

265 4338 364 4376 non
395 4333 759 4395 pervenerunt.

1017 4415 1109 4472 IV.

331 4509 386 4562 4.
434 4509 628 4564 Statim
673 4517 726 4562 nt
758 4507 1064 4581 Bonifacius
1092 4509 1156 4563 de
1184 4509 1457 4581 Perigenis
1490 4510 1678 4566 merito
1718 4509 1876 4564 etiam

265 4601 388 4674 Ruﬁ
419 4603 710 4657 testimonio
744 4605 931 4657 certior
955 4604 1125 4674 factus
1151 4611 1254 4672 est,
1308 4604 1592 4658 secundam
1624 4603 1693 4657 ad
1726 4619 1874 4656 eum-

1975 3394 2133 3442 tuens
2171 3401 2234 3442 ea
2285 3384 2491 3441 debere
2535 3385 2767 3455 servari,
2811 3401 2932 3457 quae
2983 3385 3359 3440 ecclesiastica
3414 3383 3587 3456 exigit

1976 3479 2264 3551 disciplina
2289 3523 2302 3547 ,
2325 3479 2424 3534 hoc
2443 3487 2516 3535 est
2539 3496 2571 3534 a
2596 3481 2846 3535 canonica
2868 3496 2957 3535 seu
2980 3479 3267 3549 apostolica
3300 3477 3583 3534 traditione

1976 3591 2080 3629 non
2101 3573 2448 3628 recedendum
2476 3590 2610 3629 esse.
2650 3573 2826 3629 Sim-ul
2855 3573 3023 3627 eidem
3055 3573 3383 3646 responsioni
3409 3571 3590 3641 plures

1974 3669 2228 3742 adjecisse
2254 3683 2310 3721 se
2340 3667 2486 3721 docet
2514 3667 2714 3722 litteras
2739 3708 2753 3729 ,
2786 3666 2855 3720 ad
2887 3666 3116 3720 diuersos
3139 3665 3352 3720 Achaia’
3383 3680 3444 3718 ac
3469 3662 3589 3719 Ma-

1975 3764 2205 3818 cedonia:
2230 3763 2495 3836 episcopos
2521 3761 2645 3831 Rufi
2676 3778 2836 3831 opera
2861 3761 3163 3825 mittendas,
3195 3759 3382 3831 quibus
3413 3773 3582 3829 quem

1976 3858 2248 3914 deberent
2274 3858 2550 3913 tramitem
2584 3857 2871 3912 custodire
2897 3854 3088 3927 (Num.
3113 3850 3170 3924 5)
3194 3851 3584 3925 prtescribebat.

1978 3948 2090 4004 Nec
2130 3959 2259 4003 tacet
2299 3948 2424 4018 quid
2472 3949 2798 4020 rescripserit
2838 3945 3046 4015 Rufus,
3088 3961 3271 4017 nempe
3312 3943 3592 4017 prtedictas

1975 4044 2222 4116 epistolas
2253 4043 2321 4096 ad
2345 4042 2580 4111 singulos
2608 4041 2770 4109 fuisse
2801 4041 3064 4108 perlatas,
3096 4049 3142 4092 et
3180 4037 3590 4092 admonitionem

1976 4137 2122 4191 illius
2177 4137 2318 4204 apud
2365 4136 2639 4207 plerosque
2684 4134 2928 4204 quidem,
2977 4148 3039 4185 ac
3091 4131 3401 4185 nominatim
3445 4129 3590 4201 apud

1978 4229 2295 4303 Adelphium
2322 4238 2370 4283 et
2402 4228 2733 4300 Perigenem,
2763 4227 3010 4291 valuisse,
3033 4226 3125 4280 sed
3139 4224 3283 4290 apud
3305 4220 3590 4277 nonnullos

1978 4322 2235 4380 exstitisse
2268 4321 2606 4391 inefﬁcacem.
2642 4318 2708 4373 In
2741 4319 2842 4371 hac
2875 4317 3134 4371 relatione
3175 4317 3244 4369 ad
3289 4317 3592 4387 injunctum

1981 4416 2220 4489 officium
2259 4413 2447 4468 sedulo
2483 4411 2807 4485 implendum
2841 4409 3065 4464 animari
3101 4424 3157 4460 se
3188 4405 3388 4461 dicebat
3425 4404 3598 4473 Rufus

1979 4513 2174 4568 intuitu
2214 4509 2495 4565 beatissimi
2530 4506 2757 4576 apostoli
2798 4503 2970 4570 Petri,
3013 4516 3187 4575 quem,
3227 4497 3455 4572 qualiter
3490 4497 3606 4566 ipse

1982 4621 2171 4663 munus
2191 4619 2346 4658 suum
2375 4602 2562 4668 obiret,
2588 4600 2759 4654 oculis
2786 4605 3074 4653 cernentem
3106 4589 3490 4646 considerabat.

262 4673 378 4751 dem
415 4696 611 4768 Rufum
645 4696 852 4764 scripsit
893 4673 1190 4766 epistolam,
1234 4714 1336 4765 qua
1369 4713 1521 4751 suam
1563 4699 1609 4752 ei
1639 4699 1802 4752 vicem
1829 4710 1874 4751 et
1903 4673 1959 4735 D
2057 4703 2110 4768 7.
2158 4699 2359 4754 Mutua:
2406 4695 2516 4750 illa:
2567 4693 2834 4764 Bonifacii
2878 4690 3109 4761 Ruﬁqne
3162 4685 3431 4760 epistolte,
3487 4697 3612 4736 cum

262 4794 624 4847 auctoritatem
673 4791 740 4845 ad
781 4790 1088 4862 Perigenem
1137 4790 1532 4846 Corinthiorum
1572 4794 1876 4864 episcopum

265 4889 682 4944 constituendum
711 4888 1082 4942 demandabat.
1112 4887 1271 4944 Hanc
1299 4888 1592 4960 epistolam,
1619 4906 1780 4959 quam
1809 4891 1878 4944 ad

263 4984 454 5037 exitum
478 4981 603 5035 anni
620 4981 746 5048 M9,
769 4991 861 5034 aut
881 4981 948 5035 ad
967 4981 1175 5034 initium
1193 4985 1321 5035 anni
1337 4981 1464 5048 4‘20,
1487 4982 1672 5052 referri
1699 4999 1874 5037 rerum

265 5087 532 5147 gestarum
578 5077 735 5130 series
763 5077 1025 5147 postulat,
1066 5073 1235 5129 uoluit
1280 5073 1586 5146 Bonifacius
1632 5077 1872 5146 mittere,

265 5171 385 5239 quin
419 5178 698 5222 convocato
734 5166 889 5222 Urbis
927 5168 1066 5222 clero
1110 5168 1393 5238 prwlecta,
1448 5170 1711 5225 universo
1753 5184 1879 5240 pre-

269 5265 513 5337 sbyterio
541 5262 740 5338 (Epist.
773 5264 864 5328 15,
894 5279 947 5317 n.
978 5261 1036 5334 3)
1059 5261 1474 5336 complacuisset.

1043 5355 1110 5411 V.

341 5455 395 5510 5.
432 5451 765 5523 Bonifacius,
808 5461 924 5524 post
965 5459 1235 5521 susceptas
1261 5451 1655 5510 Corinthiorum
1684 5469 1882 5526 preces,

270 5547 397 5618 quid
419 5562 621 5601 summo
639 5547 762 5614 jure
792 5554 989 5616 posset,
1022 5544 1213 5615 quidve
1238 5546 1303 5598 ab
1328 5545 1444 5615 ipso
1475 5547 1697 5617 exigeret
1725 5545 1882 5601 disci-

272 5640 431 5711 plina:
460 5638 597 5692 ratio
641 5635 988 5709 perpendens,
1044 5652 1162 5688 cum
1199 5644 1243 5689 et
1285 5636 1354 5690 ad
1384 5635 1684 5692 Corinthios
1723 5649 1769 5694 et
1813 5639 1882 5693 ad

277 5730 588 5802 Perigenem
625 5729 902 5783 rescribere
925 5769 938 5791 ,
979 5742 1198 5797 eumque
1244 5729 1539 5799 episcopum
1567 5733 1888 5787 constituere

281 5823 427 5878 illita
460 5822 714 5894 potuisset
732 5861 749 5887 ,
774 5819 873 5874 hoc
898 5819 997 5873 sibi
1020 5818 1368 5886 di/ferendum
1396 5821 1567 5876 duxit.
1632 5823 1892 5890 Quocirca

284 5895 360 5972 sic
405 5929 466 5971 ea
508 5917 571 5971 de
609 5925 665 5969 rc
720 5907 919 5982 Rufum
967 5911 1306 5976 alloquitur:
1350 5912 1663 5987 Intelligere
1711 5915 1891 5974 autem

1982 4798 2037 4852 in
2069 4810 2176 4849 una
2199 4791 2414 4864 epistola
2439 4791 2472 4845 5
2494 4799 2987 4848 commemorentur,
3022 4783 3257 4857 ejusdem
3277 4775 3516 4855 epistola'
3539 4778 3606 4850 fi-

1979 4903 2097 4942 nem
2117 4886 2202 4949 iis,
2233 4900 2348 4955 qua:
2374 4881 2716 4945 antecedunt,
2749 4879 3060 4933 inconcinne
3090 4875 3342 4932 adsutum
3371 4890 3501 4931 esse.
3547 4883 3600 4930 et

1977 4981 2049 5034 ad
2103 4978 2418 5032 anteriorem
2470 4976 2744 5045 epistolam
2793 4973 3050 5036 pertinere
3098 4971 3265 5044 magis
3315 4986 3378 5023 ac
3430 4968 3598 5042 magis

1977 5075 2241 5129 evincunt.
2278 5070 2461 5142 Neque
2501 5068 2656 5122 aliter
2691 5067 3017 5121 sentiendum
3048 5067 3112 5120 de
3140 5078 3264 5121 nota
3305 5064 3553 5120 chronica
3580 5106 3596 5132 ,

1983 5184 2084 5236 qua
2119 5165 2303 5219 cadent
2332 5161 2554 5235 epistola
2582 5160 2866 5214 clauditur.
2911 5158 3042 5214 Cum
3071 5160 3206 5212 enini
3236 5167 3454 5230 quatuor
3475 5157 3592 5229 epi-

1987 5261 2147 5316 stolas
2183 5258 2459 5332 prtedictas
2495 5257 2694 5309 diverso
2733 5256 2868 5309 inter
2894 5271 2951 5308 se
2978 5263 3204 5326 tempore
3236 5255 3462 5324 scriptas
3484 5269 3597 5308 esse

1988 5356 2320 5427 manifestum
2358 5353 2460 5417 sit,
2491 5366 2593 5421 quo
2634 5359 2786 5420 pacto
2814 5366 2888 5406 etc
2924 5354 3100 5404 omnes
3140 5365 3245 5403 non
3276 5347 3446 5402 dicam
3475 5355 3602 5402 ante

1993 5447 2346 5522 Septembrem
2370 5446 2497 5499 anni
2513 5444 2643 5513 M9,
2659 5445 2750 5499 sed
2774 5454 2820 5498 et
2848 5453 2970 5498 ante
2991 5442 3120 5496 anni
3145 5441 3376 5512 ejusdem
3399 5441 3598 5496 exitum

1989 5545 2144 5600 scribi
2177 5541 2439 5614 potuerint
2466 5585 2480 5609 ,
2520 5540 2566 5594 si
2593 5539 2894 5594 historicum
2921 5537 3258 5592 consulamus
3281 5535 3544 5589 veritatem
3573 5576 3593 5604 ,

1988 5637 2131 5692 haud
2162 5634 2318 5702 facile
2349 5633 2713 5702 percipiemus.
2748 5633 2892 5688 Sane
2915 5630 3022 5684 veri
3053 5637 3126 5682 est
3148 5627 3320 5706 simile
3353 5627 3550 5699 Rufum
3575 5670 3591 5696 ,

1988 5730 2072 5784 ubi
2100 5726 2357 5798 Bonifacii
2385 5735 2676 5791 prteventus
2706 5734 2779 5779 est
2806 5723 2989 5778 litteris
3015 5766 3029 5789 ,
3070 5720 3254 5790 quibus
3293 5719 3476 5775 vicarii
3505 5736 3589 5775 se-

1995 5821 2074 5876 dis
2120 5819 2424 5890 apostolicw
2454 5819 2685 5891 dignitas
2724 5818 2825 5887 ipsi
2859 5813 3291 5883 confirmabatur,
3332 5814 3596 5888 tunc‘pri.

1998 5929 2137 5968 mum
2161 5912 2439 5967 excitatum
2459 5926 2570 5967 esse
2597 5919 2654 5965 ut
2696 5908 2931 5965 eumdem
2961 5911 3147 5961 uanam
3174 5902 3486 5963 consuleret.
