4122 6346
524 385 629 444 ’187

1277 499 1388 556 VII.

600 599 654 655 8.
698 594 937 652 Vidimus
963 608 1123 668 supra
1146 634 1161 659 ,
1194 595 1342 668 epist.
1371 594 1440 661 2,
1470 592 1625 664 Afros
1662 592 1733 647 ad
1774 590 2131 649 Ecclesiarunt

526 693 882 756 orientalium,
919 689 1290 745 Alexandrines
1316 688 1536 755 scilicet,
1569 686 1901 744 Antiochente
1920 697 1970 744 et
1993 686 2130 744 Con-

527 766 1034 852 stantinopolitanc,
1083 780 1336 855 prtcsules
1378 781 1673 852 scripsisse,
1702 796 1805 852 qua
1836 780 1898 835 ab
1926 783 2000 836 eis
2028 798 2129 835 au-

528 878 759 934 thentico
797 873 1027 933 Nictena:
1054 870 1244 947 synodi
1272 874 1592 943 exemplaria
1620 882 1870 945 peterent.
1900 872 2021 931 Soli
2051 891 2133 928 re-

529 974 799 1047 scripsisse
822 974 1065 1045 leguntur
1091 970 1347 1026 antistites
1374 970 1764 1025 Alexandrinus
1791 978 1840 1025 et
1869 968 2133 1025 Constan-

528 1066 928 1139 tinopolitanae.
975 1064 1188 1133 Scripta
1228 1061 1326 1119 illa
1384 1080 1501 1119 cum
1553 1061 1841 1135 Dionysius
1897 1060 2134 1137 Exiguus

529 1159 827 1213 collectioni
847 1170 979 1223 suat,
1016 1165 1126 1211 tum
1154 1156 1270 1227 Afri
1297 1154 1477 1213 Codici
1505 1173 1624 1211 can.
1657 1154 1785 1211 eccl.
1824 1155 1969 1230 Afr.,
2010 1170 2131 1225 cap.

532 1252 661 1319 155,
689 1250 792 1308 136
820 1261 867 1306 et
894 1250 1018 1317 157,
1038 1251 1388 1306 inseruerunt.
1412 1252 1482 1305 Et
1510 1251 1669 1323 hujus
1690 1250 1897 1322 quidem
1929 1249 2136 1305 Codicis

533 1345 695 1416 capiti
745 1342 848 1401 155
886 1345 952 1399 iis
991 1344 1284 1418 pra’ﬁgitur
1327 1343 1415 1399 hic
1449 1344 1632 1399 titulus
1678 1358 1696 1398 :
1737 1340 2006 1414 incipiunt
2051 1358 2139 1399 re-

532 1439 733 1510 scripta
766 1437 833 1493 ad
866 1436 1161 1493 concilium
1184 1437 1500 1493 Africanum
1547 1436 1741 1509 Cyrilli
1774 1434 2138 1493 Alexandrini

531 1530 806 1602 episcopi,
837 1529 931 1586 ubi
963 1528 1278 1587 authentica
1298 1529 1517 1586 concilii
1545 1526 1751 1585 Nicatni
1782 1528 2049 1583 translata
2070 1526 2140 1583 de

532 1623 749 1692 Grieco,
779 1622 1271 1693 perlnnocentium
1293 1623 1671 1695 presbyterum
1697 1620 2138 1676 transmiserunt:

534 1733 655 1790 qua:
683 1718 846 1774 etiam
880 1715 1131 1788 epistola:
1154 1733 1280 1774 cum
1312 1718 1505 1773 eodem
1534 1712 1769 1771 concilio
1792 1711 2013 1769 Nicmno
2044 1725 2143 1784 per

536 1823 900 1868 memoratum
922 1812 1313 1886 prtesbylerum
1335 1808 1713 1868 Innocentium
1731 1822 1787 1867 et
1802 1806 2137 1874 Marcellum,

1320 370 1665 436 APPENDIX
1700 378 1792 434 AD
1845 374 2221 438 l'ZPlSTOLAS
2258 380 2316 436 S.
2357 376 2700 437 BONIFACII
2734 380 2775 444 I,
2819 378 3037 438 PAI‘E.

3736 389 3835 446 788

2153 490 2202 563 Α
2230 497 2302 555 ad
2329 494 2663 571 Bonifacium
2703 501 3014 555 transmissa
3040 513 3163 557 sunt
3181 544 3197 571 ,
3226 504 3513 560 etiamnum
3562 506 3621 563 in
3655 505 3839 573 Codice

2237 593 2510 665 Africano,
2544 608 2661 666 cap.
2693 593 2796 650 155
2820 602 2867 647 et
2890 593 3016 661 136,
3041 606 3398 653 assert'antur.

2968 686 3105 743 VIII.

2308 778 2397 838 10.
2439 778 2592 836 Circa
2632 780 2828 836 exitum
2877 782 3000 836 anni
3047 780 3178 844 421.
3232 780 3547 841 Lutubensis
3595 783 3841 844 Ecclesia

2234 875 2403 931 clerus
2433 892 2493 929 ac
2527 873 2751 947 populus
2790 891 2966 949 preces
2997 875 3068 931 ad
3103 876 3441 949 Banifacium
3469 897 3668 952 papam
3692 884 3843 941 mise-

2236 976 2379 1035 runt,
2398 968 2586 1041 quibus
2605 966 2670 1021 de
2695 967 2939 1024 Patroclo
2961 969 3254 1027 Arelatensi
3276 973 3520 1046 episcupo
3544 976 3843 1047 expostula-

2239 1060 2382 1128 bant,
2405 1062 2567 1135 quod,
2603 1063 2868 1132 petitione
2899 1078 2995 1117 sua
3022 1073 3294 1131 cessante,
3328 1084 3419 1121 seu
3440 1084 3498 1123 se
3533 1084 3643 1123 non
3670 1079 3844 1140 peten-

2237 1157 2409 1225 tibus,
2463 1158 2516 1212 in
2565 1155 2744 1212 locum
2796 1154 3114 1213 decedentis
3153 1158 3397 1233 episcopi
3450 1161 3642 1217 nescio
3683 1178 3843 1233 quem

2241 1252 2293 1308 in
2318 1251 2496 1306 aliena
2535 1251 2824 1321 provincia
2854 1252 3226 1321 pra-terruisso
3255 1253 3688 1325 metropolitano
3709 1269 3844 1311 con-

2241 1353 2323 1400 tra
2366 1343 2585 1401 Patrum
2639 1342 2855 1412 regulas
2893 1342 3225 1400 ordinasset.
3279 1342 3422 1400 Hinc
3473 1346 3602 1400 data
3647 1347 3847 1402 occasio

2243 1435 2475 1508 epistola:
2510 1432 2579 1490 12
2608 1430 2870 1505 Bonifacii
2900 1433 3180 1491 Februarii
3209 1435 3242 1494 9
3272 1435 3355 1492 die
3387 1437 3516 1495 anni
3544 1435 3657 1495 422
3681 1439 3847 1496 consi-

2242 1544 2433 1603 gnatm.

2993 1625 3084 1683 tx.
3477 1684 3487 1699 ,

2320 1724 2408 1778 11.
2437 1721 2564 1777 Νοη
2591 1723 2757 1777 multa
2785 1731 2923 1794 post,
2954 1717 3261 1795 Bonifacius
3298 1720 3550 1790 Perreoii,
3580 1718 3848 1779 Pharsalii

2246 1833 2338 1871 seu
2362 1812 2785 1871 Thessalicarum
2816 1815 3043 1869 saltuum
3071 1814 3325 1886 episcOpi,
3356 1815 3591 1869 libellum
3633 1814 3847 1888 accepit,

535 1905 931 1962 svtbdiaconum
967 1904 1223 1961 Ecclesia:
1246 1904 1719 1977 Carthaginiensis,
1754 1912 1943 1959 sancto
1980 1900 2144 1957 Boni-
2176 1903 2225 1965 B
2252 1909 2303 1962 in
2333 1925 2434 1980 quo
2464 1906 2529 1961 de
2558 1908 2813 1980 episcopis
2849 1908 3131 1977 provincia:
3174 1924 3284 1963 sua:
3328 1906 3665 1980 querebatur,
3718 1905 3850 1975 quod

536 1996 705 2067 facio,
733 1999 989 2069 episcopo
1012 1998 1272 2054 Ecclesia:
1300 1997 1585 2065 Romanas,
1606 1997 1707 2052 sub
1728 1995 1818 2053 die
1833 2011 1888 2050 vt
1908 1992 2017 2050 kal.
2045 1993 2144 2051 De—
2244 1999 2348 2071 ipsi
2372 1997 2577 2055 molesti
2602 2007 2786 2059 essent.
2807 1998 2937 2052 adeo
2961 2009 3146 2054 uteum
3165 1999 3402 2054 ecclesia
3424 2013 3520 2053 sua
3540 1997 3849 2071 pellendum

538 2091 776 2149 cembris
804 2101 929 2147 sunt
957 2092 1200 2149 direcue.
1234 2092 1405 2164 Capiti
1427 2102 1605 2148 autem
1635 2093 1737 2149 157
1764 2091 1874 2147 haec
1906 2092 2142 2162 prtemit-
2246 2106 2368 2149 esse
2407 2088 2740 2147 crediderint
2770 2086 3061 2163 (Epist.l5,
3089 2108 3143 2144 η.
3168 2089 3248 2162 3).
3274 2089 3408 2145 Tum
3438 2092 3483 2145 is
3504 2108 3643 2165 papa
3681 2106 3851 2146 causa

541 2196 723 2242 tantur
749 2203 766 2242 :
793 2186 1064 2257 Incipiunt
1092 2187 1427 2260 exemplaria
1457 2186 1676 2244 concilii
1700 2184 1904 2242 Nicmni
1937 2186 2144 2243 directa
2247 2185 2406 2261 hujus
2434 2186 2779 2260 coquitianem
2812 2183 2952 2258 Rufa
2981 2184 3275 2252 committit,
3309 2185 3371 2240 ab
3396 2202 3558 2257 eoque
3579 2186 3851 2256 pradictas

539 2281 644 2337 sub
662 2278 752 2338 die
773 2298 825 2338 νι
857 2278 966 2338 kal.
1003 2282 1315 2339 Decembris
1346 2293 1467 2355 post
1494 2283 1842 2340 consulatum
1870 2283 2147 2356 gloriosis-
2249 2279 2517 2352 episcapos
2546 2279 2620 2333 sic
2646 2278 2912 2333 conveniri
2935 2281 3098 2345 iubet,
3154 2289 3210 2333 ut
3270 2278 3579 2349 intelligant
3630 2277 3677 2333 si
3727 2275 3853 2349 quid

542 2375 804 2431 simorum
845 2372 1241 2446 imperatorum
1276 2375 1501 2434 llouorii
1537 2392 1609 2433 χιι
1647 2387 1702 2433 ct
1731 2376 2027 2432 Theodosii
2052 2391 2147 2432 vnt
2250 2388 2279 2428 a
2323 2387 2383 2429 se
2438 2372 2634 2429 factum
2659 2382 2745 2427 est
2774 2380 2961 2427 contra
3011 2372 3487 2437 consuetudinem,
3545 2370 3695 2443 prius
3737 2384 3856 2426 esse

538 2468 741 2540 Attgg.,
761 2466 1043 2525 Bonifacio
1068 2470 1218 2525 urbis
1241 2466 1431 2526 Romzc
1449 2472 1732 2542 episcopo.
1754 2467 1887 2524 Tum
1913 2469 2150 2542 sequitur

544 2559 757 2615 Νίσανηί
783 2563 994 2617 concilii
1037 2562 1206 2633 fides,
1251 2564 1334 2617 cui
1370 2562 1481 2619 hate
1520 2560 1798 2635 subjicitur
1836 2563 2104 2617 annotatio
2130 2576 2150 2617 :

543 2653 683 2711 Huic
734 2656 987 2728 symbolo
1031 2659 1157 2713 lidei
1203 2659 1369 2713 etiam
1428 2660 1765 2730 exemplaria
1818 2667 2148 2715 statutorum

545 2748 792 2817 ejusdem
817 2750 1038 2805 concilii
1060 2748 1264 2806 Nicaenl
1282 2768 1310 2806 a
1336 2752 1653 2808 memoratis
1685 2748 2040 2821 pontiﬁcibus
2063 2768 2153 2807 an-

547 2856 687 2898 nexa
718 2850 876 2909 sunt,
919 2842 1056 2901 sicut
1105 2847 1357 2917 superius
1409 2862 1506 2917 per
1537 2846 1720 2902 omnia
1754 2846 2106 2903 continentur
2133 2887 2149 2912 ,

548 2950 667 3006 qua:
696 2949 798 2991 nos
832 2934 921 2991 hic
944 2937 1139 2992 iterum
1174 2937 1448 2994 conscribi
1479 2939 1849 2995 necessarium
1876 2953 1981 2993 non
2024 2953 2150 2995 esse

549 3026 907 3087 credidimus.
954 3030 1144 3086 Verum
1170 3042 1364 3086 statuta
1395 3032 1489 3087 illa
1519 3048 1610 3086 scu
1647 3048 1892 3098 canones,
1933 3048 2152 3103 quarunt

549 3139 708 3179 causa
738 3123 1029 3179 Orientales
1072 3122 1333 3179 Ecclesias
1363 3125 1464 3179 sibi
1489 3124 1832 3179 consulendus
1882 3122 1997 3195 Afri
2028 3141 2153 3179 cen—

547 3226 793 3278 suerunt,
830 3233 932 3270 non
967 3216 1119 3270 modo
1149 3217 1232 3271 hic
1252 3228 1376 3270 sunt
1407 3216 1756 3288 praetermissa
1781 3260 1796 3280 ,
1824 3214 1916 3270 sed
1944 3215 2099 3271 etiam
2131 3230 2158 3270 e

2251 2467 2601 2523 cessandum.
2632 2464 2763 2523 Cum
2792 2474 2964 2521 autem
2995 2481 3166 2521 causa:
3203 2466 3361 2538 hujus
3400 2466 3634 2537 cognitio
3675 2460 3856 2520 Martii

2255 2561 2315 2615 il
2349 2561 2434 2614 die
2462 2560 2589 2614 anni
2620 2560 2729 2614 £22
2754 2560 3168 2627 demandatasit,
3202 2559 3436 2615 I’errccii
3457 2559 3696 2617 libellum
3723 2561 3856 2615 circa

2253 2653 2487 2727 ejusdem
2518 2653 2643 2709 atmi
2673 2654 2877 2709 initium
2903 2654 3151 2726 scriptum
3186 2671 3295 2710 esse
3351 2654 3493 2709 haud
3522 2665 3715 2711 temere
3741 2670 3856 2709 con-

2244 2751 2522 2821 jectemus.

3022 2840 3093 2897 Χ.

2328 2932 2415 2989 12.
2443 2936 2767 3007 Augustinus
2791 2935 3064 3009 quemdam
3115 2950 3142 2989 e
3173 2934 3371 2991 clericis
3419 2934 3532 2989 suis
3582 2932 3862 2993 Antoninus

2246 3030 2462 3083 nomine
2504 3025 2917 3083 Fussalensibus
2983 3031 3281 3100 episcopum
3338 3039 3717 3102 prtcposucrat.
3761 3026 3862 3085 Sed

2256 3138 2373 3176 cum
2392 3118 2482 3177 ille
2500 3123 2711 3195 indigne
2736 3125 2945 3178 omnino
2973 3140 3026 3178 se
3055 3133 3274 3197 gereret.
3307 3134 3517 3183 coactus
3553 3136 3630 3182 est
3660 3122 3862 3197 Augus-

2256 3215 2394 3271 tinus
2425 3232 2529 3270 ttna
2557 3233 2671 3271 cum
2699 3217 2819 3271 aliis
2838 3214 3093 3287 episcopis
3122 3214 3425 3271 sententiam
3448 3218 3696 3271 adversus
3720 3214 3863 3270 illum

546 3308 674 3361 locis
693 3309 867 3362 citatis
892 3308 1215 3363 exciderunt.
1248 3307 1416 3363 Porro
1448 3325 1512 3363 ex
1533 3307 1631 3362 hac
1661 3309 2001 3382 inscriptione
2038 3325 2157 3377 per-
2183 3294 2229 3358 C
2264 3306 2432 3362 dicere
2460 3309 2731 3379 (August,
2773 3326 2855 3381 ep.
2894 3314 2944 3371 Ι,
2993 3310 3062 3363 ttd
3106 3308 3394 3377 Ccelestin.,
3425 3328 3477 3364 tt.
3504 3309 3561 3380 6,
3595 3310 3679 3379 9).
3723 3307 3865 3364 Tulit

550 3403 790 3471 spicuum
818 3415 924 3466 cst.
976 3403 1231 3474 Cyrillum
1266 3412 1309 3457 et
1341 3405 1566 3457 Atticum
1596 3418 1921 3475 nequaquam
1949 3404 2017 3457 ad
2045 3400 2155 3457 Bo-

552 3497 808 3567 uifacium
834 3542 847 3565 ,
880 3498 973 3551 sed
996 3497 1064 3551 ad
1088 3496 1244 3568 Afros
1275 3512 1408 3551 unos
1440 3498 1712 3569 scripsisse
1734 3538 1748 3561 ,
1778 3508 1826 3551 et
1857 3494 2016 3566 Afros
2044 3508 2160 3566 qua:

553 3588 617 3642 ab
640 3590 769 3663 ipsis
790 3602 1099 3658 acceperant
1120 3591 1342 3662 scripta,
1365 3588 1437 3647 26
1456 3590 1760 3645 Novembris
1780 3589 1862 3644 die
1878 3607 2002 3645 anu.
2023 3590 2154 3657 M9,

554 3684 626 3736 ad
650 3683 984 3753 Bonifacium
1007 3701 1199 3756 papam
1222 3702 1314 3756 per
1342 3683 1709 3739 Innocentium
1734 3684 2088 3756 presbyterum
2110 3694 2158 3739 et

561 3775 874 3830 Marcellum
908 3778 1283 3832 subdiaconum
1306 3778 1676 3832 transmisisse.

628 3866 682 3922 9.
720 3866 857 3922 Hinc
879 3866 1026 3922 nulla
1059 3868 1189 3939 fides
1225 3867 1463 3925 habenda
1486 3870 1654 3924 codici
1680 3868 1984 3926 Colbertiua
2014 3869 2158 3926 Lau-

556 3961 855 4033 gobardicis
886 3963 1073 4018 litteris
1105 3972 1324 4019 exarata
1343 4007 1357 4029 ,
1385 3963 1439 4018 in
1458 3980 1562 4038 quo
1595 3964 1867 4037 praemissa
1896 3966 2163 4035 superiore

555 4054 775 4127 epistola
796 4055 833 4111 2
860 4054 1111 4127 Afrorum
1135 4056 1206 4111 ad
1232 4053 1587 4132 Bonifacium,
1614 4058 1890 4133 subjicitur
1918 4074 1937 4113 :
1969 4057 2163 4131 Incipit

555 4150 787 4220 epistola
838 4149 1001 4207 Attici
1044 4152 1289 4224 episcopi
1329 4153 1589 4209 Ecclesltn
1625 4151 2047 4224 Consmutinop.
2093 4151 2159 4207 ad

554 4242 896 4301 Bonitacium
922 4244 1071 4301 urbis
1098 4245 1286 4302 Romae
1318 4248 1638 4319 episeopum
1671 4246 1796 4301 data
1826 4262 1947 4302 cum
1971 4258 2163 4301 exem-

553 4340 748 4410 plariis
771 4340 975 4397 Nicaeni
1006 4339 1252 4408 concilii,
1279 4340 1345 4396 de
1362 4337 1556 4397 Grtcco
1581 4338 1634 4396 in
1658 4340 1858 4398 Latino
1880 4338 2164 4395 translatis

557 4455 591 4496 a
620 4441 960 4497 beatissltuis
977 4441 1187 4514 Cyrillo
1215 4450 1271 4497 et
1289 4440 1473 4497 Attico
1490 4438 1763 4512 episc0pis
1775 4437 2163 4496 Alexandrina:

558 4544 616 4591 et
643 4534 1066 4607 Constantinop.
1109 4528 1403 4603 Ecclesia,
1433 4545 1488 4591 et
1515 4533 1739 4590 directis
1768 4548 1865 4604 per
1888 4532 2163 4588 Innocen-

557 4629 697 4683 tium
742 4628 1124 4701 presbyterum
1169 4644 1331 4682 suum
1379 4635 1437 4682 et
1478 4626 1728 4682 Asellum
1760 4624 2160 4680 subdiaconum

557 4714 827 4774 Ecclesia:
857 4718 1338 4791 Carthaginensis,
1366 4727 1427 4774 ut
1454 4720 1714 4787 superius
1735 4717 2030 4773 recitatum
2055 4727 2160 4772 est.
2189 4687 2241 4751 Ῑ)

558 4806 725 4863 Fides
771 4809 975 4865 Νῆιςωηί
1012 4806 1234 4866 concilii
1271 4825 1396 4866 cum
1425 4808 1601 4865 titulis
1637 4824 1726 4863 xx.
1759 4808 2002 4880 Epistola
2033 4824 2165 4865 vero

542 4900 637 4983 ita
668 4902 983 4957 continetur
1024 4920 1036 4956 :

633 5009 869 5074 Atticus,
896 5005 1194 5079 episcopus
1222 5005 1490 5063 Ecclesia:
1518 5004 2163 5078 Constantinopolitanae,

470 5140 483 5155 κ
561 5117 752 5167 sancto
780 5109 933 5165 fratri
957 5108 1266 5178 Bonitacio,
1291 5110 1451 5167 urbis
1473 5109 1661 5166 Roma:
1688 5109 1974 5191 episcopo,
2009 5113 2163 5168 salu-

560 5220 695 5266 tem.
741 5208 903 5269 Edidi
942 5223 1181 5267 canones
1212 5223 1532 5271 sanctorum
1564 5210 1785 5271 Patrum
1825 5212 2166 5285 Itolograplta

556 5325 749 5380 manu,
780 5317 834 5366 et
867 5309 1211 5397 subscriptus
1234 5326 1262 5364 a
1295 5328 1403 5378 me,
1433 5313 1628 5377 Amen.
1666 5312 1859 5371 Graeca
1890 5317 2165 5379 elementa

559 5412 878 5473 litterarum
915 5427 1177 5473 numeros
1207 5414 1517 5484 exprimere
1541 5458 1558 5483 ,
1587 5416 1772 5481 nullus
1809 5418 1901 5490 qui
1927 5419 2169 5481 tenuiter

560 5515 850 5575 VOiGl‘tBCl
893 5517 1169 5579 sormonil
1207 5517 1456 5581 notitiam
1489 5518 1689 5587 Itsbot,
1719 5520 1975 5591 ignorat.
2010 5530 2118 5581 om.
2147 5560 2165 5590 ,

563 5619 664 5673 hoc
697 5626 773 5675 est
795 5660 810 5685 ,
861 5618 1170 5676 omittuntur
1208 5617 1408 5689 reliqum
1448 5620 1602 5687 perba
1628 5623 1745 5694 eius
1766 5622 1950 5694 scripti
1971 5665 1988 5691 ,
2023 5622 2164 5694 quod

562 5717 837 5773 Formam:
868 5720 1022 5774 titula
1048 5719 1353 5791 insignitum
1379 5719 1436 5774 in
1463 5720 1701 5791 pluribus
1738 5723 1858 5778 aliis
1886 5722 2033 5785 libris
2057 5724 2163 5778 cir-

565 5822 875 5889 cumfertur.
922 5819 1074 5875 Unde
1109 5837 1164 5875 ut
1190 5822 1286 5876 illo
1330 5823 1618 5893 exemplari
1651 5836 1869 5896 apparet
1906 5825 2164 5882 nonnulla

571 5924 823 5993 confusio.
852 5922 1005 5977 Attici
1034 5932 1206 5979 autem
1240 5934 1287 5979 et
1318 5922 1503 6005 Cyrilli
1525 5924 1595 5980 ad
1611 5927 1767 5998 Afros
1790 5932 1986 6000 scripta
2005 5972 2020 5997 ,
2044 5947 2160 6001 qua:

2262 3404 2403 3457 omni
2428 3405 2787 3458 moderatione
2808 3405 3032 3474 plenam.
3087 3402 3271 3476 Neque
3301 3413 3469 3459 tamen
3514 3405 3762 3477 judicata
3789 3421 3862 3473 re,

2262 3500 2344 3553 cui
2370 3500 2593 3571 primum
2611 3500 2851 3554 assentiri
2874 3501 3011 3554 tisus
3033 3510 3127 3565 est,
3148 3504 3285 3555 stetit
3307 3500 3563 3556 Antonius
3591 3517 3610 3556 :
3630 3502 3722 3558 sed
3750 3517 3862 3556 ver-

2262 3605 2379 3646 suta
2434 3595 2687 3649 Suasione
2730 3604 2975 3649 sanctum
3019 3610 3205 3651 senem
3260 3595 3543 3665 primatem
3602 3594 3866 3649 Numidia:

2260 3686 2641 3757 gravissimum
2673 3688 2845 3740 virum
2868 3683 3230 3755 (Valentinum
3253 3686 3490 3743 uidelicet
3524 3682 3861 3743 Buianensem

2260 3779 2576 3850 episcOpum,
2605 3780 2693 3850 qui
2713 3779 3234 3852 superiari-epistalte
3257 3781 3293 3834 2
3316 3776 3615 3853 subscribit)
3633 3780 3862 3847 induxit,

2263 3881 2321 3926 ut
2352 3872 2526 3942 ipsum
2559 3871 2707 3927 velut
2765 3870 2913 3927 omni
2970 3872 3131 3927 modo
3177 3873 3505 3944 inculpatum
3556 3872 3864 3929 venerando

2265 3980 2417 4038 papa:
2459 3963 2737 4020 Bottil’acio
2785 3966 3216 4022 commendaret.
3251 3964 3431 4037 Hujus
3453 3968 3530 4022 rei
3565 3968 3737 4039 gratia
3763 3968 3866 4040 pri-

2262 4060 2416 4116 matis
2432 4062 2513 4115 sui
2539 4061 2811 4134 epistlam
2830 4069 3161 4137 consecutus,
3210 4076 3323 4115 eam
3354 4076 3459 4114 una
3502 4076 3622 4113 cum
3667 4058 3861 4125 libello,

2263 4155 2316 4208 in
2343 4169 2447 4225 qua
2473 4169 2591 4226 quae
2627 4152 2876 4208 adversus
2918 4171 2971 4209 se
3014 4162 3155 4229 gesta
3208 4163 3381 4219 erant,
3430 4171 3490 4209 co
3540 4170 3643 4226 quo
3684 4152 3863 4209 libebat

2266 4247 2421 4301 modo
2441 4245 2741 4311 enarrabat,
2763 4245 2831 4299 ad
2874 4242 3204 4316 Bauifacium
3238 4247 3395 4299 misit.

3024 4337 3116 4394 XI.

2339 4436 2427 4493 13.
2463 4433 2670 4490 Exinde
2720 4432 3003 4489 rescribens
3043 4430 3346 4504 Bonifacius
3394 4434 3583 4488 saltem
3634 4434 3860 4505 primati,

2267 4532 2545 4586 Antonium
2572 4530 2646 4585 sic
2669 4526 2910 4595 absolvit,
2933 4539 2988 4582 ut
3013 4526 3270 4598 pastorali
3297 4526 3553 4598 vigilique
3580 4528 3791 4583 cautela
3816 4528 3864 4583 iu

2269 4624 2486 4697 epistola
2516 4639 2611 4678 sua
2636 4621 2700 4677 de
2732 4623 2841 4694 ipso
2869 4621 3084 4692 loquens
3112 4628 3320 4694 poneret
3350 4638 3411 4675 ac
3438 4622 3654 4677 diceret.
3703 4621 3758 4679 Si
3782 4635 3866 4674 or-

2268 4719 2449 4774 dinem
2477 4732 2659 4773 rerum
2691 4715 2849 4771 nobis
2872 4715 3107 4772 lidclitet'
3128 4712 3384 4772 indicavit
3411 4713 3686 4791 (August.,
3717 4714 3865 4782 ibid.,

2268 4830 2323 4868 η.
2350 4813 2432 4885 9).
2468 4812 2575 4869 Sed
2612 4829 2675 4867 ne
2732 4811 2870 4865 hunc
2908 4826 3083 4866 rerum
3114 4808 3346 4865 ordinent
3374 4811 3567 4864 certius
3603 4810 3866 4876 edisceret,

2266 4904 2753 4961 moxintsrvenieus
2782 4905 2897 4960 vita!
2945 4902 3066 4975 ﬁnis
3107 4898 3391 4978 prohibuit.
3445 4892 3630 4975 Neque
3680 4904 3864 4957 mirum

2267 4999 2612 5066 tideridebet,
2664 4994 3127 5070 prudentissimum
3185 5011 3375 5070 papaut
3430 4995 3865 5050 commendatitiis

2268 5093 2505 5167 primatis
2533 5093 2715 5148 litteris
2746 5102 2945 5146 tantum
2994 5090 3259 5158 detulisse,
3287 5106 3403 5144 cum
3433 5090 3487 5144 in
3502 5089 3727 5163 judiciis
3766 5086 3868 5161 epi-

2268 5202 2543 5260 scoporum
2572 5183 2731 5255 (Vide
2762 5202 2940 5258 supra,
2966 5201 3087 5256 pag.
3123 5178 3252 5251 527,
3278 5184 3340 5252 C,
3372 5190 3420 5236 et
3452 5182 3581 5247 555,
3614 5181 3683 5251 Α)
3738 5176 3865 5235 nihil

2270 5292 2456 5355 prater
2476 5279 2837 5335 conscientiam
2857 5274 3259 5350 metropolitani,
3286 5275 3437 5346 cujus
3468 5275 3641 5330 locum
3673 5270 3866 5328 tenebat

2266 5376 2323 5429 in
2372 5373 2552 5445 Africa
2600 5372 2819 5443 primas,
2869 5369 2955 5443 agi
2998 5367 3232 5435 soleret;
3282 5384 3343 5420 ac
3373 5366 3683 5421 nominatim
3731 5379 3865 5418 anno

2270 5464 2400 5534 597,
2424 5466 2478 5519 in
2500 5462 2721 5519 concilio
2743 5460 3143 5534 Carthaginensi
3163 5476 3244 5529 ιιι,
3270 5476 3388 5515 can.
3422 5459 3477 5525 7,
3502 5456 3717 5514 Aurelio
3740 5472 3867 5527 pra:-

2269 5563 2506 5630 loquente
2531 5556 2783 5614 sancitum
2813 5565 2975 5612 esset:
3012 5554 3270 5627 Quisquis
3294 5554 3677 5625 episc0pornm
3715 5567 3865 5608 accu-

2264 5661 2437 5717 satur,
2470 5647 2537 5704 ad
2571 5650 2855 5720 primatem
2884 5647 3174 5717 provinciae
3193 5646 3362 5717 ipsius
3390 5661 3609 5702 causam
3638 5644 3865 5702 delerat.

2269 5744 2377 5802 Sed
2398 5760 2460 5799 ne
2486 5742 2602 5809 quis
2631 5741 2977 5815 Augustinum
3009 5740 3198 5812 culpet,
3230 5736 3367 5811 quod
3390 5738 3603 5795 Antonii
3606 5735 3865 5815 judicium

2267 5850 2372 5894 non
2399 5834 2703 5911 prarmonito
2730 5832 2951 5905 primate
2971 5846 3242 5906 aggressus
3268 5832 3357 5899 sit,
3403 5832 3688 5886 meminerit
3730 5826 3864 5884 istud

2268 5932 2421 5985 etiam
2451 5944 2483 5980 a
2509 5921 2903 5997 Carthaginensi
2929 5939 2967 5979 tt
3006 5922 3246 5993 concilio,
3300 5940 3419 5979 can.
3481 5920 3572 5991 10,
3622 5918 3861 5993 permitti,
