4122 6346
257 382 360 440 780

1228 373 1555 431 DECRETA
1593 373 1690 430 EX
1730 373 2084 431 EPISTOLIS
2128 373 2184 432 S.
2234 373 2597 433 BONIFACII.

3477 374 3584 431 790

254 506 311 553 ut
332 498 378 552 si
407 496 527 568 quis
553 494 842 566 cpiscopus
873 494 928 548 in
955 498 1169 548 reatum
1196 489 1435 559 aliquem
1467 487 1784 554 incurrerit,
1819 499 1870 542 et
1900 494 1944 548 Α
1977 488 2100 541 dam
2128 487 2282 542 modo
2313 489 2588 554 Antonius,
2620 495 2796 560 utpote
2824 487 2876 542 in
2925 492 3037 561 ejus
3061 487 3320 543 territorio
3367 488 3586 559 ipsemet

252 587 419 645 fuerit
444 587 497 644 ei
526 586 694 643 nimia
722 586 1024 641 necessitas
1051 598 1162 637 non
1213 595 1382 653 posse
1425 582 1689 651 plurimos
1739 595 1865 636 con-

254 697 505 754 gregare,
542 696 610 736 ne
652 681 708 736 in
737 680 971 736 crimine
1003 686 1312 745 remaneat,
1347 691 1375 729 a
1405 674 1694 729 duodecim
1752 674 1896 748 cpi-q

253 777 437 848 $c0pis
464 775 735 831 audiatur.
761 773 840 829 Ad
863 775 972 828 lucc
995 773 1291 846 Augustino
1314 770 1578 846 subjectus
1606 778 1716 823 erat
1737 785 1869 842 quo-

1977 591 2174 652 petente
2202 583 2472 654 episc0pus
2500 582 2774 635 novissime
2795 589 3020 636 creatus.
3051 579 3202 636 Unde
3221 589 3271 636 et
3302 579 3448 636 illius
3490 599 3586 635 no-

1978 691 2091 730 men
2118 691 2218 728 non
2241 675 2309 728 ad
2337 677 2633 746 primatem,
2665 673 2752 727 sed
2772 673 2838 726 ad
2872 675 3216 744 Augustinum
3243 671 3588 728 Fussalenses

1981 769 2302 823 detulerunt.

474 1006 1038 1098 DECRETA
1116 1011 1289 1092 EX
1364 1005 1968 1092 EPISTOLIS
2044 1010 2130 1092 S.
2223 1009 2815 1096 BONIFACII
2890 1013 2928 1093 Ι
3007 1014 3362 1096 PAP/E.

743 1285 878 1341 Sunt
901 1294 1082 1340 autem
1113 1285 1403 1355 desumpta
1447 1299 1512 1340 ex
1578 1284 1818 1340 decretis
1856 1281 2102 1341 Gratiani
2127 1330 2140 1352 ,
2188 1298 2244 1344 et
2278 1306 2346 1346 ex
2383 1294 2610 1348 vetustis
2635 1293 2911 1350 codicibus
2940 1293 3083 1350 aliis.

421 1493 552 1547 Ante
579 1508 744 1546 unitos
778 1491 989 1562 triginta
1013 1494 1284 1562 presbyter
1306 1509 1409 1546 non
1439 1490 1727 1545 ordinetur.

335 1585 390 1642 Si
423 1586 544 1656 quis
577 1584 797 1654 triginta
832 1586 1014 1639 aetatis
1044 1600 1156 1640 sua:
1191 1600 1298 1639 non
1330 1583 1641 1653 impleverit
1669 1597 1868 1648 annos,

263 1678 418 1734 nullo
446 1678 604 1733 modo
642 1676 930 1748 presbyter
954 1675 1267 1744 ordinetur,
1298 1675 1516 1731 etiamsi
1539 1673 1878 1730 valdesitdi-

264 1785 422 1842 gnus.
439 1769 504 1824 Et
518 1770 632 1839 ipse
645 1769 909 1824 Dominus
926 1768 1205 1824 tricesimo
1220 1783 1364 1823 anno
1379 1769 1685 1837 baptizatus
1699 1777 1803 1835 est,
1822 1776 1879 1825 et

1981 1397 2000 1470 (
2036 1398 2050 1451 l
2082 1398 2244 1455 Joau.
2290 1417 2348 1456 ut
2379 1400 2422 1473 ).
2455 1401 2525 1458 Et
2573 1413 2698 1474 post
2749 1405 3025 1473 paululum
3071 1423 3085 1459 :
3131 1405 3314 1462 Omnis
3344 1407 3434 1478 qui
3476 1407 3588 1462 odit

1978 1493 2222 1562 fratrem,
2255 1493 2518 1549 homicida
2548 1507 2641 1551 est.
2680 1499 2780 1553 Et:
2813 1499 2973 1554 Scitis
2999 1501 3247 1570 quoniam
3277 1501 3445 1555 omnis
3487 1500 3587 1554 lto-

1978 1586 2175 1640 micida
2230 1604 2329 1641 non
2377 1588 2528 1643 habet
2577 1591 2738 1643 vitam
2791 1600 3040 1646 arternam
3092 1596 3144 1645 in
3195 1610 3248 1647 se
3297 1603 3591 1648 manentem

1981 1680 2145 1751 (ibid.
2171 1681 2209 1750 ).
2240 1681 2377 1737 Ecce
2400 1681 2676 1738 homicida
2706 1696 2830 1738 esse
2861 1685 3219 1754 probabiliter
3248 1686 3587 1755 declaratur,

1979 1777 2126 1845 quia
2158 1775 2397 1832 fraterna
2440 1777 2704 1833 societate
2746 1778 3033 1833 dividitur.
3073 1778 3208 1834 Nam
3256 1779 3364 1836 etsi
3396 1795 3590 1837 manus

265 1863 346 1920 sic
373 1865 543 1936 cmpit
575 1862 798 1918 docere.
838 1862 1064 1932 Oportet
1091 1877 1227 1932 ergo
1258 1877 1382 1916 enm
1415 1865 1508 1934 qui
1541 1877 1871 1918 consecran-
1904 1844 1952 1905 Β
1981 1883 2085 1923 non
2114 1880 2329 1925 moveat
2361 1869 2427 1924 ad
2459 1869 2816 1926 occidendum
2843 1913 2857 1938 ,
2893 1888 2999 1940 pro
3025 1887 3093 1928 eo
3119 1883 3302 1928 tamen
3339 1873 3465 1942 quia
3501 1873 3590 1926 ni-

263 1955 366 2011 dus
389 1966 476 2011 est
499 1997 515 2025 ,
553 1970 726 2026 usque
753 1953 819 2009 ad
856 1953 997 2010 hanc
1021 1954 1324 2024 legitimam
1349 1964 1565 2009 aetatem
1598 1970 1705 2008 non
1736 1967 1869 2008 con-

267 2048 494 2106 secrari.
531 2043 614 2100 Ex
644 2044 776 2103 Can.
808 2061 844 2100 ll
872 2043 1032 2100 Cone.
1071 2045 1312 2100 Neoctes.

1048 2160 1113 2216 Il.

267 2255 491 2310 Printati
521 2255 834 2326 deferuntur
865 2255 1074 2324 negotia
1105 2270 1220 2325 qua:
1248 2253 1675 2323 ittetrOpolitanus
1705 2253 1871 2323 arpli-

860 2363 979 2401 care
1005 2364 1106 2401 non
1134 2346 1287 2402 valet.

335 2442 395 2499 Si
428 2443 571 2497 inter
591 2440 884 2513 episcopos
905 2439 1156 2510 ejusdem
1176 2437 1678 2495 conciliidubitatiu
1696 2452 1872 2492 emer-

268 2538 403 2595 serit
432 2537 501 2593 de
528 2537 912 2602 ecclesiastico
941 2536 1086 2606 jure,
1118 2543 1173 2590 et
1201 2534 1270 2590 de
1301 2535 1430 2588 aliis
1459 2533 1696 2604 negotiis
1716 2577 1730 2602 ,
1762 2534 1876 2603 pri-

270 2649 415 2688 mum
452 2632 912 2702 metrOpolitanus
941 2647 1135 2688 eorum
1161 2645 1285 2686 cum
1309 2629 1429 2686 aliis
1456 2628 1785 2700 quibusdam
1821 2628 1872 2680 in

269 2727 505 2782 concilio
553 2725 921 2783 considerans
949 2741 1063 2780 rem
1116 2723 1420 2793 dijudicet;
1469 2732 1525 2777 et
1555 2723 1599 2776 si
1649 2737 1755 2776 non
1785 2735 1876 2776 ac-

272 2819 516 2891 quiescat
568 2829 803 2890 utraque
833 2833 962 2889 pars
990 2817 1284 2887 judicatis,
1321 2826 1448 2871 tunc
1482 2815 1685 2886 primas
1731 2815 1878 2869 illius

275 2912 513 2980 regionis
561 2912 711 2966 inter
767 2911 916 2980 ipsos
965 2909 1191 2965 audiat:
1227 2917 1284 2964 et
1311 2907 1452 2978 quod
1494 2906 1798 2962 canonibus
1824 2914 1880 2960 et

276 3002 490 3076 legibus
536 3012 968 3058 consentaneum
1028 3003 1131 3068 sit,
1182 2999 1284 3055 hoc
1317 2999 1574 3055 (liftiniat.
1614 3000 1680 3054 Iit
1726 2998 1877 3052 nulla

275 3112 406 3169 pars
430 3097 605 3153 valeat
631 3097 846 3152 calculo
875 3095 996 3166 ejus
1023 3094 1425 3152 contradicere.
1459 3091 1554 3149 Est
1582 3102 1882 3162 excerptum

275 3205 338 3246 ea:
368 3187 576 3245 Nooell.
604 3187 888 3245 Justiniani
923 3187 1044 3258 19.3,
1071 3204 1188 3259 cap.
1217 3187 1305 3242 22.

352 3376 624 3448 Quidquid
656 3375 880 3434 Domino
922 3385 1288 3445 consecratur,
1337 3377 1405 3429 ad
1447 3378 1540 3446 jus
1585 3377 1808 3446 pertinet

929 3470 1236 3524 sacerdotis.

349 3563 495 3620 Nulli
539 3563 704 3620 liceat
757 3564 1012 3632 ignorare
1053 3563 1198 3634 quod
1240 3578 1402 3618 omne
1453 3561 1600 3631 quod
1646 3561 1883 3617 Domino

279 3669 664 3722 consecratur,
705 3657 822 3712 sive
855 3655 1018 3712 literit
1069 3657 1267 3724 homo,
1323 3655 1441 3711 sive
1495 3656 1732 3722 animal,
1762 3657 1881 3712 sive

276 3767 409 3823 ager
430 3793 444 3817 ,
489 3745 572 3807 vel
600 3749 863 3822 quidquid
898 3750 1058 3804 luerit
1087 3751 1255 3805 semel
1289 3757 1671 3804 consecratum
1699 3790 1714 3816 ,
1748 3764 1878 3802 san-

279 3853 430 3900 ctum
463 3845 569 3899 erit
599 3845 857 3913 Domino,
887 3852 944 3900 et
994 3844 1060 3898 ad
1107 3843 1197 3913 jus
1238 3844 1476 3914 pertinet
1530 3844 1878 3900 sacerdotum

282 3937 490 4009 (Leuit.
538 3937 656 4011 27).
705 3939 935 4009 Propter
976 3939 1116 4008 quod
1145 3938 1540 3994 inexcusabilis
1573 3940 1674 3993 erit
1704 3939 1883 3994 omnis

280 4031 372 4102 qui
399 4046 520 4101 quae
545 4045 573 4084 a
603 4029 835 4085 Domino
857 4041 909 4085 ct
934 4031 1165 4086 ecclesia
1200 4030 1288 4085 cui
1317 4039 1654 4099 competunt,
1681 4032 1880 4096 aufert,

284 4131 466 4176 vastat
497 4130 551 4177 et
575 4121 785 4176 invidat
813 4167 826 4191 ,
863 4122 950 4178 vel
985 4123 1142 4192 erigit
1176 4141 1188 4177 :
1221 4132 1274 4177 et
1307 4137 1481 4194 usque
1503 4123 1578 4176 ad
1624 4123 1883 4178 emenda-

284 4217 524 4283 tionem,
570 4215 930 4286 ecclesizeque
978 4215 1446 4282 satisfactionem,
1481 4226 1537 4271 ut
1585 4217 1884 4290 sacrilegus

283 4305 561 4377 judice‘tur
593 4327 605 4359 :
641 4316 696 4363 ct
722 4307 766 4362 si
815 4306 1111 4364 emendare
1141 4308 1412 4374 noluerit,
1445 4309 1888 4365 excommunlce-

287 4411 392 4459 tur.
428 4400 526 4457 Est
570 4405 679 4474 fere
724 4411 887 4456 totum
928 4418 991 4456 ea:
1031 4401 1122 4456 lib.
1157 4418 1210 4457 vt
1237 4401 1529 4471 Capitular.
1571 4419 1689 4473 cap.
1733 4401 1861 4458 405.

1053 4497 1141 4552 IV.

360 4591 555 4647 Nullus
609 4580 901 4663 episcopus
925 4635 939 4659 ,
975 4610 1152 4666 neque
1185 4610 1283 4664 pro
1333 4594 1479 4649 civili
1509 4636 1522 4660 ,
1582 4610 1758 4665 neque
1791 4609 1891 4665 pro

287 4685 561 4741 criminali
586 4701 750 4742 causa
779 4687 920 4756 apud
939 4687 1188 4758 quemvis
1208 4689 1473 4759 judicem,
1505 4688 1627 4742 sive
1651 4687 1890 4756 civilem,

290 4783 410 4837 sive
443 4779 740 4836 militarem
763 4823 778 4849 ,
812 4783 1178 4853 producatur,
1206 4787 1289 4840 vel
1319 4785 1660 4840 exhibentur.
1695 4785 1892 4856 Magis-

293 4884 465 4929 tratus
498 4875 645 4929 enim
671 4875 760 4945 qui
797 4875 914 4930 hoc.
942 4875 1137 4947 jubere
1170 4892 1334 4932 ausus
1363 4876 1526 4932 fuerit
1559 4921 1572 4944 ,
1599 4879 1898 4935 amissione

287 4967 489 5040 cinguli
518 4968 968 5026 condemnatione
1001 4971 1288 5042 plectetur.

1062 5063 1125 5118 γ.

439 5159 520 5216 De
542 5161 798 5233 episcOpis
827 5164 916 5234 qui
940 5163 1194 5234 fratribus
1222 5180 1404 5219 nocere
1432 5165 1749 5220 desiderant.

365 5252 522 5314 Sicut
541 5254 709 5307 omnis
730 5255 818 5324 qui
845 5253 1020 5325 diligit
1046 5258 1264 5326 fratrem
1295 5273 1444 5310 suum
1473 5301 1486 5324 ,
1517 5274 1582 5312 ex
1611 5256 1722 5314 Deo
1745 5264 1900 5314 natus

297 5355 374 5400 est
403 5345 460 5417 (I
489 5346 652 5400 Joan.
693 5346 806 5418 tv),
842 5349 914 5401 ita
962 5359 1016 5403 et
1053 5349 1235 5404 omnis
1275 5352 1365 5420 qui
1399 5350 1510 5404 odit
1541 5353 1850 5422 proximum
1881 5396 1896 5421 ,

296 5456 364 5496 ex
395 5441 616 5496 diabolo
663 5451 768 5497 est.
819 5443 1123 5498 Dilectione
1155 5443 1298 5498 enim
1343 5447 1454 5497 sola
1490 5446 1858 5504 discernimus
1883 5493 1896 5516 ,

297 5537 392 5608 qui
417 5553 483 5592 ex
512 5551 625 5608 quo
652 5537 874 5607 genitus
903 5537 1239 5608 approbatur
1261 5584 1274 5603 ,
1306 5537 1520 5593 dicente
1541 5538 1793 5594 Joanne:
1833 5538 1896 5591 In

302 5631 397 5684 hoc
444 5629 708 5700 manifesti
749 5640 871 5684 sunt
903 5631 1000 5700 ﬁlii
1033 5627 1164 5696 Dei,
1215 5643 1262 5685 et
1301 5631 1399 5701 [itii
1433 5632 1674 5685 diaboli:
1733 5633 1903 5686 onmis

302 5727 390 5795 qui
422 5741 527 5779 non
583 5725 710 5796 facit
745 5725 1044 5789 justitiam,
1088 5735 1135 5778 et
1188 5725 1276 5794 qui
1325 5741 1428 5778 non
1477 5725 1653 5795 diligit
1686 5727 1907 5797 fratrem

307 5835 479 5882 suum,
512 5834 615 5872 non
639 5797 720 5871 est
751 5833 816 5871 ex
845 5815 951 5870 Deo
977 5833 996 5871 .'
1024 5819 1272 5888 quoniam
1301 5819 1409 5872 lucc
1438 5827 1514 5873 est
1546 5821 1901 5889 annuntiatio,

307 5929 461 5983 quam
513 5911 576 5965 ab
643 5912 793 5965 initio
838 5911 1094 5976 audistis,
1149 5924 1202 5966 ut
1259 5913 1542 5985 diligamus
1595 5912 1905 5966 alterutrum

1978 1960 2110 2014 titur
2157 1959 2226 2014 ad
2267 1959 2610 2028 nocendum,
2657 1961 2770 2031 jam
2815 1976 2846 2016 a
2881 1963 2990 2019 Deo
3029 1961 3308 2018 homicida
3336 1972 3578 2019 tenetur.

1977 2051 2123 2107 Vivit
2153 2051 2272 2116 ille,
2328 2062 2383 2107 et
2413 2053 2519 2109 iste
2545 2052 2659 2124 jam
2691 2053 3014 2110 interfector
3043 2055 3413 2112 convincitur.
3444 2056 3582 2112 Cum

1975 2145 2143 2214 igitur
2172 2143 2259 2200 bis
2290 2144 2580 2216 prteceptis
2635 2145 2695 2200 Β.
2739 2146 3044 2217 Apostolus
3092 2147 3298 2204 Paulus
3342 2141 3589 2206 corisona

1978 2237 2370 2308 prmdicatione
2400 2237 2724 2305 concordet,
2753 2240 2986 2295 dieens:
3019 2239 3142 2294 Non
3171 2241 3377 2296 occidat
3404 2243 3488 2296 sol
3506 2260 3595 2297 su-

1975 2349 2066 2403 per
2088 2333 2422 2388 iracundiam
2450 2343 2674 2389 vestram
2699 2351 2719 2400 ;
2746 2332 2852 2403 Et}
2888 2333 3070 2390 Nolite
3107 2333 3282 2389 locum
3310 2334 3442 2390 dare
3471 2337 3588 2391 dia-

1976 2425 2096 2480 bolo
2123 2429 2141 2496 (
2169 2424 2361 2496 Ephes.
2397 2441 2450 2480 tv
2473 2425 2528 2497 );
2557 2425 2745 2482 relata:
2770 2436 2897 2481 sunt
2922 2427 3085 2482 nobis
3107 2427 3471 2497 quorumdam
3499 2444 3589 2483 sa-

1975 2521 2260 2576 cerdotum
2289 2535 2536 2590 personae
2555 2521 2610 2575 in
2629 2529 2834 2576 tantam
2857 2522 3246 2577 obstinationis
3269 2521 3594 2580 eﬂ‘erbuisse

1976 2613 2306 2669 discordiam
2339 2657 2351 2680 ,
2383 2625 2444 2669 ut
2481 2631 2588 2670 non
2618 2617 2798 2671 solum
2828 2618 2953 2672 illos
2987 2617 3057 2672 ab
3086 2617 3168 2672 ira
3196 2633 3426 2673 occasus
3457 2619 3590 2674 so‘ls

1980 2721 2086 2760 non
2118 2716 2374 2774 revocet,
2404 2707 2498 2763 sed
2524 2723 2591 2762 nc
2621 2723 2828 2764 annosa
2875 2708 3094 2780 quidem
3127 2710 3425 2764 transactio
3454 2720 3592 2765 tem-

1979 2799 2130 2870 poris
2160 2800 2225 2855 ad
2252 2801 2450 2856 bonum
2495 2801 2782 2858 charitatis
2813 2802 3080 2867 reclinet,
3115 2802 3316 2873 quippe
3356 2801 3414 2857 in
3444 2818 3586 2873 quo-

1978 2910 2100 2948 rum
2133 2895 2392 2951 cordibus
2445 2895 2589 2951 idem
2633 2896 2718 2952 sol
2754 2896 2982 2966 justitize
3009 2895 3261 2952 Christus
3291 2897 3587 2964 occubuit,

1981 3001 2038 3044 ut
2070 2989 2136 3044 ad
2187 2989 2366 3044 lumen
2417 2989 2704 3047 charitatis
2745 2991 2928 3047 redire
2958 2991 3050 3047 vix
3082 2992 3318 3062 possint.
3377 2991 3584 3047 Horum

1983 3082 2148 3151 igitur
2178 3091 2232 3136 et
2260 3081 2520 3137 similium
2539 3081 2972 3138 discordantium
2999 3081 3228 3137 lratrum
3253 3082 3584 3148 oblationes,

1978 3174 2130 3245 juxta
2159 3176 2366 3245 antiqui
2390 3175 2615 3230 canonis
2630 3174 3042 3244 dilﬂnitionem,
3073 3175 3222 3230 nullo
3249 3176 3412 3231 modo
3439 3176 3586 3230 reci-

1905 3235 1950 3296 C
1987 3267 2213 3337 piendas
2238 3281 2362 3322 esse
2392 3281 2705 3323 censemus.
2741 3267 3001 3322 Personis
3033 3279 3214 3322 tamen
3266 3265 3593 3322 discordan-

1985 3360 2168 3427 tibus,
2224 3359 2278 3414 id
2319 3360 2542 3430 speciali
2589 3359 2918 3416 dilﬁnitione
2979 3359 3353 3430 praecipimus,
3401 3370 3464 3413 ut
3493 3374 3591 3416 eos

1983 3460 2112 3507 ante
2140 3450 2516 3507 reconciliatio
2549 3467 2675 3508 vera
2709 3453 2982 3520 innectat,
3011 3466 3172 3522 quam
3205 3451 3349 3506 ullus
3394 3465 3589 3506 eorum

1983 3543 2247 3599 accedere
2277 3543 2344 3598 ad
2373 3544 2546 3600 altare
2578 3543 2793 3601 Domini
2824 3544 3042 3608 audeat,
3068 3544 3154 3600 vel
3177 3545 3411 3615 gratiam
3433 3557 3591 3600 com-

1985 3638 2260 3693 munionis
2307 3647 2512 3693 sanctae
2544 3638 2812 3709 percipiat
2842 3655 2855 3694 :
2887 3637 2982 3694 sed
3015 3638 3294 3708 geminato
3339 3647 3590 3706 tempore

1987 3749 2082 3802 per
2116 3734 2487 3803 ptenitentiam
2511 3735 2975 3804 compensabunt,
3015 3747 3128 3804 quo
3155 3731 3448 3788 discordias
3471 3745 3588 3788 ser-

1987 3830 2219 3884 vierunt.
2246 3828 2400 3897 Quod
2429 3829 2474 3884 si
2505 3845 2645 3884 unus
2666 3843 2858 3885 eorum
2883 3871 2898 3895 ,
2923 3827 3032 3883 alio
3062 3833 3454 3883 contemnente
3473 3866 3489 3892 ,
3522 3825 3590 3880 ad
3657 3852 3662 3857 -

1987 3923 2416 3979 Satisfauetionein
2449 3925 2733 3979 cltaritatis
2778 3923 3117 3989 cucurrerit,
3149 3936 3220 3976 ex
3247 3935 3314 3976 eo
3347 3930 3594 3990 tempore

1983 4017 2095 4087 jam
2126 4018 2386 4087 pacificus
2417 4023 2558 4071 intra
2594 4016 2900 4072 Ecclesiatn
2931 4016 3259 4085 recipietur,
3295 4029 3363 4069 ex
3391 4027 3498 4082 quo
3528 4010 3596 4066 ad

1987 4113 2336 4168 concordiam
2369 4112 2658 4167 iesﬁnasse
2689 4111 3073 4172 convincitur;
3105 4108 3375 4162 sententia
3412 4118 3594 4160 tamen

1987 4207 2256 4277 superiori
2288 4214 2524 4274 servata,
2560 4214 2618 4259 ut
2667 4214 2888 4275 tempus
2921 4202 3066 4274 quod
3097 4202 3150 4256 in
3186 4201 3267 4254 ira
3297 4197 3596 4268 expendit,

1987 4300 2322 4374 geminatum
2347 4299 2682 4370 paenitentia:
2715 4295 3096 4354 satisfactione
3129 4293 3426 4366 persolvat.

2752 4389 2841 4446 VI.

1996 4490 2057 4550 Si
2106 4489 2378 4561 episcopus
2408 4486 2657 4558 expulsus
2689 4492 2850 4540 aus'us
2886 4482 3042 4554 fuerit
3080 4479 3285 4552 ingredi
3327 4476 3607 4531 civitatem.

2069 4586 2124 4641 Si
2151 4585 2445 4654 episcopus
2478 4580 2742 4652 expulsus
2788 4592 2952 4632 ausus
2979 4573 3145 4629 fuerit
3176 4569 3388 4643 ingredi
3417 4566 3613 4622 civita-

2003 4692 2112 4737 tem
2131 4695 2233 4750 qua
2253 4679 2519 4752 expulsus
2543 4686 2646 4743 est,
2666 4674 2750 4730 vel
2776 4671 2928 4728 exire
2959 4670 3028 4725 de
3048 4669 3172 4723 loco
3196 4667 3249 4720 in
3279 4677 3388 4735 quo
3414 4661 3616 4730 degere

1997 4775 2182 4847 jussus
2207 4783 2289 4828 est
2314 4815 2326 4838 ,
2356 4772 2615 4844 jubemus
2640 4783 2766 4824 eum
2799 4766 2851 4820 in
2877 4760 3250 4825 monasterio,
3276 4757 3330 4813 in
3363 4755 3468 4811 alia
3496 4767 3618 4825 pro—

2001 4867 2181 4921 vincia
2215 4865 2540 4929 constituto,
2575 4861 2744 4925 tradi,
2774 4867 2837 4913 ιιι
2865 4859 2955 4929 qui
2991 4857 3042 4910 in
3072 4851 3386 4909 sacerdotio
3420 4861 3616 4920 pecca-

2004 4962 2110 5026 vit,
2142 4959 2349 5031 degens
2382 4955 2711 5012 monasteria
2743 4955 3071 5022 corrigatur.

2752 5067 2863 5122 VII.

2426 5166 2506 5219 Ad
2537 5163 2902 5219 Eleutherium
2939 5160 3197 5214 comitem.

2081 5263 2392 5334 Requisivit
2423 5268 2512 5315 tua
2547 5260 2632 5336 pia
2674 5257 2908 5314 intentio
2939 5255 3181 5328 qualiter
3217 5248 3531 5306 oblationes
3562 5252 3619 5300 et

2006 5356 2239 5411 decimae
2295 5351 2546 5410 ﬁdelium
2598 5350 2836 5406 debeant
2882 5345 3189 5418 diSpcrtiri.
3253 5343 3622 5399 Decessorum

2005 5451 2189 5519 itaque
2204 5454 2514 5502 nostrorum
2540 5451 2741 5499 statuta
2767 5429 3451 5513 sequentes,jubemusde
3471 5429 3623 5484 deci-

2004 5540 2109 5594 mis
2141 5549 2192 5592 ct
2215 5537 2588 5592 oblationibus
2610 5546 2847 5607 quatuor
2870 5533 2988 5588 fieri
3015 5529 3299 5603 portiones
3317 5571 3332 5592 ,
3364 5520 3626 5578 videlicet

2007 5641 2064 5686 ut
2094 5631 2196 5686 sibi
2233 5632 2463 5700 primam
2492 5629 2783 5702 episcopus
2818 5628 3054 5689 habeat,
3089 5618 3386 5675 secundam
3422 5615 3616 5670 Eccle-

2007 5725 2102 5781 sia:
2151 5725 2383 5792 tribuat,
2441 5724 2658 5778 tertiam
2719 5738 2857 5781 vero
2918 5713 3255 5788 pauperibus
3302 5708 3620 5775 concedat,

2010 5827 2260 5890 quartam
2295 5828 2477 5873 autem
2506 5817 2725 5873 clericis
2761 5814 2984 5869 noverit
3015 5806 3385 5879 erogandam;
3422 5805 3488 5857 ita
3521 5801 3625 5858 sci-

2014 5916 2136 5970 licet
2165 5924 2223 5967 nt
2259 5929 2355 5985 pro
2383 5927 2638 5983 persona,
2673 5919 2729 5965 et
2756 5911 2905 5976 loco,
2936 5914 2990 5961 ct
3026 5905 3222 5959 merito
3256 5903 3348 5956 ﬁat
3373 5898 3481 5955 illis
3513 5895 3627 5952 dis-
