4122 6346
501 249 601 304 791
1453 249 1512 308 S.
1563 245 2010 304 GAUDENTIUS
2054 243 2426 302 EPISCOPUS
2472 243 2868 304 BRIXIANUS.
3705 250 3806 309 792

498 371 724 427 tributio
747 372 1006 444 partium,
1033 371 1160 428 inde
1181 371 1235 427 in
1261 370 1559 442 majoribus
1576 368 1824 425 ecclesiis
1843 366 2102 437 militent,
2133 370 2179 428 Λ
2210 376 2264 422 et
2295 366 2560 437 majorum
2603 367 3084 424 constitutionibus
3129 369 3372 425 diversas
3418 369 3490 425 sit
3518 369 3806 442 dignitates

495 469 614 523 sive
635 467 690 522 in
717 467 1028 524 civitatibus
1059 475 1115 522 et
1135 466 1278 522 villis
1311 465 1645 522 ministrent.
1677 464 1732 518 Si
1761 463 1910 518 enim
1940 462 2104 516 unius
2144 463 2155 472 ’
2209 461 2431 530 sortita,
2463 471 2522 515 ut
2577 461 2700 517 aliae
2742 462 2992 518 dicantur
3022 465 3284 519 matrices
3339 465 3606 521 Ecclesia:
3628 509 3642 534 ,
3691 467 3810 524 alia;

500 560 769 617 Ecclesiae
800 561 900 615 filii
923 570 1048 615 sunt
1071 603 1084 626 ,
1117 570 1169 616 et
1193 577 1355 615 unam
1388 568 1614 614 matrem
1655 558 1857 613 habent
1900 557 2105 612 Eccle-
2210 554 2527 609 matricibus
2568 556 2724 626 quasi
2758 556 3024 611 matribus
3049 557 3173 612 filice
3205 557 3459 614 subditze.
3516 559 3648 626 Qua:
3687 575 3806 617 cum

499 653 659 720 siam,
685 669 783 708 cur
812 670 920 708 non
944 669 1140 709 omnes
1170 654 1330 708 unius
1353 652 1546 708 matris
1569 651 1839 720 stipendia
1869 654 2106 706 sortian-
2206 647 2282 702 ita
2313 647 2462 712 sint,
2504 663 2601 701 cur
2635 663 2742 703 non
2773 664 2965 704 omnes
3005 649 3188 705 clerici
3221 651 3382 705 unius
3425 653 3623 706 matris
3651 652 3808 708 bonis

501 747 636 803 tur?
663 747 784 805 Una
812 757 989 804 mater
1021 747 1270 803 Ecclesia
1300 747 1440 802 sicut
1461 763 1600 802 unus
1631 746 1895 801 Dominus
1920 753 1976 801 et
2000 760 2108 799 una
2207 742 2639 810 communicent,
2659 758 2796 814 quos
2825 751 3042 799 constat
3067 745 3228 798 unius
3258 747 3446 799 matris
3471 745 3686 801 filiabus
3709 747 3807 801 uti-

503 838 639 894 fides
680 848 730 895 et
774 855 938 893 unum
969 840 1267 909 baptisma,
1300 839 1431 894 licet
1468 839 1666 910 ubique
1690 839 1761 892 sit
1791 853 1888 906 per
1918 839 2109 894 orbem
2213 836 2337 892 liter
2379 836 2693 892 ministrare
2721 838 2744 892 ?

500 941 772 988 terrarum
799 933 990 989 diffusa
1017 972 1032 996 .
1068 933 1197 988 licet
1230 947 1324 1002 pro
1370 932 1612 989 locorum
1651 930 2066 987 diversitatibus
2095 972 2110 997 ,

985 1174 1576 1258 EPISTOLfE
1652 1173 1741 1256 S.
1821 1169 2455 1258 BONIFACIO
2528 1175 2570 1257 Ι

1821 1169 2455 1258 BONIFACIO
2528 1175 2570 1257 Ι
2645 1173 3381 1278 ΑΤΤΒΙΒΠΤΑΞ,

1430 1334 1534 1393 ΕΤ
1580 1333 1982 1410 ΝΠΜΟΠΛΜ
2025 1331 2242 1397 ANTE
2285 1336 2537 1398 MANSl
2573 1336 2869 1398 EDITJE.

1100 1621 1436 1679 EPISTOLA
1468 1624 1509 1679 1.
2222 1632 2338 1680 stus
2363 1625 2568 1692 arrisit,
2592 1627 2680 1698 qui
2709 1628 2961 1700 dignatus
2990 1638 3072 1686 est
3102 1638 3157 1684 et
3178 1630 3231 1684 in
3256 1645 3418 1685 unam
3450 1645 3711 1688 revocare
3740 1630 3819 1688 di-

738 1736 806 1775 Αι)
838 1733 1036 1775 ws'rmt
1076 1732 1528 1774 nononsnnnnsn
1578 1731 1889 1783 Episcoruu,
2222 1718 2408 1785 visas,
2465 1728 2523 1774 et
2563 1721 2732 1775 scissa
2764 1722 3004 1787 sarcire,
3055 1722 3198 1792 quod
3255 1721 3512 1778 fratribus
3571 1734 3628 1779 et
3675 1739 3819 1780 corn-

942 1812 1040 1870 Cui
1071 1811 1294 1883 pallium
1332 1813 1655 1868 transmittit.
2223 1813 2564 1885 presbyteris
2595 1817 2945 1871 venientibus
2984 1818 3094 1872 cito
3126 1817 3358 1872 Dulcitio
3382 1863 3396 1886 ,
3428 1825 3483 1872 et
3512 1817 3700 1874 Felice
3725 1834 3823 1874 ne-

726 1908 1094 1964 Dilectissimo
1125 1906 1278 1962 fratri
1318 1908 1504 1969 Jus-ro.
1549 1907 1898 1964 BONIFACIUS.
2147 1939 2194 2000 Β
2223 1920 2380 1961 cesse
2402 1915 2480 1961 est
2514 1907 2670 1962 vobis
2695 1909 2892 1964 melius
2924 1910 3230 1966 intimetur.
3265 1910 3400 1966 Data
3429 1927 3486 1966 vt
3518 1910 3630 1968 kal.
3680 1909 3821 1980 Maii,

587 2000 816 2056 Pallium
873 2016 971 2070 per
999 2000 1228 2054 latorem
1258 2001 1611 2070 praesentium
1653 1999 1979 2056 fraternitati
2012 2009 2117 2055 tute
2151 1999 2170 2000 ί
2221 1999 2466 2057 Monasio
2489 2001 2554 2057 V.
2578 2001 2641 2058 C.
2667 2001 2832 2058 Cons.

511 2095 866 2165 benignitatis
899 2093 1092 2148 studiis
1118 2092 1338 2148 invitati
1380 2092 1714 2158 direximus,
1746 2093 2119 2148 concedentes

574 2139 866 2200 :"'o"".'_".'"'
899 2139 1091 2200 -_-.---_-:
1382 2139 1714 2158 ν·’ν”····“-ν
1749 2139 2118 2200 ”ν;·“ν“;ν···ῗ”
2651 2139 2872 2196 JOANNIS
2905 2140 3148 2199 Domuum
3188 2141 3355 2198 MANSI

512 2189 678 2243 etiam
709 2187 808 2242 tibi
839 2187 1226 2242 ordinationes
1259 2187 1647 2256 e'piscOporum
1676 2231 1691 2256 ,
1744 2187 1995 2256 exigente
2025 2199 2122 2254 op-

515 2281 889 2350 portunitate,
918 2279 1142 2336 Domini
1181 2251 1552 2350 praveniente
1593 2251 1995 2342 misericordia,
2028 2251 2124 2335 ce-
2475 2251 2532 2308 In
2561 2254 2900 2325 superiorem
2933 2255 3236 2326 Epism'am
3265 2255 3584 2313 Αάηοίίηίθ·

514 2373 772 2429 lebrare:
807 2374 877 2428 ita
902 2381 962 2426 ut
990 2372 1195 2428 Christi
1230 2372 1589 2444 Evangelium
1622 2373 1983 2442 plurimorum
2025 2387 2122 2427 an-
2299 2373 2425 2431 llzrc
2440 2374 2832 2446 epistola,quae
2855 2393 3000 2434 nunc
3022 2379 3259 2450 primum
3285 2380 3832 2449 comparet,debetur

517 2468 860 2524 nuntiatione
889 2471 940 2523 in
968 2469 1226 2524 omnibus
1257 2469 1515 2540 gentibus
1536 2510 1552 2536 ,
1584 2483 1704 2538 qua:
1731 2467 1962 2523 necdum
1994 2481 2124 2522 con-
2227 2469 2525 2524 eruditioni
2575 2479 2630 2526 et
2660 2470 2982 2528 humanitati
3031 2474 3089 2529 Ρ.
3148 2474 3405 2531 Forbenii
3447 2475 3711 2544 Forster,
3743 2478 3830 2550 qui

513 2577 690 2619 versae
711 2563 1183 2633 snnt,dilatetur,
1218 2573 1327 2620 etc.
2229 2561 2282 2615 in
2316 2563 2688 2618 vetustissimo
2733 2563 3075 2636 Frisingensi
3120 2567 3310 2624 codice
3354 2568 3502 2623 illam
3546 2579 3738 2626 nactus
3766 2572 3830 2626 ad

1107 2655 1443 2712 EPISTOLA
1468 2656 1536 2712 ll.
2230 2663 2448 2708 nostras
2504 2653 2654 2709 misit
2677 2671 2874 2711 manus
2923 2657 2974 2712 in
3017 2658 3116 2712 hac
3161 2659 3488 2717 collectione
3543 2662 3829 2719 edendam.

519 2767 590 2806 an
619 2766 916 2808 EPISCOPUI
944 2767 1014 2807 ετ
1045 2767 1410 2808 rassnv'rsnos
1443 2766 1690 2808 VICAMOS
1720 2769 1751 2807 Α
1781 2766 1910 2806 rm
1939 2764 2128 2808 zosmo
2227 2748 2454 2803 Summo
2477 2749 2528 2802 in
2557 2749 2734 2819 pretio
2764 2749 3068 2806 habendam
3099 2751 3216 2808 fore
3251 2752 3322 2808 ab
3343 2755 3573 2812 eruditis
3599 2770 3828 2823 censeo;

740 2862 809 2901 an
853 2861 1158 2902 AFRICANAI
1186 2861 1426 2903 SYNODUI
1455 2861 1735 2903 DIREC'I‘OS.
2231 2857 2296 2898 ex
2333 2858 2396 2898 ea
2424 2843 2568 2898 enim
2600 2853 2816 2900 constat
2848 2845 3136 2902 dissidium
3186 2847 3316 2902 illud
3342 2888 3358 2915 ,
3388 2851 3533 2920 quod
3581 2859 3709 2908 ante
3739 2851 3833 2908 hos

521 2937 848 2995 Bomncws
875 2939 1171 3011 episcopus
1199 2938 1472 2996 Fausrmo
1504 2941 1768 3010 episcopo
1794 2947 1850 2994 et
1877 2938 2133 2995 PII".le
2233 2951 2405 2990 annos
2448 2936 2720 2992 Eoclcsias
2764 2937 3064 2994 Romanam
3114 2949 3170 2996 et
3224 2941 3542 2998 Africanam
3587 2943 3736 3000 inter
3778 2959 3834 3002 se

962 3043 1017 3089 et
1039 3038 1250 3090 Assuo
1278 3033 1634 3106 presbyteris.
2233 3031 2580 3086 commiserat
2608 3032 2708 3087 sub
2738 3032 3018 3089 Bonifacio
3047 3033 3192 3105 Papa
3223 3036 3496 3091 sublatum
3523 3036 3726 3106 fuisse;
3760 3047 3836 3094 at-

590 3128 909 3184 Dilectionis
938 3136 1132 3183 vestras
1163 3127 1357 3198 pagina
1386 3135 1525 3183 teste
1553 3126 1911 3198 presbyterio
1937 3139 2134 3182 recen-
2233 3139 2340 3192 que
2389 3125 2531 3180 inter
2559 3124 2694 3180 duas
2721 3125 2842 3180 illas
2884 3127 3130 3198 insignes
3181 3127 3443 3184 ecclesias
3466 3130 3675 3201 optime
3718 3140 3834 3186 tan-

518 3229 672 3279 setur
702 3221 866 3276 etiam
898 3220 1224 3289 portitorum
1255 3218 1522 3274 relatione
1550 3219 1797 3274 noscetis
1823 3263 1837 3286 ,
1871 3227 2132 3289 quantum
2234 3216 2360 3272 dem
2387 3217 2736 3272 convenisse.
2771 3217 2828 3273 Id
2855 3235 2987 3273 vero
3010 3235 3117 3290 qua
3142 3219 3360 3277 tandem
3383 3223 3604 3278 ratione
3625 3223 3833 3279 accide-

520 3313 742 3387 gavisus
771 3320 855 3369 cst
880 3313 1061 3368 omnis
1101 3311 1304 3367 chorus
1331 3310 1719 3376 fraternitatis,
1751 3319 1806 3366 et
1838 3312 2131 3366 exsultavit
2156 3337 2202 3399 Ο
2235 3309 3573 3383 rit,incompertummihiesselateor;quamquam
3591 3315 3835 3386 suspicor

521 3410 577 3465 in
611 3407 840 3464 Domino
867 3409 1021 3462 turba
1044 3416 1386 3475 sanctorum,
1421 3416 1711 3479 postquam
1762 3407 1985 3461 auribus
2015 3407 2129 3461 suis
2236 3404 2527 3461 Africanos
2577 3405 2758 3476 potius
2813 3405 3045 3461 cessisse
3102 3405 3363 3463 Romanis
3396 3407 3476 3462 'in
3538 3423 3703 3464 causa
3741 3424 3833 3479 ap-

521 3516 848 3574 suspensum
904 3501 998 3557 diu
1044 3501 1290 3556 nuntium
1339 3517 1506 3572 super
1534 3500 1906 3558 incolumitate
1937 3508 2131 3555 vestrae
2237 3497 2614 3567 pellationum,
2643 3513 2804 3567 quam
2829 3497 3108 3553 Romanos
3133 3498 3439 3566 Africanis;
3486 3515 3613 3554 nam
3646 3503 3835 3555 Itoma-

521 3596 805 3654 cbaritatis
828 3595 1061 3665 accepit.
1087 3595 1439 3652 Consonante
1467 3595 1630 3650 etiam
1654 3609 1790 3649 voce
1813 3593 2029 3648 laudata
2049 3601 2134 3649 est
2237 3591 2325 3646 nia
2362 3591 2602 3646 Ecclesia
2623 3592 2735 3660 juri
2767 3593 3038 3662 primatus
3059 3592 3144 3647 sui
3167 3593 3304 3648 adeo
3332 3594 3597 3649 tenaciter
3632 3595 3836 3650 insiste-

521 3691 802 3746 intelleCta
851 3704 949 3760 per
998 3690 1200 3744 litteris
1247 3687 1394 3760 (sic)
1449 3689 1534 3742 sui
1578 3688 1773 3755 capitis
1818 3685 2130 3760 sollicitudo
2238 3686 2361 3754 hat,
2409 3695 2466 3739 ut
2505 3686 2711 3740 nemini
2767 3687 3084 3756 persuaderi
3140 3688 3304 3756 poSsit
3341 3689 3629 3759 quicquam
3656 3689 3725 3745 de
3747 3690 3834 3745 illo

523 3784 919 3840 membrorum.
950 3781 1119 3838 Vobis
1143 3783 1326 3852 igitur,
1353 3779 1719 3836 etdesideriis
1758 3781 1956 3835 vestris
1977 3779 2136 3833 (Zhri-
2240 3779 2515 3836 decedere
2558 3780 2800 3837 voluisse
2845 3783 2898 3836 in
2942 3782 3172 3853 gratiam
3210 3779 3624 3839 Africanorum.

538 3930 3817 3984 W

3600 3957 3820 3978 ἡ

1789 4065 1960 4110 ANNO
2004 4065 2238 4110 DOMINI
2283 4067 2530 4112 CCCCXX
2543 4095 2558 4111 ο

772 4214 1853 4382 SANCTUS
1985 4212 3580 4414 GAUDENTIUS,

1585 4477 2030 4562 BRIXI/E
2079 4473 2750 4571 EPISCOPUS.

1743 4779 2617 4854 PBOLEGOMENA.

1803 4911 2060 4974 (Biblioth.
2087 4912 2321 4964 Sehtnun.
2341 4920 2459 4964 tom.
2485 4911 2552 4974 Ι.)

2005 5019 2354 5042 ἒ

955 5156 985 5227 §
1023 5152 1070 5209 l.
1117 5151 1239 5208 Vita
1268 5151 1333 5210 S.
1383 5150 1689 5209 Gaudentii.
2150 5157 2206 5218 D
2230 5153 2405 5224 fragio
2426 5153 2656 5210 aliorum
2685 5155 3092 5228 episcoporum,
3122 5164 3208 5218 cui
3241 5179 3496 5235 magnum
3520 5181 3590 5223 ex
3615 5169 3830 5227 Ambro-

593 5251 776 5308 Patria
803 5246 1092 5306 Gaudentii
1125 5247 1332 5303 incerta
1379 5256 1487 5302 est.
1517 5247 1630 5303 Nisi
1677 5248 1965 5304 Brixianus
1995 5247 2117 5316 fuit,
2231 5245 2296 5299 sii
2361 5244 2784 5303 MediOIaﬂenSiS
2845 5253 3175 5310 θυοῑοτίίθῐθ
3229 5257 3443 5325 Ροηάιιε
3511 5263 3824 5331 accedebat.

520 5355 672 5403 certe
716 5342 811 5398 diu
853 5341 1049 5396 ΒινίκῙώ
1097 5339 1380 5395 Philastrii
1415 5341 1530 5411 jam
1573 5340 1912 5410 temporibus
1965 5339 2122 5408 vixit,
2227 5339 2428 5394 Brixia:
2449 5340 2740 5412 episcopus
2762 5343 2973 5401 electus
2997 5357 3097 5403 est.
3127 5348 3207 5405 Ac
3227 5349 3564 5410 Gaudentius
3589 5359 3824 5429 quidem,

518 5439 777 5494 alumnus
815 5436 934 5506 ejus
977 5442 1141 5506 atque
1184 5433 1555 5489 ecclesiastica
1599 5433 1892 5502 disciplina
1945 5433 2013 5488 ab
2057 5447 2124 5488 eo
2230 5433 2421 5487 nuntio
2451 5432 2555 5489 hoc
2597 5446 2847 5505 accepto,
2890 5438 3028 5494 nihil
3071 5441 3396 5514 intentatum
3437 5447 3682 5519 reliquit,
3729 5466 3826 5520 quo

514 5533 784 5590 imbutus.
817 5531 939 5600 Quo
973 5540 1226 5602 tempore
1270 5543 1526 5598 magnum
1551 5528 1655 5583 sibi
1684 5528 1828 5597 apud
1861 5528 2120 5599 populum
2232 5541 2372 5582 onus
2421 5526 2564 5583 istud
2616 5528 2944 5585 declinaret.
2997 5531 3104 5589 Sed
3166 5539 3488 5596 Ambrosius
3535 5543 3828 5614 caaterique

517 5635 576 5682 et
599 5625 831 5681 clericos
866 5625 1107 5680 favorem
1155 5621 1491 5678 conciliavit.
1526 5622 1737 5692 Quippe
1784 5623 1877 5692 qui
1908 5623 2037 5677 dum
2068 5622 2120 5676 in
2231 5623 2511 5679 antistites
2533 5634 2908 5690 sacramento,
2931 5641 3044 5697 quo
3064 5627 3302 5687 fortasse
3335 5633 3573 5691 Brixiani
3599 5638 3746 5694 cives
3772 5653 3824 5692 se

512 5718 795 5773 Orientem
842 5717 1122 5787 religionis
1164 5729 1329 5771 causa
1359 5728 1590 5784 peregre
1634 5713 1910 5785 profectus
1943 5722 2114 5782 esset,
2227 5713 2628 5802 obligaverant,
2655 5717 2869 5772 nullum
2890 5718 3052 5774 alium
3078 5721 3398 5794 episcopum
3426 5740 3484 5782 se
3508 5737 3823 5802 accepturos

508 5803 806 5866 Philastrio
837 5807 1057 5865 interim
1090 5805 1330 5874 mortuo,
1365 5803 1566 5877 populo
1596 5804 1874 5876 ﬂagitante
1917 5814 1972 5861 et.
2005 5807 2118 5860 91th
2225 5800 2430 5862 astricti
2479 5806 2617 5863 tales
2647 5808 2713 5864 ad
2746 5810 2924 5882 ipsum
2972 5811 3235 5881 epistolas
3279 5829 3404 5872 cum
3434 5815 3711 5888 legatione
3743 5800 3818 5875 cii
