4122 6346
259 337 364 396 793

1648 331 2189 391 PROLEGOMENA.
2210 364 2211 367 η

3457 333 3566 391 794

259 453 401 509 vium
453 433 742 517 miserunt,
787 456 844 506 ut
886 448 1093 505 diutius
1137 446 1398 506 resistere
1452 447 1706 521 religioni
1756 447 1861 504 sibi
1889 449 1943 511 Α
1970 447 2115 504 Ilist.
2149 449 2302 505 Brix.
2336 459 2605 523 excerpta
2634 466 2832 524 nempe
2871 452 3140 509 Sermonis
3180 453 3245 507 de
3282 451 3567 507 Philastrio

259 545 507 612 duceret,
544 542 845 614 praesertim
878 556 1003 597 cum
1035 540 1104 595 ab
1132 540 1269 611 ipsis
1298 542 1574 613 episcopis
1603 541 1859 598 Orienta-

260 638 426 703 libus,
460 636 564 691 nisi
601 636 835 692 reditum
868 635 936 689 ad
972 633 1261 690 Brixianos
1288 635 1660 705 polliceretur,
1710 650 1862 689 com—

257 728 447 786 munio
472 738 665 800 negata
695 738 860 783 esset.
886 726 1108 781 Initium
1130 727 1479 797 episcopatus
1508 729 1628 797 ejus
1654 728 1861 797 pariter

261 840 321 880 ac
350 824 466 880 dies
513 824 836 879 emortualis
867 823 1300 895 praedecessoris
1347 822 1469 891 ejus
1514 822 1669 877 latet.
1704 820 1860 875 Nulla

258 918 312 973 in
343 918 659 987 episcopatu
688 930 748 970 re
776 923 924 983 gesta
968 914 1140 985 magis
1170 914 1449 979 inclaruit,
1476 929 1640 983 quam
1673 928 1864 968 susce-

260 1020 352 1081 pta
378 1024 480 1082 pro
509 1008 717 1064 Joanne
736 1006 1132 1079 Chrysostomo
1156 1006 1431 1079 legatione
1459 1007 1529 1061 ad
1564 1006 1859 1061 Arcadium

260 1103 675 1172 imperatorem,
704 1115 848 1155 anno
890 1098 1018 1166 405,
1052 1098 1282 1154 JEmilio
1311 1108 1368 1155 et
1397 1098 1663 1171 Cythegio
1694 1100 1864 1153 comi-

261 1198 425 1254 tibus.
464 1197 596 1265 Quze
642 1194 891 1267 quamvis
941 1202 1138 1250 eventu
1188 1194 1351 1249 fuerit
1400 1194 1695 1263 destituta,
1730 1208 1865 1249 con-

260 1290 480 1346 stantiae
514 1298 695 1344 tamen
726 1300 781 1343 et
811 1287 1273 1359 magnanimitatis
1314 1285 1479 1342 laude
1508 1301 1635 1341 eum
1668 1286 1864 1341 nobili-

262 1384 419 1449 tavit,
472 1392 637 1454 atque
687 1382 1109 1437 disertissimum
1160 1380 1263 1436 hac
1311 1381 1380 1435 de
1411 1396 1472 1436 re
1521 1381 1858 1450 praeconium

265 1474 439 1545 ipsius
502 1473 882 1546 Chrysoswmi
951 1474 1259 1532 testimonia
1311 1472 1580 1545 praabent.
1635 1474 1862 1541 Quando

264 1569 467 1626 obierit
497 1569 834 1625 Gaudentius
878 1585 1033 1641 seque
1063 1572 1333 1625 incertum
1364 1578 1470 1637 est,
1505 1568 1630 1624 aliis
1657 1569 1725 1623 ad
1767 1585 1862 1625 an-

265 1676 395 1717 num
424 1660 553 1729 427,
580 1662 726 1728 aliis,
760 1661 814 1716 in
846 1662 1042 1731 quibus
1066 1662 1474 1729 Tillemonlius,
1510 1662 1704 1732 majori
1741 1678 1866 1733 pro-

265 1755 542 1812 babilitate
572 1756 639 1810 ad
671 1771 875 1810 annum
906 1754 1013 1811 410
1043 1756 1251 1811 obitum
1285 1755 1402 1826 ejus
1431 1757 1819 1813 referentibus.

658 1848 686 1921 ᾗ
730 1848 793 1905 ΙΙ.
838 1848 1052 1921 Scripta
1086 1849 1148 1905 S.
1194 1847 1459 1903 Doctoris.

329 1940 412 1996 Ad
441 1941 669 2012 genuina
700 1940 995 1997 Gaudentii
1047 1943 1269 2013 scripta,
1316 1953 1519 2013 praeter
1572 1944 1859 2001 Pascholes

261 2036 435 2091 decem
465 2052 727 2091 sermones
764 2053 881 2091 cum
924 2038 1229 2109 prtefationc
1255 2037 1320 2091 ad
1352 2038 1692 2107 Benivolum,
1723 2058 1857 2111 qua-

263 2140 381 2185 tuor
420 2130 490 2186 de
534 2130 769 2186 diversis
808 2131 1065 2200 capitulis
1109 2130 1391 2202 Evangelii
1430 2142 1484 2187 et
1532 2134 1748 2205 quintus
1787 2133 1857 2189 de

260 2221 587 2278 Machabreis
613 2224 943 2295 martyribus
975 2239 1039 2279 ex
1070 2224 1239 2294 ipsius
1264 2224 1551 2279 Gaudentii
1586 2226 1771 2280 verbis
1803 2227 1856 2280 in

257 2316 450 2372 eadem
483 2316 645 2372 Prief.
682 2317 747 2371 ad
779 2316 1098 2372 Benivolum
1131 2333 1233 2388 pro
1274 2318 1421 2373 veris
1460 2330 1854 2390 agnoscuntur.

263 2408 502 2476 Quatuor
529 2408 645 2476 alii,
683 2425 882 2481 nempe
912 2411 976 2462 de
1020 2410 1367 2465 Ordinatione
1395 2413 1497 2479 sui,
1547 2417 1609 2465 de
1638 2412 1858 2467 Dedica-

259 2500 401 2555 tione
448 2500 696 2569 basilicae,
760 2504 999 2573 itemque
1042 2504 1111 2556 ad
1156 2503 1472 2559 Serminium
1527 2515 1577 2560 et
1626 2504 1855 2559 Paulum

258 2592 573 2661 Diaconum,
597 2595 688 2664 qui
717 2595 1055 2665 posteriores
1082 2597 1328 2667 epistola:
1350 2598 1527 2669 potius
1557 2614 1716 2668 quam
1742 2614 1857 2654 ser-

258 2701 451 2742 mones
479 2698 626 2751 sunt,
661 2703 783 2743 cum
817 2689 1126 2760 argumenti
1160 2696 1273 2744 tum
1297 2691 1566 2747 orationis
1598 2692 1853 2747 similitu-

259 2780 389 2835 dine
419 2780 712 2837 Gaudentii
744 2796 867 2837 esse
901 2782 1227 2852 probantur.
1281 2782 1376 2838 His
1408 2784 1631 2854 insuper
1674 2785 1725 2839 in
1754 2786 1859 2840 Ga-

258 2872 431 2929 leardi
477 2874 717 2929 editione
760 2874 887 2930 addi
944 2874 1096 2930 vides
1143 2875 1271 2940 duo,
1301 2876 1364 2929 de
1393 2874 1553 2930 Petro
1598 2886 1644 2930 et
1683 2875 1857 2931 Paulo

259 2967 519 3036 alterum,
553 2969 781 3024 alterum
808 2968 875 3022 de
909 2968 1025 3023 Vita
1057 2978 1103 3023 et
1134 2968 1287 3024 Obitu
1320 2969 1621 3038 Pliilastrii,
1656 2970 1859 3041 praede-

260 3064 479 3119 cessaris
506 3064 608 3117 sui.

333 3154 674 3211 Intercidisse
698 3156 993 3211 nonnullos
1016 3156 1303 3212 Gaudentii
1330 3164 1611 3224 tractatus,
1636 3171 1704 3211 ex
1726 3155 1859 3225 ipsis

260 3250 351 3322 qui
384 3258 682 3320 supersunt
720 3249 1005 3318 discimus,
1048 3261 1104 3304 ut
1146 3249 1445 3305 Galeardus
1492 3250 1557 3305 ad
1602 3259 1759 3304 tract.
1796 3247 1858 3304 t4
1890 3234 1936 3298 C

262 3345 565 3410 annotavit,
619 3344 706 3400 ubi
760 3345 923 3399 etiam
957 3345 1136 3398 locum
1170 3360 1233 3398 ex
1280 3360 1446 3399 scrin.
1483 3349 1513 3399 8
1554 3344 1733 3413 aﬂ'ert,
1766 3343 1856 3414 qui

260 3438 305 3492 si
335 3438 459 3509 quis
504 3436 645 3491 alius
696 3437 913 3505 ingenio
962 3436 1201 3491 hominis
1251 3436 1583 3492 declarando
1630 3436 1857 3491 inservit

260 3532 715 3601 Dupiniumquea
740 3532 1061 3586 temeritatis
1092 3532 1323 3585 crimine
1347 3530 1626 3585 vindicare
1651 3536 1852 3601 potest.

262 3624 638 3694 Disseruimus,
672 3636 727 3679 ut
765 3628 1094 3693 meministis,
1144 3627 1319 3696 inquit
1348 3625 1708 3690 Gaudentius,
1742 3641 1855 3679 om—

260 3738 377 3776 nem
406 3731 604 3777 textum
636 3721 869 3775 lectionis
899 3726 1036 3796 ejus,
1069 3737 1183 3792 quae
1225 3730 1505 3775 comantem
1535 3721 1775 3775 describit
1802 3721 1858 3774 in

262 3814 525 3873 Bethania
566 3815 872 3880 Dominum,
919 3816 1261 3887 explanantes
1303 3817 1611 3871 discubitum
1645 3816 1855 3883 Lazari,

257 3911 511 3963 rationem
539 3908 641 3963 loci
665 3920 709 3962 et
734 3910 1001 3979 temporis,
1031 3910 1257 3964 Mart/ta:
1275 3911 1645 3977 ministerium,
1664 3910 1858 3963 sororis

257 4005 373 4075 ejus
404 4003 723 4074 obsequium,
769 4006 1020 4075 unguenti
1063 4005 1326 4068 rirtutem,
1376 4008 1727 4073 rationemque
1756 4005 1860 4057 cri-

258 4099 426 4161 nium,
459 4099 646 4166 quibus
680 4097 854 4153 Maria
889 4098 1112 4167 pretioso
1140 4115 1287 4170 myro
1320 4107 1499 4152 unctos
1540 4096 1733 4153 Christi
1759 4107 1858 4151 ter-

259 4191 325 4245 sit
355 4191 550 4263 pedes!

329 4282 442 4338 Nec
472 4283 809 4353 supposititia
836 4283 1058 4351 desunt,
1092 4283 1391 4355 thytltmus
1438 4282 1502 4337 de
1544 4280 1858 4345 Philastrio,

261 4378 393 4435 liber
414 4380 480 4433 de
508 4378 894 4450 Singularitatc
924 4379 1244 4435 Clericorum
1272 4379 1509 4448 alioquin
1545 4380 1709 4432 modo
1737 4375 1862 4432 Ori-

260 4476 405 4547 geni,
451 4474 617 4530 modo
658 4475 931 4545 Cypriano
989 4486 1083 4530 aut
1115 4475 1421 4545 Augustino
1478 4473 1734 4539 tributus,
1791 4472 1861 4525 ab

261 4568 562 4626 Oxoniensi
605 4576 785 4624 autem
829 4568 1087 4640 Cypriani
1120 4568 1331 4625 editore
1361 4568 1666 4624 Gaudentio
1695 4566 1865 4621 ascri-

1962 543 2109 598 circa
2152 560 2351 600 annum
2408 545 2570 610 1500,
2618 554 2711 601 aut
2746 546 2909 617 paulo
2951 546 3145 601 serius.
3181 544 3390 599 Deinde
3420 544 3565 599 circa

1962 654 2162 694 annum
2190 640 2352 705 1554,
2385 640 2644 711 Aloysius
2676 640 3009 711 Lipomanus
3031 683 3046 707 ,
3083 639 3422 696 Veronensis
3450 637 3567 707 epi-

1964 748 2184 803 sc0pns,
2228 736 2455 804 protulit
2489 735 2791 791 Sermonem
2840 736 3108 805 integrum
3141 732 3205 787 de
3249 731 3561 795 Philastrio,

1966 825 2269 882 Sermonem
2298 828 2360 881 de
2389 824 2728 882 Dedicationc
2755 828 3001 893 basilicae,
3037 830 3279 889 itemque
3309 831 3565 892 excerpta

1965 932 2033 973 ex
2080 918 2398 989 Prwfatione
2443 920 2512 973 ad
2542 919 2868 987 Benivolum,
2914 921 2965 974 in
3005 920 3142 975 Vitis
3165 917 3273 975 SS.
3307 928 3437 972 tom.
3472 914 3564 981 IV,

1967 1029 1994 1067 a
2029 1028 2082 1083 p.
2119 1013 2210 1077 52,
2246 1013 2279 1068 4
2310 1016 2552 1070 editionis
2588 1014 2816 1083 Venetae,
2862 1014 2950 1071 ubi
2981 1016 3083 1086 p.1
3120 1023 3174 1070 et
3204 1030 3256 1084 p.
3294 1014 3361 1069 15
3400 1026 3564 1082 opera

1966 1105 2253 1162 Gaudentii
2278 1107 2513 1161 nondum
2538 1122 2734 1162 excusa
2762 1107 3034 1163 dicuntur.
3060 1106 3301 1163 Collecta
3330 1106 3564 1173 primum

1967 1198 2114 1254 edita
2144 1207 2271 1253 sunt
2287 1199 2341 1253 in
2364 1197 2887 1273 OrtltodoxOgraphis
2909 1198 3119 1271 (ἐνμηίεὶ
3133 1212 3276 1253 anno
3296 1196 3455 1265 1569,
3472 1210 3565 1251 eo—

1967 1290 2201 1362 demque
2215 1291 2407 1347 ordine
2422 1306 2484 1346 ac
2500 1307 2727 1347 numero
2740 1293 2937 1363 swpins
2952 1291 3146 1347 deinde
3162 1292 3213 1346 in
3232 1288 3570 1345 Bibliothecis

1968 1383 2075 1440 PP.
2110 1386 2367 1453 repetita,
2420 1385 2633 1440 mendis
2661 1392 2843 1441 tamen
2890 1400 3113 1456 aspersa
3149 1381 3569 1455 quamplurimis

1968 1485 2023 1533 et
2065 1476 2277 1532 duobus
2308 1479 2552 1532 carentia
2598 1478 2977 1544 sermonibus,
3025 1478 3115 1547 qui
3168 1478 3221 1532 in
3269 1475 3565 1531 novissima

1968 1567 2189 1625 demum
2237 1585 2415 1639 eaque
2440 1571 2633 1641 prima,
2673 1586 2795 1642 quae
2830 1576 3062 1626 scorslm
3096 1569 3297 1640 prodiit
3325 1575 3382 1625 et
3409 1581 3570 1623 accu-

1967 1670 2084 1718 rata
2116 1662 2228 1719 dici
2261 1664 2452 1733 possit,
2484 1662 2734 1718 Galeardi
2763 1663 3006 1719 editione
3038 1664 3166 1719 anni
3201 1662 3363 1725 1720,
3394 1661 3566 1716 additi

1968 1758 2338 1812 inveniuntur.
2372 1757 2635 1813 Eamdem
2660 1765 2847 1828 postea
2875 1757 2943 1813 ab
2972 1756 3181 1812 editore
3208 1765 3564 1811 retractatam

1892 1847 1939 1906 B
1966 1850 2280 1919 Quiriniana
2312 1851 2551 1921 Operum
2598 1850 2981 1911 Brixianorum
3013 1849 3407 1919 episcoporum
3438 1846 3566 1905 Col-

1967 1948 2135 2003 lectio
2165 1947 2397 2017 accepit.
2432 1947 2509 2001 Dc
2540 1946 2770 2016 singulis
2799 1944 3130 2016 singulatim.

2575 2055 2793 2096 διεζευιο
2832 2055 2949 2093 XVI.

2035 2135 2196 2193 1569.
2237 2134 2481 2200 Basilew,
2514 2151 2603 2201 ap.
2637 2132 2857 2187 llenric.
2889 2131 3049 2186 Petri.
3084 2133 3139 2185 in
3181 2130 3279 2201 fol.
3313 2127 3571 2185 Gauden-

1961 2231 2021 2287 tii
2056 2231 2297 2299 episcOpi
2346 2229 2644 2285 Brixiensis
2691 2237 2955 2283 tractatus
2994 2228 3047 2281 in
3100 2225 3461 2279 Monumentis
3496 2224 3563 2279 8.

1963 2323 2184 2379 Patrum
2235 2323 2786 2398 OrthodoxOgraphis,
2832 2330 2964 2376 tom.
3014 2337 3089 2385 vt,
3140 2320 3562 2390 p.1793-1860.

1963 2418 2305 2474 Exhibentnr
2330 2434 2435 2473 xvn
2466 2426 2719 2472 tractatus
2748 2431 2870 2472 cum
2902 2413 3328 2487 responsionibus
3350 2412 3565 2473 duabus

1961 2513 2030 2566 ad
2070 2512 2391 2569 Serminium
2434 2521 2489 2569 et
2518 2511 2747 2565 Paulum
2793 2510 3117 2575 Diaconum,
3158 2522 3261 2564 nec
3291 2522 3399 2563 non
3432 2522 3566 2576 pra:-

1962 2606 2092 2676 fatio
2124 2600 2369 2674 ejusdem
2400 2606 2467 2659 ad
2495 2603 2825 2659 Benirolunt.

2035 2699 2197 2757 1575.
2247 2699 2490 2769 Parisiis,
2525 2702 2663 2773 apud
2695 2698 2862 2752 Mich.
2898 2696 3177 2761 Sonniunt,
3210 2696 3263 2748 in
3291 2694 3388 2763 fol.
3422 2692 3569 2749 Gau-

1962 2793 2129 2849 dentii
2156 2794 2455 2849 Brixiensis
2476 2806 2764 2848 sermones
2794 2800 2850 2847 et
2879 2798 3165 2851 tractatus;
3200 2787 3252 2842 in
3275 2784 3413 2842 Bibl.
3443 2784 3565 2840 PP.

1964 2882 2255 2956 Bigneana,
2292 2896 2423 2940 tom.
2460 2885 2566 2940 VII.

2038 2975 2200 3032 1579.
2247 2974 2505 3038 Coloniae,
2549 2976 2604 3029 in
2654 2974 2753 3045 fol.
2798 2970 3090 3029 Gaudentii
3144 2969 3387 3041 episcopi
3417 2968 3567 3023 Brix.

1963 3082 2148 3125 sermo
2180 3068 2247 3123 de
2279 3068 2578 3123 Pliilastrio
2627 3082 2718 3137 ep.
2757 3065 2931 3130 Brix.;
2964 3065 3015 3119 in
3072 3064 3207 3118 Vitis
3250 3063 3569 3118 Sanctorum

1968 3160 2136 3229 Surii,
2174 3170 2303 3215 tom.
2336 3161 2429 3227 IV,
2460 3178 2490 3215 a
2523 3176 2652 3231 pag.
2683 3160 2814 3217 225.

2040 3254 2202 3311 1589.
2246 3253 2592 3319 Parisiis....,
2624 3255 2675 3329 in
2708 3254 2805 3323 fol.
2837 3249 3132 3307 Gaudentii
3164 3248 3407 3319 episcopi
3441 3248 3567 3302 Bri-

1964 3349 2111 3404 xiani
2143 3350 2194 3403 in
2225 3338 2701 3418 varia‘Scripturae
2734 3347 2853 3401 loca
2878 3359 3187 3411 sermones,
3221 3345 3339 3397 sive
3368 3352 3571 3397 tracta-

1964 3456 2051 3501 tus
2097 3445 2264 3511 varii;
2299 3445 2353 3499 in
2380 3442 2519 3498 Bibl.
2564 3442 2679 3496 PP.
2727 3441 2884 3513 Bign.
2917 3440 3004 3495 ed.
3051 3439 3299 3504 secunda,
3336 3445 3470 3492 tom.
3495 3434 3567 3502 1|,

1962 3541 2067 3595 col.
2100 3540 2206 3596 209
2249 3554 2369 3611 sqq.

2570 3646 2787 3689 διαιιο
2808 3647 2938 3687 XVII.

2036 3726 2198 3783 1610.
2242 3725 2490 3791 Parisiis,
2535 3726 2584 3779 in
2625 3727 2721 3797 fol.
2775 3722 3066 3780 Gaudentii
3107 3721 3256 3776 Brix.
3309 3727 3473 3774 tract.
3513 3725 3571 3771 et

1964 3834 2249 3875 sermones
2280 3819 2516 3889 aliquot;
2549 3820 2602 3874 in
2636 3817 2774 3872 Bibl.
2809 3817 2955 3882 PP.,
2990 3825 3126 3871 tom.
3173 3813 3237 3869 Il.

2038 3914 2198 3969 1618.
2243 3911 2498 3975 Coloniae,
2532 3914 2584 3965 in
2620 3911 2713 3982 fol.
2742 3910 3036 3968 Gaudentii
3062 3908 3212 3963 Brix.
3248 3921 3334 3975 ep.
3370 3910 3571 3958 tracta-

1967 4014 2051 4060 tus
2077 4006 2247 4075 aliqui
2278 4006 2330 4059 in
2359 4009 2508 4059 varia
2539 4006 2835 4072 Scriptura:
2868 4004 2985 4058 loca
3011 4018 3026 4065 ;
3067 4000 3121 4055 in
3153 4010 3300 4053 lomo
3329 3995 3393 4051 IV
3428 3993 3567 4048 Bibl.

1968 4096 2089 4150 PP.

2039 4192 2201 4247 1624.
2249 4191 2494 4257 Parisiis,
2515 4192 2567 4244 in
2591 4188 2991 4261 fot.Gaudentii
3020 4194 3179 4241 tract.
3209 4192 3265 4239 et
3287 4192 3573 4238 sermones

1967 4287 2175 4355 aliquot
2207 4287 2259 4340 in
2290 4285 2428 4339 Bibl.
2465 4283 2585 4337 PP.
2630 4294 2766 4337 tom.
2798 4282 2860 4348 ll,
2892 4283 2995 4336 col.
3032 4283 3052 4336 1
3088 4296 3207 4348 sqq.

2043 4379 2184 4434 16M
2205 4378 2443 4450 (1654).
2471 4376 2721 4442 Parisiis,
2744 4377 2884 4448 apud
2908 4386 3008 4428 tres
3033 4369 3379 4440 BibliOpolas,
3403 4368 3456 4421 in
3480 4367 3576 4437 fol.

1969 4470 2260 4529 Gaudentii
2291 4472 2463 4541 episc.
2493 4470 2643 4524 Brix.
2675 4470 2729 4523 in
2761 4468 2909 4523 varia
2949 4466 3257 4534 Scripturae
3304 4462 3427 4515 loca
3468 4472 3586 4511 scr-

1972 4582 2170 4623 mones
2193 4569 2312 4621 sive
2329 4574 2618 4631 tractatus,
2643 4574 2777 4628 etc.;
2803 4563 2854 4619 in
2878 4573 3026 4619 tomo
3047 4556 3246 4615 llBibt.
3276 4553 3397 4611 PP.
3423 4552 3579 4624 Bign.

260 4674 406 4737 plus,
437 4679 769 4736 quamquam
793 4664 847 4718 in
878 4665 1021 4720 notis
1051 4663 1119 4719 ad
1147 4663 1307 4719 Bedae
1340 4673 1585 4732 tempora
1620 4670 1862 4717 revocat.
1898 4640 1948 4700 Ῐ)
1972 4662 2061 4717 ed.
2099 4662 2314 4730 quintae.

259 4758 535 4815 Praeterea
585 4756 957 4813 Commentarii
1003 4761 1059 4813 in
1109 4756 1452 4827 Symbolum,
1509 4755 1655 4825 quod
1702 4754 1863 4824 vulgo

260 4836 914 4922 Athanasii‘appellatur,
969 4862 1259 4907 auctorem
1311 4849 1681 4904 Gaudentium
1732 4847 1865 4903 facit

258 4947 406 5004 Elias
453 4948 759 5019 Capreolus
787 4948 823 5004 l.
860 4964 917 5003 ιιι
964 4949 1103 5003 Hist.
1159 4946 1339 5012 Brix.,
1372 4955 1427 5001 et
1472 4961 1538 5001 ex
1588 4944 1863 5014 Capreolo

260 5038 548 5111 Ugtiellus.
592 5038 747 5106 Quod
788 5054 913 5095 cum
954 5053 1144 5096 errore
1174 5039 1468 5094 manifesto
1516 5038 1715 5093 factum
1766 5037 1859 5100 sit,

262 5143 373 5190 tum
406 5132 538 5188 nihil
566 5132 731 5188 etiam
761 5131 1029 5203 ejusmodi
1058 5130 1452 5187 Commentarii
1484 5130 1723 5195 exsistit,
1760 5126 1865 5183 nisi

262 5226 425 5295 forte,
456 5226 600 5296 quod
628 5229 915 5282 commode
950 5224 1224 5282 Galeardo
1249 5225 1543 5291 succurrit,
1576 5239 1674 5293 pro
1703 5221 1861 5277 Com-

260 5321 516 5375 mentario
540 5322 596 5374 in
619 5320 921 5391 Symbolum
953 5318 1231 5372 Athanasii
1266 5317 1621 5387 intelligenda
1652 5318 1725 5371 sit
1754 5315 1867 5371 Ex-

260 5418 458 5487 positio
507 5417 682 5473 Rufini
736 5419 787 5473 in
833 5417 1179 5490 Symbolum,
1221 5433 1343 5487 quae
1380 5433 1406 5469 a
1451 5418 1637 5472 multis
1668 5418 1869 5472 Hiero-

262 5524 425 5582 nymo
452 5520 508 5565 et
528 5510 799 5582 Cypriano
834 5521 1039 5566 temere
1070 5510 1328 5579 ascripta,
1361 5508 1659 5580 aliquando
1688 5511 1855 5564 etiam

263 5600 569 5658 Gaudentio
602 5604 798 5659 tributa
849 5603 1034 5658 fuerit.

444 5694 472 5767 §
518 5695 606 5752 III.
650 5694 919 5750 Editiones
939 5696 1255 5764 scriptorum
1283 5695 1343 5751 S.
1375 5694 1683 5750 Gaudentii.

331 5788 831 5871 Gaudentianorum
863 5791 1197 5860 scriptorum
1223 5792 1524 5861 specimen,
1555 5800 1615 5846 ut
1646 5792 1862 5863 pridem

263 5874 580 5942 observavit
600 5867 924 5953 Galeardus,
952 5871 1157 5955 primus
1177 5882 1348 5943 edidit
1371 5882 1657 5957 Capreolus
1679 5879 1775 5942 lib.
1807 5894 1863 5940 tn

2044 4753 2206 4811 1662.
2255 4752 2499 4818 Parisiis,
2548 4769 2637 4822 ap.
2683 4750 2806 4804 Ant.
2857 4747 3083 4803 Bertier.
3130 4744 3183 4799 in
3215 4744 3312 4815 fol.
3346 4741 3404 4798 S.
3438 4738 3587 4797 Gau-

1969 4847 2143 4904 dentii
2178 4862 2269 4917 ep.
2303 4846 2456 4900 Brix.
2506 4858 2795 4900 sermones
2825 4844 3040 4913 aliquot
3090 4840 3146 4894 in
3196 4836 3395 4892 Franc.
3430 4834 3583 4892 Com-

1970 4940 2139 5011 beﬁsii
2166 4939 2309 4995 Bibl.
2339 4939 2460 4995 PP.
2495 4938 2925 4993 Concionatoria.

2048 5035 2213 5091 1677.
2258 5035 2522 5107 Lugduni,
2555 5033 2697 5105 apud
2744 5030 3075 5097 Anissonios,
3107 5030 3161 5083 in
3195 5027 3290 5100 fol.
3324 5024 3579 5083 Gauden-

1976 5132 2037 5186 tii
2069 5130 2226 5185 Brix.
2278 5144 2366 5198 ep.
2416 5136 2683 5182 tractatus
2719 5128 2772 5180 in
2805 5125 2955 5178 varia
3005 5124 3305 5194 Scriptura:
3336 5122 3479 5186 loca;
3528 5121 3581 5174 in

1974 5237 2126 5280 ιοιιιο
2151 5221 2191 5276 ν
2219 5220 2367 5277 Max.
2402 5218 2540 5274 Bibl.
2578 5219 2699 5274 PP.
2747 5218 2849 5273 col.
2882 5217 2989 5274 942
3018 5232 3143 5286 sqq.

2553 5327 2773 5368 SECUID
2804 5326 2949 5365 XVIII.

2045 5412 2209 5469 1720.
2255 5409 2463 5465 Patavii
2494 5408 2776 5463 emendabat
2822 5406 2939 5461 Jos.
2992 5404 3261 5469 Cominus,
3311 5401 3365 5455 in
3408 5400 3475 5455 4°
3513 5398 3574 5457 S.

1971 5507 2267 5565 Gaudentii
2316 5506 2515 5560 Brixiae
2559 5502 2805 5572 episcopi
2857 5514 3151 5557 sermones
3204 5497 3296 5566 qui
3357 5501 3583 5550 exstant

1971 5618 2119 5660 nunc
2176 5602 2413 5672 primum
2466 5598 2533 5653 ad
2584 5597 2747 5651 fidem
2808 5610 2945 5651 mss.
2990 5591 3153 5647 codd.
3209 5588 3475 5659 recogniti
3522 5595 3579 5643 et

1969 5693 2265 5751 emendati.
2304 5692 2680 5746 Accesserant
2706 5689 2986 5757 Ilainperti
3022 5695 3076 5740 et
3114 5681 3438 5737 Adelmanni
3475 5678 3575 5733 Ve.-

1969 5789 2206 5846 nerabil.
2252 5786 2450 5843 Brixiae
2501 5786 2886 5855 episcoporum
2932 5776 3223 5848 opuscula.
3273 5777 3573 5831 Recensuit

1971 5900 2033 5943 ac
2053 5877 2209 5939 Notis
2234 5878 2532 5938 illustravit
2556 5875 2760 5933 Paulus
2782 5869 3081 5932 Galeardtts
3104 5874 3303 5928 canet).
3331 5864 3574 5927 Brixth
