4122 6346
533 334 635 397 795

1487 343 1548 398 S.
1589 339 2041 400 GAUDENTIUS
2080 338 2455 399 EPISCOPUS
2498 340 2898 400 BRIXIANUS.

3725 345 3823 402 796

602 460 855 532 Suscepit
899 459 1206 517 Galeardus
1252 458 1544 515 Gaudentii
1595 457 1796 514 edendi
1834 459 2123 514 consilium
2155 461 2204 522 Λ
2230 476 2298 516 ex
2323 461 2599 535 prioribus
2627 464 2679 517 in
2705 462 2899 519 melius
2926 461 3254 521 reformatae
3275 462 3482 519 dicens.
3520 462 3625 518 Sed
3656 464 3826 534 primo

530 570 700 614 suasu
749 569 813 610 ac
865 553 1109 625 impulsu
1140 553 1390 624 prmsulis
1422 550 1510 606 Jo.
1566 550 1763 606 Franc.
1824 550 2125 621 Bnrbadici,

534 663 731 708 recens
764 657 893 704 tunc
925 665 954 702 a
986 647 1292 703 Veronensi
1325 647 1644 717 episcopatu
1697 646 1762 699 ad
1810 646 2128 701 Brixiannm

531 742 811 807 translati,
864 741 958 811 qui
1002 749 1058 796 et
1101 740 1296 810 opibus
1347 749 1401 794 et
1456 738 1604 792 nulla
1651 755 1759 794 non
1808 755 1974 810 opera
2006 755 2128 794 eum

523 838 667 909 juvit
688 837 996 908 meritoque
1023 833 1228 888 nomini
1257 849 1357 888 suo
1381 833 1709 904 inscriptum
1743 832 1898 887 vidit.
1929 833 2133 889 Nactus

532 949 668 988 vero
697 931 879 989 editor
905 930 1175 1001 praeclara
1203 945 1271 984 ex
1303 927 1464 984 codd.
1501 943 1635 983 mss.
1667 928 1974 996 Vaticanis,
2009 929 2134 984 Flo-

459 1017 462 1020 ”
531 1026 774 1093 rentino,
828 1024 1120 1089 Urbinate,
1171 1030 1225 1076 et
1274 1021 1546 1076 Brixianis
1611 1021 1858 1075 subsidia
1912 1021 2134 1076 assiduo

535 1120 718 1176 studio
749 1117 1126 1175 emendationi
1155 1117 1398 1172 auctoris
1425 1115 1870 1186 depravatissimi
1902 1117 2133 1183 vacavit,

531 1213 608 1269 ita
656 1224 836 1268 tamen
868 1221 945 1278 ut,
1006 1209 1341 1280 ubicumque
1372 1208 1581 1280 aliquid
1618 1209 1938 1263 innovatum
1966 1218 2132 1274 esset,

535 1309 604 1364 de
639 1323 704 1364 eo
736 1307 1001 1362 lectorem
1034 1305 1381 1359 admoneret.
1407 1302 1463 1358 In
1497 1303 1842 1358 variantibus
1884 1302 2140 1357 lectioni-

531 1401 636 1457 bus
663 1397 1011 1470 apponendis
1033 1407 1088 1452 et
1112 1395 1471 1451 recensendis
1495 1394 1814 1466 religiosior
1841 1409 1981 1464 pene
2005 1392 2134 1449 luit:

535 1494 802 1550 maluisse
851 1490 996 1546 enim
1059 1491 1235 1562 inquit
1287 1489 1644 1544 sedulitatem
1683 1503 1835 1544 suam
1887 1488 2138 1543 delicatis

535 1585 850 1642 hominibus
875 1583 1097 1638 nimiam
1127 1591 1220 1636 aut
1249 1596 1528 1636 morosani
1561 1579 1760 1644 videri,
1785 1595 1946 1650 quam
1975 1579 2134 1633 ﬁdem

534 1679 675 1749 apud
707 1676 990 1732 studiosos
1021 1683 1079 1730 et
1116 1675 1308 1730 doctos
1353 1674 1592 1728 lectores
1628 1671 1947 1742 periclitari.
2008 1671 2138 1724 Ani—

533 1771 948 1826 madversiones
997 1769 1240 1824 rariores
1294 1767 1518 1837 adjecit,
1551 1767 1606 1820 in
1657 1767 1853 1835 quibus
1880 1780 1966 1831 ea,
2015 1780 2136 1836 qua:

535 1865 914 1920 locutionibus
961 1864 1307 1918 illustrandis
1355 1862 1679 1930 inserviunt,
1725 1863 2138 1932 comparatione
2172 1867 2215 1926 Β

536 1961 653 2016 fere
701 1963 945 2016 locorum
997 1959 1259 2015 similium
1316 1958 1457 2028 apud
1506 1958 1649 2012 alios
1699 1958 2006 2028 scriptores
2040 1971 2140 2012 oc-

539 2056 878 2112 currentium
920 2064 1218 2122 constant,
1266 2053 1549 2108 nonnulla:
1593 2066 1681 2107 res
1726 2052 2143 2107 ecclesiasticas

540 2151 842 2216 attingunt,
891 2156 1183 2218 utrumque
1225 2162 1398 2216 genus
1441 2145 1581 2199 haud
1635 2161 1844 2216 magna:
1892 2144 2143 2199 lectionis

537 2242 904 2298 eruditionem
932 2241 1133 2311 prodit.
1161 2240 1338 2294 Tanto
1362 2255 1493 2296 vero
1517 2239 1816 2310 insigniora
1870 2247 1998 2293 sunt
2022 2251 2144 2307 qua:

540 2335 595 2389 in
630 2333 954 2404 praefatione
977 2333 1046 2388 de
1073 2332 1215 2400 Vita,
1251 2333 1548 2387 virtutibus
1569 2341 1622 2387 et
1656 2331 1838 2394 laude,
1869 2345 1972 2400 qua
1999 2327 2146 2400 apud

537 2430 778 2501 arquales
808 2439 863 2484 et
893 2439 1148 2498 posteros
1190 2429 1458 2482 claruerit
1493 2425 1854 2489 Gaudentius,
1903 2423 1971 2478 de
2001 2423 2144 2477 scri-

538 2524 645 2594 ptis
676 2523 795 2592 ejus
827 2523 1084 2593 genuinis
1115 2519 1576 2592 etsupposititiis,
1621 2503 1930 2590 eorumque
1959 2517 2145 2573 indole

542 2617 830 2673 disseruit.
877 2619 992 2684 Qua
1037 2619 1330 2672 occasione
1363 2615 1428 2690 (§
1462 2613 1538 2684 ll)
1587 2616 1829 2685 graviter
1874 2614 2038 2669 etiam
2090 2612 2142 2667 in

545 2711 869 2783 Dupinium,
905 2713 1166 2782 iniquius,
1210 2721 1269 2766 ut
1299 2711 1401 2782 ipsi
1435 2711 1608 2766 visum
1642 2719 1750 2774 est,
1795 2708 1862 2762 de
1891 2706 2149 2763 Gauden-

542 2805 622 2860 tio
666 2814 1028 2870 statuentem,
1065 2804 1365 2860 invehitur.
1410 2803 1702 2858 Postremo
1729 2802 1797 2856 de
1827 2799 2062 2856 consilio
2092 2808 2146 2855 et

543 2899 737 2954 ordine
766 2898 925 2968 hujus
951 2898 1232 2965 editionis,
1269 2898 1579 2968 superiores
1611 2897 1849 2951 breviter
1882 2893 2146 2964 perstrin-

543 3006 698 3062 gens,
726 2992 960 3048 lectores
989 2992 1268 3048 adnionet.
1312 2991 1409 3065 llis
1448 2989 1700 3045 omnibus
1732 2989 1953 3057 insuper
1997 2986 2150 3040 testi-

547 3087 733 3142 monia
789 3087 856 3142 de
895 3086 1235 3157 Gaudentio,
1279 3101 1488 3142 necnon
1541 3086 1697 3139 index
1746 3085 1994 3139 locorum
2043 3080 2144 3138 SS.

545 3181 727 3237 addita
761 3191 908 3237 sunt.
936 3181 1137 3237 Rerum
1172 3198 1305 3238 vero
1331 3181 1493 3237 index
1515 3179 1869 3249 Rampertum
1905 3177 2062 3233 simul
2093 3182 2150 3231 et

547 3277 942 3334 Adelmaunum
988 3277 1396 3343 cmupleCtitnr.

620 3371 780 3424 1721.
824 3369 1142 3444 Hamburgi,
1175 3372 1228 3424 in
1255 3370 1334 3426 8°.
1363 3369 1483 3424 Vita
1507 3369 1565 3426 S.
1595 3370 1877 3426 Philastrii
1905 3371 2145 3442 episcopi

553 3461 695 3518 Brix.
719 3479 815 3533 per
839 3463 896 3519 S.
914 3463 1279 3518 Gaudentium
1300 3464 1420 3529 ejus
1439 3479 1818 3518 successorem
1837 3465 2148 3534 conscripta

547 3571 671 3626 quas
685 3557 912 3612 habetur
930 3558 980 3611 in
999 3557 1140 3611 libro
1157 3568 1370 3611 vetusto
1385 3557 1624 3612 Sacrarii
1641 3557 1894 3613 ecclesia:
1912 3557 2154 3612 Brixien-

550 3647 648 3713 sis,
671 3655 862 3720 estque
879 3666 1060 3703 sermo
1086 3650 1302 3705 habitus
1327 3651 1378 3704 in
1405 3651 1778 3706 anniversario
1797 3651 1884 3707 die
1903 3651 2154 3706 solemni-

555 3743 684 3795 tatis
711 3742 830 3808 ejus
859 3760 872 3796 :
920 3759 1035 3796 cum
1069 3741 1382 3810 Philustrio,
1416 3745 1500 3799 ed.
1541 3762 1570 3796 α
1612 3743 1702 3798 lo.
1727 3745 1844 3798 All).
1879 3741 2149 3799 Fabricio.

626 3832 786 3887 1758.
833 3831 1046 3899 Brixiw,
1093 3851 1158 3888 ex
1205 3846 1408 3906 tgpogr.
1442 3833 1534 3889 Jo.
1570 3834 1757 3890 Maria:
1801 3835 2066 3904 Rizzardt',
2100 3837 2153 3892 in

553 3924 652 3994 fol.
683 3924 740 3978 S.
773 3923 1066 3980 Gaudentii
1111 3926 1307 3982 Brixia:
1346 3943 1433 3998 ep.
1467 3945 1750 3984 sermones
1777 3929 1869 4000 qui
1911 3940 2152 3998 exstant,

554 4017 619 4072 ad
653 4017 815 4074 ﬁdem
848 4033 978 4074 mss.
1009 4021 1172 4076 codd.
1208 4022 1471 4093 recogniti
1501 4030 1556 4078 et
1584 4024 1891 4090 emendati;
1939 4024 1992 4079 in
2033 4023 2157 4080 Col-

554 4108 774 4165 lectione
812 4111 926 4167 Vet.
968 4111 1090 4168 PP.
1135 4113 1283 4169 Brix.
1329 4115 1582 4171 Ecclesia:
1635 4117 1981 4184 Quiriniaua,
2024 4133 2053 4171 a
2101 4133 2154 4188 p.

562 4206 664 4260 185
698 4221 870 4276 usque
894 4207 961 4261 ad
991 4208 1118 4263 579.
1149 4208 1446 4264 Recensuit
1475 4209 1654 4265 denuo
1685 4221 1739 4266 et
1764 4211 1931 4265 Notas
1959 4225 2156 4266 secun-

551 4297 633 4354 dis
654 4301 806 4355 curis
829 4310 1015 4356 auctas
1045 4301 1247 4373 adjecit
1275 4301 1478 4357 Paulus
1500 4301 1817 4373 Galeardus,
1846 4319 1969 4360 can.
2002 4304 2156 4360 Brix.

627 4395 768 4462 Quid
813 4412 974 4451 novre
1019 4396 1182 4467 hujus
1221 4397 1485 4453 editionis
1515 4399 1806 4454 occasione
1833 4414 1860 4452 a
1890 4398 2160 4454 Galeardo

557 4491 858 4562 praestitum
889 4501 995 4560 est,
1038 4493 1155 4560 ipse
1191 4493 1410 4563 quidem
1447 4494 1716 4548 modestia
1758 4494 1810 4546 in
1845 4492 1990 4548 Italis
2022 4493 2160 4548 scri-

555 4592 774 4653 ptorum
805 4583 1299 4638 ecclesiastieorum
1324 4585 1627 4639 editoribus
1655 4585 2000 4654 sequentium
2026 4593 2162 4639 tem-

2234 554 2413 609 statim
2476 555 2665 609 obtutu
2719 555 3095 627 unusquisque
3168 554 3328 611 facile
3391 554 3823 630 animadvertet,

2233 664 2394 719 quam
2427 664 2570 720 Stepe
2602 649 2731 703 illud
2764 659 2818 704 et
2844 665 3002 717 quam
3054 650 3318 720 prmclare
3365 649 3566 704 factum
3597 649 3690 704 sit.
3721 651 3826 706 lm-

2234 741 2424 812 primis
2453 753 2634 798 autem
2657 743 2724 799 de
2755 745 2941 800 codice
2972 760 3078 799 non
3115 760 3323 814 magna:
3351 743 3574 814 quidem
3605 746 3830 818 antiqui-

2233 837 2386 901 tatis,
2416 836 2508 891 sed
2538 837 2768 908 egregia:
2796 835 3045 893 lectionis
3066 849 3121 894 et
3155 837 3636 893 emendationihus
3665 837 3828 894 Octa-

2235 929 2312 985 vii
2357 929 2682 1000 Pantagathi
2736 931 2883 987 Brix.
2927 947 3087 987 manu
3140 931 3397 1000 ascriptis
3453 941 3682 1000 repente
3730 933 3830 989 sibi

2237 1021 2422 1077 oblato
2461 1022 2696 1091 laetatur,
2729 1039 2793 1079 es
2827 1039 2936 1094 quo
2967 1027 3252 1082 innumera
3287 1024 3394 1080 sibi
3425 1025 3677 1080 restituta
3715 1042 3832 1084 esse

2238 1114 2496 1169 afﬁrmat.

2313 1205 2476 1262 i757.
2520 1207 2766 1278 Augustae
2802 1207 3194 1264 Vindelicorum
3233 1219 3429 1278 sumpt.
3465 1208 3666 1285 Ignotii
3694 1211 3834 1266 Ada-

2239 1303 2312 1355 mi
2338 1310 2382 1355 et
2409 1299 2604 1356 Franc.
2638 1300 2762 1356 Ant.
2806 1301 2978 1360 Veith.
3011 1304 3065 1358 in
3095 1302 3153 1359 4⁸
3194 1303 3253 1360 S.
3295 1303 3589 1360 Gaudentii
3626 1306 3718 1360 Br.
3750 1322 3835 1377 ep.

2242 1409 2546 1462 sermones,
2576 1403 2681 1450 etc.
2721 1394 2900 1450 Editio
2927 1395 3187 1451 Patavina
3211 1396 3276 1451 ad
3298 1413 3532 1469 unguem
3558 1413 3833 1467 expressa.

2311 1489 2552 1558 Codices,
2585 1491 2674 1557 qui
2703 1487 2970 1545 Galeardo
2992 1491 3194 1546 auxilio
3225 1491 3468 1558 fuerunt,
3499 1493 3699 1562 partim
3728 1494 3838 1554 uni-

2239 1596 2396 1638 versa
2421 1597 2585 1652 opera
2617 1597 2790 1651 usque
2818 1590 2931 1637 tum
2963 1582 3132 1651 edita,
3164 1585 3360 1656 partim
3385 1601 3556 1639 unum
3592 1585 3682 1640 vel
3712 1585 3840 1640 alte-
3911 1643 3921 1658 ,

2241 1693 2362 1732 rum
2393 1692 2585 1732 recens
2627 1675 2934 1732 additorum
2969 1692 3288 1734 sermonum
3333 1678 3649 1750 singulatim
3697 1695 3841 1734 com-

2243 1770 2642 1841 plectebantur.
2677 1768 2902 1825 Illorum
2927 1773 3152 1844 quinque
3173 1781 3352 1840 erant,
3377 1771 3572 1828 borum
3593 1784 3838 1844 quatuor.

2318 1865 2381 1920 1ο
2421 1864 2637 1920 Codices
2681 1883 2804 1921 mss.
2837 1863 2978 1920 Bibl.
3010 1866 3282 1922 Vaticana:
3310 1883 3364 1922 n.
3402 1867 3545 1926 1245
3595 1877 3651 1925 et
3677 1868 3836 1936 4580,

2246 1968 2476 2028 uterque
2511 1974 2873 2030 papyraccus.

2316 2052 2378 2106 2°
2418 2050 2596 2107 Codex
2627 2069 2722 2106 ms.
2762 2051 3126 2108 Urbinatensis
3150 2051 3610 2108 membranacetts
3663 2070 3720 2110 η.
3753 2055 3841 2124 75,

2246 2146 2709 2216 elegantissimus,
2737 2144 2934 2200 litteris
2958 2144 3256 2200 initialibus
3283 2145 3442 2216 pictis
3469 2155 3524 2200 et
3548 2145 3841 2202 deauratis.

2318 2240 2590 2295 Caeterum
2628 2256 2734 2294 non
2769 2248 3041 2294 vetustate
3093 2239 3311 2311 quidem
3361 2249 3636 2310 praestare
3682 2238 3844 2296 hosce

2247 2335 2488 2399 Codices,
2535 2335 2791 2405 prazclara
2831 2345 3013 2389 tamen
3045 2333 3294 2404 plurimis
3332 2334 3382 2388 in
3417 2332 3557 2388 locis
3597 2334 3666 2387 ad
3709 2333 3845 2391 Gau-

2248 2428 2418 2484 dentii
2450 2427 2888 2482 emendationem
2935 2426 3254 2494 contulisse,
3287 2425 3593 2482 Galeardus
3639 2429 3844 2484 scribit.

2252 2522 2594 2594 Excerpendi
2628 2537 2840 2586 curant,
2874 2531 3162 2592 postquam
3199 2530 3445 2592 potestas
3476 2536 3504 2575 a
3545 2519 3602 2574 P.
3637 2519 3695 2577 S.
3733 2522 3848 2576 Cle-

2251 2624 2434 2669 mente
2465 2597 2706 2669 Xl'l'acla
2738 2624 2905 2676 esset,
2937 2613 3259 2668 Franciscus
3300 2612 3635 2668 Blanchinus
3665 2623 3720 2667 et
3748 2613 3847 2669 Ca-

2249 2711 2398 2765 rolus
2428 2708 2698 2780 Majellus,
2729 2709 2867 2764 Bibl.
2899 2708 3021 2764 Vat.
3057 2709 3373 2778 prmleetus,
3425 2718 3654 2779 uterque
3681 2707 3746 2764 P.
3778 2707 3842 2764 M.

2249 2802 2318 2856 ah
2345 2801 2552 2860 honore
2585 2802 2722 2857 ιιιοιί
2747 2801 2985 2856 cubiculi
3011 2801 3412 2856 sustinuerant.

2321 2896 2377 2952 5°
2393 2896 2566 2951 Codex
2581 2913 2703 2952 mss.
2724 2893 3065 2950 Florentinus
3080 2895 3429 2952 bibliotheca:
3441 2894 3680 2951 S.Marci
3697 2896 3847 2952 charv

2252 3004 2457 3056 lﬂt'CllS,
2500 2989 2656 3060 cujus
2699 2989 2859 3045 Joan.
2903 2988 3252 3044 Mabillonius
3296 2991 3347 3042 in
3396 2989 3523 3044 ltin.
3579 2987 3842 3045 meminit.

2249 3084 2615 3140 (Iollationem
2643 3094 2936 3139 curaverat
2963 3093 3124 3152 atque
3155 3082 3430 3137 variantes
3470 3077 3739 3137 lectiones
3767 3081 3845 3136 di-

2249 3179 2481 3250 ligenter
2507 3191 2794 3248 excerptas
2835 3177 3030 3233 editori
3066 3177 3444 3232 transmiserat
3473 3175 3535 3230 P.
3586 3177 3842 3236 Albertus

2171 3267 2216 3329 C
2251 3272 2420 3333 Salvi,
2453 3272 2698 3340 ejusdem
2727 3269 3114 3324 MonasteriiS.
3149 3269 3313 3323 Marci
3347 3267 3650 3323 Florentia}
3673 3267 3846 3322 Prior.

2323 3363 2386 3416 4ο
2429 3360 2606 3416 Codex
2632 3377 2728 3415 ms.
2775 3360 2976 3414 Octavii
3009 3357 3326 3429 Pnntagathi
3368 3358 3634 3423 Brixiani,
3675 3359 3846 3430 magni

2253 3470 2370 3510 aevo
2394 3471 2491 3509 suo
2520 3459 2662 3509 inter
2682 3455 2980 3510 Litteratos
3004 3454 3240 3508 nominis
3262 3453 3363 3508 viri
3391 3452 3513 3525 (a).
3543 3452 3646 3522 Qui
3671 3469 3852 3528 quam~

2253 3564 2413 3617 quam
2441 3564 2539 3604 nec
2562 3547 2676 3614 ipse
2701 3564 2908 3618 magna:
2937 3548 3219 3601 vetustatis
3242 3554 3380 3610 erat,
3415 3556 3683 3616 attamen,
3715 3545 3852 3618 quod

2254 3651 2439 3695 contra
2465 3641 2707 3710 opinanti
2744 3639 3010 3695 Galeardo
3048 3639 3266 3703 accidit,
3312 3638 3588 3692 teetiones
3617 3640 3852 3709 optimas

2255 3751 2283 3788 a
2313 3734 2693 3803 superioribus
2718 3732 3094 3800 discrepantes
3127 3730 3437 3800 frequentes
3462 3731 3849 3806 suppeditavit.

2258 3827 2528 3881 Prtr'orea
2559 3824 2876 3895 Pantagatlii
2915 3822 3063 3876 illius
3091 3839 3252 3876 manu
3287 3823 3487 3892 passim
3515 3823 3853 3882 emendatio-

2259 3937 2356 3978 nes
2388 3920 2616 3991 margini
2649 3931 2805 3974 erant
2855 3921 3130 3989 ascriptre,
3180 3919 3379 3988 quibus
3412 3917 3554 3971 haud
3587 3916 3852 3973 modicum

2259 4017 2448 4070 statuit
2493 4015 2726 4083 pretium
2763 4011 2962 4066 editor.

2332 4109 2389 4164 5⁸
2429 4106 2605 4162 Codex
2632 4124 2726 4161 ms.
2768 4104 2992 4160 Urbiuas
3024 4120 3076 4157 η.
3109 4101 3233 4168 150,
3267 4101 3743 4158 membranaceus.

2333 4204 2388 4260 6°
2431 4203 2606 4258 Codex
2650 4219 2744 4256 ms.
2797 4199 3084 4254 Vaticanus
3115 4197 3366 4261 n.1‘235,
3409 4199 3858 4252 membranaceus

2262 4297 2484 4370 pariter.
2510 4297 2750 4365 Uterque
2781 4310 2846 4350 ex
2876 4295 2959 4349 his
2987 4293 3204 4347 duobus
3230 4291 3548 4346 Sermonem
3583 4289 3858 4345 Candentii

2263 4395 2325 4449 de
2356 4392 2512 4446 Petro
2541 4401 2590 4446 et
2617 4389 2788 4443 Paulo
2820 4385 3211 4443 exbibeutibus
3253 4383 3494 4440 Zenonis
3539 4386 3707 4440 etiam
3737 4383 3851 4439 Ser-

2264 4503 2452 4542 mones
2476 4482 2812 4539 continebat.

2336 4581 2397 4633 7ο
2441 4577 2651 4631 Codices
2682 4591 2804 4629 mss.
2840 4571 2948 4626 duo
2995 4569 3236 4625 Brixiani
3267 4566 3701 4634 membranacei,
3735 4582 3864 4639 quo-

557 4689 751 4746 porum
784 4690 908 4730 raro
937 4676 1092 4730 obvia
1125 4677 1347 4739 indicat,
1382 4679 1660 4746 inspersas
1689 4692 1811 4733 esse
1856 4692 2025 4732 novas
2053 4679 2158 4738 huc
2188 4659 2239 4718 Ῑ)
2265 4692 2384 4731 rum
2421 4671 2697 4742 antiquior
2726 4667 2947 4740 prmfert
2995 4675 3178 4720 notam
3212 4663 3402 4720 szcculi
3446 4679 3526 4729 ιι,
3563 4662 3862 4718 Sermonem

557 4768 688 4823 illuc
719 4769 885 4823 textui
909 4770 1290 4825 Gaudentiano
1315 4771 1648 4837 notationes,
1673 4773 1969 4827 nonnullas
1992 4772 2155 4827 etiam

2267 4769 2331 4826 de
2369 4768 2484 4824 Vita
2514 4777 2561 4823 et
2592 4765 2750 4820 Obitu
2783 4763 2849 4818 Β.
2887 4761 3162 4816 Philastrii
3197 4758 3554 4815 exhibentes.

632 4892 658 4921 ἰ
683 4883 1015 4957 Comvorum
1030 4885 1098 4940 de
1121 4901 1186 4940 eo
1216 4887 1524 4943 testimonia
1557 4887 1702 4944 haud
1729 4889 2074 4957 prartermisit
2108 4887 2430 4954 Galeardus,
2463 4883 2796 4957 nempeLil.
2827 4882 2985 4957 ρης.
3008 4880 3214 4936 Giraldi
3408 4877 3445 4931 2
3475 4877 3540 4938 de
3572 4875 3727 4934 Poet.
3759 4889 3866 4936 sua:

558 4962 648 5009 ml.
675 4972 690 5020 ;
721 4955 942 5030 August.
974 4955 1178 5011 Thuani
1202 4957 1411 5013 Comm.
1447 4959 1513 5014 de
1537 4959 1654 5014 Vita
1688 4950 1784 5014 sua
1829 4960 1921 5016 lib.
1955 4950 2008 5030 l;
2055 4959 2312 5033 Onuphrti
2348 4950 2682 5013 Pu'nvinii'ad
2711 4956 2802 5010 lib.
2836 4950 3147 5017 Pastorum,
3182 4968 3232 5022 p.
3264 4950 3391 5007 390.

566 5071 3826 5102 ____________________________________________________________.

1227 5225 2074 5338 PBIEFATIO
2148 5231 2294 5336 P.
2373 5223 3185 5336 GALEARDI

1442 5403 1520 5463 IN
1567 5405 1953 5469 EDITIONE
1998 5408 2328 5472 OPERUM
2374 5408 2436 5468 S.
2488 5404 2956 5469 GAUDENTII.

633 5625 684 5679 l.
710 5622 1073 5692 Gaudentius,
1101 5623 1299 5678 Brixizc
1320 5623 1752 5694 episcopus,suh
1783 5625 1945 5681 ﬁnem
1978 5623 2159 5698 quarti

557 5718 745 5773 saeculi
777 5716 993 5784 ﬂoruit,
1030 5733 1096 5772 eo
1125 5718 1341 5772 scilicet
1393 5727 1640 5786 tempore
1691 5734 1800 5788 quo
1847 5733 2012 5780 aurea
2063 5718 2164 5772 Ec.-

560 5813 747 5867 clesiae
771 5821 905 5868 tetas
930 5811 1345 5885 Hieronymum,
1373 5812 1746 5873 Ambrosium,
1778 5814 2160 5883 Augustinum,

568 5905 818 5976 aliosque
835 5912 1030 5978 pratsta
1045 5907 1324 5964 ntissimos
1340 5907 1486 5962 viros
1503 5905 1644 5963 tulit.
1663 5905 1799 5964 Eum
1818 5906 1870 5962 in
1889 5907 2166 5964 Orientem

2268 5625 2550 5694 religionis
2579 5638 2744 5680 causa
2776 5634 3011 5694 peregre
3048 5616 3379 5689 profectum,
3436 5615 3729 5674 Pliilastrio
3760 5611 3869 5684 epi-

2272 5730 2439 5785 scopo
2481 5715 2588 5770 vita
2635 5715 2844 5780 functo,
2892 5714 3188 5768 Brixianus
3235 5709 3467 5782 populus
3503 5719 3868 5764 successorem

2275 5809 2562 5881 expetivit,
2588 5809 2886 5864 accedente
2910 5807 3172 5876 sull‘ragio
3201 5806 3608 5876 episcoporum,
3640 5813 3798 5874 atque
3823 5801 3869 5856 in

2278 5906 2468 5976 primis
2501 5903 2774 5962 Ambrosii
2810 5901 3239 5958 Mediolanensis
3279 5899 3576 5968 antistitis,
3619 5897 3771 5971 cujus
3813 5907 3872 5959 ea
