4122 6346
277 413 380 472 797

1491 408 1866 468 ΡΒἎΕΕΑΤΙΟ
1905 409 1965 469 Ρ.
2007 409 2382 467 GALEARDI.

3493 411 3602 471 798

275 539 604 602 tempestate
633 529 940 586 auctoritas
971 541 1184 582 summa
1229 535 1366 584 erat.
1393 523 1758 589 Gaudentius,
1791 539 1877 578 sa-
1909 523 1957 585 A
1989 535 2172 595 pterea
2218 527 2390 582 utitur
2415 509 2668 602 apposite
2700 526 2971 584 Baronius
2999 525 3091 602 (ad
3141 529 3210 584 A.
3242 526 3307 583 C.
3361 526 3493 597 516,
3542 545 3602 594 n.

273 624 500 682 cerdotii
531 624 772 694 pondere
804 623 1127 685 deterritus,
1176 620 1503 689 imperitiam
1545 625 1736 673 contra
1780 618 1880 673 ob-

275 717 529 785 tendere,
564 725 891 788 astatemque
914 717 1264 770 immaturam
1293 711 1486 782 coepit,
1511 720 1573 766 ut
1603 726 1661 766 se
1685 711 1752 766 ab
1783 709 1884 765 im.

275 812 438 884 positi
468 810 713 867 muneris
753 809 973 866 sarcina
1019 803 1372 862 subduceret.
1407 803 1609 859 Verum
1647 805 1881 856 Ambro-

274 906 406 971 sius,
438 905 735 975 eaeterique
780 901 1078 966 antistites,
1113 904 1460 953 sacramento
1492 891 1880 949 Brixianorum

275 999 520 1056 adstricti
567 999 697 1072 (quo
749 995 979 1053 fortasse
1019 1010 1143 1050 sese
1190 992 1609 1061 obligaverunt,
1669 987 1881 1042 nullum

277 1092 444 1147 alium
493 1091 806 1162 episcopum
872 1099 1069 1160 praeter
1122 1086 1491 1144 Gaudentium
1560 1090 1886 1153 accepturos

273 1185 414 1255 lore)
447 1183 760 1252 huiusmodi
790 1181 856 1236 ad
883 1196 1005 1237 eum
1035 1179 1241 1235 litteras
1272 1193 1378 1232 una
1425 1191 1549 1230 eum
1591 1173 1883 1228 Brixiano-

275 1293 394 1332 rum
434 1277 634 1331 civittm
661 1273 937 1346 legatione
973 1274 1269 1336 miserunt,
1310 1279 1370 1326 ut
1396 1283 1583 1324 earum
1614 1267 1885 1338 gravitate

273 1380 328 1427 et
352 1369 409 1426 vi
435 1368 990 1442 permotiOrientales
1005 1366 1245 1438 episcopi
1272 1364 1721 1419 communionem
1742 1361 1886 1418 Gau-

273 1461 459 1519 dentio
489 1461 846 1534 denegarem,
875 1459 979 1516 nisi
1030 1461 1335 1517 rediturqu
1379 1473 1461 1524 se,
1509 1467 1672 1529 atque
1705 1457 1882 1528 impe-

274 1566 394 1612 rata
417 1556 683 1611 facturum
701 1554 1077 1627 polliCeretur.
1103 1552 1295 1624 Itaque
1309 1550 1673 1619 Gaudentius,
1699 1551 1885 1607 redire

275 1649 608 1718 compulsus,
666 1647 938 1703 Brixiante
993 1644 1260 1702 Ecclesia:
1317 1645 1563 1716 regimen
1615 1645 1878 1715 susctspit,

277 1755 382 1796 non
415 1742 535 1796 sine
567 1756 759 1811 magna
789 1739 1006 1796 virtutis
1051 1753 1113 1794 ac
1163 1736 1447 1793 modestia:
1504 1736 1699 1803 laude;
1757 1752 1881 1792 cum

277 1849 385 1888 non
416 1834 594 1888 solum
627 1835 844 1890 absenti
883 1847 947 1889 ac
975 1832 1305 1904 repugnanti
1339 1831 1672 1902 episeopalis
1705 1831 1882 1904 digni-

1985 616 2078 685 44,
2112 618 2200 673 ubi
2229 617 2298 676 de
2328 622 2536 678 sanctis
2561 619 2632 676 40
2659 620 3001 693 martyribus
3027 634 3215 691 agens,
3262 619 3603 681 Gaudentia—

1988 729 2116 768 num
2144 727 2452 770 sermonem
2489 715 2693 770 laudat.
2739 713 2988 772 Meminit
3035 713 3283 785 ejusdem
3313 713 3381 770 ad
3422 715 3489 772 A.
3535 714 3604 780 Ο,

1987 804 2112 868 587,
2140 824 2193 859 ιι.
2232 807 2284 873 7,
2319 821 2382 863 ac
2405 818 2606 878 prmter
2636 808 2928 862 Baronium
2969 807 3386 878 Papebrochius
3413 809 3468 864 in
3499 811 3610 866 Αθ-

1990 899 2055 952 iis
2081 898 2180 954 SS.
2208 898 2405 965 Martii,
2437 911 2571 956 tom.
2606 898 2669 968 ll,
2706 915 2830 972 pag.
2868 899 3050 973 una.
3087 901 3141 969 7,
3185 901 3430 973 itemque
3462 901 3602 964 Rui-

1991 1002 2178 1048 nartus
2209 995 2261 1048 in
2296 995 2450 1049 Actis
2476 996 2800 1068 Martyrum.

2059 1087 2118 1142 4.
2156 1088 2275 1157 Quo
2302 1104 2445 1143 anno
2482 1087 2829 1146 Gaudentius
2871 1091 3252 1162 episcopatum
3300 1091 3613 1163 susceperit

1987 1199 2094 1239 non
2129 1184 2262 1239 satis
2297 1185 2485 1256 liquet.
2523 1171 2755 1243 Videtur
2787 1184 2840 1242 id
2875 1185 3078 1243 factum
3119 1185 3290 1244 fuisse
3324 1191 3476 1244 circa
3508 1202 3611 1246 anc

1990 1296 2118 1334 num
2150 1280 2280 1349 387,
2309 1296 2468 1350 quam
2500 1283 2834 1338 sententiam
2866 1283 3217 1338 recentiores
3252 1282 3367 1339 fere
3411 1295 3611 1340 omnes

1992 1374 2243 1443 probant.
2281 1373 2508 1430 Vossius
2537 1389 2692 1442 sane,
2722 1390 2788 1430 ac
2809 1374 3085 1442 Labbens,
3117 1374 3331 1432 Gaveus
3359 1376 3517 1444 item,
3549 1387 3612 1444 et

1987 1468 2195 1523 Natalis
2223 1467 2560 1536 Alexander,
2612 1469 2664 1524 in
2722 1470 2865 1524 hunc
2908 1484 3110 1528 annum
3146 1469 3361 1526 initium
3391 1471 3610 1542 episeo-

1990 1573 2148 1632 patus
2178 1560 2474 1622 Gaudentii
2524 1559 2839 1622 conferunt.
2877 1560 3056 1618 Vossii
3101 1561 3265 1616 verba
3300 1561 3416 1616 haec
3443 1571 3601 1642 sunt,

1989 1655 2087 1712 lib.
2117 1669 2176 1709 ιιι
2206 1654 2273 1709 de
2302 1654 2441 1710 l-list.
2475 1653 2595 1712 Lat.
2630 1653 2702 1727 (c)
2733 1672 2746 1709 :
2789 1653 3114 1711 Gaudentius
3159 1653 3450 1715 Brixiensis
3491 1657 3607 1726 epi-

1985 1767 2170 1824 erpus
2194 1750 2456 1806 memoria:
2479 1749 2712 1822 prodidit
2744 1749 2916 1806 Vitam
2938 1749 3002 1806 S.
3029 1748 3336 1817 Philastrii,
3371 1752 3451 1806 cui
3484 1767 3606 1808 suc-

1987 1855 2207 1902 cesserat
2232 1847 2285 1901 in
2313 1846 2629 1920 episcOpatu.
2689 1845 2828 1900 Obiit
2876 1855 3050 1900 autem
3100 1844 3424 1902 Pliilastrius
3455 1864 3596 1906 anno

275 1935 358 1981 tas
382 1927 564 1982 delata
597 1925 781 1993 fuerit,
816 1942 1002 1981 verum
1026 1923 1214 1991 etiam,
1253 1923 1398 1994 quod
1429 1939 1610 1978 rarum
1652 1935 1758 1990 est,
1787 1941 1878 1979 ert-

1988 1939 2111 2005 587,
2140 1940 2272 1994 unde
2297 1937 2583 1994 Caudentii
2605 1949 2732 2002 tetas
2782 1941 2909 1995 satis
2951 1949 3112 2009 patet.
3162 1939 3420 1996 Profecto
3451 1945 3496 1995 sl
3530 1940 3604 2000 de

275 2019 504 2090 pugnari
532 2033 593 2074 se
623 2033 729 2072 non
758 2017 919 2074 aliter
950 2031 1143 2088 passus
1168 2017 1259 2086 sit,
1293 2032 1450 2087 quam
1485 2015 1880 2072 ecclesiasticis

273 2112 437 2166 minis
479 2112 789 2188 perculsus,
824 2119 896 2178 et,
944 2119 1004 2166 ut
1035 2111 1154 2182 ipse
1185 2112 1294 2178 ait,
1325 2111 1636 2166 auctoritate
1663 2121 1876 2166 sancto-

271 2223 387 2260 rum
413 2205 750 2279 prtesentlum
779 2206 1110 2280 subjugatus.

339 2300 394 2356 2.
440 2302 565 2357 lltec
591 2289 777 2357 omnia
807 2303 876 2357 ab
910 2303 1027 2372 ipso
1057 2301 1364 2358 Gaudentio
1394 2301 1659 2357 discimus
1685 2303 1739 2356 in
1769 2319 1875 2356 scr-

267 2408 418 2448 mone
449 2395 512 2447 tlc
542 2393 887 2448 Ordinatione
913 2395 1015 2463 sui,
1051 2396 1144 2464 qui
1176 2394 1390 2450 habitus
1419 2405 1502 2450 est
1530 2410 1717 2450 coram
1745 2399 1874 2450 Am-

271 2489 460 2540 brosio
490 2485 884 2542 Mediolanensi
912 2487 1190 2552 antistite;
1230 2497 1391 2559 atque
1423 2489 1491 2542 ab
1521 2488 1714 2544 eodem
1757 2505 1877 2543 ser-

266 2595 429 2635 mone
462 2577 838 2634 testlntonium
889 2579 1196 2651 desumpsit
1245 2579 1514 2636 Baronius
1555 2595 1678 2635 eum
1733 2581 1877 2638 Gau-

262 2675 431 2729 dentii
464 2674 793 2730 electionem
827 2685 1046 2730 enarrat
1073 2675 1140 2729 ad
1176 2676 1240 2730 Α.
1298 2676 1359 2730 C.
1392 2675 1520 2742 586,
1566 2693 1621 2731 ιι.
1675 2677 1727 2744 7,
1782 2677 1871 2731 ubi

262 2777 445 2822 tamen
471 2783 696 2823 sensum
732 2767 1021 2824 verborum
1062 2768 1388 2836 Gaudentii,
1421 2780 1744 2824 sacramento
1773 2787 1874 2841 quo

264 2870 456 2916 temere
497 2879 583 2916 vos
617 2863 753 2933 ipsos
785 2861 1076 2935 obligastis,
1121 2865 1344 2928 astricti,
1394 2881 1500 2919 non
1535 2864 1753 2918 videtur
1783 2880 1872 2920 as-

262 2965 514 3024 secutus,
568 2955 696 3010 dum
721 2956 1394 3028 episcopisjusjurandum
1423 2959 1694 3022 attribuit,
1729 2960 1872 3028 quod

261 3047 440 3102 fuerat
491 3048 715 3102 virium.
770 3049 1114 3106 Gaudentius
1156 3052 1302 3108 enim
1355 3057 1500 3106 cives
1550 3053 1870 3123 alloquitur,

265 3158 372 3194 non
408 3142 725 3211 episcOpos,
761 3153 820 3197 ut
852 3153 1000 3212 patet
1035 3162 1048 3198 :
1084 3142 1160 3215 (a)
1196 3144 1302 3200 Sed
1349 3145 1529 3200 beatus
1559 3156 1705 3216 pater
1748 3147 1874 3199 Am-

261 3237 490 3302 brosius,
549 3238 820 3306 ceeterlque
871 3239 1153 3291 venerandi
1207 3239 1500 3302 antistites,
1547 3252 1872 3295 sacramento

260 3346 361 3400 quo
385 3340 572 3383 temere
603 3346 687 3383 ros
733 3330 872 3398 ipsos
916 3329 1205 3402 obligastis,
1259 3332 1483 3396 astricti,
1531 3331 1655 3386 tales
1683 3333 1751 3387 ad
1794 3351 1873 3387 me
1899 3323 1945 3385 C

261 3425 510 3494 epistolas
533 3442 649 3478 cum
681 3435 845 3478 vestra
877 3424 1136 3499 legatione
1167 3428 1436 3495 miserunt,
1465 3438 1520 3482 ut
1546 3431 1656 3483 sine
1680 3432 1871 3484 damno

261 3522 451 3574 anima:
477 3536 604 3573 mete
630 3520 766 3572 ultra
793 3523 902 3587 iam
930 3521 1166 3574 resistere
1197 3536 1298 3574 non
1327 3522 1569 3576 valerem.
1603 3523 1783 3590 Quare
1813 3524 1872 3577 ii-

263 3625 351 3666 ret
378 3611 766 3683 jusjurandum
801 3613 1090 3686 episcopos
1121 3615 1473 3684 compulisset
1511 3616 1576 3670 ad
1609 3632 1870 3670 revocan-

262 3709 388 3762 dum
422 3706 1014 3771 Gaudentium,tamen
1042 3708 1205 3762 verba
1231 3708 1320 3764 illa
1352 3709 1664 3774 Gaudentii,
1699 3728 1872 3764 sacra-

262 3808 430 3854 mento
461 3816 564 3870 quo
596 3809 785 3853 temere
813 3817 897 3852 ros
930 3801 1067 3868 ipsos
1099 3800 1388 3872 obligastis.
1425 3803 1574 3856 nullo
1620 3803 1778 3858 modo
1805 3804 1870 3859 ad

262 3893 575 3964 episcopos,
609 3891 703 3947 sed
737 3893 801 3944 ad
834 3892 981 3947 cives
1015 3895 1400 3948 tantummodo
1428 3896 1759 3952 referuntur.

331 3987 384 4041 5.
432 3986 568 4041 Dum
601 3985 652 4040 in
683 3981 909 4040 Oriente
934 3997 1249 4040 versaretur
1279 3986 1644 4052 Gaudentius,
1677 4004 1741 4044 ac
1769 4005 1866 4058 per

259 4077 630 4148 Cappadociae
650 4077 819 4133 urbes
849 4075 1159 4133 Jerusalem
1188 4091 1465 4149 pergeret,
1495 4082 1546 4134 in
1583 4083 1698 4151 ipsa
1734 4099 1872 4152 prae—

262 4173 421 4243 cipua
446 4170 812 4242 Cappadociae
841 4173 976 4226 urbe
998 4171 1276 4239 C:esarea,
1298 4190 1324 4225 a
1351 4174 1675 4244 quibusdam
1702 4175 1872 4228 sacris

263 4263 574 4336 virginibus
606 4263 795 4319 Basilii
827 4264 1083 4336 neptibus
1139 4265 1190 4318 iu
1236 4266 1578 4321 monasterio
1622 4267 1870 4340 degenti-

263 4357 368 4412 bus
398 4356 481 4428 (ὁ)
512 4356 775 4427 reliquias
807 4367 1124 4412 sanctorum
1163 4355 1236 4412 40
1294 4367 1619 4430 martyrum,
1676 4360 1764 4431 qui
1819 4361 1870 4416 in

260 4449 523 4507 Armenia
555 4449 656 4505 sub
685 4447 898 4506 Licinio
953 4451 1104 4522 passi
1157 4451 1398 4519 fuerant,
1445 4454 1678 4523 accepit,
1736 4469 1874 4525 quas

260 4544 390 4598 olim
418 4543 525 4599 sibi
559 4541 790 4598 traditas
816 4544 886 4598 ab
913 4546 1187 4601 avunculo
1228 4561 1328 4602 suo
1352 4545 1587 4612 Basilio,
1621 4545 1870 4618 ejusdem

260 4636 503 4694 civitatis
528 4637 787 4707 episeopo
811 4679 824 4704 ,
859 4641 1228 4696 testabantur.
1274 4639 1382 4696 l-Ias
1430 4655 1540 4698 una
1571 4658 1695 4696 cum
1742 4643 1872 4700 aliis

261 4742 580 4785 sanctorum
640 4729 908 4800 reliquiis,
971 4727 1202 4787 Joannis
1247 4731 1534 4803 Baptistae.
1595 4721 1949 4812 Andreae,D

263 4823 512 4892 Thomac,
545 4837 609 4878 ae
631 4820 813 4886 Luce,
848 4820 1098 4881 Brixiam
1133 4825 1424 4895 devectas,
1458 4827 1510 4881 in
1561 4829 1797 4884 ecclesia
1839 4846 1868 4885 a

261 4933 322 4975 se
351 4918 604 4974 dedicata
635 4915 932 4974 collocavit
961 4919 1322 4984 Gaudentius.
1358 4921 1562 4980 additis
1599 4933 1868 4998 praeterea

262 5011 435 5070 sacris
485 5013 720 5082 lipsauis
765 5012 1036 5082 Gervasii,
1091 5015 1346 5081 Protasii,
1404 5029 1574 5088 atque
1624 5018 1869 5086 Nazarii,

262 5108 504 5184 itemque
531 5105 947 5164 Anaunensium
973 5118 1294 5182 martyrum,
1321 5111 1574 5178 Sisiunii,
1602 5112 1872 5188 Martyrii,

263 5209 320 5257 et
349 5199 697 5267 Alexandri;
732 5200 1078 5274 laudatisque
1097 5217 1201 5273 pro
1217 5202 1486 5262 concione
1511 5206 1873 5280 martyribus,

263 5294 556 5350 ecclesiam
587 5294 762 5364 ipsam
808 5295 1089 5349 concilium
1116 5308 1413 5353 sanctorum
1445 5301 1875 5372 nuncupandam

265 5399 388 5442 esse
417 5386 693 5452 decrevit;
721 5395 777 5441 ut
810 5387 1077 5444 habemus
1103 5389 1156 5442 in
1179 5405 1416 5445 sermone
1437 5392 1502 5446 de
1534 5391 1876 5450 Dedicatione

266 5480 513 5536 basilicae.
563 5483 640 5536 Ex
692 5483 797 5538 hoc
841 5483 1116 5555 praeclaro
1166 5484 1465 5542 Gaudentii
1521 5489 1665 5542 tacto
1714 5489 1877 5546 valde

266 5578 631 5634 confirmatur
649 5578 905 5649 antiquus
926 5578 1263 5650 reliquarum
1291 5581 1506 5650 cultus,
1539 5596 1717 5655 eoque
1747 5599 1877 5654 pro.

364 5806 416 5878 a)
460 5805 672 5878 Gaud.,
703 5811 865 5864 tract.
897 5803 1190 5878 d‘e.0_rdin.
1221 5806 1329 5866 sui.

364 5806 416 5878 a)
460 5805 672 5873 Gaud.,
703 5811 865 5864 tract.
897 5805 1190 5862 deOrdin.
1221 5806 1329 5866 sui.

340 5805 421 5952 ib)
458 5877 670 5940 Gaud.,
702 5885 861 5952 tract.
905 5876 975 5952 de
1024 5876 1162 5952 Ded.
1222 5878 1417 5946 basil.,
1453 5896 1545 5934 eas
1576 5884 1875 5937 monasterii

267 5949 564 6007 sanctarum
603 5951 861 6022 virginum
890 5949 1230 6021 dignissimas
1264 5960 1456 6007 matres
1487 5952 1745 6024 appellat.

1985 2050 2128 2089 anno
2154 2035 2338 2090 obitus
2369 2033 2647 2090 Pbilastrii
2679 2042 2986 2099 constaret,
3027 2033 3178 2094 nulla
3201 2033 3270 2089 de
3298 2032 3456 2092 initio
3477 2033 3593 2104 epi-

1984 2136 2242 2196 scopatus
2268 2125 2566 2182 Gaudentii
2595 2134 2747 2180 esset
2772 2124 3038 2198 qumstio;
3073 2125 3219 2196 quod
3245 2135 3432 2182 autem
3466 2125 3603 2184 con-

1978 2223 2188 2293 jectura
2231 2222 2424 2278 saltem
2456 2221 2675 2291 assequi
2725 2234 3041 2290 possumus,
3080 2219 3188 2276 hoc
3232 2226 3351 2287 est,
3405 2218 3594 2274 Phila-

1983 2317 2177 2374 strium
2209 2327 2326 2386 post
2353 2331 2558 2371 annum
2587 2315 2692 2370 585
2719 2313 2868 2372 diem
2892 2327 3052 2370 suum
3079 2312 3306 2368 abiisse.
3329 2310 3462 2367 Nam
3480 2312 3596 2368 Att-

1981 2411 2249 2480 gustinus,
2282 2409 2370 2480 qui
2396 2408 2568 2462 Roma
2591 2405 2955 2462 Mediolanum
2977 2404 3127 2460 venit
3148 2418 3293 2459 anno
3322 2403 3452 2471 584,
3485 2403 3588 2459 ibi-

1981 2519 2085 2572 que
2110 2511 2479 2557 commoratus
2497 2507 2582 2556 est
2603 2514 2776 2570 usque
2805 2498 2870 2554 ad
2903 2512 3106 2556 annum
3135 2496 3265 2562 587,
3298 2495 3589 2568 scribit(d)

1981 2612 2041 2652 se
2097 2595 2388 2651 Mediolani
2459 2593 2810 2650 Pbilastrium
2878 2590 3219 2646 Brixiensem
3276 2589 3596 2660 episcopum

1979 2688 2118 2758 apud
2141 2688 2486 2744 Ambrosium
2506 2684 2732 2742 vidisse.
2761 2685 2945 2754 itaque
2958 2682 3072 2738 ﬁeri
3100 2691 3302 2752 potest,
3319 2681 3584 2751 aliquem,

1979 2797 2043 2837 ac
2090 2781 2317 2838 fortasse
2369 2787 2705 2850 postremum
2755 2791 2819 2831 ex
2874 2775 2961 2831 his
3009 2774 3185 2832 tribus
3215 2774 3374 2829 annis
3404 2771 3578 2834 fuisse

1979 2875 2274 2932 Pliilastrio
2300 2872 2679 2938 emortualem,
2728 2885 2853 2925 cum
2905 2877 3058 2924 certe
3114 2876 3243 2924 ante
3304 2865 3582 2922 Ambrosii

1979 2971 2187 3025 obitum
2221 2970 2332 3039 (qui
2360 2984 2503 3021 anno
2525 2966 2628 3023 597
2659 2961 2992 3034 assignatur)
3025 2960 3368 3022 Gaudentius
3410 2961 3592 3020 factus

1979 3064 2145 3118 fuerit
2175 3062 2368 3117 Brixia:
2393 3062 2703 3130 episcopus.
2730 3057 2841 3111 Hoc
2863 3065 3048 3111 autem
3071 3055 3286 3110 videtur
3309 3053 3588 3108 accidisse

1980 3161 2166 3230 plures
2195 3167 2321 3212 ante
2351 3170 2527 3215 annos
2566 3169 2726 3222 quam
2763 3151 3083 3206 Ambrosius
3112 3147 3228 3218 ipse
3256 3146 3587 3216 decederet;

1981 3270 2100 3308 nam
2129 3252 2329 3322 sazpins
2354 3250 2423 3305 de
2457 3264 2523 3304 eo
2555 3245 2720 3302 verba
2760 3243 2915 3309 facit,
2946 3259 3008 3296 ac
3041 3249 3374 3312 prazsentem
3418 3255 3593 3312 quan-

1978 3348 2158 3418 doque
2185 3343 2478 3414 compellat
2502 3355 2735 3395 sermone
2771 3337 2836 3391 de
2875 3335 3220 3391 Ordinatimte
3248 3333 3352 3400 sui,
3393 3341 3449 3388 et
3475 3349 3587 3386 ser.

1979 3459 2130 3498 mone
2152 3445 2214 3496 de
2242 3439 2398 3494 Petro
2426 3448 2471 3493 et
2505 3435 2699 3500 Paulo,
2733 3447 2965 3506 quorum
2993 3431 3146 3504 prior
3182 3429 3410 3498 Brixiae,
3450 3427 3590 3494 alter

1980 3552 2110 3591 vero
2138 3532 2471 3590 Mediolania
2507 3525 2815 3584 Gaudentio
2847 3535 2932 3581 est
2966 3523 3209 3578 habitus.

2050 3632 2102 3686 ὃ.
2145 3629 2263 3686 Jam
2291 3642 2425 3684 vero
2459 3633 2662 3698 quanta
2715 3621 2979 3676 doctrinm.
3025 3627 3188 3689 atque
3245 3614 3577 3688 eloquentia:

1979 3725 2138 3781 laude
2165 3723 2387 3781 floreret
2415 3719 2754 3776 Gaudentius
2786 3724 2997 3780 noster,
3048 3729 3115 3769 ex
3162 3726 3228 3766 eo
3277 3710 3587 3764 luculenter

1976 3819 2274 3890 Colligitur,
2300 3816 2442 3887 quod
2475 3813 2599 3886 ejus
2629 3823 2918 3868 sermones
2945 3807 3150 3879 passim
3181 3822 3207 3858 a
3238 3805 3473 3860 notariis
3494 3818 3591 3858 ex-

1976 3911 2379 3984 cipisolerent.
2409 3908 2536 3964 dum
2575 3907 2692 3978 ipse
2723 3905 2789 3960 ad
2837 3903 3098 3974 populum
3134 3899 3298 3955 verba
3350 3897 3586 3954 faceret.

1975 4004 2252 4062 Solemnis
2275 4004 2418 4056 enim
2449 4019 2510 4057 ea
2549 4006 2877 4069 tempestate
2933 4011 3058 4068 mos,
3103 3993 3227 4062 fuit,
3280 4002 3338 4050 ut
3389 3992 3434 4044 si
3467 3990 3591 4060 quis

1976 4096 2480 4152 ecclesiasticorum
2545 4102 2903 4148 traetatorum
2965 4087 3200 4144 dicendo
3270 4085 3592 4156 excelleret,

1977 4191 2097 4259 ejus
2125 4189 2420 4243 conciones
2469 4186 2738 4256 appositis
2784 4182 3040 4249 notariis,
3083 4178 3292 4246 scripto
3331 4176 3590 4232 celeriter

1977 4281 2394 4347 exciperentur;
2419 4273 2486 4330 de
2511 4290 2617 4348 quo
2643 4277 2796 4343 plura
2819 4269 3057 4324 diximus
3083 4266 3136 4320 in
3164 4263 3309 4318 notis
3327 4261 3585 4318 Gauden-

1976 4371 2138 4427 tianae
2162 4366 2512 4424 Praefationis
2544 4364 2612 4420 ad
2655 4362 2979 4418 Benivolum.
3013 4359 3151 4416 Hine
3181 4355 3326 4412 tituli
3370 4352 3454 4420 illi
3503 4368 3592 4408 se-

1978 4467 2086 4522 mel
2113 4475 2274 4537 atque
2301 4465 2498 4520 iterum
2529 4457 2929 4518 Gaudentianis
2947 4450 3302 4512 sermonibus
3331 4446 3550 4520 praefixi
3574 4462 3591 4501 :

1979 4557 2256 4631 Incipiunt
2300 4557 2500 4634 excepti
2532 4563 2786 4610 tractatus
2827 4551 2892 4606 de
2932 4547 3148 4608 diversis
3188 4539 3472 4616 capitulis;
3519 4546 3600 4607 et,

1980 4651 2259 4707 Tractatus
2282 4649 2516 4722 ejusdem
2543 4655 2786 4724 exceptus
2819 4645 2902 4700 die
2929 4638 3287 4698 Dedicationis
3324 4635 3555 4691 basilica:
3578 4649 3598 4700 ;

1977 4755 2052 4812 et,
2076 4741 2270 4819 Incipit
2295 4753 2547 4799 tractatus
2565 4756 2713 4814 quem
2733 4740 2904 4814 prium
2928 4738 3013 4792 die
3035 4729 3383 4796 ordinationis
3405 4727 3599 4802 ipsius,

1976 4857 2041 4911 qu
2051 4845 2322 4894 orumdam
2338 4840 2526 4894 civium
2552 4836 2743 4892 notarii
2757 4842 3092 4908 exceperunt.
3116 4829 3346 4887 Moleste
3367 4826 3590 4901 quidem

1978 4933 2080 4988 hos
2110 4947 2430 4988 sermonum
2474 4947 2695 4988 suorum
2735 4941 3032 5001 exceptares
3073 4941 3140 4982 eo
3172 4940 3344 4996 usque
3381 4921 3594 4984 ferebat

1977 5026 2337 5095 Gaudentius,
2373 5037 2431 5083 ut
2468 5043 2588 5102 qua:
2633 5027 2701 5080 ab
2743 5023 3051 5096 hujusmodi
3093 5019 3274 5094 operis
3314 5018 3588 5088 descripta

1976 5120 2216 5190 fuerant,
2243 5137 2338 5176 sua
2385 5136 2508 5176 esse
2554 5119 2908 5175 diffiteretur.
2960 5116 3052 5173 Sic
3092 5113 3238 5170 enim
3272 5114 3504 5182 ipsemet
3534 5110 3586 5164 in

1979 5215 2302 5288 Prtefatione
2345 5216 2414 5269 ad
2458 5212 2804 5268 Benivolum:
2839 5209 2916 5266 De
2947 5211 3055 5266 illis
3100 5224 3220 5264 vero
3258 5203 3586 5270 tractatibus,

1978 5309 2176 5382 inquit.
2209 5325 2339 5381 quos
2385 5307 2598 5361 notariis
2627 5307 2707 5381 (ut
2739 5304 2992 5380 comperi)
3044 5305 3262 5358 latenter
3310 5296 3588 5371 appositis,

1977 5402 2347 5474 proculdubio
2393 5401 2731 5474 interruptos,
2780 5408 2825 5454 et
2864 5396 3198 5468 semiplenos,
3254 5392 3419 5447 otiosa
3461 5403 3592 5460 quo-

1977 5493 2219 5548 rumdam
2252 5492 2427 5548 studia
2458 5492 2702 5565 colligere
2740 5497 3206 5562 prtesumpserunt,
3235 5483 3367 5539 nihil
3413 5480 3482 5534 ad
3511 5495 3590 5534 me

1979 5588 2182 5644 attinet.
2218 5585 2341 5648 Meo
2359 5588 2480 5658 jam
2504 5603 2607 5644 non
2627 5596 2748 5644 sunt
2777 5602 2894 5657 qua:
2923 5591 3126 5643 constat
3165 5577 3420 5652 μυ*ωοὶρὶσὶ
3441 5577 3591 5634 esci-

2055 5815 2130 5888 (c)
2171 5815 2300 5889 Pag.
2333 5817 2461 5884 ιιι,
2493 5816 2646 5873 editt.
2680 5815 2853 5888 Lugd.
2887 5815 3029 5879 Bat.,
3075 5810 3240 5868 1651.

2055 5890 2140 5960 (tl)
2181 5889 2301 5949 Lib.
2331 5891 2400 5947 de
2428 5891 2570 5946 liter.
2590 5933 2604 5957 ,
2641 5891 2761 5944 iuit.
