4122 6346
524 303 634 362 799

1469 304 1528 360 S.
1571 300 2014 362 GAUDEN'I‘IUS
2054 297 2428 361 EPISCOPUS
2468 303 2856 363 BRIXIANUS.

3717 305 3818 365 800

517 420 784 493 pientium
806 419 1139 492 festinatione
1167 420 1614 494 esse'conscripta.
1644 419 1846 476 Verum
1875 420 2122 490 quando-
2147 426 2202 489 Α
2226 421 2528 491 alumnum,
2569 431 2732 494 atque
2771 425 2839 479 ab
2864 424 3056 481 eodem
3091 425 3482 482 ecclesiasticis
3519 425 3821 498 disciplinis

518 529 626 588 que
644 515 808 571 etiam
833 515 1144 586 huiusmodi
1173 522 1434 571 tractatus
1455 515 1687 570 aliorum
1714 521 1903 584 rogatu
1931 528 2122 568 emen-

519 608 693 678 davit,
747 609 909 680 idque
961 609 1264 679 prmsertim
1314 608 1491 679 quoad
1557 614 1789 678 quatuor
1839 607 2124 662 breviores

517 713 784 762 tractatus
811 706 876 761 de
920 706 1135 760 diversis
1180 704 1422 775 capitulis
1474 702 1762 776 Evangelii,
1811 717 1876 757 ac
1925 702 2121 757 subse-

517 808 773 870 quentem
802 799 864 854 de
893 797 1210 852 Machabceis
1236 796 1550 867 martyribus
1582 795 1904 866 praestitisse
1934 810 1993 849 se
2019 795 2124 849 Be-

519 891 706 948 nivolo
743 899 1000 963 petente,
1042 889 1177 944 inibi
1208 897 1479 944 testatur:
1528 902 1699 958 quare
1747 904 1845 957 pro
1888 888 2124 942 sinceris

517 993 574 1042 et
603 982 996 1039 Gaudentianis
1028 981 1334 1047 habendos,
1378 981 1517 1037 nihil
1568 989 1653 1037 est
1700 981 1847 1052 quod
1903 981 2125 1035 dubite-

517 1091 659 1132 mus.
693 1081 759 1131 At
786 1092 894 1148 quo
948 1077 1120 1146 magis
1153 1077 1503 1146 perspicuum
1540 1075 1635 1130 fiat
1661 1091 1821 1145 quam
1862 1074 2127 1144 przeclare

515 1167 584 1224 de
609 1167 898 1224 Gaudentii
931 1169 1245 1238 eloquentia
1287 1182 1351 1222 ac
1397 1168 1677 1232 doctrina,
1725 1182 1794 1222 eo
1825 1167 2003 1221 adhuc
2033 1181 2126 1219 su-

519 1261 750 1332 perstite
777 1270 835 1316 et
876 1260 1160 1329 incolumi,
1209 1261 1460 1316 homines
1489 1260 1782 1326 sentirent,
1815 1270 2128 1331 quantaque

515 1365 664 1411 esset
685 1357 794 1426 jam
828 1365 939 1410 tum
965 1355 1332 1414 Gaudentiaui
1369 1355 1608 1411 nominis
1644 1357 1959 1420 celebritas,
1996 1370 2128 1424 ope-

516 1463 593 1504 rte
626 1449 857 1519 pretium
881 1450 1008 1515 erit,
1037 1450 1310 1518 integrum
1346 1448 1436 1503 hic
1479 1448 1661 1502 Rufini
1705 1449 1884 1502 locum
1913 1448 2125 1506 descri-

517 1543 650 1600 bere
678 1544 734 1598 in
780 1543 1101 1617 Praefatione
1129 1543 1198 1596 ad
1239 1541 1593 1597 Gaudentium
1639 1544 1956 1615 episcOpum,
2007 1557 2128 1611 qua:

516 1635 674 1692 libris
699 1637 1157 1706 Recognitionum
1183 1635 1511 1702 Clementis,
1543 1636 1612 1690 ab
1639 1636 1755 1706 ipso
1779 1635 1970 1690 Latine
1997 1650 2129 1690 con-

512 1731 707 1797 versis,
743 1729 964 1801 priefixa
997 1738 1102 1785 est.
1136 1729 1316 1784 Locus
1357 1739 1442 1785 est
1474 1727 1791 1799 huiusmodi
1819 1746 1830 1780 :
1861 1728 1980 1782 Tibi
2006 1729 2124 1799 qui-

2226 512 2517 582 imbutum,
2570 523 2625 571 et
2670 515 2988 581 enutritum,
3048 516 3322 574 afﬁrmare
3380 527 3630 588 Oportet;
3681 521 3820 590 quod

2225 607 2442 678 quidem
2488 619 2828 678 postremum
2859 609 3208 666 Tillemontio
3239 611 3314 684 (a)
3348 611 3621 678 placuisse
3642 613 3817 669 video.

2298 702 2351 755 7.
2395 701 2590 758 Plures
2643 701 2796 759 fuere
2841 703 3137 761 Gaudentii
3182 719 3210 758 a
3257 716 3448 762 nostro
3503 716 3667 761 astate
3717 722 3820 762 non

2228 797 2456 850 multum
2518 795 2696 852 dissiti
2734 841 2747 864 ,
2807 799 3158 868 episcopatus
3215 815 3446 855 munere
3503 814 3709 870 pares,
3762 815 3824 858 ac

2229 887 2456 957 proinde
2483 903 2604 943 cum
2633 903 2701 944 eo
2726 905 2836 944 non
2863 899 3071 945 temere
3101 890 3496 946 confundendi.
3529 893 3654 947 Fuit
3679 908 3826 948 nem-

2230 995 2320 1050 pe,
2359 979 2683 1038 Constantio
2719 983 3048 1056 imperante,
3081 985 3420 1042 Gaudentius
3464 987 3824 1045 Ariminensis

2229 1076 2458 1144 praesul,
2491 1077 2581 1146 qni
2603 1079 2736 1134 Acta
2765 1079 3134 1134 Ariminensis
3172 1081 3392 1136 concilii
3414 1083 3594 1136 soluta
3618 1084 3825 1155 synodo

2228 1168 2496 1236 rescidit,
2547 1181 2838 1240 protiterea
2891 1187 2918 1225 a
2969 1173 3318 1230 Proconsulis
3352 1177 3622 1231 militibus
3655 1176 3831 1244 gladio

2229 1261 2542 1318 confossus.
2573 1264 2700 1320 Fuit
2725 1275 2779 1322 et
2807 1266 3148 1323 Gaudentius
3180 1268 3601 1325 Donatistarum
3632 1269 3832 1326 Taunu-

2229 1359 2488 1430 gadensis
2531 1361 2583 1414 in
2621 1361 2802 1416 Africa
2835 1363 3164 1432 episcopus,
3197 1365 3354 1434 cujus
3402 1364 3542 1419 duas
3573 1366 3832 1434 epistolas

2231 1452 2297 1508 ad
2339 1453 2632 1508 Dulcitium
2667 1455 2976 1523 tribunum,
3023 1457 3269 1526 itemque
3313 1457 3379 1511 ad
3419 1472 3481 1513 se
3514 1459 3834 1528 responsio-

2232 1563 2392 1611 nem,
2428 1549 2654 1604 totidem
2698 1550 2851 1604 libris
2892 1550 3203 1607 luculenter
3229 1550 3535 1609 confutavit
3574 1553 3833 1623 Augusti-

2232 1658 2356 1698 nus.
2388 1642 2509 1698 Fuit
2539 1643 2732 1698 eodem
2773 1644 2948 1701 ferme
2995 1654 3242 1715 tempore
3289 1660 3400 1718 quo
3430 1654 3624 1700 noster
3649 1691 3663 1714 ,
3697 1644 3837 1701 Gau-

2232 1736 2450 1792 dentius
2497 1738 2854 1794 Novariensis
2905 1745 3236 1809 episcopus,
3297 1739 3587 1809 Eporedice
3640 1751 3832 1805 ortus,

520 1823 658 1886 dem,
703 1821 1004 1891 Gaudenti,
1051 1833 1348 1877 nostrorum
1393 1823 1552 1877 decus
1598 1822 1800 1891 insigne
1839 1821 2132 1889 doctorum,

2243 1829 2467 1885 Eusebii
2521 1831 3238 1903 Vercellensisfdiscipulus
3267 1876 3280 1900 ,
3317 1842 3478 1904 atque
3525 1834 3706 1888 exsilii
3750 1848 3838 1888 eo-

522 1924 696 1972 tantus
718 1917 912 1988 ingenii
934 1918 1097 1989 vigor,
1119 1917 1278 1969 immo
1299 1923 1444 1970 tanta
1461 1916 1679 1984 spiritus
1700 1916 1872 1986 gratia
1893 1924 1988 1982 est,
2014 1923 2069 1968 ut
2089 1916 2134 1968 si

521 2009 647 2082 quid
677 2025 708 2063 a
740 2019 786 2063 te
806 2011 960 2064 etiam
981 2009 1276 2080 quotidiani
1304 2009 1492 2077 eloquii
1519 2025 1659 2062 more
1689 2007 1900 2074 dicitur,
1933 2009 1978 2061 si
2007 2008 2135 2078 quid

518 2102 573 2156 in
603 2103 818 2157 ecclesia
845 2103 1184 2168 declamatur,
1211 2101 1266 2154 id
1290 2101 1343 2154 in
1371 2101 1514 2154 libris
1542 2101 1740 2166 haberi,
1773 2110 1818 2154 et
1844 2100 1914 2153 ad
1943 2101 2137 2154 instru-

519 2198 744 2251 ctionem
783 2197 921 2250 tradi
951 2197 1172 2267 posteris
1203 2196 1404 2250 debeat.
1452 2195 1614 2250 Vides
1644 2195 1731 2249 hic
1763 2210 1870 2249 non
1899 2195 2133 2250 obscure

520 2291 900 2346 adumbratam
930 2331 944 2356 ,
978 2298 1038 2343 ut
1076 2297 1231 2360 puto,
1263 2287 1772 2344 Gaudentianorum
1816 2301 2130 2342 sermonum

522 2387 933 2453 collectionem,
955 2387 1066 2455 jam
1093 2397 1203 2441 tum
1233 2400 1332 2456 per
1356 2385 1623 2448 notarios,
1656 2399 1724 2439 eo
1745 2386 2129 2451 concionante,

523 2479 641 2537 fieri
675 2489 932 2551 emptam.
973 2480 1082 2535 Nec
1115 2479 1226 2534 ullo
1251 2479 1411 2534 modo
1432 2479 1817 2551 ambigendum
1843 2489 1950 2546 est,
1986 2480 2135 2534 Rufi-

524 2589 654 2629 num
677 2574 745 2629 de
771 2573 1078 2630 Gaudentio
1111 2581 1302 2627 nostro
1340 2572 1428 2628 hic
1459 2572 1634 2644 loqui,
1676 2573 1929 2643 quamvis
1957 2573 2135 2628 eccle-

525 2668 622 2721 sia:
662 2667 876 2721 titulum
922 2666 1372 2735 praetermiserit;
1415 2675 1566 2721 certa
1616 2667 1764 2721 enim
1816 2681 2042 2736 prorsus
2080 2675 2136 2722 et

524 2760 828 2816 indubitata
853 2769 980 2816 sunt
1008 2762 1208 2817 indicia
1235 2776 1358 2828 qua:
1385 2761 1434 2814 id
1455 2761 1767 2828 ostendant,
1797 2776 1971 2831 eaque
1997 2760 2132 2816 infra

528 2869 654 2909 mox
678 2856 1040 2924 proferemus,
1072 2870 1195 2911 cum
1229 2854 1298 2910 de
1342 2865 1586 2924 tempore
1615 2854 1802 2910 obitus
1841 2854 2135 2911 Gaudentii

530 2946 689 3001 nobis
721 2946 989 3016 agendum
1031 2948 1154 3002 erit.

602 3041 654 3096 6.
700 3042 777 3098 De
802 3043 975 3112 patria
1001 3043 1295 3100 Gaudentii
1345 3043 1475 3116 quid
1526 3045 1661 3100 certi
1708 3044 1980 3102 affirmem
2026 3061 2134 3101 non

525 3133 722 3192 habeo.
755 3137 1019 3194 Mansisse
1042 3154 1164 3194 eum
1197 3140 1421 3206 Brixiae,
1451 3150 1744 3212 antequam
1777 3143 1826 3197 in
1851 3142 2132 3198 Orientem

528 3231 990 3301 proficisceretur,
1021 3241 1362 3304 compertum
1393 3244 1507 3301 est;
1535 3235 1610 3289 ait
1650 3236 1796 3290 enim
1821 3237 1875 3290 in
1900 3253 2136 3290 sermone
2161 3227 2208 3291 C

527 3323 594 3377 de
623 3321 970 3379 Ordinatione
998 3327 1084 3380 sui
1112 3343 1130 3379 :
1181 3325 1251 3381 Ut
1289 3328 1402 3381 sine
1431 3327 1622 3381 damno
1667 3331 1862 3384 anima:
1891 3346 2020 3384 mea:
2050 3331 2137 3384 ul-

527 3426 609 3472 ινα
625 3422 745 3490 jam
773 3421 1015 3474 resistere
1053 3437 1158 3474 non
1214 3421 1458 3488 valerem,
1517 3424 1602 3476 cui
1652 3429 1718 3477 ab
1777 3408 2137 3478 orientalibus

524 3526 731 3582 quoque
755 3514 1035 3585 episcOpis,
1067 3514 1167 3568 nisi
1195 3530 1366 3569 meum
1392 3515 1461 3568 ad
1502 3529 1591 3570 vos
1631 3517 1863 3571 reditum
1916 3516 2140 3587 pollice-

527 3621 644 3670 rer,
705 3607 957 3662 salutaris
1000 3609 1295 3662 communio
1348 3619 1646 3681 negaretur.
1700 3610 1929 3666 Reditus
1976 3626 2140 3680 porro

527 3709 619 3755 aut
641 3703 894 3770 patriam,
919 3712 1010 3756 aut
1031 3703 1226 3758 saltem
1249 3703 1583 3759 domicilium
1615 3703 1889 3775 designat.
1923 3705 2030 3759 Nec
2060 3705 2139 3759 fa-

519 3793 625 3848 cile
655 3795 848 3850 fuisset
869 3795 1209 3852 Gaudentius
1234 3815 1262 3851 a
1288 3797 1562 3852 Brixianis
1591 3798 1806 3853 civibus
1837 3809 1944 3852 tam
1975 3798 2142 3854 vehe-

530 3898 748 3943 menter
790 3888 858 3943 ad
890 3891 1271 3961 episcopatum
1304 3893 1599 3961 expetitus,
1652 3893 1742 3946 ubi
1787 3893 1981 3948 iisdem
2022 3893 2141 3947 exi-

526 3982 633 4037 mia
663 3982 780 4052 ejus
834 3984 1029 4049 virtus,
1077 3986 1159 4039 vel
1207 3996 1428 4056 propter
1477 4001 1827 4041 communem
1888 3986 2140 4056 patriam,

525 4075 607 4128 vel
639 4078 1190 4146 propterdiutnrnam
1226 4080 1276 4134 in
1302 4081 1495 4136 eadem
1523 4080 1658 4136 urbe
1688 4080 2004 4147 statiOnem,
2036 4096 2143 4134 non

525 4167 721 4224 fuisset
754 4170 913 4238 plane
946 4181 1264 4243 perSpecta.
1291 4170 1357 4227 In
1387 4171 1713 4245 Praefatione
1737 4189 1954 4243 quoque
1979 4173 2145 4227 Beni-

533 4263 720 4318 volum
768 4265 1050 4338 alloquens
1087 4286 1099 4322 :
1147 4267 1299 4323 Sicut
1347 4268 1724 4322 honoratorum
1754 4278 1948 4322 nostra:
1979 4268 2143 4335 urbis,

529 4355 732 4426 inquit,
766 4359 842 4413 ita
870 4360 1028 4413 etiam
1059 4340 1352 4415 Dominis}
1377 4361 1566 4431 plebis,
1601 4359 1830 4415 Domino
1862 4370 2145 4425 annuente,

530 4452 893 4525 dignissimum
922 4465 1080 4527 caput
1107 4473 1159 4509 es
1193 4471 1212 4510 :
1241 4470 1411 4525 quare
1440 4455 1680 4509 Brixiam
1713 4455 2151 4509 urbem'nostram

537 4561 764 4610 Vocans,
800 4548 1155 4618 ejusdemque
1184 4549 1473 4602 honoratos
1499 4549 1611 4618 (qui
1636 4549 1943 4618 praecipuus
1971 4547 2152 4618 digni-

2243 1937 2377 1978 mes.
2436 1922 2556 1978 Duo
2591 1933 2802 1978 tantum
2855 1925 3188 1990 Gaudentii,
3219 1926 3433 1981 scilicet
3477 1925 3836 1980 Ariminensis

2242 2023 2298 2069 et
2344 2013 2728 2082 Novariensis,
2783 2027 3162 2072 memorantur
3217 2017 3358 2088 apud
3417 2016 3836 2072 Volaterranum

2242 2107 2359 2176 (lib.
2395 2124 2481 2162 xw
2509 2106 2796 2163 Comment.
2826 2127 2947 2180 pag.
2980 2109 3117 2177 476,
3153 2111 3275 2164 edit.
3301 2108 3568 2180 Gryph.),
3602 2109 3698 2164 ubi
3721 2109 3835 2164 Bri-

2243 2200 2461 2254 xianum
2486 2202 2740 2272 scriptis,
2769 2216 2832 2256 ac
2856 2203 3094 2257 nominis
3117 2202 3254 2256 fama
3287 2203 3493 2258 clarum
3512 2243 3528 2270 ,
3564 2202 3838 2258 incuriose

2242 2295 2406 2348 nimis
2436 2297 2831 2367 praetermittit.
2858 2297 3065 2352 Nomen
3097 2298 3226 2353 item
3256 2296 3550 2353 Gaudentii
3580 2296 3835 2366 frequens

2241 2391 2483 2444 occurrit
2531 2391 2582 2444 in
2632 2390 2903 2461 lapidibus
2952 2391 3250 2446 Brixianis.
3301 2389 3436 2445 Nam
3488 2389 3635 2457 apud
3671 2390 3832 2445 Octa-

2238 2482 2384 2537 vium
2417 2482 2692 2551 Rubeum,
2723 2483 3101 2538 Brixianarum
3128 2483 3559 2551 Inscriptionum
3582 2481 3837 2538 collecto-

2240 2589 2356 2629 rem
2389 2616 2402 2639 ,
2435 2591 2557 2646 pag.
2611 2576 2720 2631 246
2746 2622 2759 2644 ,
2821 2577 3051 2632 habetur
3105 2575 3398 2632 Cornelius
3453 2574 3792 2632 Gaudentius
3821 2619 3834 2642 ,

2239 2668 2536 2725 Corrector
2569 2669 2808 2726 Venetia:
2835 2714 2848 2737 ,
2883 2681 2938 2725 et
2971 2669 3188 2725 Histria:
3210 2714 3224 2736 ,
3257 2669 3339 2726 sic
3372 2686 3385 2722 :

2763 2824 2925 2865 COR
2986 2825 3318 2867 GAVDEN

2768 2897 2917 2936 TIVS
2983 2897 3059 2935 VP
3089 2896 3225 2937 COD!
3259 2898 3341 2936 ΕΤ

2769 2969 2942 3009 COBR
3010 2969 3158 3008 VEN
3216 2969 3309 3008 ΕΤ

2764 3041 2936 3080 ιιιετ
2998 3040 3296 3080 CVRAVI'I‘

2240 3167 2294 3216 et
2323 3174 2446 3232 pag.
2468 3159 2608 3230 296,
2640 3160 2975 3218 Gaudentius
3014 3159 3198 3217 Nusiae
3231 3159 3496 3215 maritus:

2747 3313 2972 3354 NVSIAB
3029 3312 3307 3354 CONIVGI

2797 3385 3295 3426 SANCTISSIIIAE

2662 3457 3188 3498 INCOIIPARABILI
3225 3457 3397 3506 QVAB

2733 3529 2910 3568 V’IXIT
2949 3529 3096 3570 ANN.
3141 3530 3335 3569 XXIII.

2710 3602 2768 3640 Ι.
2810 3601 2897 3640 \‘II
2947 3601 3372 3642 GAVDENTIVS

2568 3673 2860 3714 IARITV’S
2917 3674 3392 3713 sensusensu“
3431 3659 3508 3733 (b)

2246 3787 2354 3845 Sed
2389 3788 2680 3844 redeamus
2711 3789 2778 3843 ad
2811 3799 3076 3846 nostrum.

2327 3884 2381 3939 8.
2425 3884 2680 3939 Praceunt
2713 3886 2932 3940 cmteris
2983 3885 3272 3941 Gaudentii
3327 3888 3682 3946 sermonibus
3733 3905 3848 3959 pas.

2249 3978 2436 4034 chales
2465 3980 2686 4041 decem;
2717 3994 2855 4049 quos
2889 3995 2995 4034 non
3039 3988 3165 4034 ante
3195 3996 3404 4036 annum
3457 3981 3562 4036 387
3614 3983 3850 4038 conscri-

2252 4083 2375 4143 ptos
2425 4073 2594 4129 fuisse
2637 4116 2652 4141 ,
2689 4084 2838 4128 reete
2869 4075 3148 4129 annotavit
3196 4074 3490 4144 Labbeus,
3529 4075 3604 4149 (c)
3655 4093 3772 4132 cum
3797 4079 3846 4131 in

2251 4165 2576 4221 Praef-aliene
2606 4167 2926 4221 corumdem
2984 4168 3194 4222 mentio
3244 4167 3336 4221 fiat
3378 4169 3672 4225 turbarum
3723 4184 3848 4240 quas

2252 4259 2442 4314 Ariani
2495 4261 2547 4314 in
2577 4261 2714 4316 urbe
2744 4259 3136 4315 Mediolanensi
3180 4260 3452 4316 adversus
3497 4263 3847 4321 Ambrosium

2253 4355 2669 4410 concitaverunt
2698 4370 2842 4410 anno
2885 4353 3022 4421 586,
3058 4353 3286 4410 Justinm
3317 4355 3580 4428 Augusta:
3619 4357 3851 4414 auctori-

2254 4457 2367 4503 tate
2393 4448 2542 4504 freti.
2591 4451 2704 4519 Ego
2743 4448 2961 4519 quidem
2995 4450 3277 4517 aliquanto
3300 4451 3479 4506 serius
3515 4455 3851 4525 conscriptos

2257 4555 2388 4612 puto
2415 4559 2430 4608 ;
2463 4542 2700 4598 fortasse
2731 4552 2855 4610 post
2880 4559 3084 4598 annum
3121 4543 3226 4599 590
3254 4586 3268 4610 ,
3301 4560 3366 4598 eo
3394 4545 3540 4614 quod
3578 4547 3629 4600 in
3666 4546 3851 4603 eadem

538 4637 667 4691 tatis
699 4637 834 4692 ordo
859 4638 1002 4710 erat)
1034 4639 1341 4708 appellans,
1378 4641 1609 4709 patriam
1647 4640 2054 4710 quodammodo
2075 4642 2156 4696 vi-
2184 4631 2238 4691 D
2263 4635 2624 4698 Praefatione,
2677 4635 2910 4703 loquens
2948 4634 3296 4691 Gaudentius
3345 4636 3414 4692 de
3461 4640 3848 4706 persecutione

537 4728 703 4784 detur
733 4731 1000 4796 profiteri.
1039 4731 1166 4786 Hmc
1190 4741 1370 4786 tamen
1397 4732 1534 4787 levia
1568 4733 1817 4796 omnino.
1853 4742 1910 4788 et
1948 4735 2154 4788 incerta

539 4832 688 4876 sunt.
720 4821 851 4876 Nam
886 4833 943 4877 ct
985 4823 1173 4878 urbem
1203 4825 1254 4878 in
1307 4841 1412 4894 qua
1443 4826 1735 4895 episcopus
1765 4834 1903 4891 erat,
1925 4836 2156 4880 nostram

2262 4727 2352 4780 illa
2397 4727 2726 4782 Arianorum
2771 4728 3041 4784 adversus
3071 4726 3423 4783 Ambrosium
3457 4740 3605 4784 mota
3633 4777 3646 4798 ,
3677 4731 3852 4786 videa-

2261 4830 2347 4874 tur
2375 4831 2590 4889 tempus
2622 4819 2784 4888 paulo
2816 4820 3081 4874 remotius
3112 4820 3406 4889 designare
3433 4840 3446 4876 :
3481 4821 3673 4877 Nostri
3715 4840 3852 4877 nam-

545 4915 824 4984 appellare
852 4917 1050 4985 potuit,
1087 4926 1142 4972 et
1189 4918 1260 4973 ibi
1305 4918 1647 4974 domicilium
1701 4921 1982 4986 habuisse,
2034 4921 2160 4976 licet
2257 4930 2355 4984 que
2385 4912 2628 4985 temporis
2682 4912 2884 4985 Regina
2911 4911 3124 4966 Jezabel
3152 4958 3164 4980 ,
3199 4928 3315 4965 cum
3347 4913 3711 4968 beatissimum
3749 4932 3853 4988 pcr-

549 5006 730 5062 atieno
772 5010 888 5064 solo
919 5019 1097 5065 natus.
1134 5009 1199 5065 In
1239 5028 1473 5066 sermone
1502 5015 1563 5068 de
1596 5012 1909 5079 Philasm'o,
1941 5023 2160 5083 postea-
2255 5016 2552 5079 sequeretur
2602 5005 2970 5076 Ambrosium,
3027 5017 3072 5060 te
3121 5024 3326 5079 quoque
3379 5023 3448 5062 EA
3509 5024 3852 5066 TEIPESTATB

544 5119 704 5174 quam
752 5108 1094 5160 enumeravit
1123 5107 1398 5164 Philastrii
1433 5109 1668 5177 labores,
1713 5109 1907 5179 quibus
1940 5109 2152 5164 Brixia-

547 5212 670 5252 nam
703 5198 992 5252 ecclesiam
1024 5201 1363 5266 excoluerat,
1412 5217 1470 5256 se
1514 5217 1732 5272 quoque
1785 5211 1994 5272 partem
2037 5201 2154 5271 ejus

549 5293 733 5362 operis
763 5308 886 5348 esse
908 5294 1045 5349 dicit
1078 5312 1089 5347 :
1121 5293 1236 5366 Ego
1255 5305 1425 5349 autem
1457 5297 1672 5349 minima
1709 5301 1823 5370 ejus
1866 5313 2007 5366 pars.
2039 5295 2152 5349 Nisi

541 5383 715 5454 igitur
747 5387 913 5443 fuerit
945 5386 1288 5443 Gaudentius
1319 5391 1494 5458 patria
1524 5389 1841 5456 Brixianus,
1874 5389 2153 5445 Pbilastrii

628 5552 704 5624 (a)
731 5553 1038 5627 iMémoires
1058 5569 1196 5626 pour
1223 5553 1400 5610 l‘llist.
1437 5553 1580 5611 Eccl.
1601 5597 1616 5622 ,
1651 5564 1783 5611 tom.
1807 5556 1856 5611 Χ
1881 5601 1894 5623 ,
1930 5571 1984 5627 p.
2015 5553 2144 5622 581,

554 5625 687 5683 edit.
716 5626 891 5682 Paris.

635 5697 731 5771 (b);
753 5697 1044 5769 Postquam
1077 5700 1192 5754 haec
1216 5699 1493 5771 Patavinis
1516 5701 1659 5771 typis
1679 5701 1892 5771 vulgata
1918 5700 2152 5765 fuerant,

560 5768 735 5839 Gayni
766 5771 816 5823 in
845 5768 1060 5840 ltiperia
1086 5770 1293 5836 Salndii
1325 5770 1466 5838 apud
1497 5768 1865 5826 Tusculanum
1903 5773 2158 5828 inventus

555 5841 644 5895 est
685 5840 818 5909 lapis
865 5841 956 5908 qtti
990 5843 1398 5911 inscriptionem
1453 5843 1702 5898 ennniem
1743 5841 1968 5899 esttibct
1999 5841 2160 5913 paulo

2263 5101 2576 5174 Magistrum
2623 5103 2886 5156 memoriae
2944 5101 3284 5174 (Benivolutn
3355 5102 3588 5168 scilicet)
3647 5103 3867 5170 oblitum,

2261 5196 2507 5251 salutaris
2555 5195 2677 5263 ﬁdei
2729 5195 3021 5261 arbitrata,
3094 5179 3276 5248 contra
3324 5193 3614 5250 catholicas
3671 5198 3854 5250 dictare

2263 5289 2526 5344 Ecclesias
2549 5288 2911 5361 compellebat.
2945 5287 3153 5344 Deinde
3176 5303 3298 5343 cum
3350 5289 3546 5344 iisdem
3591 5290 3854 5360 paschali-

2263 5387 2398 5456 bus,
2432 5399 2570 5455 quos
2603 5399 2780 5454 nuper
2813 5384 2864 5438 in
2909 5382 3146 5438 ecclesia
3199 5383 3412 5437 habitos
3446 5382 3513 5437 ad
3548 5385 3853 5438 Benivolum

2252 5552 2442 5616 aliter,
2471 5551 2577 5606 hoc
2619 5551 2819 5606 modo:
2852 5549 3203 5606 LORENIAE
3227 5551 3601 5608 VENVSTAE
3635 5553 3853 5610 CONIV-

2254 5624 2324 5681 GI
2356 5622 2854 5679 SANG’I‘ISSNAE
2884 5622 3072 5690 ρνΑις
3115 5623 3300 5678 νιχιτ
3334 5624 3560 5680 ANNOS
3606 5626 3773 5682 XXIII
3811 5625 3853 5681 Μ

2261 5694 2395 5752 VIIII
2425 5693 2872 5753 GAVDENTIVS
2916 5695 3225 5750 MARITVS
3273 5695 3604 5752 BI‘ZNEMER

2335 5765 2409 5834 (ε)
2452 5768 2527 5824 De
2555 5768 2676 5823 Scr.
2709 5767 2859 5823 Eccl.
2890 5800 2905 5833 ,
2941 5779 3074 5824 tom.
3108 5763 3159 5831 I,
3191 5779 3316 5838 pag.
3343 5763 3474 5822 538.
