4122 6346
264 284 360 343 801

1426 278 1795 345 ΡΒΑΞῈΑἸΊΟ
1831 283 1893 342 Ρ.
1934 276 2308 344 GALEARDI.

3471 288 3584 350 802

261 397 464 462 mittit,
495 403 734 468 quatuor
775 395 1064 451 breviores
1115 403 1383 454 tractatus
1412 398 1664 470 adjiciat,
1698 415 1762 455 ac
1790 398 1875 455 in-
1900 399 1958 462 Α
1983 401 2130 455 notis
2147 403 2213 454 ad
2240 402 2640 468 Sozomenum,
2673 416 2779 474 qua
2799 400 3014 458 ratione
3045 401 3246 459 factum
3277 405 3378 473 sit,
3411 415 3470 461 ut
3493 424 3589 464 su-

260 504 423 560 supcr
467 490 723 558 quintum
758 489 826 546 de
877 487 1202 544 Machabmis
1249 493 1624 563 martyribus;
1659 493 1871 562 hosque

261 582 404 653 apud
441 582 701 638 eumdem
750 581 1072 637 Benivolum
1128 583 1260 637 olim
1311 599 1372 639 se
1415 585 1651 639 locutum
1699 584 1870 640 fuisse

260 675 574 747 perbibeat,
611 675 689 749 (a)
720 675 855 730 satis
888 674 1106 746 prodit,
1138 690 1224 742 se,
1257 677 1579 746 priusquam
1613 677 1714 732 hos
1746 692 1871 746 pas-

260 770 446 827 chales
495 771 803 839 recitaret,
867 771 1038 826 multo
1082 781 1246 826 antea
1294 771 1348 826 in
1405 773 1760 842 episcopatus
1807 786 1871 827 ac

259 863 673 937 praedicationis
695 881 925 921 munere
949 879 1073 921 esse
1101 875 1404 922 versatum.
1431 865 1609 922 Porro
1633 866 1869 936 pascha-

257 957 336 1014 les
358 959 528 1014 hosce
549 973 831 1013 sermones
862 1000 876 1024 ,
913 958 1178 1012 Benivolo
1209 969 1463 1028 petente,
1507 973 1572 1013 ac
1604 974 1745 1029 pene
1775 974 1872 1013 co-

261 1063 458 1123 gente,
493 1052 563 1107 ad
595 1068 718 1107 eum
751 1052 927 1117 misit,
965 1051 1294 1108 Praelatione
1325 1052 1392 1107 ad
1427 1054 1604 1121 ipsum
1636 1052 1871 1107 Benivo-

259 1145 368 1202 lum
393 1145 692 1216 inscripta;
727 1144 954 1215 ejusque
980 1154 1173 1216 rogatu
1203 1145 1369 1200 etiam
1397 1145 1643 1214 quinque
1673 1145 1875 1200 subse-

259 1249 496 1312 quentes
543 1238 892 1310 paschalibus
920 1239 1204 1309 adjectos,
1241 1255 1379 1309 quos
1426 1254 1456 1294 a
1507 1238 1742 1295 notariis
1772 1254 1872 1294 ex-

259 1344 485 1405 ceptos,
520 1334 665 1391 idem
697 1334 993 1390 Benivolus
1018 1333 1334 1390 Gaudentio
1358 1323 1741 1390 emendandos
1764 1343 1875 1390 tra-

256 1429 511 1494 diderat,
567 1427 920 1495 emendavit;
952 1428 1027 1499 (b)
1073 1443 1186 1498 quo
1223 1427 1281 1482 lit
1329 1436 1389 1482 ut
1437 1428 1708 1496 potiorem
1736 1469 1750 1493 ,
1803 1441 1870 1483 ac

256 1527 560 1595 majorem,
589 1539 710 1594 quae
766 1521 834 1578 ad
888 1537 992 1578 nos
1020 1522 1312 1593 pervenit,
1361 1520 1869 1578 Gaudentianorum

255 1633 578 1676 sermonum
622 1625 833 1688 partem
864 1615 1126 1670 Benivolo
1150 1615 1472 1670 debeamus.

327 1712 382 1766 9.
427 1709 752 1766 Benivolum
828 1709 1016 1777 hunc,
1070 1709 1164 1777 qui
1204 1707 1486 1762 Brixiana:
1533 1705 1686 1762 urbis
1735 1705 1872 1761 civis

1974 493 2215 561 pradicta
2253 495 2341 550 lex
2383 496 2436 550 in
2479 496 2731 551 codicem
2767 495 3215 552 TheodOsiauum
3249 498 3530 568 irrepscrit
3562 542 3577 567 ,

1969 604 2090 657 qua:
2143 589 2432 645 manifeste
2473 589 2693 646 Arianis
2727 590 2877 648 favet
2914 607 2928 658 ;
2980 590 3355 649 Gothofredus
3401 607 3584 650 autem

1971 690 2120 735 notat
2140 723 2153 744 ,
2183 682 2378 739 abesse
2403 682 2548 739 hanc
2577 685 2749 756 legem
2777 701 2806 739 a
2829 684 3030 741 Codice
3056 685 3352 741 Justiniani
3378 729 3392 753 ,
3422 687 3580 744 velut

1973 777 2363 847 improbatam.
2398 779 2571 835 Porro
2603 795 2803 836 munus
2834 780 2966 836 illud
2999 780 3243 855 Magistri
3289 783 3575 852 memerita,

1971 887 2081 940 quo
2110 871 2406 928 Benivolus
2448 873 2777 945 fungebatur
2800 917 2815 942 ,
2862 875 3194 945 prmcipuum
3229 874 3398 930 fuisse
3428 917 3443 940 ,
3491 889 3579 929 os-

1974 966 2254 1020 tendimus
2309 966 2363 1020 in
2418 967 2569 1022 notis
2614 966 3011 1023 Gaudentianze
3060 966 3442 1032 Praefationis,
3491 966 3583 1023 ubi

1973 1058 2136 1114 etiam
2173 1060 2326 1129 plura
2355 1059 2424 1114 de
2463 1059 2755 1116 Benivolo.
2787 1059 3124 1116 Memoriales
3149 1102 3163 1125 ,
3191 1069 3246 1116 et
3277 1061 3500 1131 Agentes
3526 1059 3581 1112 in

1972 1151 2162 1216 rebus,
2194 1151 2434 1221 palatina
2489 1151 2660 1208 fuisse
2711 1151 2924 1219 officia,
2975 1154 3203 1209 memini
3254 1169 3340 1210 me
3390 1154 3574 1224 legere

1973 1243 2118 1312 apud
2150 1241 2504 1300 Ambrosium
2538 1245 2589 1298 in
2620 1247 2784 1315 epist.
2817 1245 2881 1300 ad
2924 1245 3298 1302 Marcellinum
3329 1264 3342 1301 :
3374 1245 3578 1302 Memo-

1970 1334 2066 1388 νέω
2092 1350 2253 1403 vero,
2282 1345 2337 1390 et
2369 1335 2700 1391 Memorialia
2729 1338 2926 1408 scripta
2956 1339 3301 1410 appellantur
3326 1351 3574 1396 veterum

1971 1427 2215 1483 historia:
2244 1428 2386 1498 apud
2439 1429 2742 1486 Arnobium
2792 1430 3011 1487 advers.
3074 1430 3237 1488 Gent.
3275 1432 3369 1488 lib.
3402 1448 3485 1501 vi,
3520 1441 3577 1489 et

1970 1520 2264 1576 Minucium
2290 1521 2523 1578 Felicem
2575 1523 2630 1578 in
2657 1522 2904 1579 Octavio.

2044 1614 2130 1671 10.
2183 1613 2454 1670 Caeterum
2511 1615 2879 1672 Gaudentiani
2940 1633 3257 1688 sermones,
3313 1620 3572 1690 pietatem

1972 1720 2081 1761 non
2115 1709 2294 1762 minus
2319 1755 2331 1777 ,
2367 1725 2528 1780 quam
2575 1708 2946 1765 eruditionem
2979 1712 3230 1781 spirant;
3261 1725 3576 1785 quantoque
3612 1714 3615 1716 ’

255 1817 374 1863 erat
397 1804 777 1871 ,Gaudentius
802 1801 1032 1857 summis
1078 1799 1332 1856 laudibus
1357 1807 1540 1856 ornat.
1580 1799 1715 1854 Nam
1751 1799 1866 1854 Me-
1897 1789 1944 1851 B
1973 1801 2095 1855 usui
2139 1801 2252 1855 sint
2291 1803 2358 1856 ad
2394 1803 2749 1858 muniendam
2793 1811 2850 1858 et
2889 1803 3267 1860 illustrandam
3313 1805 3576 1864 Ecclesiae

254 1899 465 1956 diolani
495 1897 639 1969 apud
681 1896 1122 1953 Valentinianum
1153 1894 1458 1965 Augustum
1489 1893 1734 1967 Magistri
1762 1910 1868 1946 nte-

255 1995 438 2049 moria:
461 2008 659 2048 munus
685 2007 813 2048 cum
843 1999 1163 2055 exerceret,
1193 2004 1224 2044 a
1248 1989 1465 2045 Justina
1496 1987 1866 2044 Valentiniani

255 2097 437 2143 matre
463 2086 810 2157 compulsus,
861 2085 1035 2155 legem
1085 2082 1299 2140 dictare
1347 2097 1453 2154 qua
1500 2081 1865 2140 Ariminensis

253 2180 473 2236 concilii
522 2178 659 2234 fides
685 2177 1149 2243 confirmabatur,
1184 2192 1294 2231 non
1326 2176 1501 2231 solum
1546 2185 1867 2231 constanter

253 2277 492 2344 restitit,
540 2277 641 2334 sed
667 2279 828 2333 etiam
857 2283 1055 2346 sponte
1099 2289 1158 2330 se
1185 2275 1378 2330 aulicis
1411 2275 1714 2331 honoribus
1762 2276 1858 2331 ab-

255 2371 498 2442 dicavit,
525 2372 692 2444 magis
716 2373 912 2443 eligens
931 2415 944 2439 ,
974 2379 1032 2425 ut
1058 2378 1246 2427 noster
1286 2370 1494 2441 inquit,
1530 2370 1602 2443 (ε)
1633 2373 1865 2441 privatus

255 2468 426 2522 viuere
444 2509 458 2532 ,
484 2483 640 2537 quam
678 2474 913 2521 mortuus
942 2465 1188 2521 militare.
1218 2464 1354 2519 Rem
1393 2474 1580 2519 narrat
1606 2469 1864 2525 Sozome—

257 2575 360 2615 nus
382 2559 482 2614 lib.
516 2575 590 2614 vn
616 2559 757 2614 llist.
784 2559 961 2627 Ecc|.,
993 2574 1042 2615 c.
1075 2558 1252 2627 15,!1,
1286 2557 1496 2614 Valesio
1523 2558 1860 2625 interprete:

256 2648 494 2718 Justina,
525 2651 694 2705 accito
733 2649 1131 2724 Benivolo,qui
1178 2661 1297 2705 tunc
1347 2650 1553 2705 scriniis
1602 2651 1864 2704 memerita

256 2746 607 2820 praesidebat,
636 2748 882 2818 praecepit
916 2756 968 2799 ut
1012 2746 1285 2817 confestim
1315 2745 1480 2817 legem
1523 2743 1742 2799 dictaret
1763 2761 1866 2815 qua

260 2839 390 2910 ﬁdes
418 2839 471 2892 in
510 2839 836 2893 Ariminensi
866 2837 1088 2894 concilio
1111 2839 1236 2892 olim
1269 2839 1484 2891 recitata
1531 2838 1866 2906 conﬁrmare-

259 2938 362 2985 tur.
396 2929 548 2996 Quod
593 2946 715 2984 cum
742 2929 832 2984 ille
859 2929 1027 2999 facere
1048 2939 1308 2984 recusaret
1341 2929 1473 3001 (erat
1503 2930 1640 2982 enim
1679 2927 1863 2983 catho-

260 3023 376 3078 lica:
400 3022 824 3095 communionis),
850 3041 963 3079 eum
990 3026 1169 3096 regina
1201 3024 1404 3078 altioris
1431 3023 1624 3094 gradus
1652 3022 1862 3094 pollici-

264 3119 459 3174 tatione
507 3119 803 3174 demulcens
823 3161 839 3187 ,
881 3120 1030 3193 coepit
1059 3119 1276 3174 hortari.
1333 3117 1443 3172 Nec
1475 3129 1647 3172 tamen
1674 3119 1718 3172 ei
1748 3134 1863 3190 per-

1969 1895 2273 1950 doctrinam
2295 1937 2310 1963 ,
2341 1912 2406 1952 ex
2439 1912 2631 1952 eorum
2666 1897 2908 1953 lectione
2957 1896 3117 1953 facile
3148 1908 3319 1968 patet.
3352 1899 3488 1956 Nam
3523 1907 3579 1956 ct

1969 2003 2138 2044 serm.
2168 1989 2204 2044 2
2235 2006 2500 2061 expresse
2551 1991 2868 2062 designatur
2899 1991 3186 2064 disciplina
3239 1994 3436 2048 Arcani
3463 2012 3477 2059 ;
3509 2003 3566 2049 et

1969 2081 2333 2139 Eucharistiae
2359 2085 2685 2156 mysterium
2712 2094 2820 2140 tam
2845 2097 3008 2156 apte,
3040 2097 3146 2142 tam
3182 2088 3438 2157 cepiose,
3465 2097 3576 2144 tam

1969 2175 2261 2246 perspicue
2307 2179 2636 2248 exponitur,
2682 2189 2740 2233 ut
2789 2180 2951 2250 plane
2983 2180 3195 2237 videam
3253 2197 3455 2253 paucos
3505 2199 3574 2242 ex

1968 2269 2207 2340 antiquis
2250 2271 2339 2341 qui
2368 2272 2615 2342 apposite
2649 2274 2824 2343 magis
2860 2273 2928 2328 ad
2971 2274 3305 2331 dirimendas
3351 2287 3574 2333 nostro-

1967 2380 2092 2419 rum
2125 2375 2429 2434 temporum
2479 2368 2882 2421 controversias
2906 2408 2923 2436 ,
2962 2367 3012 2421 in
3055 2368 3368 2439 hujusmodi
3412 2385 3573 2441 argu-

1967 2467 2154 2512 mento
2200 2458 2400 2512 versati
2446 2457 2672 2514 fuerint.
2705 2457 2798 2515 Usi
2823 2470 2955 2514 sunt
2985 2462 3308 2517 testimoniis
3351 2479 3419 2518 ex
3469 2462 3572 2520 hoc

1965 2567 2219 2608 sermone
2251 2552 2590 2624 depromptis
2615 2595 2629 2619 ,
2679 2554 2746 2610 ad
2791 2557 3118 2613 aSserendas
3142 2559 3428 2615 catholica:
3471 2560 3573 2616 Ec-

1966 2646 2150 2702 clesia:
2180 2648 2476 2715 veritates,
2512 2649 2754 2706 Joannes
2807 2651 3121 2722 Stephanus
3178 2653 3480 2724 Durantus,
3515 2657 3572 2713 in

1965 2739 2121 2796 libris
2152 2741 2218 2796 de
2250 2741 2468 2796 Ritibus
2499 2743 2762 2798 Ecclesiae
2791 2743 3076 2814 catholicae
3095 2787 3109 2812 ,
3137 2745 3324 2800 Roma
3351 2749 3569 2806 excusis

1967 2833 2021 2888 in
2047 2833 2428 2906 Typographia
2445 2835 2732 2903 Vaticana,
2752 2836 2882 2893 1591
2906 2853 2921 2904 ;
2945 2837 3254 2895 Ludovicus
3283 2839 3401 2894 Bail
3423 2841 3570 2896 Abas:

1965 2925 2175 2980 villreus
2198 2966 2214 2992 ,
2251 2926 2304 2981 in
2335 2926 2675 2983 Bibliotheca
2702 2927 3167 2986 Concionatorum
3209 2931 3358 2988 edita
3407 2933 3566 2989 Pari-

1966 3018 2093 3085 siis,
2129 3021 2270 3091 apud
2319 3023 2584 3078 Joannem
2617 3025 2684 3078 de
2717 3023 2764 3077 la
2793 3024 2985 3094 Caille,
3030 3025 3198 3092 1660';
3231 3026 3521 3083 Ferrarius
3547 3068 3564 3094 ,

1967 3113 2034 3170 de
2077 3115 2201 3169 Ritu
2255 3114 2549 3172 Sacr-arum
2599 3116 2867 3172 Ecclesia:
2913 3117 3250 3174 Concionum
3279 3135 3294 3184 ;
3325 3119 3568 3176 Joannes

263 3213 486 3268 suadere
526 3215 716 3280 potuit.
749 3186 891 3268 Nam
918 3186 1194 3269 Benivolus
1224 3214 1514 3269 detractura
1552 3214 1650 3268 sibi
1682 3215 1866 3286 cingu-
1894 3186 1940 3249 Ο
1973 3206 2264 3261 cardinalis
2286 3208 2470 3272 Bona,
2503 3207 2700 3279 aliique
2742 3225 2850 3264 non
2884 3211 3039 3280 pauci
3073 3226 3141 3266 ex
3173 3213 3407 3279 Ιὶοεῑτίε,
3443 3213 3537 3284 (ιιιὶ
3566 3244 3570 3248 ·

267 3303 376 3361 lum
396 3318 516 3362 ante
539 3308 692 3377 pedes
720 3309 912 3383 regina:
937 3309 1164 3378 abjecit;
1193 3326 1287 3365 nec
1313 3319 1612 3380 prwsentem
1635 3309 1865 3380 dignita-

264 3406 396 3469 tem,
431 3416 522 3454 nec
552 3401 715 3456 ullam
760 3403 919 3455 aliam
963 3403 1214 3473 majorem
1242 3447 1256 3470 ,
1287 3419 1383 3475 pro
1432 3403 1660 3457 mercede
1680 3403 1866 3473 impie-

268 3497 388 3550 tatis
410 3537 424 3562 ,
456 3512 511 3549 se
537 3495 664 3550 velle
704 3497 964 3566 suscipere
994 3497 1279 3568 affirmans.
1315 3497 1584 3553 Eximiam
1618 3499 1865 3554 Benivoli

265 3591 635 3644 constantiam
663 3629 680 3658 ,
710 3599 874 3659 atque
917 3590 1085 3644 animi
1139 3590 1567 3662 magnitudinem
1596 3637 1610 3661 ,
1644 3592 1866 3648 laudant

266 3693 470 3753 praeter
530 3681 936 3751 Sozomenum',
984 3683 1387 3740 Ecclesiasticae
1432 3685 1684 3741 llistoriae
1726 3687 1864 3741 scri-

266 3784 453 3845 ptores
483 3773 815 3841 Rufinus,ac
840 3775 1200 3847 Nicephorus.
1231 3779 1302 3832 At
1323 3777 1496 3850 legem
1527 3779 1670 3834 illam
1701 3795 1866 3848 quam

266 3864 566 3924 Benivolus
613 3869 822 3926 dictare
884 3871 1100 3939 renuit,
1146 3871 1352 3928 inventi
1382 3875 1623 3944 suntqui
1663 3875 1870 3930 scribe-

269 3971 414 4015 rent.
447 3961 638 4016 Exstat
663 3975 843 4018 autem
871 3962 924 4017 in
956 3961 1162 4019 Codice
1186 3963 1598 4033 Theodosiano,
1624 3966 1718 4022 lib.
1746 3983 1865 4034 xvi,

272 4054 358 4110 tit.
409 4054 476 4108 de
506 4051 642 4109 Fide
695 4052 992 4124 Catholica,
1029 4056 1114 4110 his
1148 4057 1332 4113 verbis
1367 4076 1380 4113 :
1437 4056 1633 4113 Domus
1664 4058 1868 4128 capiant

271 4147 556 4221 colligendi
586 4150 668 4202 his
703 4150 795 4220 qui
823 4149 1103 4205 secundum
1131 4167 1192 4204 ea
1223 4153 1446 4206 sentiunt
1476 4167 1592 4223 quae
1621 4152 1871 4224 tempori.

273 4240 363 4296 bus
393 4241 528 4296 diva:
557 4242 817 4296 memoria:
845 4241 1150 4308 Constanti,
1187 4243 1544 4297 sacerdotibus
1577 4245 1871 4297 convocatis

272 4351 338 4390 ea:
365 4335 508 4390 omni
554 4335 673 4390 orbe
699 4334 973 4402 Romano,
1028 4335 1363 4405 expositaque
1409 4335 1512 4406 ﬁde
1542 4334 1603 4389 ab
1635 4336 1716 4390 Itis
1741 4336 1874 4404 ipsis

272 4431 361 4502 qui
409 4430 684 4484 dissentire
711 4439 1031 4495 noscuntur,
1080 4429 1398 4484 Ariminensi
1441 4429 1693 4497 concilio,
1736 4427 1876 4485 Con-

274 4520 738 4595 stantinopolitano
769 4522 923 4576 etiam
962 4523 1300 4594 conﬁrmata,
1338 4523 1390 4577 in
1416 4533 1668 4578 aeternum
1719 4540 1872 4576 man-

1968 3299 2070 3355 bus
2117 3299 2497 3356 Gandentiana
2535 3302 2736 3372 scripta
2781 3303 3065 3369 evolvere,
3119 3318 3302 3372 operae
3331 3306 3570 3375 pretium

1968 3390 2087 3447 fuit.
2139 3392 2472 3448 Prwclarum
2525 3403 2610 3448 est
2662 3405 2932 3462 praeterea
2983 3394 3274 3451 Gaudentii
3324 3396 3569 3453 testimo-

1969 3485 2118 3540 nium
2140 3484 2208 3540 de
2231 3485 2494 3556 Reliquiis
2518 3529 2531 3552 ,
2558 3497 2611 3540 et
2633 3485 2986 3542 Invocatione
3016 3488 3342 3544 Sanctorum
3367 3505 3380 3556 ;
3405 3506 3569 3561 quam

1968 3576 2279 3633 luculenter
2299 3580 2498 3633 astruit
2525 3579 2580 3632 in
2600 3595 2836 3633 sermone
2859 3580 2923 3634 de
2948 3580 3286 3637 Dedicatione
3319 3583 3568 3654 basilicw,

1969 3673 2021 3727 in
2051 3691 2284 3729 sermone
2313 3675 2376 3729 de
2404 3672 2563 3728 Petro
2593 3685 2640 3730 et
2669 3673 2847 3730 Paulo
2871 3720 2886 3744 ,
2931 3686 2984 3732 et
3012 3677 3065 3732 in
3089 3695 3323 3733 sermone
3354 3678 3418 3734 de
3452 3679 3575 3734 Vita

1969 3776 2016 3820 et
2043 3764 2198 3821 Obitu
2224 3765 2507 3821 Philastrii
2529 3767 2929 3840 prwdecessoris
2955 3771 3058 3826 sui.
3087 3771 3240 3826 Hunc
3258 3787 3570 3829 sermonem

1969 3861 2206 3916 alferens
2238 3861 2444 3917 Alanus
2463 3863 2665 3934 Anglus
2688 3864 2952 3920 adversus
2985 3865 3242 3922 llistorize
3263 3865 3570 3924 Ecclesias-

1973 3957 2093 4011 tica:
2123 3966 2564 4027 oppugnatores,
2597 3957 2729 4012 dial.
2762 3959 2826 4027 5,
2851 3974 2976 4030 cap.
3004 3959 3038 4013 4
3062 4000 3079 4029 ,
3113 3975 3237 4032 pag.
3273 3961 3402 4028 319,
3433 3962 3571 4017 edit.

1972 4048 2336 4104 Plantinianae
2372 4049 2550 4117 1566,
2609 4049 2977 4106 Gaudentium
3021 4063 3270 4108 nostrum
3323 4066 3581 4112 recenset

1972 4141 2116 4196 inter
2148 4141 2272 4197 illos
2306 4141 2500 4196 Patres
2549 4156 2690 4211 quos
2740 4141 3241 4214 Magdeburgenses
3262 4147 3576 4216 practermi-

1973 4249 2131 4301 sere,
2157 4234 2361 4304 quique
2387 4234 2528 4287 intra
2561 4233 2770 4303 primos
2793 4235 3121 4304 quingentos
3149 4252 3179 4289 a
3204 4234 3427 4292 Christo
3449 4246 3579 4292 nato

1975 4342 2179 4393 annos,
2211 4328 2482 4397 scripsere
2517 4327 2586 4382 de
2616 4326 2722 4383 fide
2756 4328 2946 4397 prima:
2979 4327 3275 4396 Ecclesiae,
3310 4330 3364 4384 in
3407 4347 3583 4387 causa

1976 4420 2046 4477 de
2092 4420 2356 4493 Reliquiis
2397 4432 2453 4478 et
2504 4421 2857 4478 Invocatione
2911 4421 3268 4479 Sanctorum.
3324 4423 3584 4480 Tractatu

1983 4531 2131 4572 nono
2188 4515 2566 4586 incorruptam
2627 4514 2820 4572 Matris
2880 4516 2981 4573 Dei
3038 4515 3414 4590 virginitatem
3474 4519 3594 4575 elo-

274 4633 428 4683 sura,
454 4583 662 4672 decreta
688 4623 828 4669 sunt.
859 4613 1210 4670 Conveniendi
1239 4583 1398 4671 etiam
1418 4615 1604 4688 quibus
1616 4615 1878 4688 jussimus
1904 4583 1960 4644 Β
1985 4624 2215 4686 quenter
2256 4628 2320 4669 ac
2349 4611 2595 4669 studiose
2635 4622 2986 4684 prOpugnat;
3049 4622 3105 4670 et
3151 4621 3390 4670 tractatu
3439 4626 3594 4670 octa-

279 4720 512 4782 patescat
559 4711 866 4766 arbitrium:
896 4711 1106 4765 scituris
1133 4711 1216 4765 his
1259 4713 1348 4783 qui
1379 4711 1479 4766 sibi
1510 4719 1711 4767 tantum
1742 4711 1883 4766 exis-

279 4805 464 4859 timant
491 4804 774 4879 colligendi
813 4804 1022 4873 capiam
1048 4803 1397 4859 contributam
1422 4845 1436 4870 ,
1467 4806 1611 4876 quod
1631 4807 1676 4860 si
1699 4805 1882 4859 turbu-

279 4897 476 4952 lentum
497 4898 772 4970 quippiam
803 4905 985 4952 contra
1008 4908 1202 4952 nostra:
1233 4897 1629 4969 tranquillitatis
1650 4913 1882 4968 pracep-

282 5001 388 5046 tum
431 4991 734 5062 faciendum
783 5007 894 5046 esse
942 4991 1336 5061 temptaverint,
1366 5000 1422 5046 ut
1465 4989 1740 5046 seditionis
1785 5007 1884 5045 au-

280 5091 448 5139 ctores
465 5125 480 5151 ,
497 5086 740 5156 pacisque
768 5084 988 5139 turbata:
1016 5084 1264 5140 Ecclesiae
1285 5082 1367 5161 (d)
1398 5084 1553 5138 etiam
1573 5086 1880 5158 majestatis,

284 5179 453 5248 capite
472 5193 535 5233 ac
553 5179 806 5252 sanguine
832 5180 936 5233 sint
976 5177 1236 5251 supplicia
1273 5179 1474 5234 luituri.
1527 5179 1773 5235 Manente
1801 5179 1884 5234 ni-

289 5267 571 5327 hilominus
620 5289 708 5327 eos
736 5273 994 5346 supplicio
1031 5275 1121 5344 qui
1176 5281 1355 5326 contra
1398 5273 1534 5326 hanc
1581 5272 1885 5342 dispositio-

287 5379 404 5419 nem
464 5375 699 5421 nostram
744 5366 1040 5438 obreptive,
1106 5375 1196 5419 aut
1253 5365 1529 5433 clanculo,
1588 5366 1884 5438 supplicare

289 5459 668 5527 temptaverint.
721 5456 839 5512 Dat.
896 5474 930 5512 x
970 5459 1141 5512 kalen.
1177 5454 1370 5525 Febr.,
1423 5457 1568 5511 Med.
1639 5457 1884 5515 Honorio

290 5549 411 5606 NB.
443 5550 513 5606 P.
545 5561 596 5606 et
621 5550 822 5605 Evodio
864 5547 1011 5607 Coss.
1042 5548 1238 5621 (586.).
1272 5548 1498 5605 Miratur
1526 5548 1783 5607 Valesius
1825 5551 1882 5608 in

361 5695 440 5769 (a)
483 5696 627 5770 Quos
655 5697 797 5770 apud
823 5697 1025 5770 teiolim
1047 5696 1211 5766 fuisse
1226 5712 1307 5750 me
1328 5696 1557 5752 locutum
1575 5697 1880 5769 prodidisti.

292 5767 472 5825 Gaud.
499 5771 550 5823 in
581 5767 746 5825 Praéf.
769 5769 838 5825 ad
868 5768 1060 5824 Beniv.

363 5840 440 5915 (b)
478 5839 914 5905 Emendatostibi
933 5882 948 5909 ,
974 5841 1216 5911 quoniam
1237 5843 1412 5915 cogis,
1435 5843 1712 5899 remittam.
1740 5841 1887 5900 Gau-

1985 4725 2052 4764 vo
2082 4751 2097 4775 ,
2149 4708 2398 4781 quamvis
2447 4716 2707 4778 parentes
2748 4707 3025 4779 imperare
3077 4708 3208 4766 liliis
3267 4719 3594 4782 perpetuam

1984 4801 2378 4859 continentiam
2430 4811 2617 4870 vetet,
2664 4809 2907 4857 attamen
2962 4802 3330 4874 virginitatem
3383 4805 3592 4878 nuptiis

1985 4896 2146 4953 docet
2170 4912 2293 4952 esse
2324 4895 2630 4952 meliorem.
2665 4895 2923 4952 Tractatu
2945 4896 3136 4967 quinto
3187 4899 3332 4955 circa
3383 4899 3545 4958 linem
3572 4945 3590 4973 ,

1983 4990 2246 5045 netabilis
2294 4989 2451 5044 valde
2500 4997 2586 5045 est
2619 4989 2772 5044 locus
2815 4987 2881 5044 de
2929 4988 3153 5062 baculo,
3187 4991 3278 5047 ubi
3331 4993 3588 5052 baculum

1988 5081 2309 5152 apostolicis
2335 5081 2717 5138 sacerdotibus
2739 5124 2754 5148 ,
2786 5081 2840 5138 id
2879 5093 2964 5138 est
3001 5085 3278 5157 episc0pis
3313 5130 3328 5156 ,
3361 5089 3429 5144 ad
3461 5090 3593 5146 sub-

1989 5176 2228 5231 ditorum
2283 5176 2691 5245 corrcptionem
2767 5176 3028 5232 tributum
3105 5195 3230 5236 esse
3297 5181 3590 5252 signiticat.

1991 5267 2130 5323 Hinc
2179 5266 2396 5322 videtur
2442 5264 2627 5337 parari
2659 5280 2822 5336 posse
2869 5268 3175 5326 subsidium
3209 5273 3441 5341 antiquo
3473 5275 3595 5331 usui

1992 5363 2194 5431 baculi,
2224 5363 2294 5418 de
2336 5377 2443 5434 quo
2487 5361 2735 5419 Isidorus
2781 5361 2882 5420 lib.
2918 5381 2956 5422 ll
3005 5367 3074 5422 de
3105 5366 3197 5422 oli‘.
3229 5367 3409 5431 Eccl.,
3452 5384 3502 5425 c.
3537 5371 3592 5428 5.

1989 5458 2133 5514 Sane
2158 5456 2368 5526 antiqui
2400 5453 2624 5527 IEgypti
2656 5454 2905 5513 Monachi
2935 5457 3186 5514 baculum
3219 5459 3510 5528 ferebant,
3536 5473 3598 5518 ut

1991 5567 2058 5608 ex
2072 5550 2336 5607 Cassiano
2359 5554 2512 5619 patet
2539 5547 2633 5605 lib.
2667 5563 2685 5604 ι
2712 5547 2782 5606 de
2807 5547 2990 5608 Instit.
3007 5549 3423 5623 Ctenobiorum,
3451 5568 3504 5610 c.
3529 5554 3594 5612 9:

1993 5698 2144 5755 dent.
2169 5696 2223 5751 in
2249 5693 2415 5751 Praef.
2447 5692 2513 5750 ad
2536 5692 2674 5750 Ben.

2069 5767 2143 5840 (ο)
2182 5766 2414 5840 Ibidem.

2073 5833 2155 5913 (α’)
2196 5838 2285 5895 Al.
2312 5880 2326 5908 ,
2360 5845 2410 5894 et
2432 5837 2570 5894 (teste
2597 5837 2772 5894 etiam.
2807 5833 3074 5894 Valesius.
