4122 6346
553 236 661 310 803

1515 235 1575 296 S.
1616 228 2065 296 GAUDENTIUS
2106 227 2480 291 EPISCOPUS
2522 228 2918 294 BRIXIANUS.

3761 235 3857 299 804

553 360 703 429 cujus
727 356 950 432 gestatio
972 398 987 423 ,
1024 352 1574 428 inquit,'spiritaliter
1625 361 1795 407 monet
1819 393 1833 419 ,
1887 365 2153 421 nunquam
2183 353 2235 412 Α
2260 366 2364 423 qua
2397 364 2665 423 quantum
2708 355 2774 410 ad
2807 353 3104 412 Gaudcnlii
3148 353 3362 412 laudem
3394 353 3662 425 accedat,
3706 372 3861 416 nemo

554 452 737 507 debere
771 450 1050 518 eos,inter
1105 460 1178 504 tot
1235 447 1550 504 oblatrantes
1581 446 1822 500 vitiorum
1872 460 2059 510 canes,
2116 450 2161 494 et

550 545 837 603 invisibiles
886 545 1240 615 nequitittrum
1292 541 1607 613 spiritalium
1658 538 1842 592 bestias
1876 578 1890 601 ,
1943 537 2164 589 inermes

553 637 811 693 incedere.
856 636 928 692 At
958 636 1181 710 IOngum
1233 644 1378 690 esSet
1411 635 1491 688 ire
1544 648 1639 703 per
1686 630 1951 701 singula:
1994 642 2166 697 quare

557 730 874 798 auﬂ'ecerit,
908 747 1118 786 summa
1146 726 1395 800 quredam
1429 741 1610 780 rerum
1645 725 1822 794 capita
1855 721 2125 775 delibasse
2148 762 2161 783 ,

556 824 762 895 quibus
817 823 1117 893 perSpectis
1174 821 1347 875 lector
1395 818 1464 873 de
1494 817 1734 871 utilitate
1780 832 1841 868 at:
1891 823 2170 868 momento

558 914 1066 972 Gaudentianorum
1099 927 1417 967 sermonum
1478 908 1637 965 facile
1666 907 1922 977 judicare
1971 906 2165 976 pOssit.

634 1010 723 1065 11.
771 1006 906 1063 Cum
948 1017 1129 1061 autem
1175 1004 1557 1061 Gaudentiano
1602 1017 1741 1069 mvo,
1787 1014 1982 1070 nempe
2022 999 2171 1051 circa

559 1103 627 1160 A.
658 1100 721 1157 G.
752 1102 858 1158 405
880 1144 894 1166 ,
930 1115 1142 1171 magna:
1183 1106 1369 1154 essent
1398 1097 1449 1151 in
1488 1095 1708 1151 Oriente
1739 1092 1857 1147 lites
1884 1134 1898 1156 ,
1931 1106 1997 1145 eo
2026 1088 2169 1159 quod

559 1197 802 1254 Joannes
829 1196 1283 1265 ClirySOstomus,
1327 1174 1357 1246 e
1387 1186 1996 1259 Constantinopolitana
2042 1182 2173 1238 sede

561 1291 920 1357 exturbatus,
970 1288 1159 1360 pulsus
1200 1287 1393 1343 fuisset
1422 1286 1474 1340 in
1519 1284 1811 1348 exsilium;
1854 1278 2174 1351 congregati

560 1383 730 1441 Italia:
762 1382 1005 1455 episc0pi
1042 1383 1145 1437 sub
1178 1380 1503 1436 Innocentio
1530 1378 1583 1443 l,
1614 1376 1684 1432 ab
1716 1374 1963 1431 Honorio
1996 1373 2169 1441 Impe-

562 1486 770 1542 ratore,
803 1476 1173 1545 impetrarunt
1201 1485 1259 1527 ut
1289 1473 1558 1529 scriberet
1591 1468 1830 1525 Arcadio
1860 1467 2011 1521 fratri
2043 1481 2171 1528 suo,

566 1571 848 1641 postulans
879 1566 1293 1625 Thessalonij
1324 1568 1618 1623 concilium
1651 1564 1790 1627 ﬁeri,
1823 1578 1932 1633 quo
1963 1559 2177 1614 facilius

563 1674 790 1734 possent
824 1677 924 1733 pro
963 1661 1253 1716 sarciendo
1292 1659 1557 1715 Ecclesia:
1589 1674 1749 1729 pace,
1788 1671 1895 1710 una
1928 1664 2177 1723 utraeque

2269 459 2377 498 non
2412 444 2575 500 videt.

2346 540 2431 593 12.
2466 539 2722 595 Prazclari
2756 551 2887 595 sunt
2941 541 3160 597 laudum
3209 541 3351 597 tituli
3393 540 3595 613 quibus
3633 537 3863 614 Chryso-

2270 638 2481 683 stomus
2510 633 2627 700 ipse
2658 631 2758 686 hos
2786 634 3076 703 episcopos
3104 644 3362 697 exornat,
3395 642 3454 689 ut
3484 639 3637 706 patet
3657 648 3722 691 ex
3753 635 3865 705 ejus

2270 723 2517 792 epistolis
2544 726 2611 777 ari
2639 728 2910 795 episcopos
2934 729 3023 799 qui
3048 744 3115 781 ea:
3144 726 3425 782 Occidente
3453 736 3694 782 venerant
3722 728 3824 784 156
3850 770 3864 795 ,

2276 814 2402 884 157,
2441 816 2564 886 158,
2600 816 2737 883 159,
2771 818 3029 874 editionis
3062 818 3358 874 Frontonis
3389 819 3573 875 Ducmi
3611 818 3783 888 1656,
3815 822 3865 877 in

2273 909 2470 981 quibus
2514 910 2970 980 pra'clarissimum
3006 927 3187 964 eorum
3231 909 3432 975 zelum,
3481 911 3747 982 animique
3775 930 3863 983 pro

2276 1003 2507 1057 veritatis
2550 1004 2848 1074 defensione
2897 1005 3257 1070 alacritatem,
3317 1005 3450 1059 alibi
3501 1007 3769 1073 studium,
3825 1018 3868 1063 et

2277 1096 2735 1167 promptitudinem
2764 1113 2918 1167 quant
2946 1098 3013 1151 ad
3044 1096 3401 1152 Ecclesiarum
3430 1100 3740 1154 detrimenta
3765 1118 3869 1155 sar-

2275 1187 2460 1242 cienda
2488 1191 2875 1261 prwstiterant;
2917 1191 3125 1258 [irritam
3156 1190 3313 1244 etiam
3348 1208 3411 1245 ac
3435 1192 3690 1246 sinceram
3733 1192 3873 1247 bene-

2276 1282 2572 1350 volentiam,
2622 1284 3000 1354 fortitudinem,
3036 1287 3196 1340 animi
3246 1288 3615 1355 constantiam,
3663 1305 3723 1342 ac
3753 1288 3873 1344 tole-

2279 1378 2523 1443 rantiam,
2556 1378 2680 1432 alibi
2716 1393 2848 1432 vero
2876 1378 3162 1450 diligentia:
3190 1380 3626 1451 magnitudinem,
3661 1379 3874 1454 vigilan-

2279 1469 2427 1533 tiam,
2452 1486 2652 1536 curam,
2694 1486 2754 1523 ac
2784 1469 3195 1525 sollicitudinem
3222 1472 3504 1543 praedicat.
3527 1473 3639 1529 Sed
3667 1475 3875 1530 caneris

2280 1562 2527 1616 Inidibus
2552 1562 2865 1630 prlBCllII‘lllS
2888 1566 3113 1619 omnino
3131 1575 3213 1620 est
3240 1567 3611 1621 testiinonium
3634 1568 3875 1636 ejusdem

2281 1656 2661 1729 Chrysostomi
2706 1657 2772 1711 de
2818 1656 3126 1713 Gaudentio
3174 1667 3401 1728 nostro,
3446 1676 3607 1735 quem
3653 1659 3877 1716 fortasse

562 1763 748 1825 partes
773 1795 788 1821 ,
863 1755 1110 1810 Orientis
1163 1753 1593 1823 Occidentisque
1633 1750 1947 1805 convenire.
1995 1746 2179 1817 Legati
2210 1754 2262 1817 Β
2289 1751 2554 1822 dignitate
2592 1753 2922 1822 praecipuum
2970 1754 3116 1808 inter
3153 1756 3444 1824 episeopos
3486 1756 3578 1826 qui
3612 1755 3878 1831 legatione

564 1862 730 1919 porro
758 1890 772 1912 ,
814 1847 905 1917 qui
941 1847 1006 1900 ad
1048 1846 1344 1903 Arcadium
1393 1845 1899 1916 proficiscerentur,
1931 1842 2130 1897 delecti
2162 1883 2172 1905 ,

565 1951 704 1997 teste
737 1940 1105 2011 Palladiola),
1132 1942 1305 1997 sancti
1334 1942 1431 1996 viri
1461 1940 1743 2004 :Emilius,
1778 1937 2099 2011 (Zythegius,
2124 1946 2178 1991 ct

564 2036 928 2094 Gaudentius.
956 2036 1042 2101 lli,
1076 2037 1319 2104 acceptis
1343 2050 1450 2089 una
1477 2050 1601 2090 cum
1636 2033 2041 2099 Valentiniano,
2071 2030 2175 2084 Bo-

566 2128 877 2199 nifaeioque
942 2128 1300 2200 presbyteris,
1364 2127 1723 2199 Imperatoris
1781 2124 2007 2179 Ilonorii
2044 2166 2057 2190 ,
2125 2132 2180 2177 et.

564 2221 728 2293 Papa:
755 2220 1085 2289 Innocentii,
1116 2220 1401 2288 Italiaeque
1429 2220 1843 2288 epismporum,
1874 2212 2179 2270 Chromatii

566 2317 960 2387 Aquileiensis,
999 2324 1053 2370 et
1087 2314 1311 2371 Venerii
1354 2314 1815 2378 Mediolanensis,
1852 2327 1914 2366 ac
1943 2311 2181 2381 reliquo-

567 2424 687 2465 rum
732 2409 1121 2480 epiSCOporum
1152 2407 1436 2478 epistolis,
1486 2423 1698 2462 necaon
1758 2403 2181 2459 conimonitorio

564 2501 787 2557 concilii
851 2503 1020 2554 totius
1083 2499 1453 2566 Occidentis,
1521 2496 1935 2553 conditionibus
2006 2494 2183 2565 publi-

566 2596 646 2650 cis
671 2637 685 2661 ,
714 2593 1252 2663 Constantinotiolim
1282 2607 1636 2647 concessere.
1672 2591 1871 2647 Verum
1899 2599 1975 2645 tot
2005 2590 2179 2655 curis,

570 2696 838 2756 tantoque
895 2688 1088 2741 labore
1135 2697 1393 2757 suscepta
1442 2685 1679 2756 legatio,
1712 2683 1991 2741 infelicem
2025 2682 2181 2753 plane

579 2783 791 2838 exitum
873 2780 1110 2847 habuit;
1191 2795 1315 2834 nam
1384 2794 1506 2835 cum
1576 2779 1823 2850 episc0pi
1892 2779 1959 2831 ab
2026 2776 2179 2830 Italia

567 2874 837 2946 protecti,
893 2875 1118 2929 ineunte
1166 2889 1295 2929 vere
1344 2877 1408 2927 A.
1467 2870 1608 2939 406,
1660 2872 1726 2929 ad
1774 2870 2003 2928 Graecia:
2054 2885 2181 2927 oras

569 2967 952 3037 appulissent,
1009 2967 1243 3021 Athenis
1293 2981 1322 3020 a
1373 2966 1593 3020 tribuno
1647 2964 1882 3020 militum
1930 2979 2182 3034 compre-

570 3058 752 3129 hensi,
786 3060 1127 3130 navibusque
1156 3060 1395 3130 impositi
1428 3070 1576 3125 sunt,
1612 3075 1673 3113 ac
1707 3058 2177 3129 ConstantinOpo-

2281 1844 2375 1898 illa
2406 1844 2786 1912 fungebantur,
2822 1844 3067 1900 indicare
3096 1844 3313 1899 videtur
3336 1887 3349 1911 ,
3384 1845 3513 1899 dum
3549 1845 3671 1917 ejus
3712 1846 3877 1901 solius

2281 1936 2486 1991 nomini
2514 1936 2678 1993 aliam
2708 1938 2998 2005 epistolam
3032 1937 3305 1993 inscribit.
3338 1938 3436 1993 Est
3467 1938 3585 1994 htec
3614 1939 3740 2005 184,
3766 1955 3879 2012 qua:

2279 2029 2359 2084 sic
2391 2028 2577 2095 habet,
2613 2029 2806 2087 eodem
2843 2029 3124 2086 Frontone
3153 2030 3354 2085 Ducam
3384 2031 3692 2102 interprete
3728 2050 3741 2087 :

2620 2121 2936 2180 GAUDENTIO
2974 2126 3212 2197 episcopo
3254 2123 3538 2183 Baisttao.

2355 2216 2507 2270 Nihil
2537 2234 2627 2271 nos
2649 2218 2769 2272 latet
2800 2234 2970 2272 rerum
3002 2229 3232 2285 tuarum,
3258 2219 3346 2271 sed
3366 2230 3630 2289 tamquam
3661 2234 3879 2287 prtuscn-

2282 2321 2353 2365 tes
2385 2312 2539 2383 probe
2564 2312 2797 2365 novimus
2825 2313 3051 2366 studium
3084 2323 3249 2373 tuum,
3282 2312 3610 2384 vigilantiam
3639 2355 3652 2377 ,
3698 2331 3876 2380 curas,

2282 2406 2482 2457 labores
2512 2421 2641 2475 quos
2682 2420 2774 2476 pro
2803 2406 3010 2459 t‘ct‘ilate
3050 2406 3362 2476 suscepisti;
3409 2406 3610 2477 tibique
3660 2408 3880 2477 ingentes

2282 2499 2476 2571 gratias
2518 2498 2739 2570 agimus,
2785 2514 2946 2568 neque
2972 2497 3300 2564 mediocrem,
3349 2499 3398 2551 in
3448 2507 3590 2551 tanta
3650 2498 3880 2567 degentes

2281 2592 2577 2655 solitudine,
2620 2591 3026 2646 consolationem
3065 2590 3334 2645 haurimus
3379 2600 3569 2646 extare
3615 2590 3881 2645 charitatis

2284 2686 2491 2753 ardore,
2538 2703 2599 2739 ac
2630 2687 2965 2752 sinceritate;
2996 2688 3147 2757 cujus
3178 2684 3303 2739 dum
3333 2684 3416 2738 hic
3444 2686 3735 2755 periculum
3764 2684 3883 2754 [eci-

2286 2796 2418 2842 inas,
2452 2780 2563 2832 istic
2590 2796 2793 2851 quoque
2824 2780 3072 2852 integrant
3116 2778 3263 2833 illam
3294 2779 3462 2852 vigere
3506 2780 3883 2850 cognovimus;

2285 2890 2374 2926 nec
2404 2873 2511 2926 ullo
2550 2874 2700 2927 modo
2736 2884 2826 2927 aut
2859 2874 3100 2945 temporis
3146 2874 3515 2942 diuturnitate,
3556 2883 3644 2929 aut
3690 2875 3883 2931 itineris

2285 2968 2624 3042 longitudine,
2678 2967 2997 3022 debilitatam
3043 2969 3222 3039 fuisse.
3272 2967 3385 3034 Quo
3424 2968 3636 3023 nomine
3674 2966 3884 3022 multam

2285 3062 2375 3114 tibi
2414 3062 2639 3133 gratiam
2672 3060 2950 3127 habemus,
2995 3072 3139 3128 teque
3184 3060 3451 3114 hortamur
3478 3073 3529 3113 ut
3563 3059 3619 3113 in
3650 3061 3883 3113 instituto

564 3154 660 3209 lim
684 3154 879 3209 delati.
917 3154 995 3209 Eo
1026 3169 1150 3209 cuin
1186 3152 1609 3224 pervenissent,
1644 3153 1783 3209 urbe
1806 3154 2057 3219 exclusi,
2093 3163 2172 3207 at-
2200 3156 2245 3218 C
2279 3174 2485 3228 pergas,
2506 3167 2549 3211 et
2581 3157 2712 3212 idem
2736 3174 2933 3229 semper
2954 3157 3182 3211 studium
3213 3174 3320 3227 prie
3347 3167 3395 3212 te
3423 3157 3578 3227 feras.
3611 3155 3733 3210 Non
3756 3156 3883 3213 enim

570 3264 675 3319 que
703 3247 770 3302 ad
801 3248 1064 3319 oppidum
1088 3247 1339 3303 Thracia:
1368 3247 1457 3301 cui
1482 3246 1691 3319 Athyra
1725 3262 1942 3313 nomen,
1977 3248 2028 3303 iu
2053 3261 2177 3301 cus-

572 3344 780 3398 todiam
834 3343 1094 3413 coniecti,
1150 3342 1480 3397 incredibile
1537 3351 1621 3396 est
1668 3352 1801 3414 quot
1850 3342 2178 3414 quantisque

573 3437 732 3491 malis
769 3438 949 3491 vexati
989 3437 1225 3500 iuerint,
1257 3446 1572 3508 quantaque
1612 3452 1708 3491 eos
1747 3436 1989 3508 perferre
2016 3452 2179 3507 opor-

576 3531 767 3597 tuerit,
802 3538 859 3585 ut
890 3529 1150 3585 traditum
1183 3530 1290 3585 sibi
1316 3546 1514 3585 munus
1544 3545 1605 3585 ea
1634 3547 1737 3600 qua
1772 3547 1865 3599 par
1909 3540 2028 3586 erat
2048 3546 2180 3585 con-

570 3626 769 3677 stantia
798 3664 812 3690 ,
850 3634 1156 3678 tuerentur.
1203 3624 1336 3678 Nam
1371 3634 1424 3679 et
1458 3641 1555 3696 per
1584 3625 1913 3681 calumniam
1948 3626 2055 3680 illis
2083 3627 2183 3681 ob-

572 3715 780 3785 jectum
814 3726 931 3782 est,
967 3717 1109 3787 quod
1144 3718 1415 3773 ditionem
1458 3718 1697 3773 alienam
1744 3718 1887 3774 ultra
1923 3720 2185 3775 terminos

573 3823 703 3864 suos
732 3810 1038 3877 turbarent,
1068 3821 1122 3866 et
1154 3827 1279 3866 cum
1313 3811 1613 3867 Orientalis
1643 3811 1862 3882 imperii
1896 3820 2182 3867 contume-

577 3903 649 3959 lia
684 3904 757 3959 ibi
790 3904 1070 3961 adessent.
1108 3906 1315 3961 Deinde
1355 3906 1590 3963 seorsim
1624 3907 1851 3978 quisque
1895 3908 1947 3961 in
1992 3916 2181 3963 custo-

582 3999 706 4054 dias
738 4000 931 4055 inclusi
957 4043 971 4067 ν
1004 4016 1067 4055 ac
1094 4001 1261 4068 torti,
1295 4010 1352 4056 et
1391 4000 1644 4073 plurimis
1675 4002 1935 4056 arrutnnis
1962 4000 2141 4057 allecti
2169 4043 2185 4068 ,

572 4104 633 4148 ut
655 4092 910 4147 mandata
952 4108 1016 4149 ac
1047 4095 1314 4165 epistolas
1344 4094 1679 4166 proferrent.
1707 4094 1843 4150 Cum
1873 4112 2005 4152 vero
2037 4097 2184 4151 nulla

573 4187 655 4242 vis
677 4201 869 4241 eorum
888 4188 1130 4242 animum
1156 4187 1458 4259 frangeret,
1485 4188 1682 4244 littera:
1700 4189 1765 4243 iis
1789 4206 1921 4261 quas
1950 4191 2186 4245 abOcci-

577 4278 744 4336 dente
786 4281 1136 4350 detulerant,
1188 4297 1439 4353 quasque
1498 4295 1697 4352 pra:ter
1752 4283 2186 4354 Imperatorem,

578 4374 785 4430 nemini
827 4374 924 4429 ulli
958 4390 1017 4431 se
1051 4375 1369 4431 reddituros
1397 4375 1774 4441 affirmabant,
1800 4393 1896 4446 per
1934 4379 2043 4431 vim
2076 4393 2190 4433 ere-

575 4478 702 4539 ptm.
738 4468 1026 4524 Blanditiis
1072 4469 1315 4531 demum,
1352 4478 1517 4539 atque
1549 4484 1685 4523 auro
1716 4470 1930 4533 tentati,
1966 4482 2020 4525 ut
2062 4486 2187 4525 cum

2280 3253 2487 3324 ignoras
2514 3264 2637 3323 quot
2664 3251 3020 3307 Ecclesiarum
3050 3254 3190 3307 salus
3220 3270 3352 3306 nunc
3391 3262 3605 3323 agatur,
3660 3263 3705 3305 et
3737 3268 3883 3322 quam

2279 3347 2520 3400 eximium
2549 3347 2781 3418 futurum
2812 3348 2876 3400 sit
2918 3346 3012 3399 hoc
3039 3355 3173 3401 recte
3202 3347 3416 3416 factum.
3454 3344 3585 3401 Haec
3622 3346 3780 3419 igitur
3806 3361 3885 3399 ro—

2280 3441 2469 3512 gitans,
2500 3440 2705 3494 domine
2736 3440 2805 3493 mi
2832 3438 3255 3497 reverendissime
3306 3457 3367 3493 ac
3403 3438 3813 3511 religiosissime,
3834 3437 3884 3492 in

2280 3535 2459 3589 eodem
2484 3535 2657 3587 studio
2673 3550 2995 3606 perseverare
3024 3534 3278 3606 dignare;
3306 3534 3379 3587 sic
3406 3535 3539 3588 enim
3554 3533 3645 3604 ﬁet
3673 3543 3751 3599 ut,
3777 3534 3882 3586 exi-

2284 3628 2395 3699 guis
2422 3626 2684 3681 laboribus
2705 3628 3008 3695 exantlatis,
3034 3626 3348 3682 immortalia
3377 3629 3517 3682 vobis
3539 3643 3637 3700 pro
3658 3626 3740 3682 his
3760 3640 3888 3697 prte-

2285 3719 2438 3772 clnris
2465 3720 2855 3785 certaminibus,
2884 3720 2938 3773 in
2968 3718 3095 3773 caelo
3125 3721 3337 3791 prtvmia
3360 3720 3678 3775 ret'ontlatis.

2356 3809 2583 3865 Constat
2631 3827 2697 3867 ex
2730 3811 2831 3868 hac
2859 3812 3090 3883 epistola
3119 3854 3134 3880 ,
3167 3822 3431 3884 quantum
3488 3813 3788 3885 diligentia:
3830 3828 3888 3871 ac

2286 3904 2453 3958 studii
2534 3904 2875 3962 Gaudentius
2941 3906 3010 3963 ad
3066 3906 3432 3963 sublevandas
3510 3908 3888 3980 Chrysostomi

2287 4013 2559 4053 mrttmnas
2588 3999 2890 4054 contulerit
2916 4016 2929 4065 ;
2983 4010 3353 4072 quantamque
3384 4000 3603 4057 laudem
3634 4018 3703 4059 ex
3738 4003 3889 4073 hujus

2290 4089 2578 4161 legationis
2619 4092 2929 4161 laboribus,
2978 4108 3076 4163 pro
3116 4091 3405 4149 sarcienda
3453 4093 3722 4149 Ecclesia:
3761 4107 3888 4164 pace

2289 4186 2508 4242 fortiter
2538 4198 2807 4260 suscepta:
2836 4235 2849 4259 ,
2884 4189 3081 4244 merito
3130 4197 3459 4247 consecutus
3504 4190 3597 4245 sit.
3636 4188 3890 4257 Quamvis

2289 4294 2469 4337 autem
2508 4281 2650 4352 apud
2676 4293 2891 4338 veteres
2914 4282 3414 4340 ecclesiasticarum
3443 4299 3627 4339 rerum
3657 4284 3887 4357 seriplo-

2290 4388 2379 4428 res
2404 4415 2419 4440 ,
2467 4383 2697 4445 excepto
2727 4373 2953 4429 Emilio
2986 4390 3149 4445 quem
3183 4375 3632 4434 Beneventanum
3662 4385 3888 4441 vocant,

2291 4468 2507 4523 czeteris
2538 4468 2811 4540 episc0pis
2838 4469 2927 4539 qui
2958 4470 3215 4542 legationi
3252 4470 3379 4527 huic
3411 4471 3774 4542 prmiuerunt,
3800 4469 3891 4526 mi-

580 4560 765 4615 Attico
794 4560 885 4627 qui
914 4559 1144 4615 JOannis
1169 4558 1549 4631 Chrysostomi
1580 4559 1766 4615 sedem
1799 4572 2185 4631 occupaverat,
2215 4546 2267 4609 D
2296 4562 2441 4617 nime
2471 4561 2620 4617 sedis
2650 4563 2839 4617 titulus
2870 4575 3210 4635 apponatur;
3240 4580 3403 4623 nemo
3433 4574 3620 4624 tamen
3644 4565 3891 4629 Gauden-

579 4651 1074 4708 communicarent.
1126 4652 1233 4708 Sed
1282 4652 1429 4707 enim
1466 4667 1588 4707 cum
1637 4654 2065 4721 promissionem
2111 4657 2188 4711 illi

580 4745 822 4811 nullam,
870 4757 964 4799 aut
1007 4744 1382 4800 conditionem
1414 4744 1515 4798 sibi
1556 4744 1796 4799 oblatam
1841 4747 2191 4819 reciperent,

581 4848 776 4893 contra
808 4851 939 4892 vero
970 4836 1210 4891 reditum
1242 4835 1309 4890 ad
1357 4835 1663 4890 Romanam
1713 4838 1904 4891 urbem
1936 4839 2193 4908 precibus

580 4937 857 5000 peterent,
882 4926 1212 4983 Valerianus
1238 4927 1462 4998 quidam
1489 4927 1555 4981 ad
1582 4928 1724 4983 male
1753 4928 2021 5002 agendum
2050 4942 2189 4986 stre-

582 5037 761 5090 nuus,
797 5021 1084 5077 immundo
1128 5037 1256 5090 eos,
1290 5032 1344 5077 et
1373 5031 1645 5079 vetustate
1693 5024 1940 5094 squalido
1970 5028 2188 5099 navigio

584 5118 937 5181 commissos,
970 5118 1200 5172 exitium
1232 5133 1433 5188 nempe
1459 5118 1541 5173 eis
1573 5127 1812 5190 struens,
1846 5121 2071 5177 Romam
2101 5140 2187 5181 re-

588 5213 730 5268 verti
771 5211 957 5281 jussit.
1006 5211 1110 5279 Illi,
1154 5228 1368 5267 summo
1397 5231 1522 5268 eum
1548 5217 1797 5285 periculo
1830 5217 2189 5289 navigantes,

585 5318 731 5375 egre
780 5303 1140 5376 Lampsacum
1175 5306 1520 5375 appulerunt.
1576 5307 1729 5375 lude,
1788 5312 1911 5365 navi
1956 5320 2188 5379 mutata,

536 5390 539 5395 ’
582 5409 824 5470 quatuor
870 5399 1153 5453 mensibus
1196 5400 1399 5469 elapsis
1437 5400 1662 5455 Romam
1710 5418 2049 5472 pervenere,
2099 5406 2191 5462 ubi

586 5491 912 5562 singillatim
966 5491 1288 5546 Innocentio
1318 5492 1477 5563 Papa:
1513 5509 1635 5563 qua:
1682 5496 1814 5567 ipsis
1842 5498 2194 5567 acciderant,

586 5586 999 5642 renuntiarunt.
1039 5586 1165 5641 ll:i~c
1192 5601 1405 5641 summa
1436 5586 1588 5642 illius
1616 5588 1907 5660 legationis
1940 5591 2081 5661 fuit,
2126 5610 2192 5649 ex

2292 4656 2425 4711 tium
2460 4656 2602 4711 hunc
2639 4658 2949 4714 Brixianum
2997 4674 3123 4721 esse
3157 4660 3282 4731 jure
3314 4660 3368 4715 in
3398 4660 3624 4719 dubium
3651 4670 3889 4726 revocet,

2294 4749 2383 4804 ubi
2436 4760 2544 4805 tam
2603 4750 2943 4809 luculentum
2989 4761 3173 4813 exstat
3217 4751 3599 4827 Chrysostomi
3651 4757 3890 4814 testimo-

2294 4844 2463 4898 nium.
2495 4845 2637 4901 Alibi
2679 4847 2840 4904 etiam
2882 4847 3170 4907 Gaudentii
3207 4847 3427 4905 labores
3472 4848 3618 4907 idem
3663 4849 3892 4923 Chryso-

2293 4946 2504 4993 stomus
2530 4940 2831 5009 prmdicare
2854 4941 3070 4997 videtur
3099 4942 3150 4996 in
3180 4940 3412 5014 epistola
3445 4942 3573 5010 160,
3604 4944 3674 4999 ad
3701 4945 3893 5017 episco-

2296 5049 2419 5103 pum
2450 5034 2537 5102 qui
2559 5034 2620 5087 ab
2665 5034 2940 5092 Occidente
2966 5046 3171 5093 venerat
3194 5053 3213 5103 ,'
3242 5036 3402 5093 valde
3427 5037 3580 5095 enim
3611 5036 3749 5095 mihi
3778 5050 3895 5106 pto-

2297 5125 2478 5180 liabile
2522 5125 2620 5192 ﬁt,
2662 5126 2804 5183 hanc
2834 5144 3057 5201 quoque
3096 5129 3384 5199 epistolam
3430 5131 3499 5189 ad
3528 5129 3889 5191 Gaudentium

2293 5228 2541 5273 nostrum
2571 5220 2872 5289 pertinere,
2900 5223 2953 5277 in
2985 5238 3087 5293 qua
3118 5223 3349 5281 sudores
3378 5239 3473 5281 eos
3523 5241 3655 5293 quos
3683 5235 3729 5281 et
3760 5223 3892 5280 domi

2294 5321 2341 5365 et
2369 5313 2423 5367 in
2451 5322 2556 5365 tam
2580 5311 2737 5391 longa
2763 5317 3178 5386 peregrinatione
3200 5336 3293 5391 pro
3322 5316 3573 5379 Ecclesia:
3614 5318 3890 5381 commodis

2294 5406 2557 5473 subierat,
2584 5421 3021 5466 commemorare
3043 5411 3242 5485 pergit.
3270 5410 3531 5473 Fortasse
3552 5429 3656 5475 nec
3680 5427 3893 5489 promp-

2296 5500 2399 5555 tior
2425 5499 2733 5557 Gaudentio
2758 5514 2966 5573 nostro,
3001 5521 3101 5563 nec
3123 5506 3303 5576 aptior
3326 5507 3595 5581 legationi
3625 5509 3753 5564 huic
3780 5522 3893 5567 sus.

2295 5590 2565 5662 cipienda:
2613 5593 2877 5650 destinari
2930 5607 3186 5667 poterat;
3238 5601 3440 5671 quippe
3495 5602 3587 5671 qui
3647 5602 3787 5657 alias
3840 5599 3891 5653 in

659 5796 739 5867 (α)
774 5796 975 5851 Pallad.
1006 5838 1018 5861 ,
1049 5795 1116 5849 de
1146 5794 1253 5851 Vit.
1289 5793 1345 5851 S.
1377 5792 1532 5849 Joan.
1567 5793 1787 5869 Chrys.,
1823 5813 1941 5868 cap.
1975 5798 2029 5855 t.
2065 5794 2268 5856 Eadem
2294 5798 2461 5855 tradit
2487 5797 2781 5877 Nicephor.
2808 5801 2849 5859 l.
2878 5817 2998 5871 sm,
3025 5818 3075 5863 ο.
3107 5805 3199 5869 55.
