4122 6346
275 286 382 356 805

1503 269 1879 354 ΡΒΕΡΑΤΙΟ
1919 274 1983 346 Ρ.
2022 281 2401 350 ϐΑιΕΑῐὶῡΙ.

3495 295 3608 358 806

275 411 502 469 Oriente
529 415 802 476 versatus,
833 422 1085 480 maguum
1123 405 1228 463 sibi
1250 404 1470 478 pietatis
1494 405 1888 480 religionisque
1916 408 1962 468 Α
1995 403 2336 464 hereditario
2355 407 2483 476 jure
2508 419 2538 462 a
2568 403 2874 464 Gaudentio
2903 408 3153 478 exposci,
3186 408 3420 466 afﬁrmat
3454 412 3609 468 [tuti-

278 518 481 560 nomeu
515 500 784 572 qumsisse
824 497 1099 572 putandus
1148 508 1232 553 εει
1270 497 1413 569 apud
1457 495 1604 551 illius
1645 495 1884 566 regionis

276 596 593 668 episeopos,
628 592 721 666 qui
752 592 928 647 eidem
975 606 1084 645 non
1119 589 1229 644 nisi
1262 601 1474 644 terrore
1505 587 1887 642 excommuni-

275 685 514 743 cationis
539 684 762 756 injecto,
791 683 1024 739 suadere
1048 692 1303 754 poterant
1328 693 1384 734 ut
1411 681 1477 735 ad
1508 681 1882 750 episcopatum

275 781 514 835 veniret.
546 777 736 848 Itaque
780 777 1119 832 recentiores
1148 778 1261 830 l'ere
1289 788 1481 830 omnes
1517 775 1607 843 qui
1635 783 1757 843 post
1785 772 1886 828 Ba-

277 876 493 932 ronium
525 873 823 944 scripsere,
853 872 1052 942 quique
1087 885 1202 924 rem
1251 877 1420 922 totam
1453 868 1620 938 magis
1654 883 1884 940 perspe-

275 975 419 1025 ctam
445 966 776 1032 habuerunt,
797 964 1106 1020 Gaudentio
1127 961 1382 1016 Brixiano
1410 962 1706 1031 legationis
1723 960 1884 1030 hujus

276 1059 500 1114 laudem
534 1058 810 1127 deferunt,
846 1058 987 1112 inter
1018 1071 1154 1127 quos
1187 1065 1550 1110 numerantur
1580 1053 1882 1120 Moretius,

275 1149 514 1215 Cavens,
552 1149 841 1220 Dupinius,
873 1164 936 1204 ac
963 1165 1074 1220 prie
1099 1149 1316 1203 exteris
1349 1147 1756 1200 solertissimus
1776 1145 1889 1200 Til-

277 1245 596 1302 lemontius.

351 1319 440 1372 15.
483 1317 849 1384 Quandonam
895 1311 1238 1371 Gaudentius
1271 1311 1412 1366 diem
1453 1310 1677 1378 obierit,
1713 1311 1890 1364 incer-

275 1417 408 1464 tum.
439 1408 718 1476 Rejiciunt
747 1407 798 1462 id
830 1405 1077 1462 nonnulli
1109 1405 1162 1460 in
1190 1418 1392 1459 annum
1429 1402 1537 1459 M0
1562 1419 1576 1468 ;
1605 1403 1699 1457 alii
1723 1416 1884 1470 vero,

277 1500 422 1555 inter
445 1515 583 1570 quos
621 1499 702 1552 Cl.
751 1499 1026 1562 Labbeus,
1054 1499 1134 1569 (tr)
1164 1499 1216 1551 in
1262 1513 1464 1551 annum
1510 1497 1637 1552 49.7.
1670 1495 1888 1552 Vixisse

279 1591 653 1648 Gaudentium
683 1607 859 1662 usque
885 1593 950 1645 ad
983 1607 1184 1645 annum
1218 1589 1344 1654 410,
1376 1589 1740 1661 probabiliter
1771 1591 1885 1660 opi-

278 1697 442 1742 natur
468 1685 878 1752 Tillemonlius,
906 1683 984 1755 (b)
1009 1683 1234 1754 eoquod
1263 1684 1485 1737 llullnus
1510 1681 1888 1752 Aquileiensis

278 1779 576 1850 presbyter
605 1819 620 1846 ,
661 1779 807 1834 eirea
841 1777 894 1832 id
929 1786 1164 1846 tempus,
1194 1776 1392 1830 Libros
1423 1775 1881 1845 Recognitionum

276 1871 616 1937 Clementis,
648 1887 674 1924 a
710 1887 770 1927 se
810 1871 1003 1926 Latine
1033 1886 1354 1934 conversos,
1397 1871 1460 1923 ad
1495 1887 1618 1924 eum
1647 1870 1879 1925 miserit.

277 1968 419 2024 Huic
470 1969 714 2024 versioni
757 1969 824 2022 ab
867 1968 985 2037 ipso
1031 1967 1228 2022 Rufino
1272 1967 1525 2020 Prmfatio
1571 1965 1884 2036 hujusmodi

276 2059 622 2130 praeponitur
645 2078 657 2113 :
683 2060 762 2114 Atl
787 2075 1134 2116 GAUDENTIUII
1164 2061 1482 2130 episcopum.
1513 2059 1626 2112 Tibi
1653 2060 1881 2129 quidem,

275 2149 584 2218 Gaudenti,
628 2161 924 2206 nostrorum
965 2152 1123 2205 decus
1150 2152 1350 2220 insigne
1386 2150 1680 2215 doctorum,
1710 2161 1884 2205 tantus

275 2244 474 2316 ingenii
501 2246 669 2317 vigor,
701 2247 860 2299 immo
879 2253 1025 2298 tanta
1047 2245 1260 2315 spiritus
1278 2245 1450 2316 gratia
1477 2255 1571 2312 est,
1606 2255 1658 2297 ut
1686 2247 1729 2297 si
1759 2244 1883 2314 quid

276 2353 311 2390 α
339 2345 388 2390 te
413 2337 572 2391 etiam
600 2337 900 2408 quotidiani
936 2337 1130 2406 eloquii
1177 2352 1318 2390 more
1349 2337 1540 2390 dicitur
1560 2379 1573 2403 ,
1602 2339 1646 2390 si
1675 2338 1801 2408 quid
1833 2340 1886 2392 in

279 2427 524 2484 Ecclesia
581 2429 938 2497 declamatur,
981 2429 1032 2483 id
1081 2431 1132 2484 in
1164 2430 1321 2484 libris
1358 2429 1578 2496 haberi,
1612 2440 1660 2483 et
1698 2430 1766 2484 ad
1801 2431 1884 2484 in-

278 2524 622 2577 structionem
645 2523 784 2576 tradi
807 2523 1026 2594 posteris
1055 2519 1259 2577 debeat.
1292 2523 1357 2576 Et
1385 2535 1501 2592 post
1540 2540 1648 2577 non
1680 2524 1884 2578 multa:

279 2616 522 2689 xEquum
551 2627 626 2672 est
655 2634 779 2672 sane
809 2617 934 2685 tibi,
966 2619 1056 2688 qui
1091 2618 1206 2672 hac
1234 2619 1397 2673 etiam
1428 2617 1617 2673 Grtrce
1645 2619 1840 2688 legeris
1865 2659 1882 2686 ,

278 2727 342 2766 ne
374 2714 510 2781 forte
542 2711 598 2764 in
629 2711 892 2782 aliquibus
921 2711 1093 2766 minus
1123 2729 1155 2764 a
1188 2711 1334 2766 nobis
1372 2721 1627 2766 servatum
1655 2712 1881 2765 transla-

281 2808 439 2862 tionis
465 2807 704 2862 ordinem
734 2817 884 2880 putes
905 2853 920 2876 ,
957 2808 1402 2878 interpretationis
1429 2818 1621 2862 nostra:
1645 2806 1885 2862 indicare

281 2901 577 2955 consilium.
614 2900 741 2956 Haec
771 2916 932 2970 quam
968 2901 1107 2955 bene
1133 2901 1315 2954 omnia
1347 2899 1660 2956 Gaudentio
1693 2909 1884 2956 nostro

279 2995 634 3057 conveniant,
666 2993 824 3062 cujus
853 3002 1137 3058 tractatus,
1167 3003 1442 3063 tamquam
1474 2996 1657 3049 eximii
1687 3003 1743 3050 et
1770 2995 1885 3050 elo-

277 3085 506 3156 queutis
543 3086 682 3148 viri,
727 3087 930 3156 passim
975 3087 1044 3140 ah
1091 3089 1484 3156 exeeptorihus
1519 3088 1699 3158 colligi
1737 3089 1884 3143 sole-

280 3180 432 3247 bant,
457 3179 664 3250 quique
689 3178 898 3235 Graecas
927 3181 1126 3249 linguae
1165 3182 1361 3250 peritia
1417 3181 1715 3237 instructus
1742 3191 1877 3249 erat,

281 3273 360 3327 uti
409 3288 479 3327 ex
527 3271 648 3342 ejus
690 3273 1041 3328 sermonibus
1092 3283 1278 3342 patet,
1326 3272 1484 3330 facile
1537 3275 1876 3344 intelligitur.

282 3365 442 3421 Ratio
467 3381 689 3436 quoque
719 3375 1025 3436 temporum
1053 3369 1260 3437 optime
1287 3371 1592 3436 consentit,
1621 3386 1745 3425 nam
1776 3371 1884 3425 Ru-

281 3460 421 3515 ﬁnus
451 3477 557 3515 non
589 3470 718 3516 ante
748 3476 949 3516 annum
991 3464 1097 3518 410
1144 3465 1395 3535 Aquileia
1437 3468 1505 3519 ab
1536 3467 1754 3522 Alarico
1791 3481 1882 3521 va-

279 3564 443 3621 stata,
477 3556 530 3609 in
562 3556 806 3612 Siciliam
848 3559 1108 3627 profugit,
1145 3559 1234 3613 ubi
1267 3560 1460 3616 eodem
1492 3562 1575 3616 vel
1626 3563 1875 3633 sequenti

278 3665 424 3705 anno
452 3651 734 3706 interiisse
761 3650 992 3706 videtur.
1020 3652 1203 3722 Itaque
1235 3654 1360 3709 licet
1390 3654 1617 3712 ltuliuus
1645 3657 1793 3712 sedis
1816 3656 1885 3711 tio

279 3743 448 3798 tulum
470 3742 908 3812 praetermiserit,
939 3744 1053 3798 haec
1073 3745 1142 3800 de
1165 3755 1356 3800 nostro
1382 3747 1526 3802 dicta
1553 3764 1677 3805 esse
1702 3749 1884 3805 nullus

277 3835 494 3890 dubito.
533 3835 675 3890 Alibi
702 3837 866 3892 etiam
889 3839 1196 3893 versimrem
1228 3840 1368 3895 hanc
1403 3841 1688 3897 Librorum
1717 3842 1905 3906 Beco:

277 3928 583 3998 guitionum
597 3925 918 3997 Clementis,
945 3929 1322 3986 utGaudentio
1347 3935 1602 4003 episc0po
1617 3934 1881 4006 debitam,

278 4029 554 4078 memorat
579 4020 810 4076 Ruﬁnus
839 4023 889 4075 in
935 4023 1283 4090 peroratione
1311 4035 1437 4092 pth
1467 4027 1883 4081 translationem

277 4112 814 4169 Commentariorum
831 4113 1083 4185 Origenis
1102 4115 1152 4169 in
1168 4115 1472 4185 Epistulam
1495 4119 1560 4172 ad
1583 4119 1884 4185 Romanos,

281 4206 366 4264 his
398 4208 583 4261 verbis
617 4225 631 4262 :
665 4206 793 4262 Post
823 4209 920 4262 hoc
959 4225 1084 4263 sane
1115 4218 1260 4262 vocat
1304 4226 1395 4263 nos
1437 4228 1566 4282 opus
1592 4213 1732 4282 quod
1761 4213 1886 4267 aliut

279 4299 488 4370 quidem
531 4301 830 4371 injunctum
873 4311 982 4367 est,
1024 4301 1118 4356 sed
1159 4317 1294 4357 nunc
1332 4320 1364 4356 a
1404 4303 1549 4358 beato
1591 4301 1888 4360 Gaudentio

277 4392 522 4462 episcopo
538 4390 863 4446 uehementer
887 4404 1225 4463 perurgetur;
1252 4393 1532 4450 Clementis
1559 4397 1757 4452 scilicet
1783 4395 1890 4452 Ro-

279 4487 419 4538 mani
445 4486 679 4555 episcOpi
703 4525 717 4550 ,
764 4487 1126 4554 apostolorum
1155 4489 1390 4554 comitis,
1436 4506 1657 4560 quorum
1684 4498 1742 4544 ut
1771 4507 1890 4544 suc-

279 4581 566 4634 cessoribus
588 4579 766 4634 darem
791 4582 1157 4654 cognitionem.
1188 4583 1312 4636 libri
1332 4600 1362 4635 tt
1387 4584 1533 4636 nobis
1556 4585 1608 4637 in
1639 4583 1889 4638 Latinum

278 4683 572 4726 vertuntur.
612 4671 686 4742 (c)
730 4672 1048 4730 Oll'enderat
1087 4673 1401 4730 Cotelcrius
1443 4676 1496 4729 in
1525 4685 1638 4731 not.
1669 4675 1738 4730 ad
1767 4675 1892 4732 Cle-

279 4769 482 4823 mentis
553 4766 978 4838 ltecoguitiones
1051 4769 1104 4822 in
1179 4767 1434 4824 Patribus
1495 4766 1832 4844 Apostolicis
1872 4811 1888 4839 ,

278 4874 403 4932 pag.
449 4860 582 4925 485,
632 4860 768 4915 edit.
815 4862 1274 4932 Antuerp.1698,
1325 4861 1698 4921 Gaudentium
1751 4865 1894 4924 hunc

278 4959 595 5030 intelligens
636 4971 759 5014 esse
785 4957 1202 5024 Novariensem;
1245 4958 1342 5013 sed
1375 4957 1629 5029 protinus
1658 4962 1713 5016 in
1745 4961 1889 5018 viam

278 5052 463 5117 rediit,
494 5066 774 5121 reponens
800 5068 896 5105 seu
916 5055 1092 5121 potius
1118 5050 1460 5107 Brixiensem.

351 5145 441 5201 14.
491 5145 663 5200 Porro
710 5147 1022 5200 versionem
1069 5144 1208 5200 hanc
1263 5147 1723 5220 Reeognitiouum
1774 5153 1898 5208 Cle-

282 5239 506 5306 mentis,
541 5253 569 5292 a
609 5237 779 5294 Silvia
809 5237 1018 5307 virgine
1047 5239 1372 5308 jampridctn
1403 5241 1507 5296 sibi
1541 5244 1891 5317 imperatam,

375 5395 432 5466 α)
476 5394 550 5466 De
579 5392 778 5462 Script.
812 5393 962 5466 Eccl:
992 5401 1123 5450 tom.
1157 5394 1200 5462 Ι,
1233 5409 1356 5466 pag.
1389 5395 1518 5452 358.

380 5464 431 5544 b_)
456 5463 860 5544 litetuoir._p_our
885 5465 1056 5520 l‘llist.
1090 5463 1484 5544 licclés.,_t0m.
1513 5468 1579 5534 Χ,
1607 5486 1729 5544 pag.
1759 5474 1888 5532 588.

350 5537 424 5612 (c)
455 5539 543 5612 Al.
589 5537 811 5612 comitis,
846 5553 904 5589 ac
941 5540 1270 5601 successoris,
1305 5538 1367 5612 de
1406 5537 1785 5612 Recogn'itione
1824 5545 1892 5601 li-

283 5606 386 5674 bri,
406 5606 475 5661 ut
503 5610 558 5662 in
589 5606 832 5662 Latinum
860 5620 1142 5663 vertuntur.
1180 5610 1512 5665 Cotelerius.

373 5681 433 5752 ά)
465 5681 590 5739 Bar.
624 5679 693 5752 ad
716 5683 780 5752 Α.
815 5679 875 5752 C.
908 5681 1035 5752 00b,
1065 5697 1120 5738 n.
1157 5681 1248 5738 50.

378 5750 430 5824 e)
461 5751 580 5824 Bar.
605 5750 680 5824 ad
704 5750 769 5807 A.
803 5750 865 5805 C.
897 5750 1026 5824 58],
1056 5767 1112 5808 n.
1147 5754 1206 5810 4.

354 5821 424 5897 (θ’)
486 5822 544 5879 In
604 5821 707 5878 PP.
763 5821 1009 5893 Apostol.
1073 5833 1186 5880 not.
1247 5825 1315 5882 ad
1367 5823 1542 5887 Clem.
1605 5831 1886 5912 Recogn.,

1992 513 2093 551 nus
2126 499 2180 552 in
2223 497 2416 556 eadem
2465 499 2797 558 Praefatione
2834 517 2846 555 :
2896 500 3042 575 Opus
3093 505 3233 573 quod
3279 505 3401 559 olim
3436 523 3606 565 vene-

1989 589 2176 645 randae
2209 593 2498 648 memoria:
2527 594 2681 664 virgo
2713 592 2883 650 Silvia
2917 596 3253 668 iujunxerat,
3287 609 3344 653 ut
3372 600 3611 656 Clemen-

1990 692 2090 738 tem
2133 695 2325 742 nostra:
2374 688 2573 758 lingua:
2604 689 2962 758 redderemus,
2995 699 3043 745 et
3075 700 3132 746 tu
3160 693 3402 765 deinceps
3433 693 3612 754 ltmt'c-

1989 777 2189 834 ditario
2241 778 2361 850 jure
2417 782 2684 851 poscebas.
2741 783 2999 852 Quaenam
3055 784 3170 841 haec
3225 787 3382 856 virgo
3437 787 3610 848 Silvia

1990 870 2180 942 fuerit,
2240 873 2476 943 implexa
2525 877 2818 934 admodum
2863 891 2946 938 est
2994 882 3250 952 quaestio.
3305 881 3502 938 Brixia:
3555 882 3610 939 in

1992 965 2245 1025 Ecclesia
2266 969 2324 1026 S.
2344 968 2572 1030 Joannis
2596 971 2983 1045 Evangelistte,
3005 974 3136 1031 olim
3160 976 3354 1047 deforis
3373 975 3612 1034 Brixiam

1993 1070 2338 1134 nuncupata,
2391 1075 2578 1122 exstat
2639 1082 2841 1141 corpus
2889 1069 3066 1126 beatze
3121 1071 3306 1130 Silvia:
3356 1071 3610 1143 rit-ginis,

1993 1158 2153 1226 cujus
2203 1160 2470 1216 memoria
2519 1161 2780 1218 recolitur
2826 1162 2917 1222 die
2960 1163 3026 1219 15
3072 1164 3407 1222 Decembris.
3460 1164 3614 1221 lianc

1994 1249 2241 1306 nonnulli
2273 1265 2336 1307 ex
2371 1250 2651 1310 Brixianis
2678 1257 3040 1327 scriptoribus
3075 1267 3328 1325 matrem,
3361 1257 3613 1316 nonnulli

1993 1356 2242 1398 sororem
2287 1342 2544 1414 Gregorii
2603 1345 2778 1420 Magni
2827 1349 3204 1419 appellantes,
3253 1351 3613 1407 vehementer

1991 1431 2208 1499 decepti
2258 1442 2417 1502 sunt;
2454 1451 2580 1492 nam
2609 1438 2885 1510 quomodo
2915 1439 2981 1495 ad
3023 1440 3272 1514 Gregorii
3315 1441 3492 1513 Magni
3529 1442 3611 1497 fa-

1996 1524 2202 1580 miliam
2236 1527 2522 1599 pertinere
2554 1530 2889 1600 possil,.non
2934 1531 3114 1588 video.
3160 1532 3417 1589 Profecto
3443 1550 3508 1590 ex
3543 1534 3609 1589 il-

1995 1615 2098 1672 lius
2127 1632 2332 1690 genere
2361 1617 2548 1675 claras
2577 1621 2828 1686 feminas,
2858 1631 3056 1696 pra-ter
3084 1623 3312 1682 Silviam
3344 1626 3462 1698 ejus
3494 1643 3611 1682 ma-

1995 1719 2134 1767 trem
2181 1728 2345 1784 quam
2381 1713 2783 1785 Rom-.ejncere
2817 1729 3158 1788 compertum
3199 1730 3304 1790 est,
3338 1720 3419 1793 (d)
3446 1731 3607 1793 atque

1916 1817 1964 1880 Β
1993 1804 2167 1876 ipsius
2209 1808 2426 1872 amitas,
2469 1807 2756 1864 Tal-silium
2815 1820 2872 1866 et
2912 1809 3288 1882 Aimiliauam,
3322 1815 3389 1870 ab
3433 1813 3609 1886 iisque

1992 1897 2326 1968 degenerem
2353 1900 2512 1954 valde
2536 1898 2892 1970 Gorgoniatn,
2917 1899 2988 1973 (e)
3007 1902 3186 1958 nullas
3207 1903 3342 1960 alias
3365 1905 3606 1963 ἱιινυιιίυ.

1989 1993 2170 2059 Quare
2203 1991 2444 2048 nominis
2475 1992 2836 2050 similitudine
2878 1995 3080 2050 factum
3131 2008 3260 2068 puto
3303 2009 3359 2056 υι
3404 1995 3611 2070 vulgari

1987 2097 2202 2150 errore,
2231 2083 2388 2154 cujus
2422 2101 2524 2140 nec
2557 2086 2728 2153 patria
2771 2087 2905 2142 satis
2928 2102 3031 2144 nec
3059 2105 3233 2156 genus
3261 2103 3607 2166 compertum

1988 2173 2152 2242 foret,
2201 2178 2255 2233 in
2306 2177 2494 2233 urbem
2526 2175 2781 2243 Romam,
2823 2187 2989 2248 atque
3036 2179 3088 2236 in
3134 2182 3305 2254 ipsum
3355 2184 3609 2256 Gregorii

1989 2268 2163 2337 Magni
2205 2268 2465 2327 familiam
2509 2270 2758 2326 traducta
2807 2271 2993 2328 fuerit.
3040 2272 3303 2330 Eamdem
3347 2292 3468 2334 esse
3499 2278 3607 2336 Sil-

1989 2361 2128 2414 viam
2179 2360 2318 2416 hanc
2361 2379 2480 2432 qua:
2528 2362 2727 2418 Brixia:
2752 2364 2899 2432 jacet
2932 2379 3051 2420 cum
3085 2381 3149 2422 ea
3192 2384 3314 2436 tmte
3344 2385 3372 2426 a
3404 2369 3602 2428 Rufino

1989 2464 2325 2510 memoratur
2373 2457 2427 2509 in
2475 2455 2798 2527 Prwfatione
2845 2458 2915 2512 ad
2966 2457 3340 2527 Gaudentium,
3385 2465 3601 2524 videtur

1990 2548 2234 2604 indicare
2264 2561 2373 2604 tum
2413 2549 2463 2606 id
2493 2552 2634 2620 quod
2670 2552 2898 2608 lluliuus
2931 2553 3028 2620 ait,
3061 2569 3260 2626 nempe
3287 2558 3594 2613 versionem

1987 2642 2093 2698 sibi
2127 2658 2156 2696 a
2190 2642 2356 2700 Silvia
2390 2644 2741 2714 imperatam,
2774 2645 3110 2704 hereditario
3130 2650 3257 2722 jure
3285 2664 3315 2704 a
3344 2648 3598 2710 Gauden-

1991 2738 2068 2792 tio
2100 2739 2315 2808 expeti;
2351 2749 2460 2794 tum
2493 2739 2646 2794 locus
2678 2742 2996 2810 sepulturae,
3033 2743 3085 2797 in
3118 2743 3310 2802 eadem
3347 2747 3595 2804 Ecclesia

1987 2839 2148 2900 atque
2179 2847 2298 2899 ara,
2333 2841 2387 2888 et
2419 2831 2611 2890 Silvia:
2645 2842 2700 2890 et
2722 2831 3038 2892 Gaudentio
3083 2838 3421 2906 communis;
3455 2855 3593 2910 quo-

1989 2939 2108 2978 rum
2137 2933 2423 2992 utrumque
2454 2927 2692 2984 ostendit
2724 2925 2892 2987 fuisse
2921 2927 3061 2984 hanc
3090 2928 3316 2987 Silviam
3340 2931 3595 2988 Gauden-

1990 3018 2066 3070 tio
2095 3027 2280 3072 nostro
2328 3019 2622 3088 charitate,
2653 3019 2885 3076 fortasse
2930 3022 3094 3078 etiam
3139 3023 3428 3094 sanguine,
3457 3040 3593 3082 con-

1983 3108 2249 3179 junCtam.
2277 3110 2582 3170 Cotelerius
2622 3112 2690 3186 (f)
2715 3113 2936 3170 Silviam
2963 3130 2994 3169 a
3014 3114 3213 3174 Rufino
3237 3131 3591 3176 memoratam

1911 3215 1955 3281 ρ
1990 3203 2238 3259 eamdam
2269 3218 2394 3262 esse
2421 3205 2698 3263 existimat
2720 3221 2840 3264 eum
2872 3208 3076 3274 Satria,
3099 3209 3168 3266 de
3191 3225 3294 3281 qua
3322 3209 3594 3270 Palladius

1994 3296 2246 3356 Historiae
2269 3298 2572 3368 Lausiacur,
2603 3314 2725 3370 cap.
2764 3301 2886 3358 145.
2916 3300 3303 3360 Tillemontius
3330 3303 3408 3374 (g)
3440 3313 3598 3366 autu-

1988 3400 2101 3445 mat
2152 3389 2390 3448 fortasse
2443 3406 2567 3446 esse
2617 3407 2778 3466 posse
2836 3392 3058 3450 Silviam
3116 3393 3302 3456 Rufini
3355 3394 3598 3456 Orientis

1989 3481 2230 3555 praefecti
2265 3499 2538 3552 sororem,
2573 3502 2714 3557 quin,
2751 3503 2820 3542 ex
2872 3486 3098 3546 Oriente
3135 3489 3187 3543 in
3236 3487 3594 3552 Occidentem

1991 3594 2262 3650 regressa,
2282 3578 2480 3636 Brixia:
2509 3577 2728 3636 obierit.
2760 3579 2900 3653 Ego,
2928 3583 2981 3637 in
3010 3592 3155 3638 tanta
3178 3598 3362 3642 rerum
3392 3585 3596 3645 obscu-

1987 3669 2174 3740 ritate,
2210 3671 2344 3726 nihil
2389 3671 2527 3728 certi
2572 3673 2848 3730 allirmare
2879 3675 3052 3730 ausim
3088 3691 3101 3730 :
3136 3676 3262 3747 quin
3298 3677 3480 3748 potius
3508 3679 3613 3756 ui,

1988 3763 2185 3834 aliquis
2229 3780 2295 3818 ex
2343 3765 2734 3822 ecclesiasticae
2784 3766 3030 3824 historiae
3075 3784 3216 3838 penu
3261 3770 3482 3828 meliora
3535 3785 3599 3830 ac

1988 3856 2223 3914 certiora
2254 3860 2570 3930 protulerit,
2593 3861 2821 3920 minime
2847 3863 3188 3938 repugnabo,
3213 3864 3379 3930 immo
3401 3880 3600 3938 magno

1992 3963 2079 4004 me
2110 3948 2377 4006 beneficio
2406 3951 2513 4008 sibi
2549 3951 2865 4010 devinctum
2900 3953 3148 4013 habebit.

2064 4041 2151 4095 15.
2187 4041 2265 4095 Ex
2301 4041 2580 4116 hucusque
2612 4046 2773 4101 dictis
2801 4047 3099 4118 colligitur,
3132 4049 3267 4106 satis
3297 4059 3445 4108 recte
3473 4066 3599 4114 cum

1993 4132 2342 4191 Tillemontio
2373 4137 2633 4194 aiﬁrmari
2659 4155 2845 4213 posse,
2875 4141 3244 4202 Gaudentium
3281 4144 3421 4202 inter
3448 4145 3602 4202 vivos

1991 4228 2172 4299 egisse
2215 4244 2387 4302 usque
2438 4232 2505 4286 ad
2549 4248 2752 4292 annum
2785 4233 2917 4291 ΗΟ.
2951 4233 3035 4292 An
3067 4251 3200 4294 vero
3225 4252 3347 4292 cum
3380 4235 3603 4296 Labbeo

1993 4328 2046 4374 et
2080 4318 2314 4390 Ughello
2361 4321 2651 4381 dicendum
2685 4326 2775 4392 sit,
2811 4325 3016 4386 vixisse
3046 4341 3172 4386 eum
3205 4343 3378 4398 usque
3405 4328 3473 4386 ad
3503 4345 3602 4388 an-

1996 4430 2124 4470 num
2167 4413 2295 4482 427,
2328 4416 2542 4490 ignoro.
2586 4420 2745 4486 Quod
2788 4430 3002 4480 certum
3050 4434 3157 4492 est,
3193 4423 3606 4494 quatoo'rdecim

1996 4523 2168 4563 annos
2211 4507 2324 4578 jam
2370 4526 2428 4565 se
2478 4512 2530 4565 in
2579 4511 2904 4586 episcopatu
2945 4515 3216 4584 exegisse,
3253 4515 3415 4573 tradit
3459 4515 3606 4574 idem

1997 4600 2338 4660 Gaudentius
2357 4605 2408 4659 in
2427 4620 2660 4662 sermone
2688 4606 2753 4662 de
2780 4605 2896 4660 Vita
2918 4614 2966 4665 et
2991 4604 3148 4662 Obitu
3171 4605 3450 4664 Pliilastrii
3472 4625 3612 4682 prte-

1997 4693 2282 4754 decessoris
2308 4697 2409 4755 sui.
2447 4699 2521 4754 Ae
2555 4701 2803 4772 potuisse
2835 4700 3070 4769 'quidem
3102 4700 3254 4760 illutn
3289 4703 3453 4764 vitam
3489 4704 3607 4764 Ion.

1998 4787 2122 4859 gius
2143 4787 2350 4844 ducere
2383 4801 2502 4859 post
2536 4806 2739 4848 annutn
2766 4791 2896 4864 406,
2923 4809 3030 4870 quo
3045 4794 3307 4854 Orientali
3335 4796 3610 4869 legatione

2003 4879 2219 4936 functus
2250 4893 2357 4953 est,
2387 4884 2684 4954 putandum
2713 4887 2949 4958 videtur,
2981 4906 3046 4948 ex
3073 4906 3137 4948 eo
3164 4891 3308 4963 quod
3337 4893 3497 4957 valde
3519 4896 3608 4966 jtt.

2002 4975 2178 5044 venis,
2203 4987 2256 5029 et
2286 4973 2578 5034 immatura
2605 4987 2787 5048 artato,
2814 4981 2880 5040 ad
2912 4983 3286 5055 episeopatum
3318 5000 3610 5058 prose-ctus

1999 5062 2184 5120 fuerit.
2218 5065 2324 5123 Sed
2352 5068 2740 5129 Tillemontius
2785 5075 3043 5134 observat
3081 5077 3186 5151 (It),
3229 5081 3606 5154 Optatianum.

1999 5168 2236 5229 quatuor
2267 5159 2600 5230 interpositis
2639 5165 2932 5238 episcopis,
2965 5169 3140 5230 Paulo
3171 5189 3390 5246 nempe,
3423 5177 3606 5236 Tbeoe

2000 5250 2172 5320 philo,
2206 5251 2436 5323 Silvino,
2468 5265 2524 5311 et
2550 5255 2850 5332 Gaudioso,
2877 5261 3170 5324 Gaudentii
3199 5284 3606 5341 succasorem.

1999 5408 2802 5572 Figitem‘oirkpour_l'iiist.
2836 5493 3010 5572 Ecel_.,
3041 5507 3176 5572 tom.
3202 5498 3274 5572 Χ,
3306 5516 3360 5572 p.
3393 5503 3516 5567 589,
3552 5515 3609 5563 et

2003 5563 2133 5637 ξηιλ.
2169 5554 2271 5637 _Xl,
2307 5557 2370 5637 S_.
2420 5554 2754 5637 Olympiade,
2789 5575 2876 5622 art
2949 5554 3009 5636 l,
3045 5585 3097 5637 p.
3147 5554 3278 5628 618.
3309 5554 3417 5630 ’ῡὲ

2001 5624 2179 5753 :‘tu‘feigi
2225 5629 2462 5701 praifecti
2487 5624 2753 5696 ’Or'ientis’
2782 5624 3141 5697 sorore'B'ar.
3163 5624 3249 5700 ad.
3266 5624 3360 5708 VA.—

2071 5769 2160 5842 (lt)
2189 5770 2438 5832 Mdmoir.
2471 5792 2612 5848 pour
2639 5778 2816 5837 I'Hist.
2851 5781 3089 5852 Ecclés.,
3119 5793 3254 5843 tom.
3290 5787 3358 5858 Χ,
3391 5807 3441 5863 p.
3476 5792 3602 5853 59!.
