4122 6346
534 325 640 386 807

1529 323 1588 381 S.
1631 314 2079 381 GAUDENTIUS
2117 310 2495 376 EPISCOPUS
2536 311 2931 372 BRIXIANUS.

3740 310 3836 371 808

534 440 767 496 inveniri
799 438 1166 509 subscriptum
1198 438 1447 509 epistolae
1475 436 1750 510 synodica:
1780 434 1995 491 concilii
2029 433 2137 490 Me-
2165 436 2216 494 Α
2243 431 2381 487 alter
2423 444 2554 485 vero
2596 430 2660 485 ad
2709 428 2941 483 Paulum
2975 425 3269 481 Diaconum
3302 425 3642 497 inscribitur,
3690 427 3838 485 facile

535 533 874 590 diolancnsis
910 534 975 588 ad
1012 533 1249 589 Leonem
1283 532 1593 601 pontiﬁcem
1623 545 1767 585 anno
1799 529 1925 585 451.
1958 528 2141 597 Quare

536 642 646 682 non
678 626 838 680 valde
868 626 1131 683 credibile
1159 640 1280 682 esse
1312 625 1508 694 inquit,
1542 634 1649 678 tam
1682 623 1898 678 modico
1931 631 2143 690 tempo-

539 716 619 773 ris
647 718 858 788 spatio,
889 726 1121 788 quatuor
1163 730 1356 785 nempe
1399 724 1454 770 et
1497 715 1687 786 viginti
1721 715 1880 769 anuis
1908 756 1923 779 ,
1955 712 2045 781 qui
2074 710 2143 767 ab

539 825 683 867 anno
728 811 833 867 4'27
880 810 946 865 ad
994 825 1199 866 annum
1229 810 1327 866 451
1365 808 1733 872 intercedunt,
1767 814 1999 875 quatuor
2026 805 2145 875 epi-

542 918 741 975 scopos
781 904 975 960 sedere
1020 906 1296 973 potuisse;
1330 902 1559 973 ideoque
1600 900 1890 957 Gaudentii
1936 900 2142 954 obitum

543 998 751 1054 rectius
785 998 944 1053 statui
984 996 1130 1053 circa
1179 1012 1379 1051 annum
1409 994 1536 1062 410,
1569 1009 1729 1065 quam
1770 994 1915 1049 circa
1943 1006 2144 1046 annum

544 1090 674 1146 427.
708 1092 863 1148 Jacet
891 1103 1071 1147 autem
1103 1090 1396 1147 Gaudentii
1426 1105 1627 1161 corpus
1659 1088 1859 1144 Brixiae
1889 1090 1942 1143 in
1974 1087 2147 1143 eccle-

551 1186 632 1241 sia
675 1185 733 1242 S.
782 1184 1012 1240 Joannis
1060 1184 1450 1255 Evangelistac,
1498 1182 1630 1238 olim
1676 1181 1870 1254 deforis
1916 1180 2149 1234 Brixiam

547 1286 881 1348 nuncupata,
928 1278 981 1333 in
1025 1277 1219 1334 eodem
1267 1276 1476 1333 sacello
1518 1291 1621 1331 una
1654 1291 1776 1330 cum
1819 1274 2145 1343 TheOphilo,

545 1372 663 1444 ejus
697 1380 823 1444 post
860 1371 1087 1426 Paulum
1122 1371 1440 1441 episc0pum
1479 1370 1533 1424 in
1574 1368 1704 1425 sede
1737 1369 1987 1423 Brixiana
2020 1382 2147 1421 suc-

544 1480 785 1531 cessore,
832 1474 889 1521 et
934 1465 1102 1521 Silvia
1136 1464 1367 1535 virgine,
1401 1462 1471 1518 de
1500 1477 1607 1533 qua
1640 1462 1806 1532 paulo
1852 1470 1979 1515 ante
2010 1458 2151 1513 dixi-

545 1576 686 1616 mus.
736 1560 941 1614 llorum
988 1573 1223 1628 corpora
1276 1557 1333 1612 in
1373 1571 1497 1613 eum
1546 1555 1727 1610 locum
1775 1553 2041 1609 translata
2086 1566 2151 1607 ac

543 1652 795 1721 deposita
827 1651 978 1707 fuere
1001 1666 1147 1705 anno
1176 1648 1339 1715 l595,
1366 1650 1524 1719 cujus
1552 1648 1927 1703 translationis
1952 1645 2148 1700 seriem

545 1753 772 1800 narrant
813 1744 948 1799 Acta
994 1742 1093 1799 SS.
1148 1741 1217 1796 ad
1269 1741 1413 1796 diem
1465 1740 1537 1794 27
1582 1738 1805 1809 Aprilis,
1854 1753 1975 1808 pag.
2020 1738 2147 1791 494.

2243 543 2366 584 eum
2399 544 2464 583 ex
2497 526 2800 596 argumenti
2832 526 3070 593 ratione,
3108 534 3217 579 tum
3249 540 3316 581 ex
3344 524 3610 579 orationis
3641 525 3837 594 colore,

2244 631 2299 679 et
2356 621 2747 689 similitudine,
2809 620 3104 677 Gaudentii
3162 636 3285 676 esse
3340 619 3838 691 deprehenduntur,

2242 716 2476 785 ideoque
2527 730 2624 785 pro
2670 713 3069 771 Gaudentianis
3120 728 3339 786 semper
3386 713 3442 769 in
3492 712 3840 770 Bibliothecis

2244 808 2464 865 Patrum
2494 823 2600 862 una
2630 822 2753 862 cum
2786 808 2909 861 aliis
2936 808 3148 863 excusi.
3288 812 3289 815 “

2321 903 2407 956 17.
2442 901 2708 968 Quoniam
2742 910 2924 956 autem
2957 900 3079 956 huic
3113 912 3317 959 nostrae
3358 902 3590 959 editioni
3620 902 3841 959 duorum

2248 1005 2510 1066 praeterea
2554 1010 2867 1049 sermonum
2901 996 3148 1051 accessio
3192 996 3330 1050 facta
3362 1007 3466 1063 est,
3503 1012 3720 1067 aequum
3748 997 3846 1052 erit

2247 1088 2317 1145 de
2349 1089 2416 1144 iis
2444 1088 2737 1143 consilium
2771 1100 3015 1143 nosmtm
3051 1089 3244 1143 lectori
3280 1089 3547 1155 indicare,
3580 1090 3845 1145 rationes-

2248 1198 2355 1253 que
2399 1182 2618 1252 aperire
2657 1182 2857 1252 quibus
2896 1192 3180 1253 permotus
3211 1198 3308 1239 eos
3355 1194 3629 1252 tamquam
3661 1182 3847 1254 genui-

2251 1289 2373 1338 nos,
2396 1277 2611 1329 czeteris
2633 1274 3027 1331 Gaudentianis
3057 1274 3375 1345 adiecerim.
3400 1274 3534 1330 Cum
3560 1276 3847 1333 editionem

2252 1372 2393 1426 haue
2437 1370 2730 1427 Gaudentii
2780 1370 2963 1426 animo
2994 1386 3302 1438 versarom,
3338 1372 3477 1427 forte
3523 1371 3738 1426 fortuna
3773 1372 3849 1426 in-

2251 1464 2359 1519 cidi
2390 1465 2441 1519 in
2468 1464 2760 1519 editionem
2792 1481 3105 1519 sermonum
3132 1465 3189 1521 S.
3215 1464 3455 1520 Zenonis
3484 1464 3727 1536 episc0pi
3760 1464 3829 1518 \le

2253 1556 2529 1623 roncnsis,
2565 1574 2685 1628 qua:
2722 1557 2953 1611 Verona:
2987 1557 3213 1627 prodiit,
3243 1557 3397 1628 jussu
3428 1556 3719 1628 Augustini
3751 1556 3851 1612 Va-

2253 1647 2377 1702 lerii
2406 1648 2701 1703 cardiualis
2730 1648 2963 1703 Veronw
3005 1649 3271 1720 episeOpi,
3306 1650 3446 1719 apud
3481 1648 3853 1721 Hieronymum

2255 1740 2587 1813 Discipulum
2616 1757 2759 1796 anno
2807 1742 2967 1797 1586.
3013 1743 3147 1796 Eam
3177 1742 3449 1798 curiosius
3491 1744 3854 1813 pervolutanti

546 1836 719 1892 Porro
748 1834 1037 1892 Gaudentii
1071 1850 1270 1890 nomen
1294 1834 1348 1889 in
1372 1833 1818 1905 Martyrologium
1848 1831 2151 1885 Romanum
2184 1846 2231 1907 Β
2258 1835 2391 1889 mihi
2434 1836 2674 1891 occurrit
2701 1836 2751 1889 in
2787 1835 3111 1890 Praefatione
3143 1836 3296 1891 locus
3326 1852 3433 1906 quo
3462 1846 3770 1906 curatores,
3797 1853 3855 1893 ac

546 1928 780 1984 relatum
833 1936 918 1982 est
962 1926 1053 1982 die
1100 1926 1171 1981 25
1216 1924 1494 1995 Octobris,
1542 1926 1644 1981 hoc
1692 1924 1878 1979 addito
1923 1922 2147 1993 elogio:

549 2020 732 2079 Sancti
788 2021 1074 2076 Gaudentii
1121 2018 1373 2097 episcOpi,
1434 2021 1723 2076 eruditione
1777 2028 1824 2073 et
1878 2020 2153 2073 sanctitate

548 2116 856 2187 conspicui;
908 2114 1051 2187 quod
1107 2131 1238 2169 sane
1292 2113 1600 2171 Gaudentio
1653 2111 1984 2178 convenire,
2039 2120 2150 2164 tum

545 2207 668 2279 ejus
694 2209 894 2279 scripta
926 2208 1243 2264 christiana:
1270 2207 1485 2279 pietatis
1513 2207 1805 2277 imaginem
1832 2204 2029 2275 ubique
2060 2219 2150 2259 re-

548 2301 803 2368 ferentia,
841 2313 953 2357 tum
989 2303 1218 2374 insignis
1258 2302 1425 2357 animi
1468 2301 1773 2356 moderatio
1802 2315 1907 2371 qua
1952 2300 2153 2354 invitus

550 2411 613 2452 ac
659 2398 934 2453 reluctans
960 2396 1029 2452 ad
1057 2397 1431 2467 episcopatum
1481 2394 1745 2452 accedere
1793 2403 2014 2450 coactus
2044 2400 2148 2458 est,

548 2498 663 2545 tum
694 2490 763 2546 ab
803 2505 870 2546 eo
914 2506 1011 2561 pro
1062 2489 1323 2547 Ecclesiae
1372 2503 1507 2560 pace
1556 2486 1892 2543 restituenda
1940 2485 2155 2539 fortiter

553 2592 729 2653 gesta,
755 2581 1046 2639 manifeste
1073 2583 1339 2639 indicant.
1367 2585 1545 2652 Atque
1576 2582 1693 2636 hmc
1720 2581 1788 2635 de
1814 2579 2149 2643 Gaudentio;

552 2676 715 2732 modo
742 2676 810 2731 de
839 2676 1062 2747 scriptis
1093 2676 1234 2747 ejus,
1271 2686 1377 2731 tam
1422 2674 1673 2746 genuinis
1704 2689 1865 2745 quam
1900 2672 2155 2743 supposi-

552 2770 706 2837 titiis,
734 2769 891 2823 nobis
919 2768 1189 2839 agendum
1222 2778 1324 2824 est.

590 2861 618 2933 ᾗ
650 2861 689 2916 Ι.
722 2860 800 2916 De
827 2862 1034 2931 scriptis
1066 2860 1347 2917 Gaudentii
1375 2860 1637 2932 genuinis,
1669 2868 1716 2914 et
1746 2857 2113 2929 supposititiis.

627 2956 715 3012 16.
762 2956 847 3013 Ad
901 2956 1237 3013 recensenda
1292 2955 1527 3027 genuina
1584 2953 1872 3010 Gaudentii
1924 2953 2150 3021 scripta,

550 3065 659 3106 non
712 3050 943 3106 multum
999 3065 1165 3118 curae,
1216 3059 1309 3105 aut
1360 3048 1588 3113 laboris,
1636 3046 1951 3117 impendere
1996 3043 2155 3100 nobis

553 3159 688 3215 opus
718 3145 840 3211 erit,
876 3145 1080 3216 quippe
1108 3142 1254 3215 quod
1283 3142 1353 3199 de
1383 3142 1447 3197 iis
1491 3148 1585 3196 aut
1632 3155 1792 3211 parva
1836 3137 2152 3201 admodum,

2257 1930 2629 1999 recognitures
2688 1929 2837 1983 illius
2894 1929 3155 1985 editionis
3213 1931 3481 1986 lectorem
3542 1932 3852 2002 monebant,

2255 2022 2654 2091 prwlermissum
2694 2039 2803 2077 esse
2857 2023 2919 2079 S.
2964 2021 3249 2077 Gaudentii
3292 2026 3523 2095 episcopi
3571 2024 3857 2080 Brixiensis

2254 2133 2572 2184 sermonem,
2608 2118 2697 2188 qui
2724 2118 2931 2171 excusis
2961 2119 3287 2173 sermonibus
3333 2119 3554 2189 (prioris
3585 2119 3855 2192 editionis)

2257 2210 2319 2266 8.
2351 2210 2579 2265 Zenonis
2615 2215 2785 2281 fuerat
2810 2212 3044 2279 additus,
3074 2214 3214 2283 quod
3246 2213 3299 2266 in
3326 2222 3526 2267 vetusto
3551 2230 3649 2266 ms.
3675 2211 3857 2268 Codice

2255 2305 2336 2378 (s.
2366 2303 2629 2375 Zenonis)
2659 2323 2763 2360 non
2797 2307 3131 2378 reperiretur.
3165 2305 3342 2361 Avide
3372 2304 3579 2375 arripui
3626 2306 3853 2361 oblatam

2255 2402 2600 2457 occasionem
2630 2402 2880 2467 alterius,
2906 2401 2952 2456 si
2978 2401 3099 2473 quis
3129 2401 3272 2456 forte
3300 2410 3469 2469 esset,
3494 2400 3854 2456 Gaudentiani

2256 2497 2524 2551 sermonis
2581 2494 2970 2557 naneiscendi;
3023 2509 3088 2549 ac
3144 2494 3437 2565 diligenter
3495 2494 3854 2564 conquisitam

2256 2594 2498 2665 priorem
2558 2608 2873 2649 sermonum
2942 2584 3177 2648 Zenonis
3238 2591 3535 2648 editionem
3592 2591 3851 2660 adeptus,

2256 2703 2377 2756 quae
2408 2687 2656 2743 Venetiis
2699 2686 3010 2756 pervulgata
3042 2696 3127 2740 est
3155 2700 3299 2740 anno
3340 2684 3501 2750 1508,
3539 2684 3593 2739 itt
3627 2700 3690 2740 ea
3724 2685 3855 2740 libro

2257 2781 2420 2836 tertio
2464 2789 2710 2849 optatum
2756 2794 3063 2834 sermonem
3112 2777 3292 2853 iuveni
3336 2777 3438 2832 hoc
3470 2776 3631 2831 titulo
3673 2776 3855 2832 inscri-

2258 2883 2406 2944 ptum
2443 2890 2456 2925 :
2492 2872 2676 2927 Sancti
2722 2872 3008 2927 Gaudentii
3038 2870 3284 2925 Βήπὶαηὶ
3316 2872 3380 2924 de
3420 2870 3582 2925 Petro
3609 2881 3660 2925 et
3694 2868 3856 2924 Paulo

2257 2983 2428 3022 sermo
2471 2966 2561 3022 48.
2606 2966 2788 3038 Stylus
2840 2980 3057 3037 quoque
3108 2964 3419 3021 Gaudentio
3462 2963 3854 3029 conveniebat;

2258 3075 2425 3130 quare
2446 3059 2559 3130 jam
2594 3076 2702 3114 non
2738 3060 2959 3122 invitus,
2988 3066 3081 3114 aut
3112 3068 3327 3124 nutans,
3358 3074 3483 3115 eum
3519 3058 3730 3129 parenti
3763 3071 3856 3113 suo

2259 3167 2506 3207 asserere
2549 3151 2898 3222 cogitabam:
2948 3151 3053 3207 hoc
3098 3161 3306 3206 tantum
3340 3152 3392 3205 iu
3442 3152 3586 3206 votis
3629 3160 3772 3218 erat,
3805 3158 3858 3205 ut

550 3246 646 3292 θυι
676 3237 825 3291 nulla
869 3235 943 3293 Sil
984 3237 1127 3293 inter
1168 3235 1362 3290 (100105
1408 3232 1807 3289 οθηῑτονετδίδ·
1850 3231 2029 3299 Qua“?
2060 3245 2154 3301 Pa‘
2182 3238 2227 3302 C
2259 3245 2491 3317 alicujus
2519 3262 2621 3300 ms.
2646 3245 2864 3301 Codicis
2887 3244 3189 3299 auctoritas
3214 3243 3471 3313 suffragio
3502 3253 3695 3300 nostro
3720 3259 3860 3300 acce-

549 3329 750 3385 schales
774 3330 952 3385 decem
972 3344 1230 3383 sermones
1252 3344 1369 3381 cum
1392 3325 1715 3399 Praefatione
1736 3324 1805 3377 ad
1825 3321 2152 3389 Benivolum,

550 3425 843 3494 genuinum
897 3437 1022 3479 esse
1070 3421 1363 3479 Gaudentii
1418 3420 1648 3487 fretum,
1702 3434 1861 3475 nemo
1898 3432 2154 3488 umquam

548 3515 837 3581 dubitavit,
870 3516 1113 3585 itemque
1144 3516 1546 3585 subsequentes
1596 3523 1818 3585 quatuor
1848 3513 1911 3565 de
1942 3512 2157 3565 diversis

554 3608 801 3680 capitulis
821 3606 1119 3681 Evangelii,
1140 3617 1188 3661 et
1218 3608 1457 3677 quintum
1485 3608 1549 3662 de
1568 3607 1620 3660 Μ
1629 3605 1887 3661 achabazis
1918 3605 2160 3675 martyri-

555 3703 673 3769 bus,
706 3702 775 3757 de
804 3702 1006 3772 quibus
1036 3710 1214 3756 exstat
1256 3701 1426 3771 ipsius
1468 3700 1756 3756 Gaudentii
1790 3700 2156 3767 testimonium

555 3797 610 3852 in
667 3796 859 3852 eadem
914 3793 1238 3863 Prtefatione
1292 3795 1361 3849 ad
1414 3794 1745 3860 Benivolum,
1800 3794 1883 3848 Itis
1937 3795 2158 3849 verbis:

559 3891 797 3957 Quatuor
824 3899 1073 3961 prteterea
1104 3890 1355 3945 breviores
1397 3898 1666 3957 tractatus,
1698 3906 1827 3959 quos
1856 3888 1919 3942 de
1949 3889 2161 3943 diversis

558 3980 804 4053 capitulis
853 3980 1131 4054 Evangelii
1178 3982 1320 4054 apud
1360 3992 1409 4037 te
1438 3983 1563 4037 olim
1611 3983 1772 4053 fuisse
1816 3998 1896 4037 me
1936 3982 2161 4036 locutum

558 4076 857 4148 prodidisti,
875 4085 923 4131 et
952 4078 1192 4147 quintum
1213 4078 1276 4132 de
1292 4076 1606 4133 Machabteis
1634 4078 1967 4148 martyribus,
1992 4095 2161 4132 emen-

558 4170 710 4225 datos
760 4170 870 4235 tibi,
903 4170 1148 4241 quoniam
1189 4172 1353 4243 cogis,
1388 4172 1668 4225 remittam.
1703 4170 1925 4227 Videtur
1953 4185 2020 4227 ex
2063 4171 2165 4227 hoc

560 4263 852 4322 Gaudentii
883 4264 1007 4320 loco
1036 4264 1238 4335 conjici
1270 4279 1455 4335 posse,
1489 4266 1771 4335 paschales
1801 4263 2020 4334 quidem
2051 4278 2166 4319 ser-

563 4371 757 4414 mones
779 4356 995 4413 habitos
1022 4357 1189 4413 fuisse
1216 4374 1245 4412 a
1274 4356 1582 4414 Gaudentio
1614 4357 1666 4411 in
1698 4355 1953 4423 ecclesia,
1979 4355 2167 4411 subse-

560 4459 792 4520 quentes
822 4464 955 4506 vero
996 4448 1251 4519 privatim
1297 4448 1439 4519 apud
1471 4450 1646 4519 ipsum
1683 4446 1999 4503 Benivolutn
2030 4446 2169 4501 reci-

562 4553 729 4609 latos;
760 4544 836 4599 ait
863 4544 1038 4599 enim:
1076 4543 1218 4611 Quos
1246 4542 1387 4614 apud
1416 4550 1463 4597 te
1490 4543 1614 4596 olim
1644 4542 1801 4611 fuisse
1834 4557 1909 4594 me
1939 4542 2166 4596 locutum

2262 3342 2437 3399 deret.
2460 3341 2747 3397 Cumulate
2773 3340 3045 3396 desiderio
3074 3354 3196 3395 meo
3222 3338 3562 3395 satisfactum
3593 3349 3714 3405 est;
3741 3354 3855 3393 nam

2261 3436 2545 3491 consultus
2573 3450 2602 3488 a
2647 3434 2839 3500 nobis,
2873 3448 2970 3503 per
3002 3432 3217 3487 litteras
3246 3431 3605 3488 illustrissimi
3627 3446 3692 3485 ac
3725 3446 3858 3501 pra:-

2262 3528 2551 3583 clarissimi
2595 3528 2699 3582 viri
2743 3526 2968 3582 Joannis
3020 3524 3301 3580 Francisci
3340 3525 3625 3581 Barbadici
3675 3525 3861 3580 Brixia:

2264 3621 2531 3693 episcopi,
2558 3620 2908 3675 doctissimus
2940 3628 3099 3687 atque
3128 3617 3557 3674 humanissimus
3586 3621 3673 3673 vir
3699 3620 3861 3673 Caro-

2264 3715 2350 3769 lus
2377 3714 2647 3784 Majellus,
2683 3712 3032 3768 Bibliotheca:
3063 3712 3339 3767 Vaticanae
3388 3710 3704 3782 prtefectus,
3740 3728 3861 3768 cou-

2265 3808 2448 3865 festim
2477 3809 2544 3863 ad
2580 3824 2679 3864 nos
2710 3807 2960 3878 ejusdem
2988 3807 3260 3863 sermonis
3290 3807 3667 3879 apographum
3700 3808 3863 3873 misit,

2265 3904 2596 3973 exscriptum
2626 3918 2657 3959 e
2684 3902 2888 3958 Codice
2916 3900 3176 3958 Urbinate
3203 3902 3326 3969 150,
3360 3916 3487 3972 pag.
3518 3901 3644 3968 M6,
3673 3911 3728 3956 et
3752 3900 3863 3955 col-

2268 3998 2437 4052 latunt
2486 4012 2607 4052 eum
2652 3996 2916 4051 Vaticano
2973 3994 3132 4057 1255.
3187 4009 3309 4064 pag.
3369 3994 3493 4057 197,
3539 3992 3595 4048 in
3642 4008 3864 4065 quorum

2269 4103 2503 4162 utroque
2524 4089 2815 4146 Gaudentii
2842 4103 3040 4143 nomen
3064 4102 3173 4157 prie
3193 4102 3253 4141 se
3272 4086 3397 4142 fert.
3432 4085 3603 4156 Igitur
3628 4086 3739 4143 bini
3768 4074 3867 4143 Cb-

2270 4184 2407 4241 dicis
2440 4182 2716 4253 praesidio,
2748 4181 2839 4237 ubi
2876 4197 2984 4236 non
3015 4179 3179 4235 modo
3211 4178 3337 4235 huic
3365 4182 3604 4236 sermoni
3631 4179 3866 4235 auctori-

2270 4286 2375 4341 tas,
2399 4276 2493 4331 sed
2514 4277 2675 4331 etiam
2702 4274 2976 4329 variantes
3003 4270 3269 4327 lectiones
3298 4281 3675 4341 accesserunt,
3701 4272 3869 4328 libert-

2273 4381 2355 4427 ter
2416 4386 2541 4426 eum
2614 4369 2668 4425 in
2733 4367 2994 4423 familiam
3061 4367 3291 4422 aliorum
3367 4366 3866 4424 Gaudentiauorum

2270 4477 2587 4518 sermonum
2629 4460 2965 4527 induximus,
2999 4474 3061 4515 ac
3110 4467 3231 4528 post
3277 4458 3524 4527 vulgatos
3566 4460 3620 4513 in
3661 4458 3870 4514 caeteris

2272 4555 2629 4621 editionibus,
2659 4554 2837 4608 locum
2873 4564 3060 4608 tenere
3080 4551 3371 4621 jussimus.

564 4638 869 4711 prodidisti.
919 4637 1069 4693 ldetn
1116 4639 1356 4693 indicare
1404 4637 1657 4693 videntur
1685 4635 1863 4691 Rufini
1903 4636 2069 4691 verba
2112 4635 2168 4689 in
2195 4647 2249 4708 D
2347 4649 2435 4704 ig.
2465 4647 2620 4703 Αιιθι.
2665 4646 2958 4703 Gaudentii
3007 4660 3187 4699 sermo
3218 4688 3232 4712 ,
3284 4643 3376 4715 qui
3422 4650 3705 4713 postremo
3757 4645 3875 4701 loco

561 4731 890 4803 Prtefatione
935 4732 1004 4785 ad
1048 4730 1421 4797 Gaudentium,
1467 4730 1631 4800 paulo
1672 4743 1833 4797 supra
1881 4727 2084 4781 allata:
2122 4728 2168 4780 si

559 4826 687 4897 quid
705 4843 737 4879 a
766 4836 814 4879 te
838 4826 997 4880 etiam
1022 4826 1317 4895 quotidiani
1352 4826 1541 4894 eloquii
1570 4840 1709 4877 more
1733 4823 1942 4888 dicitur,
1972 4822 2017 4875 si
2044 4823 2169 4888 quid

558 4919 616 4975 in
647 4917 865 4973 ecclesia
890 4916 1252 4985 declamatur;
1279 4918 1476 4989 quibus
1504 4927 1559 4971 et
1588 4917 1832 4987 privatas
1854 4915 2172 4986 disputatio-

559 5023 685 5076 nes,
715 5018 772 5065 et
800 5009 1053 5079 publicas
1079 5010 1378 5066 conciones
1401 5024 1431 5064 a
1455 5008 1763 5066 Gaudentio
1796 5009 2031 5078 habitas,
2061 5026 2171 5066 non

560 5103 794 5160 obscure
848 5103 1120 5174 designat.
1179 5104 1439 5160 Fortasse
1498 5115 1673 5160 coetus
1728 5102 2169 5160 Christianorum

561 5198 705 5270 apud
748 5198 1066 5254 Benivolum
1098 5198 1221 5255 ﬁeri
1280 5199 1553 5269 solebant,
1588 5200 1639 5255 in
1672 5201 1865 5272 quibus
1898 5216 2003 5255 non
2035 5201 2170 5256 aleae

559 5304 616 5351 et
644 5293 1172 5363 compotationibus,
1201 5293 1359 5349 sicuti
1394 5294 1555 5350 hodie
1600 5310 1718 5349 mos
1763 5305 1866 5361 est,
1901 5294 1997 5351 sed
2027 5294 2166 5350 divi-

560 5402 757 5444 narum
786 5387 1179 5458 quaestionum,
1213 5396 1268 5442 et
1296 5386 1518 5459 pietatis
1549 5387 1728 5441 studio
1763 5387 1968 5459 jugiter
2010 5402 2171 5442 vaca-

561 5492 721 5548 rent;
754 5480 930 5551 iisque
954 5494 1016 5535 se
1046 5479 1257 5535 facilem
1285 5480 1353 5535 ad
1384 5479 1690 5535 docendum
1721 5480 1999 5550 praebebat
2026 5478 2171 5535 Gau-

563 5575 827 5641 dentius,
882 5585 941 5630 ut
994 5574 1304 5631 uberiorem
1361 5573 1626 5630 doctrina:
1685 5590 1796 5630 suze
1846 5590 1909 5631 ac
1966 5573 2168 5630 laboris

560 5669 798 5728 fructum
827 5671 1085 5729 referret.
1113 5669 1307 5726 Czeteri
1355 5683 1489 5725 vero
1528 5668 1817 5725 Gaudentii
1861 5683 2163 5738 sermones,

562 5780 764 5838 nempe
807 5767 871 5822 de
918 5766 1262 5823 Ordinatione
1299 5764 1405 5831 sui,
1442 5762 1506 5817 de
1543 5762 1881 5819 Dedicationc
1918 5764 2163 5833 basilicaz,

566 5855 809 5930 itemque
827 5859 936 5918 duo
955 5867 1272 5932 sequentes,
1295 5871 1523 5929 quorum
1548 5856 1698 5929 prior
1724 5856 1792 5913 ad
1815 5856 2162 5925 Serminium,

2271 4742 2482 4812 positus
2513 4750 2619 4804 εει,
2670 4742 2871 4809 εωρίιιε
2902 4737 3179 4807 prodierat
3206 4737 3349 4807 apud
3380 4736 3746 4807 Lipomanum
3774 4779 3789 4804 ,
3823 4746 3873 4792 et

2270 4834 2492 4891 Surium
2518 4837 2573 4887 in
2599 4830 2741 4887 Vitis
2763 4831 2888 4897 SS.,
2915 4830 3006 4886 die
3038 4830 3106 4885 18
3127 4829 3279 4899 Julii,
3334 4829 3559 4899 praefixo
3586 4829 3872 4887 Gaudentii

2274 4926 2495 4981 nomine
2524 4965 2539 4990 ,
2580 4923 2683 4979 sub
2709 4923 2814 4979 hoc
2862 4922 3059 4979 titulo:
3116 4921 3235 4979 Vita
3276 4922 3409 4977 beati
3456 4921 3735 4979 Philastrii
3773 4925 3875 4996 epi-

2270 5018 2410 5089 scopi
2431 5016 2738 5079 Brixiensis.
2776 5033 2868 5085 per
2894 5017 3066 5071 divum
3095 5014 3447 5071 Gaudentium
3480 5020 3594 5091 ejus
3620 5034 3874 5073 successo-

2271 5126 2378 5165 rem
2407 5108 2685 5179 descripta.
2717 5107 2983 5180 Equidem
3016 5108 3204 5164 titulus
3226 5109 3326 5164 iste
3354 5123 3460 5163 non
3488 5108 3716 5164 omnino
3734 5109 3874 5164 vide-

2274 5202 2433 5257 batur
2464 5202 2747 5273 antiquam
2796 5202 3206 5274 simplicitatem
3258 5199 3549 5271 praeferre;
3606 5201 3703 5257 sed
3754 5218 3872 5259 eum

2270 5294 2605 5366 Lipomanus
2652 5305 2708 5352 et
2752 5296 2949 5352 Surius
2998 5305 3353 5362 testarentur,
3397 5310 3457 5351 se
3487 5296 3633 5352 hunc
3671 5312 3873 5353 sermo-

2272 5404 2397 5443 nem
2422 5391 2705 5459 accepisse
2732 5405 2762 5443 a
2796 5398 3014 5445 vetusto
3042 5388 3189 5443 libro
3216 5387 3459 5445 Saerarii
3480 5388 3740 5446 Ecclesiae
3762 5388 3873 5445 Bri-

2272 5480 2450 5537 xianaa
2480 5524 2494 5547 ,
2540 5497 2647 5537 non
2679 5481 2994 5538 diffidebam
3025 5480 3317 5537 collatione
3346 5497 3450 5536 ms.
3483 5481 3700 5538 Codicis
3726 5525 3741 5549 ,
3766 5498 3869 5538 non

2276 5576 2437 5631 modo
2468 5574 2712 5642 titulum,
2747 5574 2845 5631 sed
2906 5574 3086 5646 ipsum
3136 5589 3354 5645 quoque
3404 5589 3747 5641 sermonem,
3786 5575 3871 5646 qui

2277 5666 2522 5723 nonnihil
2549 5666 2878 5739 depravatus
2901 5675 3050 5733 erat,
3079 5665 3201 5723 fieri
3223 5682 3384 5737 posse
3424 5666 3869 5723 emendatiorem.

2276 5760 2581 5833 Utrumque
2604 5761 2905 5833 praestitum
2956 5768 3042 5817 est
3072 5759 3278 5815 auxilio
3324 5761 3559 5817 duorum
3589 5760 3873 5816 Brixiano-

2274 5870 2394 5912 rum
2421 5855 2684 5913 Codicum
2738 5868 2894 5923 mss.,
2930 5853 2983 5909 in
3010 5852 3208 5925 quibus
3238 5852 3326 5909 hic
3371 5868 3555 5910 sermo
3605 5852 3833 5913 habetur
3854 5892 3869 5919 ,
