4122 6346
281 308 385 367 809

277 517 504 590 episcopi
531 520 594 573 de
619 519 737 575 Vita
751 533 799 576 et
830 523 988 579 Obitu
1013 526 1146 581 beati
1171 528 1446 588 Philastrii
1470 537 1716 610 episcopi,
1743 557 1882 611 prte-

277 608 556 664 decessoris
579 614 682 666 sui.
712 614 900 670 Exsutt
924 629 1107 674 autem
1140 621 1208 676 de
1243 629 1344 680 hoc
1372 641 1574 682 sertum
1600 645 1632 684 e
1659 634 1882 700 praecla-

274 717 391 758 rum
424 707 789 763 teSIitnoniutn
818 709 1119 782 Ratnperti,
1150 715 1345 772 Brixia:
1375 735 1518 776 IIOIIO
1542 725 1745 779 saeculo
1765 728 1883 795 cpi-

273 798 448 868 scopi,
473 800 565 870 qui
593 801 712 870 ejus
739 803 916 858 locum
943 806 1150 876 profert
1181 809 1234 863 in
1259 827 1494 866 sermone
1538 815 1603 868 de
1631 815 1881 870 Transla-

274 889 412 944 tione
437 891 574 948 beati
618 892 892 950 Philastrii
923 941 935 962 ,
965 914 1088 965 cap.
1131 900 1196 966 5,
1231 902 1316 958 his
1345 905 1530 960 verbis
1565 926 1576 961 :
1621 906 1797 963 Veluti
1827 912 1879 965 in

273 981 412 1036 edito
436 1000 671 1040 sermone
690 1004 722 1040 a
746 991 964 1052 praesule
992 990 1307 1064 Gaudentio,
1333 997 1449 1050 rita:
1479 1000 1670 1053 scilicet
1693 1000 1881 1057 beatis-

271 1075 388 1128 simi
443 1075 723 1132 Philastrii
783 1083 1045 1152 pontiﬁcis
1098 1086 1320 1159 legitur,
1372 1089 1531 1157 fuisse
1571 1108 1686 1145 eum
1740 1097 1880 1148 omni

269 1169 428 1232 a’tati,
456 1179 504 1222 et
526 1171 834 1241 conditioni,
861 1185 908 1228 et
936 1177 1102 1242 sexui,
1128 1180 1380 1249 stupenda
1404 1182 1718 1254 benignitate
1739 1201 1879 1240 com-

267 1276 491 1315 munem.
526 1262 760 1320 Proinde
789 1268 1018 1324 miratus
1047 1270 1271 1326 omnino
1320 1289 1438 1328 sum
1469 1315 1485 1338 ,
1533 1276 1874 1333 Ludovicutn

267 1351 435 1408 Ellies
477 1355 763 1425 Dupittium
795 1357 1008 1414 Gallum
1030 1403 1047 1429 ,
1082 1362 1435 1419 Bibliothectu
1473 1366 1874 1425 Ecclesiasticie

267 1447 593 1515 scriptorem
624 1494 638 1517 ,
690 1453 1048 1520 quaestionem
1084 1455 1151 1509 de
1207 1458 1309 1511 hoc
1359 1471 1612 1514 sermone
1650 1476 1874 1518 ntovcre

264 1535 572 1596 Gaudentio
605 1546 871 1612 potuisse.
896 1546 1040 1602 Alibi
1071 1551 1235 1604 etiam
1269 1550 1600 1622 Rampertus
1621 1555 1868 1624 ejusdem

263 1632 537 1687 sermonis
567 1639 895 1693 auctoritate
925 1640 1094 1695 utitur
1119 1683 1132 1706 ,
1182 1659 1379 1714 nempe
1409 1660 1526 1718 cap.
1564 1648 1616 1709 9,
1654 1665 1719 1703 ac
1752 1661 1872 1718 post

261 1721 627 1794 Banipertum
659 1739 882 1786 utuntur
913 1733 1177 1790 Baronius
1197 1778 1211 1801 ,
1239 1738 1441 1794 Alanus
1472 1742 1703 1812 Anglus,
1731 1743 1872 1798 Lab-

258 1813 415 1882 beus,
453 1816 694 1885 Vossius,
739 1821 986 1890 Caveus,
1039 1827 1245 1898 aliique
1290 1835 1666 1898 recentiores;
1719 1837 1862 1904 quod
1895 1850 1941 1910 Β

259 1921 381 1962 cum
412 1911 905 1970 animadverterem
932 1932 960 1970 a
992 1917 1345 1976 Bibliotheca:
1372 1923 1590 1980 Patrum
1614 1926 1875 1983 collectu-

258 2000 413 2056 ribus
463 2021 569 2059 non
622 2004 790 2062 fuisse
836 2011 965 2064 satis
996 2013 1343 2070 observatum
1378 2017 1546 2089 (nunc
1572 2021 1717 2075 enim
1747 2039 1867 2078 ser-

257 2111 478 2151 monem
507 2102 1014 2173 .pra-termiserant)
1061 2122 1183 2160 eum
1217 2108 1419 2166 idcirco
1465 2114 1627 2167 veluti
1681 2113 1863 2170 since-

255 2203 374 2243 rutn
405 2230 420 2252 ,
474 2206 538 2246 ac
577 2191 880 2263 legitimum
913 2196 1204 2252 Gaudentii
1252 2217 1389 2270 opus
1413 2243 1429 2268 ,
1462 2206 1674 2260 ca-teris
1724 2208 1864 2262 Gau-

257 2279 534 2336 dentianis
559 2287 909 2342 setmonibtts
939 2304 1236 2346 accensere
1261 2333 1276 2358 ,
1303 2309 1480 2348 meum
1510 2312 1632 2352 csse
1655 2297 1804 2352 duxi.

333 2372 420 2426 19.
465 2375 645 2445 Atque
677 2378 794 2432 hinc
822 2380 1040 2448 quidem
1090 2399 1217 2437 sunt
1255 2383 1539 2442 Gaudentii
1581 2392 1814 2460 genuina
1843 2435 1859 2458 ,

255 2482 377 2535 quae
398 2477 660 2535 exstant;
710 2487 836 2525 nam
869 2485 923 2528 et
974 2475 1323 2534 intercidisse
1357 2496 1462 2535 non
1505 2498 1673 2552 pauca
1709 2497 1862 2540 nota-

255 2557 433 2613 vimus
455 2560 521 2615 ad
554 2572 711 2617 tract.
752 2562 832 2618 M.
868 2564 1024 2623 Nunc
1056 2573 1123 2625 de
1159 2575 1520 2642 supposititiis
1547 2577 1750 2632 dicam.
1785 2583 1861 2635 Ac

254 2651 435 2718 primo
483 2655 726 2708 occurrit
793 2655 1206 2717 Commentarius
1252 2665 1305 2718 in
1355 2665 1660 2738 Symbolum
1717 2674 1860 2742 quod

251 2745 414 2815 vulgo
441 2747 721 2803 Athanasii
766 2754 1115 2822 appellatur;
1172 2758 1480 2828 ltnjttsmodi
1521 2767 1666 2820 enim
1693 2767 1858 2822 Como

250 2837 506 2892 mentarit
542 2841 670 2895 licet
708 2846 933 2898 omnino
961 2889 974 2912 ,
1015 2850 1157 2916 quod
1201 2852 1365 2907 sciam
1393 2895 1408 2919 ,
1451 2857 1586 2911 niltil
1633 2869 1856 2928 exstet,

250 2923 616 2984 Gaudentium
645 2942 927 2991 auctorem
950 2937 1158 2994 faciunt
1177 2942 1323 2998 Elias
1339 2944 1658 3017 Capreolus,
1690 2951 1782 3006 lib.
1800 2923 1858 3008 ni

247 3015 391 3074 HiSI.
427 3019 605 3090 Brix.,
658 3034 714 3077 et
759 3040 827 3080 ex
881 3027 1148 3099 Capreolo
1197 3032 1490 3105 Ughellus,
1522 3015 1741 3112 aliique.
1788 3045 1859 3100 At

244 3110 382 3168 falsa
429 3122 790 3185 persuasione
824 3122 1084 3194 deceptos
1138 3128 1426 3186 manifeste
1477 3133 1686 3202 liquet;
1732 3153 1852 3192 cum

243 3205 564 3289 Symbolum

243 3299 444 3372 Vigilio
475 3304 738 3376 Eapsensi
771 3351 784 3375 ,
819 3323 912 3366 aut
956 3313 1061 3366 alio
1083 3319 1336 3386 quopiam
1367 3320 1640 3392 Scriptore
1661 3327 1849 3380 condi-

241 3404 354 3450 tum
383 3413 512 3456 esse
535 3443 550 3466 ,
595 3415 811 3458 couSIat
845 3407 990 3462 inter
1019 3412 1265 3468 eruditos
1292 3456 1308 3480 ,
1344 3418 1568 3474 minime
1596 3419 1848 3476 Gauden-

240 3486 318 3541 tio
361 3489 670 3548 innotuisse
711 3497 988 3565 potuerit,
1038 3501 1127 3570 qui
1169 3515 1364 3574 quarto
1418 3511 1619 3564 saeculo
1669 3514 1842 3580 vixit,

241 3590 336 3634 aut
388 3581 479 3636 vix
532 3582 751 3640 demum
805 3589 956 3645 initia
1013 3595 1186 3663 quinti
1239 3602 1425 3655 saeculi
1482 3604 1636 3659 vidit.
1689 3607 1843 3663 llunc

239 3677 568 3730 eorumdem
636 3679 981 3749 Scriptorum
1045 3701 1291 3746 errorem
1370 3698 1731 3764 cxpunximus
1787 3702 1838 3756 in

236 3773 687 3828 annotationibus
713 3777 777 3830 ad
807 3776 1119 3850 Ughellutn,
1147 3785 1222 3856 (a)
1249 3803 1344 3844 nec
1375 3792 1650 3860 quomodo
1671 3794 1839 3852 falsus

232 3877 423 3920 rumor
452 3867 758 3924 obtinuerit
786 3870 944 3928 video
963 3915 977 3933 .
1009 3875 1111 3932 nisi
1161 3879 1300 3934 forte
1330 3900 1428 3950 pro
1457 3883 1838 3944 Commentario

230 3956 283 4008 in
341 3957 648 4028 Symbolum
698 3963 1013 4032 Athanasii,
1063 3969 1417 4040 intelligenda
1449 3979 1518 4030 sit
1565 3983 1837 4049 expositio

230 4047 411 4105 Ruﬁni
455 4051 509 4107 in
553 4052 870 4125 Symbolum
905 4100 920 4123 ,
955 4074 1076 4129 qua:
1120 4078 1148 4114 a
1193 4065 1377 4119 multis
1426 4047 1755 4142 Hieronymo
1781 4082 1836 4130 et

227 4139 503 4213 Cypriano
528 4154 732 4201 temere
754 4148 1026 4221 adscripta
1046 4195 1063 4220 ,
1086 4155 1379 4221 aliquando
1392 4159 1552 4217 etiam
1581 4139 1835 4220 Gauden-

229 4233 303 4288 tio
332 4235 594 4292 Brixiano
628 4240 828 4296 tributa
861 4243 1044 4299 fuerit.
1081 4247 1226 4305 Inter
1252 4249 1538 4309 Gaudentii
1589 4261 1836 4328 supposi-

225 4328 341 4383 titia
376 4345 700 4388 numeratur
722 4336 919 4392 deinde
939 4338 1231 4410 Rhythmus
1249 4345 1312 4398 de
1338 4345 1643 4418 P/tilastrio,
1668 4367 1827 4422 quem

224 4421 524 4490 aliquando
573 4424 939 4484 Gaudentium
987 4444 1267 4491 auctorem
1325 4455 1438 4508 prae
1485 4456 1545 4498 se
1591 4446 1825 4514 tulisse,

226 4522 457 4572 testatur
482 4519 638 4574 nobis
673 4521 1006 4594 Rampertus
1034 4529 1084 4581 in
1112 4545 1347 4587 sermone
1375 4535 1438 4588 de
1465 4535 1830 4596 Translatione

1470 329 1847 393 PRtEFATIO
1886 333 1949 392 P.
1977 333 1990 354 ‘
2004 335 2385 398 GALEARDI.

281 423 380 479 hac
412 425 695 493 praemissa
739 428 1146 502 inscriptione:
1191 440 1375 497 Sermo
1416 444 1549 498 beati
1599 446 1882 504 Gaudentii
1908 457 1960 516 Α

3483 372 3593 431 810

2057 453 2150 508 20.
2191 456 2272 510 Ad
2315 457 2604 517 Gaudentii
2637 469 2975 538 supposititia
3027 475 3219 534 referri
3252 479 3380 538 item
3412 497 3596 556 potest

1985 545 2216 602 celebris
2243 550 2369 604 liber
2397 552 2460 606 de
2491 555 2874 628 Singularitate
2895 565 3210 624 Clericorum
3235 614 3249 634 ,
3277 545 3439 632 modo
3474 581 3594 636 Oti-

1983 639 2144 705 geni,
2179 641 2339 695 modo
2361 642 2662 716 Cypriano,
2717 661 2811 706 aut
2855 655 3164 725 Augustino
3201 664 3467 735 tributus;
3498 675 3590 740 qui

1983 747 2106 786 cum
2139 733 2420 804 hucusque
2445 748 2655 796 certum
2683 754 2963 804 auctorem
2989 766 3097 829 non
3125 767 3416 827 agnoscat,
3449 763 3594 820 inter

1983 823 2242 890 adesnota
2282 829 2483 900 scripta
2517 849 2544 885 a
2579 834 2821 894 Deherra
2865 823 3242 902 numerandus
3272 860 3412 905 erat.
3434 853 3591 912 Hunc

1983 911 2286 973 Gaudentio
2327 920 2582 979 Brixiano
2635 929 2873 986 adscribi
2913 949 3072 1004 posse
3101 941 3316 993 censuit
3341 941 3584 1003 Joannes

1983 1005 2229 1063 Fcllusiu
2249 1009 2568 1082 Prtefatione
2589 1019 2652 1073 ad
2679 1018 2936 1092 nuperain
2955 1025 3212 1098 Cypriani
3233 1033 3532 1094 editionem
3565 1058 3580 1096 :

1984 1099 2059 1154 De
2078 1102 2451 1176 Singularitate
2474 1107 2786 1170 Clericorum
2805 1159 2818 1180 ,
2846 1118 3052 1189 inquit,
3077 1128 3383 1196 opusculum
3410 1132 3583 1186 locum

1981 1196 2204 1267 aliquem
2234 1201 2455 1270 habeat,
2481 1222 2540 1258 ea
2562 1205 2670 1278 lege
2693 1251 2708 1276 ,
2731 1213 2778 1265 si
2803 1225 2891 1268 aut
2917 1214 3182 1286 Origenes,
3216 1231 3306 1276 aut
3330 1223 3582 1282 Gauden-

1980 1287 2086 1341 tius
2115 1289 2398 1350 Britianus
2415 1341 2428 1364 ,
2461 1309 2552 1352 aut
2575 1303 2712 1356 alius
2734 1305 2920 1375 aliquis
2941 1310 3078 1364 circa
3098 1317 3341 1370 swculum
3359 1318 3578 1376 millesi-

1978 1396 2117 1434 mum
2130 1387 2372 1455 scriptor,
2397 1407 2498 1459 quo
2521 1402 2747 1464 tempore
2772 1399 2834 1450 lis
2862 1399 3027 1455 istoin
3056 1403 3330 1461 Occidente
3357 1415 3577 1468 utarime

1975 1475 2195 1545 fervebat
2218 1519 2235 1545 ,
2278 1498 2372 1551 pro
2411 1501 2506 1538 suo
2556 1505 2832 1558 agnoscere
2871 1496 3174 1552 sustineant.
3224 1501 3293 1556 At
3323 1505 3573 1571 quisnam

1976 1567 2076 1620 iste
2103 1571 2240 1624 circa
2267 1579 2514 1630 siccatum
2545 1580 2873 1636 millesimum
2917 1590 3173 1657 scriptor?
3205 1592 3371 1651 Plane
3418 1599 3572 1669 igno—

1975 1665 2107 1711 tum.
2143 1660 2285 1715 Idem
2321 1664 2504 1722 Fellus
2527 1670 2803 1728 deindein
2833 1678 2974 1731 notis
3004 1680 3070 1734 ad
3104 1699 3225 1736 cum
3259 1660 3571 1759 “aetatum,

1971 1760 2250 1810 auctorem
2282 1759 2347 1812 ad
2383 1761 2544 1815 Beda:
2584 1772 2825 1835 tempora
2853 1811 2867 1835 ,
2904 1770 2953 1824 id
2984 1781 3068 1826 est
3096 1775 3161 1829 ad
3195 1781 3453 1836 saeculum
3477 1799 3573 1839 oc-

1971 1848 2147 1899 tavum
2178 1887 2193 1910 ,
2229 1861 2488 1918 revocat,
2523 1855 2604 1908 bis
2637 1859 2821 1914 verbis
2852 1877 2862 1912 :
2908 1860 3118 1920 Videtur
3138 1870 3272 1923 circa
3293 1871 3449 1928 Beda:
3477 1895 3575 1948 po-

1969 1936 2168 2007 pularis
2197 1945 2360 1998 nostri
2381 1956 2611 2019 ten-pora
2634 1991 2651 2017 ,
2683 1957 2892 2024 quando
2914 1961 2977 2012 de
3005 1959 3240 2018 caelibatu
3270 1970 3573 2027 clericorum

1969 2033 2194 2086 maxime
2209 2035 2450 2104 fervebat,
2475 2054 2756 2111 prieserttm
2779 2048 2829 2101 in
2862 2049 3164 2123 Occidente,
3195 2067 3571 2133 controrersia,

1969 2126 2290 2193 conscriptus
2315 2129 2475 2196 liber,
2518 2135 2602 2187 cui
2647 2137 2839 2192 saeculo
2879 2146 3150 2214 respondet
3195 2167 3226 2202 a
3263 2157 3574 2212 reuelatione

1966 2213 2290 2285 desumptum
2331 2237 2710 2293 argumentum.
2747 2213 3058 2290 Desideravi
3111 2240 3395 2310 profecto,
3445 2263 3567 2303 cum

1967 2305 2018 2358 in
2051 2305 2167 2362 hanc
2200 2310 2518 2368 incidissent
2546 2358 2561 2382 ,
2611 2318 2754 2374 docti
2790 2321 2890 2376 viri
2931 2327 3196 2394 judicium
3226 2349 3241 2397 ;
3293 2352 3415 2390 nam
3446 2355 3569 2408 qua:

1964 2413 2216 2468 umquam
2244 2413 2369 2458 nota
2392 2413 2494 2473 est,
2528 2423 2713 2479 quaeso
2741 2455 2753 2476 ,
2786 2431 2903 2483 qua)
2935 2422 3256 2486 opusculum
3289 2426 3416 2481 illud
3442 2428 3563 2482 mil-

1967 2490 2148 2548 lesimo
2171 2498 2360 2550 sarculo
2387 2498 2682 2570 (decimum
2716 2507 2903 2563 dicere
2932 2512 3231 2583 Voluit)aut
3257 2517 3563 2577 Bedtetem-

1962 2585 2170 2654 poribus
2186 2589 2528 2646 tribuendum
2546 2596 2781 2652 indicet?
2798 2600 2880 2655 Ab
2892 2604 3150 2674 episcopo
3167 2621 3560 2683 conscriptum,

1962 2678 2053 2731 ubi
2084 2679 2218 2735 forte
2256 2683 2467 2740 videret
2516 2704 2710 2759 nemo,
2763 2699 2966 2748 notavit
3011 2699 3266 2755 Erasinus
3297 2678 3462 2776 (lu-ex
3497 2678 3565 2764 iis

1960 2775 2141 2828 verbis
2171 2794 2288 2845 qua:
2319 2792 2510 2834 auctor
2530 2786 2714 2852 operis
2735 2789 2954 2857 apponit
2977 2809 2986 2844 :
3011 2790 3084 2863 (ε)
3119 2791 3217 2848 Vos
3237 2775 3430 2867 autem,
3465 2803 3564 2868 lilii

1960 2865 2272 2931 charissimi,
2302 2889 2403 2925 non
2431 2883 2631 2932 tantum
2661 2883 3016 2950 persuasione,
3041 2888 3130 2939 sed
3159 2900 3410 2959 potestate
3447 2911 3566 2950 con-

1957 2963 2124 3015 venio.
2163 2963 2359 3020 Vcrum
2393 2983 2514 3037 qua:
2557 2970 2611 3025 iu
2646 2971 2750 3028 hoc
2777 2990 2949 3043 opere
2979 2978 3047 3033 de
3075 2985 3339 3054 martyrio
3369 2987 3559 3056 (Περυ-

1961 3061 2142 3108 tantur
2167 3056 2246 3128 (ά)
2277 3060 2424 3114 nullo
2447 3063 2608 3117 modo
2643 3066 2804 3122 Beda:
2853 3073 3216 3139 temporibus,
3258 3076 3426 3132 immo
3460 3097 3559 3137 nec

1958 3143 2269 3215 Gaudentii,
2314 3168 2416 3207 nec
2441 3151 2726 3225 Augustini
2773 3175 2888 3214 sevo
2935 3170 3235 3222 cenveuire
3289 3182 3556 3239 pos.~unt;

2256 3213 2263 3215 _
2527 3213 2555 3225 υ
2805 3213 2810 3214 ,
2875 3213 2878 3214 ,
3289 3213 3398 3238 νην.
3420 3213 3516 3226 ...η
3542 3216 3556 3239 ,

623 3213 752 3268 illttd
781 3257 795 3280 ,
832 3217 982 3286 quod
1023 3220 1171 3276 circa
1213 3225 1375 3278 linem
1404 3229 1575 3296 qumti
1605 3231 1787 3285 sazculi
1820 3250 1848 3286 a
1877 3244 1922 3306 ρ
1955 3240 2172 3306 quando
2194 3257 2408 3312 nempe,
2437 3263 2569 3314 pace
2594 3249 2853 3306 Ecclesiae
2875 3254 3022 3324 data,
3046 3256 3156 3326 jam
3183 3276 3290 3313 non
3320 3266 3557 3331 amplius

1952 3329 2206 3402 frequens
2245 3337 2472 3392 suberat
2503 3345 2745 3413 matlyrii
2785 3352 3020 3403 occasio.
3070 3351 3254 3421 Itaque
3281 3373 3400 3410 mea
3431 3362 3556 3428 qui-

1949 3422 2070 3479 dem
2095 3427 2367 3483 sententia
2391 3471 2403 3491 ,
2431 3429 2646 3488 libellus
2676 3437 2780 3491 iste
2827 3440 2913 3494 vel
2944 3441 3009 3495 ad
3041 3441 3289 3515 Origeuis
3310 3488 3324 3512 ,
3372 3451 3454 3504 vel
3485 3453 3550 3507 ad

1945 3515 2199 3590 Cypriani
2253 3532 2497 3594 tempora
2542 3527 2883 3586 referendus.
2942 3534 3087 3591 Vidit
3151 3543 3340 3608 procul
3384 3543 3553 3601 dubio

1947 3608 2082 3665 Feili
2129 3613 2337 3684 lapsum
2391 3616 2716 3676 Guillelmus
2767 3622 3020 3697 Cavetts,
3093 3629 3222 3685 dttm
3294 3633 3550 3706 Cypriani

1944 3703 2119 3775 Opera
2154 3725 2447 3766 recensens
2474 3755 2488 3778 ,
2547 3714 2694 3770 illius
2740 3723 3066 3776 sententiam
3099 3724 3167 3780 de
3219 3726 3379 3797 hujus
3418 3746 3552 3801 opu-

1944 3799 2082 3854 sculi
2114 3813 2336 3856 auctore
2373 3815 2638 3862 enarrat:
2679 3809 2750 3880 (ο)
2795 3811 3097 3869 Doctissimi
3151 3818 3333 3890 (Cavei
3384 3825 3547 3880 verba

1943 3888 2087 3961 sunt)
2099 3892 2342 3947 editionis
2367 3893 2679 3953 Oxoniensis
2703 3906 3139 3971 cttratores,circa
3168 3906 3325 3964 Beda:
3347 3923 3547 3967 aetatem

1939 3979 2194 4049 scriptum
2215 4001 2320 4038 esse
2365 3986 2702 4044 arbitrantur.
2756 3991 2860 4048 Sed
2889 4034 2904 4059 ,
2951 4003 3007 4048 ut
3031 3995 3282 4059 homines
3311 4017 3502 4058 Sumus
3529 4048 3543 4073 ,

1940 4072 2131 4138 puduit
2159 4075 2596 4145 reprehendere,
2630 4086 2882 4150 quamvis
2911 4089 3074 4155 paulo
3102 4099 3261 4146 antea
3291 4134 3305 4158 ,
3339 4095 3547 4152 scilicet

1939 4164 1995 4217 in
2025 4164 2282 4236 Origene,
2317 4169 2390 4239 (f)
2425 4172 2594 4226 libelli
2625 4173 2786 4243 hujus
2831 4187 3136 4247 auctorem,
3173 4200 3276 4237 non
3319 4195 3548 4241 contento

1937 4257 2120 4311 nenda:
2155 4263 2442 4326 vetustatis,
2470 4262 2778 4336 Hieronymi
2809 4267 2993 4323 saltem
3016 4287 3126 4325 (evo
3175 4291 3278 4328 non
3329 4277 3544 4347 inferio-

1934 4365 2060 4415 rem,
2089 4354 2426 4420 pronuntiet.
2473 4354 2740 4413 Ctl‘lt‘l‘lllll
2786 4361 3003 4418 libellus
3044 4364 3138 4420 ille
3162 4366 3295 4422 nihil
3322 4371 3549 4426 omnino

1933 4444 2175 4499 continet
2202 4447 2349 4516 quod
2379 4454 2771 4508 controversia:
2809 4453 2881 4509 de
2930 4455 3189 4512 caelibatu
3222 4459 3549 4516 clericorum

1931 4537 2107 4604 aptari
2181 4539 2396 4609 possit,
2451 4549 2706 4610 quamvis
2762 4547 3084 4604 eorundem
3154 4566 3277 4607 cum
3337 4553 3554 4609 feminis

223 4602 518 4663 Philastrii.
560 4611 756 4667 Verum
784 4617 958 4688 stylus
985 4633 1174 4687 aperte
1202 4665 1215 4689 ,
1263 4638 1327 4679 ac
1373 4625 1584 4685 Latina;
1626 4633 1826 4702 lingua:
1853 4642 1908 4702 D
1932 4629 2383 4700 contubernium,
2407 4647 2472 4688 ac
2497 4635 2922 4694 familiaritatem
2955 4640 3246 4712 redarguat
3270 4660 3284 4710 ;
3309 4643 3397 4700 cui
3421 4661 3547 4717 pro-

219 4699 391 4764 color,
422 4704 490 4758 ad
545 4709 798 4776 sequiora
836 4720 1076 4782 tempora
1105 4717 1416 4786 pertinent;
1477 4738 1575 4779 nec
1615 4727 1824 4798 aliquid

219 4789 275 4845 in
305 4808 372 4847 eo
405 4795 663 4866 rhythmo
694 4800 1132 4862 Gaudentianttm
1181 4811 1418 4881 videtur,
1457 4829 1656 4886 praeter
1694 4836 1823 4876 sen-

222 4887 421 4940 tentias
451 4905 588 4958 quas
611 4893 855 4965 rltyehmi
885 4900 1077 4956 auctor
1105 4918 1134 4956 a
1178 4903 1486 4965 Gaudentio
1510 4912 1561 4965 in
1587 4930 1822 4973 sermone

217 4974 282 5029 de
307 4974 598 5034 Philastrio
639 4997 915 5043 mutuatus
941 5003 1020 5045 est
1052 5009 1066 5058 ;
1094 5009 1261 5064 quare
1280 5039 1296 5064 ,
1330 5002 1625 5059 accedente
1650 5008 1815 5063 etiam

217 5065 386 5136 ipsius
427 5069 708 5142 Ratnperti
739 5081 946 5136 calculo
973 5129 986 5153 ,
1017 5084 1248 5143 libenter
1298 5092 1613 5163 rhythmum
1661 5099 1813 5156 illum

215 5159 523 5219 Gaudentio
574 5169 1023 5239 adjudicavimtts.
1080 5179 1214 5238 Vide
1260 5159 1426 5254 porro
1454 5203 1518 5244 ea
1563 5207 1686 5262 qua:
1735 5195 1815 5249 fu—

213 5255 327 5310 sius
377 5258 590 5326 pra-l‘ati
634 5277 821 5320 sumus
852 5271 920 5324 ad
952 5275 1203 5330 eumdem
1231 5279 1546 5349 rhythmum
1578 5255 1631 5340 in
1661 5287 1812 5344 calce

212 5359 528 5406 sermonum
547 5351 862 5415 Gaudentii.

345 5527 363 5599 )
391 5529 549 5603 Tom.
579 5533 670 5602 IV,
692 5537 824 5593 edit.
859 5540 995 5597 Ven.
1039 5545 1148 5600 col.
1177 5545 1304 5603 59.8.

310 5527 363 5599 (ι)
391 5529 549 5585 'l‘om.
579 5533 670 5602 IV,
692 5537 824 5593 edit.
859 5540 995 5597 Ven.
1039 5545 1148 5600 col.
1177 5545 1304 5603 59.8.

210 5526 544 5728 wits).
588 5605 792 5664 Veneta
840 5613 1102 5686 Cypriani
1140 5632 1260 5673 cum
1309 5620 1528 5678 scholiis
1578 5625 1812 5696 Erasmi,

361 5715 374 5731 ,
405 5691 460 5726 ll.
488 5691 544 5728 δ.

209 5741 550 5869 ἐςρξε’)ἓῐσὶιιὶι.
596 5747 906 5812 Amstelod.
947 5755 1208 5830 Cypriani
1263 5763 1438 5831 1700,
1489 5781 1613 5840 ρας.
1672 5771 1817 5841 151,

453 5911 731 5978 Ρηιιοι..
784 5919 931 5983 ΧΧ.

1935 4720 2080 4779 lecto
2124 4737 2446 4797 argumento
2491 4741 2796 4800 congruum
2841 4742 3121 4790 auctorem
3171 4755 3419 4808 quaerere
3441 4755 3544 4797 sae-

1931 4817 2058 4872 culo
2076 4817 2291 4873 decimo
2315 4819 2538 4878 minime
2559 4824 2868 4894 opai-tebat.
2891 4831 3035 4885 Sane
3058 4831 3372 4902 Cyprianus
3396 4836 3534 4907 ipse,

1932 4906 2013 4978 (g)
2042 4911 2244 4981 aliique
2274 4927 2337 4967 ea
2377 4924 2540 4969 actate
2571 4915 2780 4980 Patres,
2815 4923 3016 4994 sacpius
3064 4925 3116 4979 in
3147 4927 3337 4984 eodem
3371 4906 3534 5000 argu-

1927 5014 2113 5059 mento
2136 5011 2338 5060 versati
2383 5018 2539 5074 sunt,
2571 5026 2918 5082 canonesth
2947 5016 3315 5078 Cont-iliorum
3352 5026 3535 5080 multis

1923 5111 2174 5167 egerunt,
2206 5108 2295 5167 ut,
2326 5103 2506 5157 ablata
2541 5104 2852 5174 ltnjttsmodi
2877 5115 3230 5181 corrulitioue
3271 5134 3394 5188 qua:
3428 5120 3532 5176 Ec-

1922 5193 2105 5248 clesiae
2130 5211 2310 5251 mores
2342 5196 2618 5265 fwdabat,
2655 5201 2866 5275 integra
2895 5220 3212 5267 servaretur
3236 5215 3526 5269 ecclesias-

1920 5289 2021 5344 tica
2045 5289 2352 5360 disciplina.

1990 5383 2084 5438 21.
2116 5384 2247 5441 Haec
2269 5385 2339 5442 de
2364 5385 2653 5447 Gaudentii
2667 5392 2885 5465 scriptis
2909 5405 3017 5453 tam
3046 5399 3296 5470 genuinis
3325 5445 3338 5468 ,
3364 5420 3525 5474 quam

1987 5561 2074 5631 (tl)
2105 5561 2350 5635 Ibid.,p.
2387 5563 2509 5635 150,
2533 5568 2643 5623 col.
2677 5569 2732 5624 2.

2015 5642 2064 5712 ej
2095 5635 2232 5712 ljist.
2260 5634 2428 5691 litter.
2455 5634 2566 5712 sec.
2594 5641 2628 5694 ὅ
2651 5681 2667 5709 ,
2703 5657 2826 5712 pag.
2858 5643 2946 5702 80.

2021 5705 2070 5776 t)
2105 5706 2267 5778 μνία-ν
2301 5723 2422 5778 pas-
2455 5709 2542 5764 7b"-
2593 5743 2595 5745 -

1999 5777 2076 5849 (g)
2106 5777 2280 5848 Epist.
2317 5777 2388 5845 ι(
2406 5781 2540 5836 edit.
2576 5784 2811 5842 Amstel.
2847 5788 3006 5844 1700.

3002 5956 3082 6019 26
