4070 6346
260 336 359 396 813
1449 326 1821 397 ΡΒᾸΞΡᾹΊῚΟ
1863 345 1864 348 “

1973 334 2340 403 GALE‘ARDI.
3454 361 3563 421 οη

260 459 321 511 de
357 468 561 527 rompre
598 452 669 509 les
713 466 769 509 os
808 454 871 509 de
910 452 1169 525 l‘agneau,
1202 454 1309 508 celo
1336 466 1451 509 oeut
1481 456 1594 510 dire
1622 472 1719 527 que
1750 457 1852 511 l‘on
1883 460 1934 523 Α
1961 460 2082 514 tutis
2113 476 2232 516 caro
2266 472 2411 530 sunt,
2451 474 2497 517 et
2527 466 2756 542 veritatis
2781 468 3153 542 integumenta)
3187 474 3452 531 risibiliter
3478 496 3564 534 se-

260 550 366 604 doit
406 549 640 602 obserrer
678 545 753 601 les
795 547 1052 614 préceptes
1088 546 1175 615 qui
1218 556 1332 600 sont
1372 546 1505 600 dans
1546 545 1859 603 l’Ecriture?
1959 552 2187 606 cundum
2214 570 2361 609 suam
2389 540 2608 624 speciem
2634 560 2965 629 percipimus,
2994 572 3040 616 et
3069 540 3318 621 sumimus
3350 583 3366 620 :
3398 572 3566 640 ipsam

262 643 361 709 Qui
390 640 758 710 s‘imaginerait
788 656 884 710 que
912 639 1089 710 quand
1114 640 1154 693 il
1185 651 1257 692 est
1288 640 1361 694 dit
1391 640 1514 707 qu‘il
1544 642 1656 708 [aut
1689 642 1859 696 briller
1960 656 2081 700 vero
2116 648 2456 704 substantiam
2496 668 2586 705 nec
2627 655 2942 725 frangimus,
2988 662 3078 711 nec
3120 639 3429 731 minuimus,
3475 666 3565 720 sed

262 738 331 792 les
354 742 509 790 restes
536 733 600 787 de
630 732 890 806 l‘agneau,
926 732 1041 785 c‘est
1070 747 1201 801 pont-
1225 733 1455 803 signifier
1482 748 1580 804 que
1616 733 1719 787 l'on
1751 734 1859 787 doit
1962 739 2186 807 ﬂammis
2233 742 2501 814 injieimus
2527 786 2541 811 ,
2591 746 2647 799 id
2686 746 2756 800 est
2805 749 3164 815 spiritualibus
3208 754 3571 827 intelligentiis

263 842 524 884 consumer
568 843 666 897 par
713 841 810 880 nne
857 826 930 895 [οἱ
970 826 1077 878 vive
1118 827 1190 878 les
1236 826 1420 879 doutes
1461 841 1560 896 que
1602 826 1707 879 l‘on
1740 835 1859 896 pen!
1960 831 2415 902 Commendamus,
2459 837 2597 907 quod
2640 840 2856 909 spiritus
2897 850 2944 896 ει
2988 844 3093 897 vita
3135 847 3237 900 sint
3278 848 3337 902 ίη
3381 826 3570 907 amni,

262 924 399 978 avoir
436 937 525 976 sur
564 921 613 974 le
654 918 876 990 mystére
911 918 976 972 de
1006 917 1415 972 l’Eucharistie.’
1441 918 1535 972 Ces
1563 918 1858 989 allégories,
1963 926 2238 995 mysteriis.
2292 926 2406 982 lmo
2457 931 2736 987 invenitur
2786 935 2948 989 etiam
3002 939 3143 1007 apud
3194 940 3568 1001 Gttzecltinum

261 1028 306 1070 et
343 1015 567 1069 d‘antres
606 1011 909 1067 semblables
940 1013 1030 1083 qui
1058 1021 1175 1066 sont
1199 1028 1259 1065 en
1287 1021 1361 1065 cet
1390 1012 1613 1076 endroit,
1646 1016 1760 1067 sont
1790 1028 1861 1067 un
1962 1016 2365 1075 Sebolasticum
2414 1022 2469 1076 in
2525 1025 2755 1093 epistola
2800 1029 2869 1081 ad
2918 1029 3245 1088 Valrlternm
3286 1036 3371 1109 (α)
3415 1056 3427 1091 ;
3473 1038 3575 1096 Im'

260 1120 356 1179 pen
395 1104 664 1169 violentos,
708 1116 751 1159 et
786 1108 843 1177 je
882 1106 1037 1158 doute
1077 1105 1181 1175 fort
1212 1102 1427 1176 qu‘elles
1452 1105 1613 1159 soient
1645 1104 1713 1158 da
1743 1105 1862 1177 guilt

261 1200 321 1254 de
346 1199 457 1253 bien
486 1201 575 1253 des
602 1208 745 1270 gens.
777 1197 998 1254 Summa
1028 1195 1191 1265 hujus
1219 1196 1537 1267 Dupinianm
1565 1199 1864 1267 reprelien-

260 1292 430 1347 simtis
472 1294 526 1347 in
566 1306 631 1347 co
676 1298 923 1346 versatur
950 1290 1092 1361 quod
1122 1288 1463 1345 Gaudentius
1494 1294 1861 1361 intemporam

263 1388 342 1442 ter
385 1384 651 1457 allegoria
681 1400 815 1439 usus
846 1385 944 1449 sit;
978 1384 1195 1439 videtur
1226 1387 1369 1438 enim
1402 1380 1511 1438 ltoc
1540 1385 1867 1455 interpreta—

263 1482 421 1536 tionis
488 1492 662 1551 geons
734 1478 1116 1541 vehementer,
1160 1472 1397 1547 Dupioio
1474 1478 1863 1547 displicuisse;

262 1591 379 1631 nam
420 1580 477 1630 et
514 1571 583 1630 de
623 1574 835 1629 duobus
880 1571 998 1628 allis
1039 1574 1360 1627 tractatibus
1399 1574 1564 1643 paulo
1592 1583 1718 1644 post
1746 1574 1819 1627 ait
1851 1592 1866 1629 :

260 1668 350 1727 Ces
392 1670 532 1724 deum
568 1669 907 1724 instructions
948 1669 1173 1737 (octava
1214 1680 1415 1739 nempe
1447 1682 1510 1723 ac
1541 1672 1721 1739 nona)
1752 1680 1869 1725 sont

261 1761 452 1835 pleines
502 1763 567 1816 de
620 1762 877 1831 plusieurs
929 1761 1226 1833 allégories.
1282 1760 1485 1817 Verum
1538 1777 1699 1817 causa
1751 1763 1869 1819 htec

1964 1109 2198 1186 (nempe
2265 1114 2579 1189 Bcrengarii
2635 1119 2971 1180 Turonensis
3012 1128 3275 1201 asseclzn)
3337 1136 3570 1188 eumdem

1969 1216 2156 1279 agnum
2180 1208 2458 1277 pascalem,
2475 1212 2561 1281 qui
2584 1215 2765 1267 eadem
2779 1230 3105 1274 sacramenta
3119 1222 3171 1275 in
3189 1224 3414 1292 seipsum
3438 1228 3577 1299 inef-

1970 1299 2196 1369 fabiliter
2236 1305 2612 1367 transfonnans
2647 1306 2794 1361 nobis
2832 1311 3109 1381 condidit,
3150 1326 3194 1369 et
3234 1323 3574 1391 consecravit,

1970 1394 2189 1448 crudum
2227 1397 2307 1449 vel
2350 1408 2553 1451 t‘oetntn
2584 1416 2744 1469 aqua,
2786 1420 2892 1459 non
2925 1424 3097 1461 assum
3130 1411 3239 1484 igni
3267 1417 3581 1485 comedunt;

1971 1487 2187 1556 etquod
2226 1492 2339 1561 ejus
2380 1491 2649 1546 residuum
2676 1500 2774 1557 est,
2815 1508 2861 1551 et
2887 1516 3089 1573 semper
3116 1508 3209 1557 erit
3239 1506 3383 1577 (quia
3408 1512 3585 1567 nullus

1972 1592 2217 1654 umquam
2256 1585 2512 1647 mortalis,
2558 1590 2935 1655 quantumlibet
2979 1598 3167 1661 sciens,
3213 1602 3282 1653 ad
3324 1602 3588 1661 incarnati

1977 1673 2137 1731 Verbi
2176 1692 2429 1731 arcanum
2473 1677 2629 1750 plena
2674 1682 3016 1757 intelligentia
3061 1691 3112 1742 in
3158 1690 3255 1745 hac
3298 1696 3401 1748 rita
3429 1712 3586 1767 pene-

1975 1774 2113 1826 trare
2132 1774 2319 1843 potuit,
2346 1782 2435 1826 aut
2452 1775 2688 1845 poterit),
2708 1777 2816 1849 igni
2837 1790 2942 1833 non
2966 1784 3289 1839 comburunt.
3310 1788 3465 1852 Quod
3487 1791 3584 1861 igi-

261 1855 568 1912 Gandcntio
601 1855 906 1909 communis
943 1862 1024 1909 est
1052 1866 1176 1910 cum
1208 1856 1460 1911 omnibus
1492 1855 1603 1910 fere
1633 1858 1867 1926 antiquis
1900 1864 1944 1925 Β
1976 1874 2064 1920 tur
2088 1882 2115 1920 τι
2156 1868 2375 1922 nemine
2406 1864 2633 1937 cogitari
2661 1882 2824 1939 posse
2865 1874 3158 1929 afﬁrmavit
3188 1877 3456 1948 Dupiuius
3482 1855 3579 1953 (ξ),

261 1947 535 2016 Patribus,
561 1950 780 2019 quibus,
808 1954 858 2001 in
888 1947 1225 2017 exponendis
1244 1948 1567 2017 Scriptnris,
1591 1950 1753 2003 etiam
1772 1950 1863 2004 ubi

259 2054 345 2096 res
382 2056 482 2110 per
522 2058 581 2096 se
622 2034 806 2109 aperta
851 2050 1000 2096 esset
1038 2050 1096 2096 et
1142 2050 1460 2112 perspecta,
1512 2041 1865 2098 nihilominus

262 2133 578 2205 allegoriam
633 2134 911 2206 negligere
957 2133 1151 2205 religio
1204 2135 1321 2189 fuit.
1366 2133 1559 2191 Notum
1602 2143 1689 2191 est
1731 2134 1864 2191 illud

261 2227 545 2299 Augustini
577 2227 652 2299 (a)
688 2247 698 2281 :
735 2226 990 2282 Dominus
1021 2237 1195 2284 noster
1222 2226 1374 2283 Iesus
1402 2226 1639 2284 Christus
1672 2246 1729 2283 ea
1754 2238 1868 2299 qua:

260 2322 479 2394 faciebat
518 2322 891 2394 corporaliter,
932 2323 1087 2375 etiam
1123 2320 1429 2393 spiritaliter
1464 2319 1671 2375 volebat
1710 2319 1867 2374 inteb-

259 2419 366 2488 ligi.
397 2417 585 2489 Neque
607 2420 743 2471 enim
770 2426 975 2471 tantum
998 2413 1253 2470 miracula
1284 2425 1499 2487 prapter
1524 2416 1780 2469 miracula
1794 2416 1868 2485 fa-

258 2514 423 2567 ciebat
446 2528 464 2566 :
485 2512 577 2565 sed
606 2523 659 2566 ut
687 2511 780 2564 illa
799 2527 913 2581 quae
932 2512 1178 2580 faciebat,
1201 2510 1336 2563 mira
1364 2519 1527 2564 essent
1556 2508 1863 2577 ridentibus,

256 2622 373 2661 vera
403 2618 569 2661 essent
601 2606 1029 2676 intelligentibus.
1059 2605 1356 2674 Gregorius
1386 2621 1621 2675 quoque,
1656 2605 1801 2659 hom.
1833 2605 1869 2658 2

255 2700 308 2755 in
354 2701 565 2770 Evang.
598 2719 610 2754 :
648 2688 911 2753 Miracula
944 2699 1157 2752 Domini
1197 2710 1243 2752 et
1279 2692 1569 2753 Saluatoris
1592 2700 1755 2753 nostri
1794 2700 1868 2752 sic

255 2794 563 2866 accipienda
612 2803 755 2858 sunt,
809 2802 863 2845 ut
908 2802 953 2843 et
998 2794 1051 2864 in
1083 2793 1291 2846 veritate
1319 2793 1596 2846 credantur
1626 2795 1791 2862 facta,
1822 2802 1869 2846 et

256 2896 428 2942 tamen
452 2901 546 2954 per
568 2888 1003 2956 signiﬁcationem
1019 2885 1166 2940 nobis
1185 2888 1387 2958 aliquid
1408 2888 1740 2961 innuant(b).
1764 2887 1869 2942 Ne-

256 2996 358 3052 que
414 2995 521 3052 ego
571 2982 730 3035 valde
783 2994 1052 3049 pugnem.
1098 2981 1305 3035 leviora
1356 2981 1653 3051 aliquando
1700 2981 1869 3036 fuisse

254 3089 378 3144 qua:
412 3074 465 3128 in
500 3072 813 3143 huiusmodi
847 3084 1050 3142 genere
1082 3073 1422 3139 dicebautur,
1454 3086 1577 3127 cum
1612 3088 1673 3127 ea
1707 3074 1778 3127 sit
1808 3075 1868 3127 li-

254 3176 448 3239 gurate
476 3168 735 3238 loquendi
766 3170 936 3232 ratio,
985 3176 1043 3221 ut
1071 3168 1273 3238 srepius
1314 3168 1584 3223 dicentem
1618 3169 1670 3222 in
1698 3183 1867 3236 angu-

1971 1958 2115 2013 idet‘n
2165 1960 2298 2014 illud
2343 1960 2602 2015 dixerunt
2650 1970 2763 2017 tres
2806 1965 2897 2018 isti
2956 1975 3239 2031 auctores,
3295 1986 3433 2039 quos
3483 1975 3582 2027 do~

1970 2058 2106 2111 ctos,
2138 2064 2352 2120 graves,
2382 2058 2437 2108 et.
2476 2052 2739 2109 honestos
2777 2056 2923 2111 virus
2951 2057 3143 2125 fuisse,
3172 2074 3236 2115 ac
3270 2067 3580 2132 prmsertim

1967 2150 2166 2201 mentis
2206 2147 2344 2202 bene
2388 2162 2556 2217 same,
2607 2147 2875 2219 Dupinius
2916 2152 3054 2221 ipse,
3086 2160 3148 2207 ut
3176 2156 3436 2223 arbitror,
3470 2172 3580 2213 non

1971 2240 2243 2309 negaverit
2274 2237 2379 2311 (f).

2037 2331 2130 2387 24.
2163 2330 2231 2389 At
2258 2330 2374 2387 hmo
2406 2330 2641 2389 fortasse
2666 2336 2840 2388 omnia
2871 2335 3074 2405 ignosci
3106 2337 3340 2405 Dupinio
3363 2359 3389 2395 a
3423 2343 3579 2399 nobis

1970 2436 2246 2495 poterant,
2270 2422 2433 2480 modo
2464 2428 2554 2482 ubi
2580 2436 2870 2482 tractatum
2903 2430 3053 2483 illum
3085 2429 3152 2484 de
3182 2432 3580 2492 Gattdcntianis

1970 2521 2189 2590 scriptis
2240 2516 2547 2590 concludit,
2578 2521 2865 2591 graviores
2914 2524 3088 2575 multo
3119 2536 3184 2579 ac
3235 2526 3493 2589 HBYiOI'OS
3524 2527 3577 2582 in

1969 2612 2331 2669 Gaudentium
2357 2613 2465 2668 iras
2491 2615 2713 2667 minime
2736 2614 3061 2668 exemisset.
3094 2616 3390 2671 Audiamus
3416 2630 3581 2687 porro

1970 2705 2221 2760 eritlettm
2255 2719 2498 2761 n05trum
2529 2707 2597 2762 de
2622 2714 2735 2761 tota
2766 2704 3144 2762 Gattdentiana
3172 2714 3421 2765 oratione
3451 2722 3578 2767 sen-

1972 2799 2192 2854 tentiam
2218 2798 2485 2854 terentem
2513 2816 2525 2852 :
2560 2796 2612 2853 Il
2641 2800 2768 2852 n’est
2797 2814 2888 2866 pas
2920 2801 3205 2855 nécessaire
3238 2804 3444 2873 (inquit
3472 2806 3578 2858 Du-

1970 2890 2176 2963 pinius)
2224 2892 2285 2945 de
2330 2890 2609 2963 depeindre
2638 2890 2686 2946 le
2725 2893 2981 2945 caraetere
3006 2894 3069 2946 de
3095 2897 3231 2947 saint
3272 2894 3575 2961 Gaudence,

1971 3001 2034 3037 on
2064 2983 2113 3037 le
2140 2982 2347 3038 commit
2378 2998 2519 3039 asses
2541 2985 2690 3051 apt-es
2717 2998 2771 3037 re
2796 2998 2890 3055 que
2910 3002 3041 3039 nous
3062 3002 3129 3039 en
3151 3004 3307 3041 arvus
3335 2990 3430 3042 dit.
3464 2992 3573 3044 Son

1968 3074 2101 3146 style
2131 3084 2202 3129 est
2248 3076 2429 3147 simple
2461 3080 2504 3128 et
2530 3075 2753 3145 neglige,
2784 3076 2824 3128 il
2846 3080 2917 3129 est
2946 3078 3085 3144 plein
3108 3077 3441 3147 d’allégories
3469 3078 3578 3146 for-

1970 3169 2097 3236 cées,
2124 3166 2185 3220 de
2203 3166 2434 3238 lpeusées
2458 3168 2910 3235 extraortlinuirrs,
2945 3168 3253 3222 d’allusions
3294 3169 3573 3241 éloignées.

253 3263 414 3329 atlas,
437 3278 501 3316 ac
530 3261 1096 3331 salebrascompellat,
1122 3269 1177 3316 et
1201 3261 1552 3316 alienissimis
1575 3262 1861 3316 sententiis
1887 3249 1935 3313 Ο
1971 3259 2064 3315 Ses
2095 3275 2325 3313 sermons
2352 3267 2467 3313 sont
2490 3277 2618 3325 secs,
2639 3260 2857 3326 steriles,
2888 3260 2954 3313 ils
2981 3263 3280 3314 instruisent
3318 3262 3571 3332 tres-pen,

257 3370 374 3412 rem
418 3355 750 3426 propositam
793 3356 1069 3423 BXpllcal‘t:
1112 3362 1314 3425 cogat:
1350 3353 1447 3409 sed
1491 3353 1727 3409 fortasse
1760 3355 1860 3409 bn-

254 3450 496 3520 jusmodi
537 3452 715 3504 oratio
762 3448 963 3519 papula
1006 3448 1162 3503 Valde
1192 3448 1459 3517 placebat,
1492 3450 1582 3520 qui
1616 3451 1859 3518 plerum—

258 3556 366 3616 que
406 3558 513 3599 non
556 3550 664 3598 tam
694 3550 916 3614 gravem
942 3558 1005 3597 ac
1035 3542 1331 3608 disertum,
1365 3558 1522 3612 quam
1568 3541 1864 3596 admirabi-

256 3637 365 3693 lem
398 3646 455 3693 et
480 3646 696 3694 acutum
724 3646 993 3693 oratorem
1028 3639 1239 3707 quierit.
1268 3637 1394 3692 lateo
1420 3637 1623 3708 antiqui
1647 3636 1860 3705 Patres,

258 3732 352 3803 qui
393 3730 668 3787 debitores
709 3746 768 3785 se
811 3745 931 3787 esse
971 3730 1329 3800 sapientibus,
1363 3737 1417 3785 et
1448 3730 1859 3800 insipientibus,

258 3841 358 3897 pro
398 3822 685 3881 charitatis
737 3824 855 3895 lege
890 3824 1121 3889 scirent,
1169 3836 1233 3880 eo
1271 3824 1485 3881 dicendi
1513 3841 1716 3897 genere
1745 3834 1861 3881 ute-

256 3918 455 3977 bttntur
482 3917 628 3987 quod
660 3916 819 3988 plane
850 3925 1210 3988 agnoscerent
1236 3916 1299 3971 ad
1330 3918 1697 3985 alliciendnm,
1726 3932 1859 3973 con—

260 4012 655 4081 tinendumque
699 4010 960 4081 populum
996 4057 1009 4080 ,
1056 4013 1233 4082 aptius
1278 4024 1395 4067 esse
1448 4019 1610 4081 atque
1649 4010 1857 4064 utilius.

259 4104 370 4160 Nec
410 4106 609 4174 alioqui
642 4102 929 4161 Gattdeutii
974 4104 1261 4174 allegorias
1307 4104 1590 4158 inusitatas
1614 4105 1859 4169 omnino,

261 4207 353 4255 aut
378 4198 650 4254 inauditas
670 4197 935 4267 Dupinius
964 4198 1192 4263 dixerit;
1220 4212 1367 4266 nam,
1403 4209 1457 4252 ut
1480 4200 1611 4253 alias
1634 4207 1862 4268 praeter-

262 4303 413 4362 eam,
446 4293 721 4347 sententia
751 4290 845 4346 illa
876 4307 981 4362 qua
1012 4291 1203 4357 docet,
1239 4307 1358 4361 qua:
1391 4304 1457 4347 ex
1484 4305 1626 4361 agno
1672 4304 1863 4359 super-

263 4382 476 4439 fuerant
495 4384 619 4438 idco
638 4383 1011 4440 comburenda
1027 4384 1213 4449 fuisse,
1239 4393 1297 4438 ut
1314 4383 1744 4453 intelligeremus
1759 4380 1858 4452 (ε),

262 4476 305 4531 si
333 4492 435 4547 qua
478 4476 844 4547 mysteriorum
874 4480 1267 4547 superaverint,
1320 4490 1435 4547 ante
1478 4490 1661 4547 capere
1706 4475 1861 4529 modo

262 4584 365 4625 non
408 4586 715 4643 possumus,
774 4572 881 4624 htec
918 4572 1025 4643 igni
1060 4572 1337 4627 cremanda
1377 4582 1519 4637 €356,
1561 4572 1617 4624 id
1658 4579 1731 4624 est
1776 4560 1860 4621 di-

1967 3362 2015 3408 et
2040 3368 2099 3407 tte
2120 3354 2359 3407 touchent
2390 3354 2534 3424 point
2564 3354 2635 3405 du
2659 3362 2787 3407 tout.
2820 3352 2976 3423 Enﬁn
2997 3355 3061 3407 ils
3086 3355 3222 3408 n'ont
3259 3357 3311 3407 ni
3339 3357 3388 3409 la
3412 3360 3571 3423 force,

1968 3447 2022 3500 iii
2051 3446 2383 3518 l‘éloqueuce,
2412 3447 2467 3499 ni
2500 3447 2550 3499 la
2581 3444 2777 3510 betmté,
2804 3448 2855 3497 ui
2880 3447 3205 3500 l‘exactitnde
3226 3448 3314 3501 des
3336 3449 3578 3519 pr‘édiea-

1967 3541 2099 3593 tions
2123 3539 2212 3593 des
2234 3550 2444 3593 autears
2479 3536 2639 3593 Grec:
2669 3538 2795 3593 dout
2817 3550 2947 3593 nous
2968 3555 3155 3594 venous
3184 3542 3246 3594 de
3272 3539 3463 3609 prtrler.
3500 3544 3573 3595 Ita

1966 3635 2231 3705 Dupinius
2263 3634 2332 3690 de
2358 3633 2691 3699 Gaudentio,
2721 3646 2780 3689 et
2817 3636 3061 3705 qttldcm,
3099 3636 3150 3688 ni
3174 3636 3355 3700 fallor,
3386 3651 3573 3703 parum

1964 3728 2223 3800 benigne.
2268 3728 2337 3784 Ut
2367 3740 2499 3784 vero
2538 3732 2726 3799 aperto
2757 3736 3049 3799 cognoscat
3093 3729 3267 3785 lector
3296 3742 3461 3799 quam
3496 3732 3578 3784 iu-

1962 3821 2108 3891 jnste
2135 3835 2198 3875 ac
2231 3835 2514 3890 perperam
2544 3836 2666 3874 eum
2693 3822 3093 3890 reprehendat,
3122 3832 3434 3892 unautaqne
3459 3823 3577 3878 lue-

1966 3918 2038 3968 rit
2066 3914 2375 3970 Gaudentio
2407 3914 2651 3979 ubertas,
2680 3913 2954 3981 doctrina,
2974 3924 3041 3969 ac
3068 3915 3286 3969 dicendi
3311 3917 3412 3979 vis,
3440 3918 3574 3971 ηιίίιί

1967 4010 2322 4061 constitutum
2354 4014 2457 4073 est,
2492 4008 2753 4061 nonnulla
2785 4008 2872 4061 hic
2908 4008 3419 4063 Gmtdeutianorum
3450 4024 3573 4063 ser-

1966 4108 2189 4154 monum
2219 4100 2517 4170 Speeimina
2544 4095 2766 4165 afferre,
2786 4112 2855 4153 ex
2883 4102 3084 4169 quibus
3116 4100 3277 4155 facile
3313 4103 3580 4171 intelligat

1968 4194 2222 4262 quisque,
2254 4189 2525 4261 quodnam
2574 4190 2737 4245 fuerit
2774 4204 2949 4260 genus
2982 4192 3122 4245 istud
3166 4193 3433 4246 orationis
3466 4204 3575 4248 tam

1968 4288 2169 4341 acriter
2197 4302 2223 4341 a
2261 4288 2492 4356 Dupittio
2524 4288 2938 4357 reprehensum.
2978 4285 3341 4350 Gaudentius,
3388 4286 3572 4340 Trat't.

1970 4382 2025 4449 1,
2055 4380 2395 4437 Christianos
2421 4380 2628 4436 inducis
2658 4394 2722 4434 ac
2754 4374 3064 4436 Gentilibus
3090 4390 3439 4447 comparans,
3459 4378 3575 4433 haec

1970 4478 2134 4536 habet
2166 4497 2176 4531 :
2211 4477 2274 4530 Et
2297 4478 2447 4532 modo
2470 4476 2625 4546 auide
2646 4494 2672 4527 .‘l
2698 4477 2765 4530 ad
2794 4472 3235 4542 comparationem
3274 4469 3578 4526 Jadtt‘orum

1970 4551 2454 4643 atque'Centilium,
2489 4572 2577 4642 qui
2614 4571 2663 4623 in
2706 4569 2968 4643 profunda
3008 4578 3155 4621 nocte
3200 4567 3583 4622 incredulitatis

261 4666 380 4720 riuo
416 4664 671 4719 tradenda
701 4666 949 4736 Spiritui,
988 4678 1041 4721 ut
1067 4674 1127 4722 ea
1153 4674 1373 4739 quorum
1410 4666 1667 4718 rationem
1710 4658 1863 4716 modo
1893 4644 1945 4705 D
1973 4667 2190 4721 demersi
2223 4673 2523 4729 noscuntur,
2546 4672 2593 4717 et
2628 4662 2695 4715 ad
2725 4674 2902 4717 eorum
2938 4659 3375 4726 enumerationem
3406 4659 3493 4731 qui
3526 4660 3580 4711 in

262 4772 363 4812 non
390 4759 644 4832 capimus,
670 4760 900 4814 ardentis
929 4760 1055 4828 ﬁdei
1086 4760 1275 4831 spiritu
1306 4766 1719 4823 consumantur;
1750 4755 1866 4812 lucc

264 4851 451 4905 eadem
498 4850 745 4921 Gregorii
777 4852 950 4921 Magni
988 4854 1108 4917 fuit,
1156 4858 1300 4906 hom.
1335 4848 1407 4904 ἓξ.
1436 4853 1486 4904 in
1525 4850 1815 4919 Evangelia
1852 4866 1863 4904 :

266 4941 419 5007 Quod
444 4958 508 4997 ex
532 4957 665 5016 agno
695 4952 950 5011 remanet,
982 4945 1101 5019 igne
1130 4945 1504 5009 comburimus,
1532 4948 1738 5015 quando
1772 4945 1869 4997 hoc

262 5036 399 5103 quod
426 5034 492 5087 de
520 5036 764 5105 mysterio
792 5038 902 5106 ejus
933 5047 1205 5104 penetrare
1251 5049 1351 5090 non
1386 5052 1687 5108 possumus,
1720 5045 1865 5107 pote-

262 5127 573 5180 statisancti
605 5125 834 5198 Spiritus
856 5126 1127 5182 humiliter
1148 5145 1484 5183 reservamus.
1524 5127 1649 5183 Htec
1678 5129 1867 5182 eadem

262 5217 495 5274 habetur
523 5219 665 5290 apud
695 5221 996 5276 Arnoltlum
1032 5222 1290 5277 Abbatem
1333 5218 1656 5277 Boomvallis
1684 5220 1867 5276 Tract.

263 5310 335 5367 de
362 5311 571 5367 ultimis
598 5314 782 5368 verbis
812 5313 1022 5369 Domini
1059 5330 1072 5369 :
1108 5316 1239 5368 Ossa
1270 5314 1437 5384 (agni)
1468 5319 1585 5385 igne
1616 5314 1872 5368 comburi-

265 5419 401 5470 mus,
432 5407 558 5476 quia
601 5416 928 5461 sacramenta
964 5409 1172 5479 quidem
1204 5412 1338 5477 (ante
1373 5408 1520 5477 quasi
1548 5407 1739 5460 divina:
1770 5408 1871 5460 vir-

341 5582 421 5650 (ιι)
462 5580 643 5637 Serm.
670 5582 761 5644 44,
790 5584 857 5639 tle
884 5586 1035 5640 verb.
1068 5587 1253 5647 Dont.,
1282 5593 1416 5653 post
1447 5583 1569 5637 inlt.

346 5653 424 5723 (lt)
454 5653 679 5708 Cuttfer.
715 5660 964 5725 August.,
995 5674 1065 5711 xv
1096 5659 1160 5709 tle
1192 5658 1338 5721 Uita,
1371 5670 1421 5709 c.
1455 5657 1546 5709 97.

347 5730 421 5791 (ε)
451 5725 626 5798 Gautl.
662 5735 798 5780 tt'at-l,
854 5730 910 5792 “2,
944 5745 1064 5798 pag.
1100 5727 1189 5783 40.

354 5798 434 5868 (d)
467 5796 625 5864 Apud
661 5798 956 5862 Mabillon.,
993 5796 1124 5853 tom.
1150 5813 1207 5853 tv
1229 5798 1651 5868 Analect.,pag.
1682 5796 1810 5853 584.

362 5865 438 5938 (e)
471 5868 572 5932 Qui
606 5868 1052 5942 s’imaginerait...’

1968 4759 2228 4813 hiet-mean
2274 4756 2498 4830 caligine
2542 4773 2601 4809 ac
2643 4764 2790 4810 nocte
2830 4753 3053 4809 lnxuriw
3096 4754 3448 4817 demarantur,
3487 4771 3586 4807 nos

1970 4849 2085 4901 vide
2110 4884 2113 4885 ν
2140 4863 2203 4901 ur
2222 4848 2580 4921 ινεςςιυ,‹τιγ›1ηηε
2602 4864 2777 4903 sunms
2802 4850 2851 4902 in
2870 4847 2985 4901 lure
3005 4862 3023 4902 :
3044 4849 3135 4901 sed
3154 4848 3257 4916 ipsi
3278 4848 3385 4901 dies
3416 4848 3585 4903 nostri

1971 4943 2276 5012 quibusdam
2309 4942 2506 4997 nebulis
2538 4950 2916 5013 prmteruutur,
2944 4948 2989 4995 et
3033 4956 3134 4995 non
3175 4942 3358 4995 habent
3388 4943 3583 4995 sereni-

1973 5037 2092 5088 tatis
2117 5036 2368 5098 ltt’tiliam,
2404 5035 2601 5087 dicente
2624 5030 2887 5104 Propheta
2915 5050 2932 5087 :
2969 5030 3086 5087 Dies
3110 5035 3207 5088 mei
3241 5035 3371 5088 sicut
3400 5032 3583 5086 umbra

1975 5127 2380 5182 declinaret-mit.
2428 5128 2614 5181 Tract.
2665 5124 2722 5189 4,
2754 5128 3056 5196 neopbytos
3104 5128 3410 5192 alloquens,
3466 5123 3574 5177 sit:

1986 5220 2085 5277 Var;
2118 5224 2292 5293 igitur,
2330 5220 2599 5291 nemiliyti,
2620 5220 2706 5288 qui
2737 5221 2854 5273 estis
2882 5221 2947 5272 ad
2985 5219 3145 5274 beata?
3175 5220 3334 5277 huius
3366 5234 3426 5272 ac
3472 5218 3580 5282 spi-

1973 5315 2177 5368 ritualis
2202 5314 2407 5383 pascha:
2422 5314 2604 5384 epulas
2636 5312 2857 5374 inritati,
2884 5311 3048 5365 videte
3074 5320 3328 5377 quomodo
3358 5309 3419 5361 ab
3438 5308 3584 5360 omni

1974 5407 2263 5480 pollutione
2294 5422 2527 5458 escarum
2577 5420 2703 5474 quas
2748 5404 3041 5475 superstitio
3074 5404 3279 5474 gentilis
3324 5402 3585 5469 infecerit,

2053 5583 2126 5655 (Γ)
2160 5581 2405 5638 Habetur
2454 5582 2574 5637 hoc
2620 5583 2810 5639 eadem
2864 5584 3131 5638 sententia
3187 5583 3327 5651 apud
3358 5583 3589 5652 Eligium

1984 5656 2437 5720 Noviomensent,
2483 5660 2629 5709 llml].
2690 5657 2775 5723 15.
2820 5670 3063 5723 quantus
3094 5655 3165 5708 ibi
3209 5671 3311 5708 non
3345 5655 3600 5717 limantur

2107 5725 2340 5851 residuis
2400 5730 2519 5799 agni
2572 5722 2885 5800 paschaliS,
2932 5725 3024 5780 sed
3076 5726 3143 5780 de
3202 5727 3319 5796 ipso
3364 5741 3605 5797 corpore

2056 5815 2149 5852 II‘IS
2184 5814 2215 5850 I.
