4070 6346
541 295 649 353 815

1471 289 1527 343 S.
1569 280 2019 345 GAUDENTIUS
2059 280 2439 342 EPISCOPUS
2480 281 2876 343 BBIXIANUS.

3742 283 3831 344 8l8

535 418 728 464 vestras
767 408 969 460 animas
999 405 1323 459 conservetis.
1354 401 1576 462 Deinde,
1609 399 1887 454 nmmullis
1911 399 2137 467 interje-
2162 400 2211 460 Α
2242 399 2336 454 bus
2361 417 2423 452 ac
2449 401 2693 455 modestis
2719 411 2908 456 terram
2949 373 3185 456 sanctam
3237 399 3500 474 possidere
3523 404 3641 476 jam
3681 418 3828 473 cape-

535 503 639 558 ctis
674 519 687 555 :
719 501 950 565 Servate,
979 499 1240 572 neaphyti,
1264 505 1618 550 ornamentum
1647 496 1829 568 gratia:
1848 493 2095 547 salutaris
2121 506 2139 546 :

531 596 692 650 sobrii
718 603 874 649 estote
899 612 989 667 per
1010 594 1203 661 omnia,
1228 609 1289 646 ne
1308 590 1443 644 illud
1468 588 1706 642 inebriati
1736 588 1966 657 perdatis
1990 602 2006 638 :
2033 585 2138 639 sol-

529 689 659 743 liciti
679 688 939 740 convenite
955 686 1023 740 ad
1043 685 1306 739 ecclesiam
1333 681 1708 748 :orationibus,
1724 678 1952 750 hymnis,
1991 678 2136 749 psal-

529 782 627 835 mis
662 789 709 834 et
734 779 940 832 canticis
960 775 1320 847 spiritualibus
1343 773 1608 827 nobiscum
1635 769 1908 843 vigilanter
1936 771 2139 823 incum-

529 875 652 929 bite.
693 872 818 927 Παῖς
851 873 953 927 sint
986 871 1077 924 otii
1107 870 1258 923 vestri
1307 865 1702 940 Opera;quibns
1744 865 1973 919 debitum
2021 864 2137 918 red-

529 967 705 1021 denles
727 964 928 1019 Christo
951 962 1174 1016 Domino
1193 963 1526 1035 famulatum,
1543 958 1827 1014 mercedem
1852 959 1969 1012 vita:
1987 965 2137 1011 teter-

527 1077 610 1114 nte
631 1059 871 1128 consequi
897 1058 960 1110 ab
994 1057 1105 1128 ipso
1125 1055 1356 1127 possitis.
1389 1053 1508 1108 Sint
1530 1053 1691 1124 igitur
1720 1051 1947 1104 convivia
1970 1058 2135 1104 vestra

524 1152 720 1220 sobria,
747 1160 889 1204 casta
934 1146 1163 1202 cubilia:
1193 1149 1256 1202 sit
1287 1146 1550 1200 modestus
1581 1145 1807 1213 animus,
1831 1160 1997 1198 sermo
2021 1143 2136 1213 pla-

523 1245 694 1308 sidus,
737 1243 874 1296 mitis
921 1244 1172 1296 incessus.
1229 1240 1468 1294 lloecine
1516 1238 1649 1292 illud
1700 1247 1784 1292 est
1811 1238 2049 1301 aridum,
2082 1243 2136 1291 et

521 1337 685 1391 inane
717 1334 930 1390 dicendi
975 1349 1167 1404 genus,
1212 1331 1475 1388 doctrina:
1505 1345 1732 1400 prorsus
1759 1342 1922 1399 atque
1966 1343 2134 1384 orna-

519 1429 693 1485 menti
732 1429 900 1482 totius
947 1441 1156 1494 expers
1196 1425 1309 1495 (a)?
1336 1424 1522 1479 Tract.
1552 1425 1604 1487 7,
1637 1433 1698 1476 ut
1720 1422 1895 1492 legem
1925 1421 1994 1475 de
2025 1435 2132 1476 non

519 1520 862 1577 comedeudo
913 1518 1241 1573 fermentata
1294 1532 1325 1571 a
1375 1516 1610 1572 srevitia:
1639 1524 1790 1580 nota,
1822 1516 1892 1567 ob
1939 1513 2133 1567 mortis

521 1629 737 1682 poenam
787 1611 1234 1667 inobedientibus
1265 1609 1627 1679 prapositatn,
1658 1615 1920 1661 excuset:
1949 1605 2132 1675 Sifer-

520 1717 806 1763 mentatum
834 1706 948 1774 ﬁeri
963 1707 1223 1776 jussisset,
1242 1704 1436 1770 inquit,
1462 1702 1733 1775 diligentia
1762 1701 1871 1754 illic
1897 1717 2130 1755 necessa-

2242 491 2367 546 rint.
2396 492 2460 546 Et
2485 502 2642 547 tract.
2686 493 2759 557 ὅ,
2792 493 3274 547 animadvertenda
3313 495 3549 548 maxime
3591 504 3677 549 est
3723 509 3830 562 pars

2243 586 2334 640 illa
2367 601 2487 656 qua:
2538 586 2772 656 incipit:
2825 585 2936 640 Nec
2972 587 3109 641 illud
3157 588 3380 641 otiosum
3411 596 3593 661 putes;
3628 588 3714 641 ubi
3739 598 3828 644 tam

2242 679 2550 735 luculenter
2579 679 2820 749 disputat
2859 680 2926 736 de
2966 680 3221 736 libertate
3259 682 3470 737 arbitrii
3501 723 3516 746 ,
3548 690 3610 735 ut
3628 682 3831 752 elegan-

2241 771 2347 825 tius
2387 772 2522 824 nihil
2587 782 2680 826 aut
2731 771 2944 826 doctius
2993 773 3112 828 ﬁeri
3167 775 3365 842 possit.
3409 772 3468 827 In
3523 773 3832 830 Prtelatione

2239 878 2420 918 autem
2445 873 2591 918 totus
2623 865 2712 918 ille
2744 864 2896 919 locus
2935 864 3008 937 (c)
3039 882 3051 919 :
3089 864 3440 921 Pietatisvero
3461 867 3688 920 cultores
3711 867 3833 938 quod

2238 955 2501 1010 interdum
2527 956 2604 1010 vel
2623 957 2858 1026 corporis
2888 957 3178 1022 doloribus,
3210 959 3289 1013 vel
3308 960 3466 1013 variis
3499 959 3832 1014 tribulationi-

2241 1047 2334 1103 bus
2376 1049 2723 1119 afflictantur,
2759 1050 2951 1121 triplex
2989 1066 3101 1104 esse
3151 1052 3284 1106 ratio
3331 1051 3600 1105 invenitur
3629 1069 3648 1106 :
3677 1053 3832 1122 prium

2237 1142 2592 1207 correctionis,
2620 1143 2845 1196 secunda
2879 1143 3228 1216 purgationis,
3283 1145 3435 1198 tertia
3482 1144 3832 1216 probationis:

2237 1232 2379 1288 adeo
2421 1233 2740 1304 eloquenter
2775 1249 2839 1289 ac
2869 1234 3032 1290 docte
3071 1235 3397 1304 explanatus
3427 1245 3558 1300 est,
3590 1247 3648 1289 ut
3686 1236 3833 1305 plane

2238 1327 2291 1381 in
2320 1341 2386 1380 eo
2411 1341 2639 1396 regnare
2671 1325 3013 1383 Gaudentius
3042 1369 3056 1394 ,
3100 1338 3261 1398 atque
3305 1328 3457 1382 omni
3491 1326 3654 1382 laude
3689 1343 3833 1398 supe-

2236 1416 2351 1473 rior
2370 1433 2492 1473 esse
2509 1418 2780 1475 videatur.
2801 1419 2895 1474 Sic
2912 1419 3076 1490 paulo
3101 1420 3238 1474 intra
3265 1419 3322 1488 (d
3335 1427 3376 1491 ):
3396 1419 3732 1474 Probationis
3749 1422 3833 1493 igi-

2235 1521 2319 1565 tur
2349 1513 2521 1582 gratia
2548 1514 2798 1584 mirificus
2840 1512 2963 1579 Job,
2988 1513 3113 1570 Jobi
3142 1513 3430 1568 historiam
3471 1514 3728 1584 pluribus
3754 1530 3830 1569 re-

2235 1621 2356 1660 rum
2384 1652 2398 1675 ,
2432 1622 2495 1662 ac
2522 1607 2815 1662 verborum
2837 1610 3178 1664 ornamentis
3202 1608 3469 1664 describit
3497 1624 3512 1673 ;
3537 1623 3710 1679 quare
3735 1606 3834 1662 nul-

2234 1699 2318 1754 lus
2347 1703 2573 1756 omnino
2597 1717 2720 1758 eSse
2747 1712 2929 1772 potest
2953 1713 3061 1756 tam
3103 1717 3287 1758 crassa
3317 1702 3560 1757 Minerva
3589 1745 3604 1768 ,
3629 1711 3832 1772 tamque

515 1803 598 1856 ria
641 1805 832 1873 fuerat,
857 1817 920 1854 ne
973 1799 1167 1852 deesset
1198 1814 1214 1850 :
1248 1797 1386 1868 quod
1412 1797 1603 1866 jussit,
1633 1794 1844 1849 desidite
1897 1803 1993 1862 est,
2022 1810 2126 1847 non
2159 1797 2201 1856 Β
2231 1793 2412 1849 hebeti
2441 1809 2639 1861 sensu,
2668 1797 2714 1851 si
2747 1813 2910 1852 unum
2940 1797 3186 1868 excipias
3215 1797 3511 1866 Dupinium
3538 1838 3554 1864 ,
3587 1799 3678 1868 qui
3703 1796 3832 1854 Gau-

517 1895 731 1950 laboris.
769 1891 1151 1963 Negligentiam
1173 1889 1345 1962 jubet,
1391 1897 1443 1942 ut
1471 1889 1812 1943 obedientiam
1845 1887 2053 1959 probet;
2079 1896 2124 1941 et

519 2005 622 2042 non
651 1989 724 2041 vis
756 1997 809 2040 ut
839 1988 1046 2040 damnet
1083 1983 1231 2038 illam
1252 1985 1478 2037 animum
1502 1997 1617 2053 qua:
1636 1981 1959 2053 diligentiam
1986 1997 2126 2033 com-

516 2083 802 2138 modaverit
860 2091 914 2134 ut
967 2082 1298 2135 contemnat?
1327 2079 1507 2134 Tract.
1545 2080 1630 2143 ll,
1666 2080 1944 2147 explicans
1993 2075 2123 2130 illud

514 2177 712 2233 Joann.
741 2190 838 2246 vn,
864 2172 1046 2228 Nolite
1082 2173 1366 2227 secundum
1410 2173 1592 2241 faciem
1619 2171 1876 2239 judicare,
1907 2170 1986 2224 sic
2013 2169 2126 2223 dis-

515 2273 650 2328 serit
683 2289 696 2325 :
723 2268 987 2324 Generalis
1033 2270 1134 2322 ista
1161 2267 1414 2322 sententia
1444 2275 1540 2329 est,
1565 2265 1844 2319 retinenda:
1867 2264 2124 2335 atquitatis

513 2365 784 2436 magistra,
812 2364 1046 2416 omnibus
1072 2367 1262 2434 posita,
1297 2359 1470 2412 multis
1508 2367 1652 2424 nota,
1685 2359 1864 2429 paucis
1913 2358 2120 2411 dilecta.

516 2457 832 2528 Prtecipitur
856 2457 990 2508 enim
1021 2471 1084 2508 ne
1107 2454 1263 2523 hujus
1289 2451 1465 2506 surculi
1494 2450 1708 2503 divitum
1741 2450 1968 2519 personis
1991 2449 2124 2500 adu-

511 2554 696 2619 lantes,
729 2549 1054 2617 iniquissimo
1088 2546 1296 2619 judicio
1327 2547 1589 2616 faveamus
1618 2543 1934 2608 incredulis;
1957 2551 2003 2595 et
2026 2543 2122 2595 im-

510 2649 647 2719 pios,
681 2645 933 2710 crudeles,
952 2656 1188 2715 rapaces,
1217 2640 1535 2703 luxuriosos,
1559 2637 1875 2701 inhonestos,
1902 2652 2004 2688 non
2031 2651 2120 2688 so-

510 2741 621 2794 lum
637 2737 821 2792 timido
848 2735 1051 2789 silentio
1079 2733 1388 2791 nutriantus,
1411 2747 1587 2784 verum
1609 2731 1764 2783 etiam
1787 2727 1925 2781 omni
1951 2743 2121 2798 repre-

511 2830 761 2885 hensione
808 2828 1018 2900 dignos,
1048 2825 1262 2895 injustis
1309 2823 1552 2877 laudibus
1602 2821 1939 2892 pradicemus
1971 2835 1988 2872 :
2017 2817 2115 2886 vel,

511 2924 652 2997 quod
679 2933 757 2979 est
805 2923 943 2976 omni
984 2921 1212 2992 foeditate
1260 2919 1570 2990 deformius,
1597 2919 1774 2989 turpia
1802 2914 1951 2969 lucra
1988 2931 2117 2986 cap-

511 3027 702 3083 tantes,
735 3017 923 3070 aliena:
949 3016 1185 3083 pecunia:
1212 3011 1510 3067 notabiliter
1533 3012 1836 3074 serviamus,
1869 3010 2116 3064 christia—

512 3127 592 3164 me
619 3108 871 3163 libertatis
904 3108 1071 3162 obliti.
1108 3106 1246 3161 Num
1298 3121 1432 3160 sane
1461 3105 1746 3161 Gattdentii
1794 3103 1967 3157 oratiu
1999 3119 2117 3157 0m-

2229 1887 2506 1942 dentiame
2531 1891 2798 1945 orationis
2825 1891 3218 1961 eloquentiam,
3243 1899 3303 1947 et
3328 1892 3441 1946 vim
3471 1905 3579 1946 n0n
3612 1891 3827 1946 sentiat.

2227 1978 2339 2036 Sed
2366 1982 2566 2036 frustra
2600 1985 2702 2036 sim
2738 1985 3012 2052 proiecto,
3041 1985 3086 2038 si
3119 1984 3302 2040 omnia
3337 1999 3636 2040 recensere
3655 1985 3829 2050 velim;

2227 2087 2328 2127 nec
2354 2088 2487 2129 sane
2534 2073 2877 2130 Gaudentius
2919 2077 3169 2147 longiore
3211 2077 3418 2148 indiget
3473 2077 3827 2147 defensione,

2226 2167 2370 2238 apud
2416 2183 2513 2223 eos
2563 2172 2802 2226 maxime
2849 2170 3046 2238 quibus
3074 2170 3755 2229 Gaudentianisermones
3779 2172 3829 2228 in

2226 2261 2479 2315 manibus
2500 2271 2647 2317 sunt.
2677 2263 2861 2332 Itaque
2879 2262 2945 2316 ad
2972 2265 3072 2318 hos
3096 2263 3359 2320 lectorem
3389 2266 3634 2334 remitto,
3667 2276 3746 2332 ut,
3768 2267 3828 2321 iis

2227 2354 2564 2422 pervolutis,
2625 2356 2693 2410 de
2758 2355 3064 2424 Dupiniana
3140 2356 3630 2427 reprehensione,
3688 2356 3824 2428 quod

2225 2460 2440 2520 mquum
2471 2448 2769 2516 videbitur,
2796 2448 3027 2520 iudicet.

2226 2603 2254 2674 ς
2295 2604 2382 2660 ill.
2429 2605 2506 2660 De
2537 2607 2752 2662 consilio
2799 2617 2846 2661 et
2875 2609 3056 2662 ordine
3085 2607 3330 2665 editionis
3381 2608 3656 2668 Patavina
3703 2610 3827 2667 anni

2941 2700 3102 2757 1720.

2290 2834 2378 2889 26.
2427 2835 2614 2891 Plures
2647 2836 2802 2893 fuere
2826 2847 2948 2907 post
2972 2823 3388 2910 typographiam
3424 2842 3704 2898 inventam
3731 2857 3820 2899 us-

2220 2941 2326 2996 que
2357 2928 2410 2982 in
2439 2927 2578 2984 hanc
2617 2929 2762 2984 diem
2803 2929 3102 2986 Gaudentii
3129 2934 3407 2990 editiones
3441 2977 3458 3003 ,
3483 2951 3714 3004 quarum
3745 2949 3820 2991 ta-

2219 3033 2342 3072 men
2376 3021 2518 3075 nulla
2549 3032 2800 3076 accurata
2827 3065 2842 3084 ,
2875 3035 2968 3077 aut
3011 3025 3220 3094 integra
3247 3065 3264 3092 ,
3300 3028 3566 3084 hactenus
3589 3030 3698 3086 dici
3728 3046 3821 3101 po-

2217 3112 2338 3164 tuit.
2371 3112 2876 3169 Gaudentianorum
2910 3131 3224 3170 sermonum
3272 3123 3556 3190 specimen
3605 3124 3820 3192 primus

511 3204 674 3257 uibus
717 3203 1057 3256 ornamentis
1088 3215 1152 3254 ac
1202 3197 1498 3252 luminibus
1553 3199 1740 3252 caret?
1787 3212 1854 3250 an
1909 3212 2042 3251 vero
2084 3212 2114 3250 e
2144 3179 2190 3242 Ο
2223 3203 2394 3258 edidit.
2426 3205 2576 3260 Elias
2599 3209 2922 3276 Capreolus,
2950 3209 3050 3264 lih.
3094 3226 3151 3265 ιιι
3181 3179 3324 3266 Hist:
3357 3213 3533 3283 Brix.,
3567 3179 3820 3285 excerpta

461 3327 465 3331 -
510 3305 697 3351 contra
730 3294 1044 3364 splendore,
1079 3306 1267 3354 succo,
1307 3292 1556 3344 ubertate
1590 3288 1898 3343 redundat?
1937 3290 2115 3358 Atque

511 3388 630 3444 lucc
668 3390 852 3441 omnia
900 3389 1066 3441 etiam
1115 3385 1348 3452 Dopinio
1399 3383 1560 3438 obvia
1603 3393 1785 3449 erant,
1820 3398 1887 3437 ex
1914 3382 2114 3451 quibus

513 3497 638 3536 cum
664 3479 955 3536 Gaudentii
988 3479 1320 3545 doctrinam,
1353 3487 1464 3531 tum
1495 3477 1862 3545 eloquentiam
1888 3516 1902 3540 ,
1949 3485 2004 3530 et
2030 3477 2115 3531 in—

509 3573 728 3644 genium
762 3574 1072 3640 perspicere
1114 3578 1357 3638 paterat,
1411 3567 1512 3622 nisi
1571 3583 1800 3637 pravum
1829 3569 2074 3622 animum
2099 3609 2113 3635 ,

514 3672 572 3718 et
598 3661 765 3716 infen-
783 3677 869 3715 um
889 3701 906 3727 ,
934 3661 1000 3716 ad
1026 3676 1150 3715 eum
1182 3658 1470 3727 legendum
1496 3659 1795 3712 attulisset.
1816 3658 2114 3714 Tillemon-

514 3760 619 3811 tius
651 3757 892 3826 quidem,
926 3757 1017 3824 qui
1050 3755 1142 3808 tali
1169 3756 1359 3807 morbo
1391 3753 1616 3807 minime
1657 3753 1977 3821 laborabat,
2007 3755 2112 3808 ali-

510 3861 598 3906 ter
623 3851 692 3904 de
717 3848 1027 3905 Gaudentio
1057 3848 1305 3911 censuit,
1337 3847 1494 3916 cujus
1536 3847 1701 3902 verba
1732 3887 1746 3912 ,
1790 3857 1848 3900 ut
1895 3847 2109 3902 Gallum

511 3943 667 4000 Gallo
713 3957 1017 4011 opponam,
1047 3941 1133 3995 hic
1167 3940 1398 3996 libenter
1436 3939 1689 3994 describo
1717 3939 1833 4011 (b):
1874 3939 2113 4009 Quoique

509 4056 603 4093 son
627 4037 758 4108 style
790 4034 1105 4106 (Gaudentii
1153 4035 1371 4105 nempe)
1421 4035 1656 4103 paruisse
1704 4051 1849 4088 assez
1891 4036 2110 4106 simple,

511 4132 816 4186 ne‘anmoins
862 4129 900 4182 il
947 4147 978 4182 a
1023 4129 1087 4183 de
1111 4129 1385 4197 l’élégancc
1406 4171 1420 4194 ,
1453 4139 1499 4184 et
1545 4129 1649 4183 l‘on
1677 4146 1711 4200 ε]
1737 4133 1838 4182 voit
1868 4146 1936 4182 un
1965 4129 2112 4202 genie

510 4227 615 4293 fort
637 4224 779 4276 dona:
799 4263 812 4285 ,
844 4232 890 4275 et
921 4239 981 4276 en
1030 4221 1188 4275 mente
1210 4233 1367 4293 temp:
1397 4223 1499 4291 fort
1526 4221 1782 4290 agréable.
1817 4219 1954 4274 Mais
1981 4237 2114 4292 pour

509 4318 557 4370 le
601 4317 727 4388 fond
755 4315 845 4369 des
875 4316 1073 4381 choses,
1107 4314 1158 4367 la
1190 4314 1422 4368 doctrine
1469 4326 1517 4368 et
1559 4314 1631 4368 les
1674 4314 2008 4368 instructions
2047 4330 2110 4367 en

511 4424 626 4465 sont
650 4409 976 4465 excellentes.

579 4502 671 4556 25.
708 4505 773 4555 At
827 4515 1115 4570 pergamus
1171 4501 1350 4554 adhuc
1399 4516 1692 4570 parumper
1745 4500 2106 4557 Gaudentium

2219 3309 2415 3364 nempe
2455 3299 2706 3352 sermonis
2734 3299 2797 3354 de
2843 3298 3138 3356 Philastrio
3168 3342 3184 3369 ,
3217 3304 3364 3358 circa
3405 3319 3614 3359 annum
3649 3308 3819 3374 l5L0,

2217 3395 2313 3440 aut
2343 3390 2508 3456 paulo
2532 3391 2784 3460 amplius.
2812 3392 3020 3448 Deinde
3041 3395 3184 3449 circa
3206 3411 3411 3451 annum
3438 3399 3580 3453 1554
3610 3440 3627 3464 ,
3653 3401 3819 3472 Aloy-

2217 3479 2332 3534 sius
2355 3479 2711 3552 Lipotnanus,
2729 3482 3063 3540 Veronensis
3095 3489 3387 3559 episcopus
3414 3532 3429 3558 ,
3462 3493 3697 3560 protulit
3716 3509 3820 3548 ser-

2217 3586 2420 3626 monem
2450 3575 2724 3644 integrum
2774 3576 2839 3628 de
2883 3574 3171 3632 Philastrio
3197 3622 3212 3646 ,
3245 3597 3538 3636 sermonem
3569 3584 3636 3638 de
3663 3584 3823 3639 Dedi-

2217 3668 2419 3719 catione
2443 3666 2674 3722 basiltctc
2693 3710 2708 3734 ,
2741 3668 2980 3740 itemque
3003 3685 3258 3742 excerpta
3289 3690 3355 3728 ex
3390 3673 3724 3750 Prtefatione
3750 3679 3818 3734 ad

2217 3754 2553 3827 Benivolum,
2601 3761 2652 3814 in
2683 3759 2824 3816 Vitis
2854 3762 2976 3828 SS.,
3008 3775 3139 3818 tom.
3178 3765 3243 3820 ιν
3276 3767 3542 3825 (ιάιιίοιιιε
3575 3771 3815 3842 Venetae,

2215 3850 2327 3918 ubi,
2359 3853 2536 3920 pag.l
2583 3863 2638 3909 et
2692 3869 2811 3924 pag.
2850 3856 2916 3911 15
2943 3899 2958 3922 ,
3001 3858 3177 3926 Opera
3223 3859 3521 3918 Gaudentii
3577 3868 3817 3924 nondum

2215 3959 2415 3999 excusa
2440 3945 2713 4002 dicuntur.
2745 3947 2952 4002 Prndiit
2976 3961 3164 4019 postea
3195 3956 3526 4022 annolb55,
3551 3959 3814 4028 Basilas,

2215 4038 2358 4106 apud
2390 4038 2678 4093 Ilenrieum
2728 4040 2947 4095 Petrum
2996 4042 3212 4098 duobus
3243 4045 3407 4101 tomis
3449 4066 3597 4118 oltus
3627 4053 3819 4110 inscri-

2215 4141 2365 4200 ptum
2393 4131 2923 4207 Orthodoxographa,
2956 4135 3053 4191 sed
3081 4138 3134 4190 in
3175 4153 3242 4193 eo
3282 4140 3505 4210 quidem
3529 4144 3820 4203 Gaudentii

2214 4235 2392 4278 exstat
2426 4226 2594 4291 nihil;
2628 4227 2680 4281 iu
2725 4229 2894 4282 altera
2921 4243 3051 4285 vero
3090 4230 3340 4301 ejusdem
3365 4239 3554 4307 operis
3585 4241 3815 4311 impres-

2213 4317 2373 4373 sione
2401 4362 2415 4386 ,
2447 4319 2628 4374 denuo
2663 4321 2713 4374 itt
2753 4321 2946 4377 eadem
2991 4325 3128 4378 urbe
3161 4326 3411 4395 pluribus
3442 4334 3620 4388 tomis
3661 4345 3816 4390 aucta

2214 4423 2360 4463 anno
2391 4411 2553 4478 1569,
2583 4412 2814 4477 tom.V|,
2844 4413 2936 4468 lol.
2965 4415 3126 4477 1799,
3158 4419 3427 4475 habentur
3447 4423 3817 4482 Gaudentiani

2215 4516 2504 4558 sermones
2531 4545 2546 4568 ,
2577 4503 2770 4559 eodem
2801 4505 2992 4560 ordine
3016 4548 3031 4572 ,
3078 4522 3142 4563 ac
3168 4525 3402 4567 numero
3426 4557 3441 4582 ,
3473 4533 3584 4584 quo
3615 4522 3815 4588 sa-pius

509 4595 722 4650 audire.
757 4593 926 4648 Nemo
949 4594 1091 4647 enim
1124 4593 1242 4661 ipso
1272 4601 1496 4648 strenue
1524 4595 1694 4664 magis
1728 4593 1845 4663 ejus
1887 4610 2105 4649 causam
2135 4562 2188 4624 Β
2216 4597 2432 4666 repetiti
2464 4606 2644 4665 postea
2675 4605 2802 4652 sunt
2826 4597 2881 4651 in
2916 4599 3270 4659 Bibliothecis
3313 4562 3443 4672 PP;
3471 4562 3644 4678 quare
3675 4562 3814 4670 lianc

507 4695 713 4741 tuetur.
745 4684 926 4738 Traet.
959 4685 1014 4751 5,
1040 4683 1106 4736 ad
1138 4683 1258 4746 lin.,
1291 4685 1359 4737 de
1385 4686 1736 4754 correptione
1767 4685 2108 4741 subditorum

507 4777 750 4848 loquitur
775 4777 827 4829 in
859 4775 1004 4830 hunc
1033 4776 1252 4828 modum
1284 4792 1296 4827 :
1336 4775 1489 4842 Quod
1517 4779 1562 4829 si
1587 4777 1740 4846 lupus
1778 4778 1976 4831 desinat
2005 4795 2111 4834 esse

511 4872 698 4940 lupus,
728 4878 774 4922 et
810 4883 928 4920 cum
959 4884 1094 4939 agno
1138 4877 1380 4936 pascatur
1402 4911 1416 4934 ,
1450 4879 1505 4922 ut
1535 4871 1610 4924 ait
1642 4869 1908 4942 l’rOpheta
1936 4889 1954 4937 ;
1985 4881 2034 4926 et
2064 4876 2109 4926 si

507 4966 588 5015 leo
608 5003 623 5024 ,
655 4959 891 5012 desinens
917 4976 1023 5012 esse
1050 4961 1129 5011 leo
1149 5001 1163 5025 ,
1196 4975 1312 5012 cum
1338 4958 1463 5014 bove
1486 4961 1762 5015 manducet
1793 4961 1992 5031 paleas;
2015 4966 2108 5017 ba-

501 5055 624 5108 culo
653 5068 782 5123 opus
805 5066 907 5104 non
936 5060 1027 5104 est.
1060 5050 1120 5105 Si
1147 5051 1281 5103 enim
1298 5051 1541 5121 feralium
1570 5070 1769 5107 morum
1796 5056 2026 5124 nequitia
2051 5057 2104 5110 in

503 5157 700 5202 tantum
729 5154 955 5197 vertatur
983 5145 1455 5214 mansuetudinem,
1479 5155 1532 5198 ut
1562 5163 1678 5199 cunt
1713 5148 1926 5200 oviculis
1956 5149 2107 5202 inno—

501 5241 752 5305 centibus,
798 5255 861 5291 ac
893 5239 1099 5293 mundis
1146 5236 1341 5291 Christi
1389 5241 1637 5311 Operarits
1658 5281 1672 5304 ,
1703 5241 1821 5293 vita:
1851 5239 2102 5310 pabulum

502 5336 648 5389 mites
673 5342 940 5403 quaarant,
974 5343 1023 5385 et
1056 5333 1264 5403 capiant
1290 5347 1310 5396 ;
1341 5332 1532 5386 dicitur
1559 5349 1591 5383 α
1635 5332 1838 5387 Christo
1884 5343 2096 5406 aposto-

499 5430 612 5483 licis
640 5428 922 5497 quib-nsque
947 5427 1297 5481 sacerdotibus
1323 5467 1338 5487 ,
1373 5436 1425 5478 ut
1455 5443 1616 5497 neque
1647 5427 1854 5482 buculos
1886 5446 2094 5501 correp-

499 5521 699 5575 tionum
727 5525 928 5586 portent
974 5518 1030 5569 in
1055 5516 1156 5582 via,
1191 5514 1400 5584 quando
1426 5516 1480 5568 in
1509 5515 1780 5586 discipulis
1811 5518 2094 5573 obedienti-

574 5651 650 5725 (a)
681 5651 805 5725 Son
825 5650 1055 5725 styleest
1083 5648 1267 5725 simple
1280 5658 1326 5699 et
1341 5648 1565 5725 neglige.
1598 5649 1696 5704 Ses
1717 5668 1948 5708 sermons
1972 5664 2093 5709 sont

495 5719 640 5786 secs,
662 5719 900 5786 steriles;
932 5719 998 5772 ils
1019 5719 1321 5772 instruisent
1347 5720 1446 5772 tres
1471 5719 1591 5788 pen.

569 5793 643 5868 (b)
675 5792 937 5847 Mo'moire
963 5805 1100 5860 pour
1121 5788 1300 5845 l’llist.
1331 5791 1483 5846 Eccl.
1516 5802 1649 5846 tom.
1686 5791 1757 5860 Χ,
1785 5809 1908 5866 pag.
1953 5797 2083 5852 εδδ.

512 5965 547 5988 κ-
561 5978 564 5980 .

2216 4691 2443 4756 primam
2460 4689 2624 4744 fuisse
2637 4690 3143 4750 Gaudeutianorum
3170 4714 3492 4759 sermonum
3516 4707 3814 4766 editionem

2213 4781 2344 4834 satis
2374 4782 2729 4852 probabiliter
2759 4795 2909 4853 puto.

2281 4874 2370 4927 27.
2402 4876 2728 4931 Prodierunt
2760 4877 3104 4946 postmodum
3133 4881 3297 4937 variae
3318 4883 3677 4947 Bibliotheca:
3707 4893 3809 4950 PP.

2212 4965 2480 5020 editiones
2509 5009 2523 5034 ,
2575 4978 2696 5036 post
2748 4970 2976 5037 primam
3025 4971 3393 5033 Parisiensem
3437 4996 3584 5039 anno
3617 4986 3814 5044 1576a

2215 5056 2516 5126 Margarinu
2544 5058 2763 5129 Bignaso
2795 5074 3162 5129 prOcuratam.
3192 5066 3248 5121 lu
3283 5069 3348 5125 iis
3374 5075 3632 5132 omnibus
3655 5093 3815 5134 excu-

2208 5164 2302 5203 sas
2327 5165 2544 5220 semper
2565 5152 3033 5223 estGaudentius;
3069 5160 3162 5214 sed
3193 5172 3250 5216 ut
3275 5162 3445 5220 latum
3476 5179 3564 5223 est
3593 5187 3816 5242 magna-

2208 5257 2326 5296 rum
2355 5244 2662 5312 ltnjusmodi
2691 5248 3070 5305 Collectionum
3100 5293 3114 5317 ,
3147 5257 3398 5312 scatebat
3429 5262 3630 5328 passim
3656 5281 3810 5320 men-

2205 5333 2294 5387 dis
2325 5350 2431 5389 non
2461 5337 2698 5392 minimis
2726 5379 2741 5403 ,
2766 5355 2888 5408 quae
2933 5343 3198 5400 medicam
3247 5364 3470 5408 manum
3513 5368 3808 5428 exspecta-

2205 5425 2333 5482 bant
2362 5445 2372 5481 τ
2399 5444 2462 5483 ac
2489 5443 2746 5498 pranerea
2780 5434 2994 5489 duobus
3025 5439 3378 5497 sermonibus
3400 5425 3646 5518 carebat,
3680 5453 3803 5522 qui,

2203 5532 2450 5577 extorres
2485 5522 2650 5591 facti,
2681 5525 2894 5597 longius
2941 5544 2970 5583 a
3015 5544 3242 5599 parente
3285 5550 3387 5592 suo
3427 5541 3805 5611 vagabantur;

2273 5655 2346 5728 (c)
2380 5659 2535 5713 Prwl'.
2567 5661 2636 5716 ad
2664 5660 2857 5719 Beniv.

2267 5729 2349 5799 (ά)
2382 5730 2610 5788 lbtdem.
