4070 6346
307 310 410 366 817

1495 311 1865 370 ΡΒᾹΕΛΤΙΟ
1905 314 1964 371 Ρ.
2009 314 2386 372 CALEARDI.

3508 324 3618 381 818

302 441 469 480 sermo
500 440 702 496 nempe
743 425 805 480 de
847 425 1006 480 Petro
1035 433 1080 480 et
1113 425 1317 494 Paulo,
1348 437 1396 480 et
1417 441 1588 480 sermo
1618 426 1683 481 de
1717 425 1839 481 Vita
1861 438 1909 483 et
1934 427 1992 489 Α
2013 427 2070 484 S.
2106 428 2270 485 Marci
2307 429 2606 486 Florentiae
2648 432 2821 502 prior.
2852 431 2990 488 Cum
3023 432 3144 488 istis
3171 444 3404 506 quatuor
3440 435 3616 494 Codd.

302 517 462 574 Obitu
493 518 628 574 beati
656 517 958 574 Philocli-ii.
985 517 1174 588 Itaque
1200 519 1430 574 omnino
1460 533 1646 589 operae
1671 522 1906 590 pretium

296 627 413 671 erat
439 630 641 671 nOVam
664 615 952 672 Gaudentii
983 615 1278 671 editionem
1315 614 1572 686 aggredi;
1607 629 1728 670 cum
1765 631 1906 685 pra:-

298 716 446 764 terea
477 747 493 773 ,
525 709 672 778 quod
693 710 861 764 sciam
888 749 904 775 ,
930 724 1228 776 numquam
1253 710 1482 762 seorsitn
1508 708 1684 762 editus
1708 707 1902 766 fuisset

291 810 456 871 atque
488 803 556 856 ad
601 804 848 873 ingentes
875 803 998 856 illas
1019 801 1373 859 Bibliotheca;
1405 802 1509 857 PP.
1543 803 1902 858 collectiones

292 894 610 950 tractandas
633 895 785 964 pauci
817 896 1108 950 admodum
1133 895 1461 951 accederent
1487 937 1502 962 ,
1533 912 1723 967 magna
1769 912 1900 966 ope-

292 986 366 1042 ris
391 990 538 1043 mole
567 987 839 1043 deterriti.
877 993 1008 1042 Itum
1038 1005 1104 1042 eo
1127 995 1178 1043 in
1201 990 1324 1044 loco
1354 1007 1442 1045 res
1463 998 1630 1052 esset,
1663 1004 1726 1044 ac
1757 989 1897 1044 male

291 1094 321 1135 a
348 1082 705 1153 typographis
739 1082 1224 1152 act‘-eptosj.-u:eret
1248 1098 1387 1153 pene
1411 1086 1464 1136 in
1495 1084 1737 1137 tenebris
1759 1082 1898 1138 Gau-

289 1171 510 1228 dentius
541 1185 761 1243 noster,
793 1175 990 1230 accidit
1023 1189 1444 1244 percpportune,
1475 1185 1675 1244 atque,
1718 1185 1778 1229 ut
1821 1177 1892 1230 ita

285 1264 463 1320 dicam
490 1307 506 1331 ,
541 1281 668 1321 cum
720 1267 879 1321 benis
917 1266 1192 1322 ominibus
1217 1311 1231 1335 ,
1279 1275 1337 1322 ut
1376 1282 1522 1321 anno
1565 1265 1704 1321 1714
1754 1283 1892 1337 pra:-

283 1361 661 1417 stantiSsitnus
683 1372 844 1433 atque
874 1363 1285 1418 immortalitate
1310 1361 1664 1434 digniSsintus
1688 1363 1889 1431 pnesul

276 1453 528 1532 Joannes
569 1455 893 1511 It‘ranciscus
937 1455 1269 1512 Barbadicus
1296 1498 1311 1520 ,
1361 1473 1389 1509 a
1424 1455 1734 1511 Veronensi
1766 1457 1887 1524 epi-

274 1558 501 1617 scopalu
535 1549 602 1603 ad
632 1548 942 1604 Brixiauutn
969 1559 1116 1604 esset
1142 1551 1463 1612 translatus,
1488 1551 1578 1621 qui
1607 1551 1789 1605 Statim
1817 1552 1886 1609 ab

273 1641 412 1696 inito
441 1644 709 1698 Brixianaa
737 1644 996 1698 Ecclesiae
1025 1645 1292 1714 regimine
1319 1685 1334 1710 ,
1359 1646 1650 1698 consilium
1683 1645 1884 1700 edendi

271 1733 572 1791 Gaudentii
604 1749 801 1803 sponte
840 1751 938 1792 sua
966 1738 1131 1805 cepit.
1157 1736 1328 1807 Hujus
1358 1739 1554 1792 summi
1603 1738 1705 1792 viri
1750 1752 1879 1809 erga

2011 522 2200 579 collati
2238 533 2363 579 sunt
2395 526 2606 595 priores
2635 526 3031 584 decemnovem
3079 527 3372 586 Gaudentii
3413 541 3614 589 tracta-

2012 621 2096 669 tus
2122 657 2136 680 ,
2176 618 2413 686 itemque
2447 618 2704 673 Praefatio
2747 619 2812 674 ad
2857 620 3221 690 Bcnivolum;
3265 624 3331 677 ad
3375 640 3610 693 quorum

2009 709 2215 778 pariter
2255 720 2580 766 tractatuum
2627 713 3073 770 emendationem
3120 717 3454 772 contulimus
3497 728 3612 773 tres

2005 803 2281 859 editiones
2315 805 2665 862 Bibliotheca:
2691 809 2821 878 PP.,
2852 825 3048 878 nempe
3073 809 3445 864 Parisiensem
3475 809 3610 866 anni

2005 896 2183 964 15³9,
2222 898 2610 955 Ctlbttiettsetti
2661 902 2800 957 1618
2827 946 2841 970 ,
2878 913 2931 958 et
2977 902 3403 973 Lugdunensem
3440 902 3604 958 1677.

2003 989 2192 1044 Sermo
2222 992 2287 1042 de
2311 989 2471 1044 Petro
2509 1001 2556 1045 et
2591 974 2766 1048 Paulo
2791 1039 2806 1062 ,
2853 996 2944 1064 qui
2979 996 3030 1049 in
3068 995 3348 1064 praedictis
3377 1005 3611 1064 quatuor

2000 1082 2177 1138 Codd.
2220 1100 2352 1138 mss.
2387 1085 2611 1141 minime
2651 1087 2904 1155 habetur,
2953 1091 3187 1145 collatus
3219 1101 3308 1145 est
3338 1108 3460 1146 cum
3497 1092 3606 1148 alio

2001 1174 2264 1231 Urbinate
2310 1179 2725 1234 tnetnhranacen
2770 1181 2911 1246 150,
2965 1197 3028 1236 ac
3078 1183 3343 1236 Vaticano
3400 1187 3606 1253 pariter

1999 1270 2421 1326 membranaceo
2467 1271 2623 1326 1255.
2655 1273 2901 1338 Uterque
2949 1291 3012 1330 ex
3065 1277 3148 1330 his
3179 1277 3394 1332 duobus
3426 1276 3605 1332 Codd.

1995 1363 2244 1419 Continet
2274 1380 2558 1420 sermones
2591 1369 2754 1420 etiam
2787 1366 3029 1424 Zenonis
3051 1370 3296 1438 episc0pi
3322 1370 3602 1425 Veronen-

1994 1457 2103 1521 sis;
2139 1472 2438 1528 eorumque
2469 1468 2602 1512 atlas
2632 1461 2852 1515 videtur
2877 1463 3192 1532 pertingere
3219 1462 3285 1516 ad
3331 1466 3600 1534 quingen-

1993 1555 2078 1602 tos
2105 1563 2298 1602 annos.
2332 1547 2541 1603 Praeter
2571 1549 2712 1603 duos
2741 1553 2874 1605 istos
2900 1551 3155 1618 Codices,
3191 1555 3273 1607 usi
3308 1569 3502 1609 sumus
3531 1555 3600 1610 ad

1989 1641 2346 1697 collationem
2393 1643 2663 1697 Sermonis
2719 1644 2784 1698 de
2831 1643 2996 1699 Petro
3051 1655 3097 1699 et
3154 1645 3326 1701 Paulo
3375 1648 3598 1718 antiqua

1988 1734 2121 1790 item
2163 1736 2365 1790 Veneta
2389 1737 2626 1792 editione
2650 1753 2972 1792 sermonum
3004 1754 3118 1794 sam
3142 1742 3179 1794 ti
3211 1740 3446 1794 Zenonis
3480 1741 3599 1808 epi-

267 1830 574 1884 editionem
623 1829 790 1895 hanc,
821 1845 849 1884 a
877 1831 1035 1885 nobis
1068 1831 1238 1900 ipsius
1268 1831 1422 1900 jussu
1460 1831 1667 1886 lubenti
1692 1833 1878 1886 animo
1911 1827 1958 1888 B
1986 1828 2141 1896 scepi
2175 1828 2511 1884 Veronensis
2542 1831 2670 1884 anni
2704 1831 2866 1898 1508,
2909 1833 2958 1885 in
2990 1849 3094 1901 qua
3127 1848 3310 1887 sermo
3349 1833 3437 1888 hic
3480 1836 3594 1904 pri-

265 1930 583 1993 susceptam
615 1966 629 1990 ,
657 1923 925 1978 beneﬁcia
951 1938 1354 1978 connutnerare
1379 1924 1423 1978 si
1450 1925 1634 1990 velim,
1668 1927 1875 1980 nullum

262 2018 516 2086 profecto
555 2015 772 2071 dicendi
815 2017 978 2071 tinem
1023 2016 1260 2083 faciant;
1312 2031 1434 2071 nam
1473 2029 1528 2072 et
1567 2033 1733 2087 opera
1765 2059 1779 2085 ,
1821 2028 1877 2074 et

260 2115 465 2179 Opibus
489 2109 684 2180 juvare
718 2127 1011 2181 numquam
1050 2111 1264 2166 destitit
1291 2156 1304 2180 ,
1350 2114 1654 2183 prtesertitn
1700 2122 1874 2167 utva-

258 2201 477 2257 riantes
528 2217 664 2257 mss.
715 2203 890 2257 Codd.
951 2204 1220 2259 lectiones
1269 2205 1429 2259 nobis
1483 2214 1868 2275 suppeterent;

257 2309 589 2364 summoque
607 2296 774 2349 animi
806 2295 987 2350 studio
1013 2340 1028 2363 ,
1061 2295 1388 2367 ubicumque
1407 2312 1543 2368 opus
1572 2309 1718 2352 esset
1740 2287 1872 2370 ,ipa-

256 2398 411 2446 ratus
441 2405 660 2458 semper
683 2389 782 2444 fuit
810 2390 1195 2444 auctoritatem
1225 2406 1376 2445 suam
1400 2434 1415 2458 ,
1462 2401 1628 2461 atque
1655 2392 1865 2459 cilicia,

257 2482 493 2552 benigne
516 2482 857 2554 impendere.
891 2484 1031 2550 Quin
1059 2491 1118 2539 et
1138 2484 1460 2540 industriam
1485 2496 1728 2541 nostram
1757 2503 1866 2543 non

258 2576 430 2631 semel
483 2576 791 2631 humaniter
829 2574 1105 2644 excitare,
1143 2589 1201 2631 ut
1233 2581 1567 2647 prepositum
1642 2594 1866 2649 urgere-

258 2683 403 2738 mus,
439 2679 495 2724 et
521 2669 705 2738 cperis
736 2669 906 2740 ipsius
933 2669 1228 2739 specimina
1257 2669 1411 2724 rudia
1444 2669 1642 2737 adhuc,
1673 2682 1728 2726 et
1757 2671 1861 2726 im-

257 2764 458 2833 polita,
493 2763 726 2817 suismet
765 2762 940 2818 oculis
991 2777 1312 2831 percurrere
1345 2781 1358 2815 :
1403 2762 1622 2819 demum
1671 2763 1862 2819 editio-

258 2867 379 2908 nem
404 2855 575 2924 ipsam
595 2854 737 2909 tueri
759 2865 1097 2918 constanter,
1115 2870 1178 2909 ae
1202 2854 1391 2910 fovere
1413 2857 1561 2910 nullo
1578 2859 1740 2911 modo
1753 2874 1862 2912 um-

256 2957 421 3010 quam
454 2941 773 3009 intermisit,
791 2941 1146 3012 quoadusque
1179 2943 1230 2996 iu
1265 2943 1439 2998 lucem
1462 2943 1724 3010 prodiret;
1749 2945 1862 2999 col-

256 3033 384 3088 latis
400 3035 566 3089 etiam
589 3035 892 3090 liberaliter
912 3037 1163 3105 pecuniis
1179 3035 1245 3090 ad
1270 3047 1524 3106 typorum
1557 3038 1857 3107 impensas.

325 3127 421 3185 28.
464 3127 538 3184 Ut
573 3136 757 3182 autem
813 3130 988 3184 lector
1045 3125 1184 3185 sciat
1243 3131 1444 3200 quibus
1491 3132 1752 3187 subsidiis
1790 3133 1857 3187 ad

1981 1939 2128 1977 mum
2149 1921 2371 1992 prodiit,
2393 1922 2625 1976 minime
2649 1922 3000 1978 dissimulato
3025 1923 3315 1980 Gaudentii
3342 1926 3587 1993 nomine,

1978 2025 2039 2069 ut
2065 2017 2115 2068 in
2152 2015 2295 2068 notis
2331 2014 2399 2068 ad
2437 2016 2692 2069 eumdem
2737 2030 3046 2070 sermonem
3101 2017 3434 2072 monuimus.
3482 2015 3589 2071 I’ro

1977 2122 2216 2162 sermone
2245 2113 2428 2159 autem
2458 2105 2521 2158 de
2563 2104 2681 2158 Vita
2720 2114 2768 2158 et
2802 2106 2959 2158 Obitu
2990 2106 3130 2159 beati
3153 2105 3458 2174 Philastrii,
3495 2121 3589 2160 va-

1975 2201 2180 2255 riantes
2212 2200 2372 2254 nobis
2408 2198 2674 2254 leCtiones
2717 2199 3139 2267 suppeditarunt
3181 2198 3290 2251 duo
3338 2198 3584 2253 Brixiani

1973 2297 2149 2351 Codd.
2181 2295 2586 2350 membranaeei
2613 2336 2628 2362 ,
2662 2310 2892 2364 quorum
2923 2294 3204 2362 antiquior
3233 2292 3451 2362 pra-fert
3483 2308 3584 2347 no-

1975 2397 2083 2444 tatn
2116 2389 2298 2443 smculi
2325 2403 2416 2452 XI;
2452 2404 2515 2442 ac
2533 2388 2713 2441 binatn
2745 2387 2967 2454 insuper
2995 2385 3580 2440 editionem'adhibui-

1972 2498 2118 2550 mus,
2145 2497 2340 2550 nempe
2372 2481 2630 2537 Venetam
2657 2479 2945 2548 Lipomani
2979 2480 3153 2543 1551,
3187 2487 3242 2534 et
3272 2477 3575 2533 Colonien-

1970 2589 2086 2630 sem
2119 2574 2264 2630 Surii
2298 2573 2438 2628 157a
2461 2615 2474 2636 ,
2508 2589 2538 2626 a
2570 2572 2766 2642 quibus
2795 2573 2848 2626 in
2884 2571 3019 2625 Vitis
3044 2569 3146 2626 SS.
3181 2571 3437 2639 vulgatus
3461 2570 3577 2624 fue-

1969 2679 2074 2726 rat.
2127 2669 2264 2723 Cum
2305 2679 2572 2736 praeterea
2620 2666 2818 2720 scirem
2865 2671 3088 2719 exstare
3121 2664 3177 2718 in
3207 2660 3575 2719 Atnbrosiana

1968 2764 2364 2820 Mediolanensi
2407 2761 2747 2816 Bibliotheca
2793 2761 3023 2830 primam
3067 2761 3165 2827 (ιιι
3197 2773 3300 2828 ego
3351 2757 3573 2828 quidem

1967 2861 2131 2930 puto)
2163 2857 2452 2913 Gandentii
2491 2856 2819 2922 editionem,
2853 2869 2976 2924 qua:
3007 2853 3206 2923 prodiit
3227 2867 3372 2906 anno
3405 2852 3568 2920 4509,

1967 2954 2021 3009 in
2063 2949 2622 3022 Orthodoxographis
2667 2949 2770 3004 PP.
2799 2991 2814 3016 ,
2862 2949 2980 3018 ejus
3026 2962 3250 3016 quoque
3289 2947 3570 3002 variantes

1965 3047 2236 3101 lectiones
2294 3044 2536 3112 priorum
2609 3043 3010 3096 decemnovem
3063 3039 3569 3095 Gaudentianorum

1963 3148 2313 3200 tractatuum,
2338 3138 2430 3207 qui
2462 3137 2515 3190 in
2541 3151 2604 3190 ea
2635 3138 2750 3189 cusi
2782 3146 2904 3188 sunt
2938 3149 3042 3187 una
3073 3149 3200 3188 cum
3229 3132 3565 3188 Praefatione

255 3219 395 3276 hanc
434 3221 737 3278 editionem
767 3223 1060 3290 parandam
1092 3224 1175 3278 usi
1207 3225 1381 3279 simus
1410 3267 1424 3292 ,
1457 3236 1657 3294 priesto
1688 3227 1846 3282 nobis
1873 3219 1918 3283 C
1951 3235 2017 3289 ad
2051 3231 2404 3296 Benivolutn,
2458 3226 2764 3296 descriptas
2797 3226 2960 3281 habui
3004 3241 3034 3279 a
3071 3225 3142 3282 cl.
3181 3225 3424 3293 Joscpho
3452 3226 3564 3279 Αη..

253 3314 474 3372 fuerunt
510 3333 582 3374 ex
621 3318 880 3374 Vaticana
921 3319 1260 3376 Bibliotheca
1300 3321 1630 3376 eollationes
1687 3321 1848 3376 trium

251 3426 388 3466 mss.
421 3410 635 3467 Codd.:
673 3428 870 3483 nempe
904 3413 1294 3469 Vaticanorttm
1337 3415 1570 3470 duorum
1615 3415 1756 3471 1245
1797 3423 1853 3471 et

248 3503 422 3573 4580,
465 3521 697 3576 quorum
739 3517 976 3579 uterque
1025 3524 1405 3580 papyracens;
1449 3511 1696 3579 itemque
1735 3511 1850 3566 ele-

246 3601 552 3672 gantissimi
583 3601 864 3658 Urbinatis
894 3605 1301 3660 membranaeei
1327 3604 1396 3658 75
1421 3647 1436 3671 ,
1480 3606 1637 3675 cujus
1662 3607 1846 3662 initia-

246 3695 324 3751 les
348 3696 549 3752 littera:
578 3697 791 3766 pictura
822 3706 879 3752 et
907 3713 1040 3752 auro
1059 3699 1379 3753 convestitte
1409 3707 1556 3754 sunt.
1588 3700 1847 3768 Quamvis

244 3786 414 3843 Codd.
449 3787 538 3842 isti
571 3804 676 3843 non
701 3805 911 3860 magnae
937 3789 1045 3844 sint
1075 3792 1445 3861 antiquitatis,
1480 3793 1739 3847 eximiam
1765 3800 1846 3848 ta-

241 3895 368 3934 men
424 3881 587 3933 nobis
631 3895 789 3950 opem
841 3881 1094 3951 plurimis
1143 3881 1198 3937 in
1244 3883 1380 3938 locis
1427 3884 1491 3937 ad
1549 3884 1844 3940 Gaudentii

241 3977 689 4032 emendationem
749 3977 1135 4045 contulerunt,
1185 3987 1244 4032 ut
1281 3979 1483 4046 passim
1535 3979 1846 4048 legentibus

239 4068 589 4124 manifestum
628 4071 754 4124 erit.
794 4070 992 4124 Eorum
1027 4082 1082 4123 ut
1118 4070 1396 4125 variantes
1437 4072 1704 4126 lectiones
1735 4072 1841 4126 mi-

238 4174 373 4213 nore
405 4161 659 4230 negotio,
688 4174 751 4215 ac
780 4162 1083 4230 promptius
1109 4170 1560 4232 excerperentur,
1599 4170 1841 4228 potesta-

237 4265 346 4308 tem
372 4253 526 4320 fecit,
560 4255 719 4309 venia
746 4256 910 4308 etiam
943 4252 1069 4308 data
1094 4263 1149 4307 ut
1172 4269 1202 4308 e
1224 4253 1478 4308 Vaticana
1504 4253 1839 4309 Bibliotheca

234 4346 472 4402 Codices
507 4347 610 4415 ipsi
640 4347 706 4401 ad
749 4347 1017 4401 Palatium
1069 4346 1351 4413 Quirinale
1384 4346 1672 4403 transferri
1716 4362 1841 4418 pos-

235 4450 392 4508 sent,
427 4455 526 4508 pro
557 4455 654 4494 sua
699 4439 876 4493 etTusa
912 4439 964 4493 in
1002 4455 1198 4494 omnes
1232 4440 1525 4496 clementia
1569 4457 1632 4496 ac
1683 4439 1841 4495 beni-

232 4537 440 4606 gnitate
472 4533 571 4590 SS.
608 4534 672 4587 D.
708 4532 772 4588 N.
807 4533 1066 4589 Clemens
1095 4533 1162 4588 XI
1192 4575 1206 4598 ,
1243 4538 1484 4604 pontilex
1519 4535 1787 4590 Maximus
1820 4575 1836 4601 ,

1955 3326 2109 3382 tonio
2126 3322 2294 3380 Saxio
2316 3320 2566 3390 ejusdem
2592 3318 2952 3372 Bibliothectc
2985 3315 3262 3386 pra-tecto,
3290 3315 3563 3371 eruditio-

1955 3422 2038 3476 nis
2077 3419 2294 3475 eximia:
2315 3461 2330 3485 ,
2363 3431 2428 3470 ac
2457 3428 2686 3468 summa:
2712 3411 3076 3464 humanitatis
3105 3410 3224 3464 viro
3254 3424 3269 3473 ;
3305 3408 3400 3462 sed
3433 3422 3560 3463 eum

1954 3515 2070 3569 haec
2124 3510 2298 3567 editio
2348 3506 2661 3564 consentire
2703 3506 2820 3560 iere
2855 3506 3086 3557 omnino
3135 3501 3394 3556 videatur
3438 3515 3562 3555 cum

1954 3605 2170 3661 mendis
2210 3602 2446 3657 aliarum
2476 3597 2780 3654 editionum
2811 3639 2826 3667 ,
2884 3595 3010 3651 ideo
3037 3594 3223 3650 nullus
3253 3593 3414 3649 nobis
3439 3593 3563 3664 ejus

1952 3713 2081 3754 usus
2109 3696 2229 3750 fuit.

2022 3790 2118 3845 29.
2163 3787 2312 3844 Ordo
2349 3784 2860 3842 Gaudentianorum
2903 3793 3258 3846 sermonum,
3301 3778 3420 3832 sive
3451 3787 3565 3832 tra-

1950 3892 2221 3948 ctatuum,
2257 3880 2399 3934 idem
2431 3877 2572 3946 apud
2619 3892 2721 3931 nos
2747 3885 3004 3931 servatus
3050 3883 3172 3941 est,
3216 3872 3306 3941 qui
3359 3872 3411 3924 in
3436 3871 3562 3926 aliis

1949 3990 2168 4046 quoque
2207 3970 2542 4028 editionibus
2577 3971 2842 4022 occurrit.
2870 3964 3006 4020 Nam
3040 3979 3208 4017 sermo
3237 3963 3301 4015 de
3333 3962 3560 4016 Ordina-

1948 4067 2090 4121 tione
2122 4067 2225 4128 sui,
2256 4065 2348 4134 qui
2385 4064 2533 4131 prior
2560 4060 2772 4115 caeteris
2797 4074 2825 4111 a
2855 4057 3170 4113 Gaudentio
3193 4063 3277 4108 est
3311 4054 3342 4107 h
3367 4055 3556 4117 ibitus,

1947 4161 2160 4229 primus
2189 4171 2410 4227 quoque
2440 4155 2634 4208 ordine
2665 4167 2788 4207 esse
2820 4149 3129 4214 debuerat;
3161 4146 3258 4201 sed
3298 4144 3560 4211 Praefatio

1949 4251 2304 4324 paschalibus
2336 4247 2629 4318 praeposita
2662 4245 2764 4299 hos
2798 4244 3017 4312 priores
3043 4241 3197 4304 fecit,
3225 4239 3278 4292 in
3302 4254 3409 4308 qua
3430 4239 3560 4307 quia

1947 4346 2153 4402 mentio
2184 4352 2271 4398 est
2295 4342 2364 4396 de
2394 4349 2622 4411 quatuor
2646 4335 2998 4408 sequentibus,
3043 4342 3096 4386 et
3119 4332 3302 4402 quinto
3345 4331 3412 4383 de
3436 4328 3557 4383 Ma-

1947 4439 2173 4495 chabazis
2201 4433 2559 4506 martyribus:
2588 4431 2715 4485 ideo
2759 4430 2814 4484 in
2848 4428 2949 4481 hac
2980 4425 3225 4479 editione
3253 4436 3382 4475 eum
3415 4420 3567 4475 ordi-

1947 4553 2074 4594 ttem
2107 4532 2386 4589 tenuimus
2408 4545 2571 4597 quem
2604 4524 2948 4581 Gaudentius
2985 4521 3107 4590 ipse
3148 4518 3202 4572 in
3230 4514 3566 4570 Pratfalione

231 4644 342 4700 quo
373 4632 623 4694 sedente,
654 4641 716 4679 ac
735 4626 963 4696 sospite,
991 4643 1284 4698 numquam
1314 4630 1469 4683 home
1493 4629 1692 4683 littera:
1720 4629 1838 4684 sine
1869 4606 1918 4666 Ῑ)
1948 4633 2107 4688 nobis
2136 4626 2348 4689 statuit,
2381 4632 2545 4694 atque
2571 4622 2624 4675 in
2657 4620 2782 4676 aliis
2805 4614 3151 4673 editionibus
3178 4620 3433 4680 receptus
3456 4615 3564 4663 est.

233 4721 416 4792 pretio
454 4731 636 4776 erunt.
669 4720 1015 4790 Excerpendi
1046 4730 1228 4778 autem
1263 4722 1367 4776 sibi
1412 4739 1599 4778 curam
1645 4723 1837 4778 huma-

233 4815 379 4870 niter
411 4822 782 4883 susceperunt
816 4813 1150 4880 clarissimi,
1201 4825 1364 4886 atque
1393 4815 1698 4871 doctissimi
1733 4817 1833 4872 viri

232 4909 565 4966 Franciscus
601 4908 931 4964 Blanchinus
953 4951 966 4973 ,
1001 4919 1055 4964 et
1080 4909 1314 4966 Carolus
1347 4911 1594 4981 Majellus
1623 4911 1831 4966 Biblio-

232 5005 404 5060 theca:
440 5005 715 5060 Vaticana:
755 5007 1050 5077 praefectus
1077 5051 1091 5075 ,
1142 5023 1373 5078 uterque
1426 5007 1674 5077 ejusdem
1725 5007 1826 5064 SS.

231 5098 293 5152 ι).
326 5098 390 5152 Ν.
423 5098 733 5153 Clementis
765 5115 916 5168 papze
939 5101 1033 5168 XI,
1063 5103 1131 5156 ab
1160 5101 1367 5155 honore
1395 5103 1538 5157 sacri
1563 5099 1829 5167 cubiculi;

230 5207 464 5264 quorum
497 5191 725 5261 proinde
758 5191 956 5248 ofﬁciis
986 5194 1324 5248 immortales
1345 5197 1550 5264 gratias
1582 5211 1668 5248 me
1689 5209 1835 5249 sem-

231 5301 327 5355 per
360 5283 694 5350 habiturum,
732 5284 835 5340 hoc
863 5286 986 5339 loco
1015 5285 1257 5341 libenter
1285 5287 1565 5354 proﬁteor.
1586 5285 1836 5341 Accessit

229 5381 407 5435 tribus
452 5381 605 5435 hisce
642 5379 815 5434 Codd.
865 5395 998 5435 mss.
1043 5381 1183 5436 alter
1221 5380 1570 5435 Florentinus
1610 5380 1832 5436 charta-

227 5486 362 5528 eeus
395 5471 752 5527 Bibliotheca:
783 5474 840 5526 S.
874 5473 1074 5540 Marci,
1116 5475 1272 5541 cujus
1319 5475 1648 5526 meminerat
1678 5489 1830 5526 sum-

227 5579 352 5620 mus
399 5565 483 5618 vir
524 5563 769 5619 Joannes
819 5565 1167 5620 Mabillonius
1230 5565 1284 5620 in
1341 5565 1545 5620 Itinere
1601 5565 1829 5634 Italico,

229 5672 356 5728 pag.
417 5657 561 5721 I78;
607 5657 878 5728 hujusque
928 5658 1205 5714 variantes
1247 5659 1516 5713 lectiones
1572 5667 1831 5714 accurate

227 5749 626 5808 describendas
646 5793 661 5819 ,
695 5761 859 5822 atque
889 5753 956 5806 ad
991 5768 1092 5806 nos
1120 5751 1418 5807 mittendas
1441 5752 1656 5806 curavit
1682 5750 1828 5806 adm.

226 5859 345 5903 rev.
397 5843 562 5901 Pater
620 5842 879 5900 Albertus
946 5843 1145 5913 Salvi,
1196 5844 1444 5915 ejusdem
1510 5843 1833 5899 Monasterii

1943 4721 2363 4782 Gaudentianos
2401 4729 2690 4772 sermones
2743 4710 3112 4780 subsequitur
3160 4701 3440 4777 rhythmus
3495 4701 3562 4756 de

1951 4817 2278 4882 Philostrio,
2317 4813 2385 4868 de
2425 4828 2534 4883 quo
2579 4809 2806 4864 consule
2839 4822 2902 4862 ea
2947 4821 3071 4876 quae
3101 4802 3342 4858 diximus
3375 4801 3428 4856 in
3461 4798 3557 4855 ad-

1965 4909 2247 4967 nouitione
2275 4906 2453 4962 eidem
2479 4904 2736 4976 rhythmo
2761 4903 3054 4972 praeposita
3089 4901 3142 4953 in
3169 4899 3318 4953 calce
3341 4911 3552 4953 sermo.

1964 5022 2073 5060 tum
2106 5001 2418 5059 Gaudenlii.
3070 5009 3079 5019 ι

2018 5098 2110 5153 50.
2130 5097 2318 5150 Visum
2339 5103 2424 5146 est
2441 5090 2643 5146 deinde
2657 5089 3034 5157 Rampertum,
3060 5094 3224 5157 atque
3248 5084 3547 5141 Adelman-

1939 5208 2106 5257 num,
2145 5186 2456 5244 Gaudentio
2501 5184 2803 5253 adjnngere
2843 5181 3087 5249 eiusdem
3123 5177 3385 5234 Ecclesia
3430 5175 3551 5248 epi-

1935 5279 2424 5351 scopos,doctrina
2450 5292 2556 5330 non
2582 5276 2938 5342 minusquam
2959 5274 3164 5341 pietate
3185 5268 3542 5338 conspicuos.

1933 5377 2113 5446 Atque
2138 5373 2460 5429 Adelmanni
2497 5372 2742 5437 profecto
2765 5369 3030 5437 integram
3056 5364 3345 5434 epistolam
3377 5359 3546 5414 dandi

1939 5485 2049 5525 non
2082 5467 2294 5522 modica
2331 5479 2421 5520 me
2454 5461 2780 5519 incendebat
2807 5459 3028 5529 cupido,
3072 5472 3142 5512 ne
3167 5455 3345 5510 dicam
3381 5468 3547 5520 spes;

1943 5577 2108 5633 quam
2143 5569 2324 5614 tamen
2353 5557 2583 5612 omnino
2627 5555 2826 5608 frustra
2871 5551 3059 5604 animo
3090 5554 3412 5613 conceptam
3457 5545 3550 5600 vix

1941 5657 2159 5712 demum
2186 5667 2329 5722 atgre
2360 5649 2531 5714 sensi,
2566 5663 2690 5704 cum
2716 5659 2908 5700 omnes
2936 5651 3164 5698 conatus
3197 5647 3417 5693 nostros
3451 5651 3546 5694 ee-

1941 5749 2074 5806 dere
2105 5748 2377 5802 incassum
2403 5741 2534 5797 vidi.
2561 5741 2893 5809 Rampertus
2917 5750 3050 5788 vero
3075 5747 3182 5786 non
3213 5746 3322 5784 uno
3349 5730 3401 5784 in
3423 5730 3548 5787 loco

1941 5861 1972 5903 ει
1999 5844 2211 5915 magnis
2243 5839 2437 5913 plagis,
2450 5834 2731 5896 convaluit
2767 5845 2902 5903 quas
2933 5833 3253 5900 acceperat,
3284 5834 3454 5900 atque
3484 5824 3542 5883 in
