4070 6346
318 264 415 323 831

1531 256 1913 318 PRJEFATIO
1934 256 1996 317 P.
2042 256 2421 317 GALEARDL

3513 261 3625 320 89.9

314 393 532 452 quoque
548 378 940 435 additameutis
963 379 1229 433 instructa
1252 378 1496 432 inlucem
1526 375 1913 446 prodiret.Ac-
1940 384 1992 444 Δ
2020 377 2111 431 bus
2141 377 2238 432 etsi
2259 393 2428 445 pauca
2459 416 2476 444 ,
2505 384 2597 432 aut
2630 376 2792 433 obiter
2824 378 2994 433 dicere
3033 379 3184 450 nefas
3218 395 3330 435 esse
3351 381 3629 449 existimo,

315 474 485 531 cessit
518 484 828 545 opportune
868 473 1165 529 auctoritas
1210 472 1637 528 eminentissimi
1660 470 1758 524 viri
1797 468 1911 524 An—

313 568 422 639 geli
454 568 639 623 Mariae
672 567 883 635 Quirini
926 567 983 621 S.
1012 566 1081 619 R.
1118 563 1181 619 E.
1206 564 1502 619 cardinalis
1545 562 1910 618 bibliotheca-

315 661 400 729 rii,
425 679 486 717 ac
510 662 705 716 Brixia:
735 644 1011 730 episcopi;
1058 675 1223 728 quem
1254 659 1437 713 statim
1460 672 1523 712 ac
1549 671 1705 712 nova:
1748 654 1911 724 hujus

310 753 569 810 editionis
599 753 889 808 consilium
922 752 1131 823 agitare
1162 752 1331 815 sensi,
1366 748 1737 819 intelligeham
1775 760 1908 816 pro-

311 844 454 901 fecto
484 862 734 916 quamam
765 853 950 900 essent
971 842 1141 899 oiticii
1164 843 1269 898 mei
1310 851 1514 912 partes,
1544 840 1743 911 quidve
1771 837 1909 893 mihi

313 939 685 1009 pmstaudnm
725 937 867 994 foret
920 939 1117 991 summi
1166 937 1418 1007 praesulis
1461 934 1762 1001 voluntati,
1806 946 1908 988 cu-

306 1032 396 1102 jus
420 1047 532 1086 non
558 1032 735 1102 jussis
755 1030 938 1098 modo,
995 1030 1092 1085 sed
1121 1030 1289 1085 etiam
1342 1028 1567 1084 nutibus
1614 1027 1906 1096 obtempe-

309 1138 434 1178 rare
463 1128 665 1195 magno
695 1122 827 1177 mihi
875 1122 1071 1178 honori
1111 1122 1405 1178 ducebam.
1450 1120 1638 1189 Itaque
1667 1119 1799 1174 dum
1852 1119 1909 1173 in

308 1231 375 1273 eo
405 1232 612 1282 essem,
632 1227 690 1273 ut
711 1216 1090 1273 Gaudentiano
1125 1216 1296 1271 textui
1320 1228 1494 1270 novas
1524 1212 1628 1267 huc
1652 1211 1780 1266 illuc
1810 1226 1907 1266 no-

309 1310 545 1364 tationes
571 1310 974 1380 inspergerem,
1008 1306 1301 1362 nonnullas
1330 1307 1495 1362 etiam
1533 1320 1602 1360 ex
1627 1303 1907 1374 prioribus

309 1403 363 1456 in
389 1403 606 1470 melius,
652 1414 713 1458 ut
734 1402 865 1457 mihi
897 1401 1125 1473 quidem
1146 1399 1470 1464 videbatur,
1507 1397 1909 1462 reiormarem;

308 1510 437 1552 ecce
460 1495 594 1551 mihi
623 1511 692 1552 ex
720 1496 1001 1567 insperato
1028 1493 1284 1564 objicitur
1327 1507 1431 1548 ms.
1456 1489 1749 1547 Gaudentii
1790 1504 1907 1545 ser-

307 1606 529 1645 monum
557 1590 755 1657 codex,
786 1606 892 1645 non
925 1604 1137 1660 magna:
1164 1588 1255 1642 ille
1284 1586 1507 1658 quidem
1537 1583 1905 1654 antiquitatis,

306 1691 365 1738 ut
403 1684 691 1753 scripturas
736 1684 1013 1753 specimen
1048 1689 1107 1737 et
1153 1695 1320 1751 parva
1352 1680 1671 1748 ,litterarum
1728 1676 1900 1731 forma

2014 472 2100 525 via:
2144 473 2515 543 enimintegris
2567 472 2914 529 voluminibus
2962 473 3221 546 explicari
3250 483 3487 546 possent,
3539 486 3628 530 ta-

2012 580 2129 619 men
2184 565 2245 617 ob
2290 566 2614 636 singularem
2659 583 2826 619 meam
2857 583 2983 635 erga
3004 567 3158 622 illum
3206 567 3626 633 observantiam,

2012 656 2109 711 hoc
2132 655 2246 710 loco
2272 658 2401 711 mihi
2433 667 2723 729 temperare
2756 675 2858 713 non
2904 660 3073 730 potui,
3128 661 3183 713 in
3209 675 3312 730 quo
3346 676 3406 713 ea
3452 659 3624 731 expli-

2007 749 2177 803 canda
2228 762 2349 804 sunt
2396 766 2515 822 qua:
2540 752 2604 806 de
2626 752 2768 806 illius
2796 757 3060 822 praecipue
3080 754 3275 826 ingenii
3335 754 3613 821 acumine,

2002 844 2196 915 judicii
2233 847 2550 913 acrimonia,
2600 847 3071 918 reconditiorisque
3111 848 3430 903 eruditionis
3453 850 3624 904 varie—

2011 945 2136 1003 tate,
2167 947 2321 1009 atque
2367 940 2702 1009 priestantia,
2729 950 2995 1011 tamquam
3022 942 3309 1013 purissimo
3340 945 3483 1013 [ante
3513 959 3629 996 ma-

2010 1041 2224 1097 narunt,
2285 1033 2412 1103 quin
2465 1033 2687 1087 breviter
2713 1035 2779 1090 de
2818 1043 2964 1090 tanto
2991 1043 3103 1091 viro
3140 1045 3190 1092 et
3219 1054 3331 1091 vere
3358 1053 3474 1108 qute
3505 1054 3625 1093 sen-

2011 1123 2141 1177 tiam
2166 1124 2372 1191 dicam;
2399 1135 2456 1179 ut
2479 1136 2531 1179 et
2560 1128 2650 1197 qui
2683 1144 2801 1183 eum
2829 1137 3109 1197 noverunt,
3138 1131 3277 1203 quod
3317 1146 3436 1187 eum
3476 1148 3629 1186 nove-

2009 1218 2116 1271 rint
2162 1218 2217 1270 in
2266 1232 2459 1290 magna
2510 1220 2779 1287 felicitatis
2824 1232 2971 1293 parte
3030 1235 3262 1296 ponant;
3312 1227 3403 1297 qui
3449 1238 3627 1280 autem

2010 1310 2275 1383 ignorant,
2294 1313 2334 1367 ii
2345 1312 2577 1368 hominis
2605 1330 2725 1369 cum
2757 1318 2960 1389 optimi,
2986 1329 3104 1373 tum
3131 1322 3445 1389 doctissimi,
3479 1322 3622 1377 noti-

2010 1404 2137 1457 tiam
2158 1420 2190 1457 a
2218 1420 2302 1457 tne
2323 1407 2608 1475 accipiant.
2643 1408 2737 1463 Sic
2759 1410 2897 1463 enim
2929 1413 3119 1478 sentio,
3153 1414 3413 1468 neminem
3441 1425 3624 1469 nostra

2010 1504 2180 1560 (etate,
2232 1496 2311 1550 vel
2358 1497 2596 1569 ingenio,
2627 1502 2712 1555 vel
2738 1500 3036 1573 diligentia,
3080 1508 3161 1560 vel
3185 1506 3426 1561 doctrina
3478 1522 3623 1578 prat-

2006 1592 2311 1646 stantiorem
2342 1592 2544 1649 haberi.
2577 1595 2761 1666 Atque
2793 1596 2913 1653 haec
2948 1599 3213 1656 hactenus
3243 1601 3313 1658 de
3340 1600 3621 1674 Pantaga-

2008 1683 2127 1739 the.

303 1777 663 1843 ostendebat;
694 1778 788 1833 sed
818 1777 909 1833 cui
942 1776 1180 1847 pretium
1217 1774 1557 1839 conciliaret,
1584 1771 1730 1843 quod
1764 1770 1899 1826 fuis-
1931 1784 1981 1847 Β
2079 1775 2169 1833 54.
2200 1776 2271 1834 Ut
2299 1786 2487 1834 autem
2519 1782 2591 1835 ad
2615 1781 2864 1839 codicem
2886 1784 3025 1838 tanti
3053 1787 3396 1855 possessoris
3443 1787 3623 1843 nomi-

302 1878 386 1926 set
421 1872 553 1925 olim
580 1872 634 1926 in
658 1872 881 1927 libraria
906 1870 1244 1940 supellectile
1271 1868 1583 1924 doctissimi
1615 1868 1719 1921 viri
1742 1867 1903 1923 Orta-

301 1966 377 2020 vii
408 1965 762 2037 Pantagathi,
814 1975 873 2020 ut
925 1964 1338 2020 emendatioues
1384 1962 1437 2017 in
1490 1964 1733 2031 margine
1776 1962 1902 2017 libri

298 2057 418 2127 ejus
441 2075 603 2114 manu
644 2060 845 2129 passim
895 2060 1179 2129 apposite,
1218 2067 1351 2113 uoto
1402 2057 1535 2112 mihi
1585 2058 1901 2113 litterarum

298 2152 467 2208 ductu
516 2155 850 2209 indicabant.
877 2153 1010 2222 Quis
1040 2168 1207 2223 porro
1230 2152 1398 2208 fuerit
1422 2151 1680 2209 Octavius
1701 2152 1901 2207 Panta-

297 2247 493 2315 gathus
520 2247 830 2315 Brixianus,
868 2248 1051 2319 magni
1073 2263 1191 2303 :evo
1215 2264 1321 2302 suo
1341 2248 1482 2302 inter
1506 2248 1773 2303 litteratos
1795 2262 1899 2302 no-

296 2340 481 2407 minis,
512 2340 789 2396 nemiuem
820 2342 913 2412 qui
942 2341 1026 2394 vel
1055 2341 1323 2396 mediocri
1352 2341 1548 2410 polleat
1573 2340 1899 2409 eruditione

294 2432 466 2487 latere
485 2441 639 2501 puto.
668 2432 931 2501 Quamvis
961 2433 1108 2488 enim
1160 2432 1369 2487 nullum
1422 2447 1649 2502 prorsus
1696 2429 1899 2501 ingenii

290 2525 373 2578 sui
398 2531 816 2579 monumentum
862 2524 1043 2594 quoad
1090 2525 1228 2579 vixit
1268 2525 1321 2578 in
1358 2525 1553 2594 vulgus
1585 2524 1737 2589 dare,
1774 2525 1893 2579 nul-

289 2614 402 2669 lum
435 2616 875 2670 lucubrationum
902 2631 1123 2671 suarum
1154 2617 1389 2672 fructum
1416 2617 1718 2686 posteritati
1756 2632 1893 2672 cono

286 2716 437 2763 stare
494 2710 752 2774 voluerit,
790 2710 993 2764 eximia
1037 2710 1392 2766 nihilominus
1435 2711 1703 2765 doctrinae
1751 2710 1892 2767 fama

285 2801 479 2871 viguit,
539 2817 722 2871 eoque
759 2803 983 2857 nomine
1013 2803 1327 2859 celebratur
1354 2803 1577 2873 scriptis
1614 2802 1732 2859 fere
1772 2816 1890 2857 om-

285 2893 437 2948 nium
470 2895 565 2964 qui
596 2895 714 2964 ejus
745 2902 911 2949 aetate
937 2894 1216 2962 vixerunt,
1258 2898 1416 2965 cujus
1460 2900 1537 2950 rei
1574 2897 1893 2952 testimonia

282 2986 431 3056 apud
474 2988 625 3042 illius
670 2988 943 3057 temporis
992 2990 1290 3057 scriptores
1350 2990 1653 3059 frequentia
1694 3004 1893 3044 occur-

281 3091 428 3135 runt.
454 3080 589 3135 Nam
611 3091 810 3150 prieter
833 3084 972 3137 alios
1001 3082 1140 3138 bene
1172 3083 1373 3138 multos
1397 3083 1566 3137 Lilius
1587 3082 1890 3152 Gregorius

2007 1886 2075 1927 ne
2125 1873 2573 1929 commendatum
2615 1875 2832 1930 veniam
2857 1920 2872 1944 ,
2919 1892 3045 1931 mox
3091 1886 3151 1932 at
3182 1880 3324 1948 coepi
3356 1879 3619 1935 eumdem

2004 1979 2124 2019 cum
2151 1966 2314 2021 editis
2343 1968 2704 2036 contendere,
2759 1970 2991 2040 cognovi
3045 1972 3231 2025 statim
3262 1981 3468 2042 quanta
3524 1988 3618 2031 es-

2003 2067 2086 2111 set
2134 2057 2256 2126 ejus
2283 2059 2517 2126 utilitas,
2552 2069 2605 2113 et
2636 2061 2981 2129 praestantia.
3019 2060 3420 2116 hubitaveratn
3452 2078 3611 2118 nem-

2003 2165 2069 2220 pe
2111 2151 2283 2221 prima
2330 2151 2467 2208 facie
2507 2152 2843 2222 descriptum
2868 2152 3107 2210 fortasse
3157 2155 3225 2211 ah
3267 2156 3454 2226 aliquo
3500 2172 3605 2213 ms.

2001 2242 2322 2314 exemplari,
2362 2243 2579 2298 illorum
2613 2244 2826 2300 scilicet
2849 2246 3053 2316 quibus
3104 2244 3315 2301 fueram
3348 2247 3400 2302 in
3434 2249 3607 2319 priori

1999 2333 2245 2389 editione
2290 2351 2450 2401 usus;
2495 2336 2731 2407 ideoque
2760 2336 2972 2392 nullum
3005 2351 3069 2393 ex
3103 2352 3171 2394 eo
3203 2339 3442 2395 fructum
3479 2352 3604 2409 per-

1998 2436 2215 2496 ceptum
2259 2429 2347 2497 iri,
2383 2431 2511 2499 quin
2544 2436 2724 2499 potius
2759 2430 2810 2483 in
2846 2429 3158 2499 huiusmodi
3192 2429 3405 2501 scripto
3432 2447 3605 2488 excu-

1998 2518 2181 2574 tieudo
2206 2522 2371 2576 horas
2401 2523 2701 2589 collocare,
2736 2523 2878 2577 idem
2910 2524 3141 2578 omnino
3165 2538 3293 2579 esse
3313 2539 3379 2580 ac
3407 2525 3591 2580 oleum

1995 2622 2291 2682 etoperam
2344 2614 2593 2684 perdere.
2668 2612 2870 2669 Verum
2939 2614 3075 2669 nihil
3128 2617 3345 2682 minus;
3429 2618 3610 2685 patuit

1996 2708 2138 2762 enim
2186 2722 2350 2777 parvo
2400 2708 2619 2779 negotio
2652 2704 2803 2764 illum
2839 2722 3071 2778 nequea
3124 2706 3457 2764 Florentino
3506 2725 3603 2765 ne-

1995 2814 2100 2867 que
2128 2799 2195 2853 ab
2226 2798 2511 2868 Urbinate,
2544 2810 2637 2855 aut
2672 2798 2815 2854 Vatt.
2853 2798 3069 2856 duobus
3095 2800 3439 2871 desumptum
3473 2812 3604 2858 esse

1993 2909 2022 2947 a
2047 2895 2243 2963 quibus
2287 2895 2589 2964 saepissime
2622 2894 2921 2963 discrepat,
2955 2894 3105 2964 quod
3132 2908 3164 2948 a
3206 2909 3293 2950 me
3348 2902 3601 2950 notatam

1992 2994 2156 3041 tract.
2184 2987 2239 3053 5,
2275 2986 2340 3040 ad
2374 2986 2509 3041 illud
2543 3004 2555 3040 :
2595 2985 2763 3054 Quasi
2784 2987 2839 3040 in
2891 2987 3096 3041 occulto
3118 2983 3397 3053 ascendet;
3427 2994 3484 3041 et
3524 3000 3592 3042 tr.

1996 3078 2084 3145 10,
2112 3079 2179 3133 ad
2200 3080 2322 3142 liu.,
2353 3080 2403 3132 in
2428 3080 2540 3133 illis
2572 3080 2757 3135 verbis
2785 3098 2796 3131 :
2825 3077 3099 3133 Pastorem
3122 3079 3278 3133 simul
3298 3089 3347 3134 et
3368 3096 3591 3151 pascua;

278 3172 780 3244 Giraldus,dialogo
810 3175 845 3228 2
874 3174 942 3229 de
974 3174 1128 3229 Poet.
1150 3184 1323 3229 nostr.
1352 3185 1544 3244 temp.,
1570 3177 1647 3230 sic
1664 3175 1732 3228 de
1746 3175 1885 3229 Pan-
1912 3180 1957 3243 (ζ
1996 3172 2159 3225 immo
2184 3172 2365 3241 potius
2398 3172 2591 3228 iisdem
2627 3172 2912 3227 meliorem
2942 3182 2997 3226 et
3028 3171 3463 3227 emendatiorem
3492 3171 3592 3225 de-

280 3266 501 3336 tagatho
522 3285 532 3319 :
554 3265 739 3321 Brixia
756 3267 946 3321 multos
967 3266 1120 3322 habet
1142 3269 1399 3335 eruditos,
1423 3270 1511 3323 sed
1538 3285 1640 3323 non
1673 3278 1719 3323 et
1755 3284 1883 3338 poe-

280 3367 385 3423 tas,
405 3368 462 3411 ut
492 3361 610 3430 ejus
636 3359 753 3425 ﬁlia
808 3359 1039 3414 Verona.
1077 3359 1227 3415 Inter
1258 3361 1488 3415 eruditos
1513 3362 1721 3430 quidem
1766 3376 1883 3413 nta-

277 3469 410 3524 gnus
460 3453 649 3523 ubigue
671 3452 834 3507 Pater
872 3452 1139 3519 Octavius,
1173 3456 1273 3507 nisi
1301 3455 1439 3522 quod
1483 3457 1619 3525 ctylo
1661 3453 1886 3507 abstinet

276 3563 367 3601 nec
414 3564 539 3600 suas
590 3564 711 3616 opes
759 3546 965 3619 publica
996 3549 1215 3601 taberna
1261 3548 1521 3603 venditat.
1550 3547 1703 3602 Paria
1755 3548 1885 3602 l'acit

273 3640 516 3696 Iacobus
546 3641 831 3710 Augustus
864 3641 1159 3704 Tbuanus,
1206 3642 1303 3697 lib.
1342 3642 1767 3697 lCiimmeutar.
1810 3641 1880 3695 de

274 3732 395 3787 Vita
420 3748 525 3787 sua
549 3733 633 3787 his
665 3734 849 3789 verbis
876 3752 888 3786 :
918 3732 1041 3787 lam
1069 3735 1393 3789 Octavianus
1424 3734 1791 3809 Pantagathus
1812 3737 1882 3790 ad

268 3824 543 3879 meliorem
571 3830 734 3881 vitam
763 3829 1101 3898 migraverat,
1124 3831 1278 3901 cujus
1308 3846 1552 3901 magnum
1582 3831 1638 3884 in
1692 3828 1882 3885 litteris

269 3936 483 3983 nomen,
530 3930 577 3974 et
638 3922 828 3993 dignus
875 3931 1020 3975 tanta
1073 3924 1322 3995 magistro
1375 3925 1665 3995 discipulus
1723 3924 1877 3978 Onu-

272 4013 459 4083 pltrius
498 4013 816 4068 Paaviuius.
858 4016 1029 4069 Nemo
1056 4026 1241 4070 autem
1266 4017 1534 4087 prolixior
1565 4028 1624 4072 et
1648 4017 1880 4071 uberior

268 4103 322 4159 in
355 4106 607 4160 laudibus
636 4106 981 4177 Pautagathi,
1026 4110 1477 4179 quotiescumque
1518 4109 1587 4164 de
1615 4125 1682 4163 eo
1736 4109 1877 4163 inci-

269 4198 346 4252 dit
374 4213 585 4263 seruio,
617 4215 779 4269 quam
815 4199 961 4254 idem
990 4202 1109 4269 ipse
1134 4200 1453 4268 Panviuius,
1487 4201 1642 4270 cujus
1669 4211 1727 4253 ut
1757 4202 1877 4254 loca

270 4292 422 4361 plura
477 4294 851 4347 transmittam
881 4295 933 4347 in
962 4294 1161 4363 quilms
1188 4310 1409 4349 summa
1447 4308 1571 4349 eum
1606 4294 1725 4348 loco
1780 4292 1875 4348 ha-

1993 3265 2255 3333 prehcndi
2292 3280 2356 3319 ex
2401 3266 2471 3318 iis
2495 3281 2616 3333 qua:
2643 3263 2887 3334 ejusdem
2928 3262 3136 3319 codicis
3167 3280 3271 3334 ope
3297 3273 3393 3318 aut
3424 3260 3588 3319 resti-

1991 3366 2125 3426 tuta,
2154 3368 2246 3411 aut
2273 3367 2505 3423 asserta,
2540 3369 2631 3411 aut
2664 3356 2719 3411 in
2751 3357 2945 3412 mu-lius
2976 3350 3322 3411 conformata
3351 3364 3589 3412 annotad

1989 3452 2039 3504 vi
2096 3460 2163 3505 tr.
2212 3450 2268 3513 4,
2321 3451 2387 3505 ad
2441 3450 2623 3518 linem,
2660 3451 2710 3505 in
2744 3450 2835 3504 illa
2870 3451 3036 3505 verba
3074 3470 3087 3506 :
3131 3449 3389 3523 Spiritum
3441 3450 3589 3508 sitire

1988 3543 2313 3610 balbutiunt;
2348 3552 2415 3597 tr.
2444 3544 2500 3609 9,
2561 3544 2705 3597 circa
2767 3543 3027 3611 medium,
3079 3543 3143 3597 ad
3180 3542 3393 3599 verba:
3446 3541 3586 3618 Ergo

1986 3654 2103 3691 cum
2135 3639 2544 3702 consideremus;
2596 3649 2663 3692 tr.
2690 3637 2841 3705 eod.,
2867 3637 2918 3691 in
2948 3637 3067 3703 lin.,
3100 3649 3215 3692 not.
3269 3637 3480 3703 ultima,
3531 3642 3591 3694 ut

1985 3730 2150 3786 etiam
2205 3742 2273 3785 tr.
2328 3724 2420 3799 15,
2468 3748 2573 3785 non
2616 3747 2725 3785 uno
2778 3730 2831 3787 in
2884 3728 3023 3786 loco.
3081 3731 3201 3786 Jam
3258 3745 3418 3801 porro
3476 3747 3584 3787 non

1985 3840 2156 3895 pauca
2220 3825 2381 3880 etiam
2441 3820 2560 3881 loca
2594 3824 2940 3891 librariorum
2966 3825 3124 3895 culpa
3150 3813 3471 3896 desperata,
3535 3836 3588 3880 et

1984 3916 2209 3981 amicta,
2267 3918 2464 3987 quibus
2515 3919 2568 3972 in
2614 3920 2782 3988 priori
2812 3920 3054 3975 editione
3084 3935 3219 3974 mss.
3253 3916 3413 3975 codd.
3448 3916 3591 3975 nihil

1982 4011 2211 4065 subsidii
2241 4013 2561 4078 attulerant,
2586 4013 2709 4065 libri
2738 4011 2901 4081 hujus
2933 4012 3139 4066 auxilio
3159 4013 3581 4079 convaluerunt,

1981 4102 2137 4171 cujus
2165 4103 2244 4156 rei
2304 4102 2594 4173 pulchrum
2644 4103 2921 4173 specimen
2980 4114 3208 4173 apparet
3243 4114 3311 4158 tr.
3348 4104 3401 4171 5,
3464 4114 3590 4174 post

1980 4195 2124 4250 med.
2146 4236 2160 4261 ,
2192 4195 2260 4250 de
2288 4196 2489 4265 duplici
2514 4196 2739 4251 Ninives
2774 4198 3110 4262 eversione;
3138 4198 3391 4252 utetiam
3428 4209 3495 4252 tr.
3528 4199 3584 4267 6,

1980 4296 2106 4342 ante
2138 4287 2281 4344 med.
2311 4333 2325 4356 ,
2361 4290 2412 4342 in
2457 4288 2562 4342 illis
2586 4288 2769 4343 verbis
2804 4309 2816 4341 :
2856 4288 3117 4356 Quoniam
3145 4290 3245 4358 filii
3300 4289 3586 4363 .Egyptio-

267 4384 398 4440 here
429 4391 659 4440 testatus
690 4393 797 4450 est,
854 4386 1077 4441 unicum
1106 4389 1377 4443 adseribo
1404 4389 1437 4442 ᾗ
1464 4388 1773 4442 Comment.
1805 4387 1870 4441 ad
1978 4398 2097 4435 rum
2128 4390 2337 4435 natura.
2374 4382 2509 4436 Illud
2545 4398 2768 4453 quoque
2792 4397 2899 4437 non
2925 4383 3080 4450 pauci
3109 4384 3373 4437 momenti
3403 4393 3486 4437 cst
3517 4393 3588 4439 tr.

267 4476 472 4531 librum
501 4477 791 4533 Fastorum
836 4495 889 4547 ιι.
924 4479 1053 4545 590,
1106 4480 1201 4535 ubi
1247 4481 1320 4536 de
1349 4483 1567 4553 origine
1624 4479 1875 4534 indietio-
1977 4477 2036 4545 4,
2081 4478 2173 4532 ubi
2216 4479 2454 4547 reponit,
2504 4490 2771 4533 assument
2828 4494 3002 4531 secum
3034 4478 3261 4531 vicinum
3291 4479 3587 4549 proximum

268 4584 397 4623 nuru
444 4570 608 4625 verba
647 4569 857 4624 iaciens
882 4569 1000 4625 inec
1035 4572 1245 4627 habet:
1289 4571 1443 4637 Quod
1471 4589 1573 4642 quo
1605 4583 1873 4641 tempore,
1898 4576 1952 4637 1)
1979 4586 2155 4639 suum,
2206 4585 2310 4640 pro
2342 4587 2406 4625 eo
2435 4570 2582 4642 quod
2634 4581 2901 4636 corrupte
2926 4569 3164 4625 habebat
3200 4570 3254 4625 in
3278 4574 3494 4628 czeteris
3526 4573 3593 4628 li-

266 4678 365 4728 qua
393 4663 616 4728 ratione,
647 4671 697 4717 et
724 4663 961 4734 aquibus
983 4666 1187 4732 fatuus
1210 4666 1391 4735 fuerit,
1421 4676 1583 4737 atque
1608 4666 1749 4719 unde
1777 4681 1877 4734 rga
1979 4667 2095 4723 bris
2116 4709 2130 4733 ,
2162 4678 2385 4720 assumet
2444 4683 2619 4720 secum
2659 4667 2863 4721 vicinus
2890 4666 3184 4739 proximum
3221 4682 3401 4734 suum;
3434 4676 3488 4723 et
3518 4675 3586 4723 tr.

264 4753 399 4807 illud
448 4756 740 4825 acceperim
787 4758 1273 4825 demonstraturus,
1317 4775 1473 4829 cogor
1534 4768 1656 4813 ante
1697 4776 1868 4831 pauca
1979 4760 2033 4827 8,
2072 4767 2195 4828 post
2225 4759 2375 4813 med.
2400 4799 2416 4825 ,
2454 4759 2540 4813 ubi
2581 4775 2701 4813 cum
2754 4760 2989 4814 libertate
3006 4759 3170 4814 divini
3197 4762 3392 4817 amoris
3448 4762 3590 4820 male

265 4863 553 4916 proponere
583 4849 646 4901 de
680 4848 921 4902 laudibus
970 4855 1111 4924 ejus.
1147 4852 1297 4922 cujus
1342 4852 1673 4921 potissimum
1712 4853 1873 4907 indu.
1975 4851 2262 4921 legebatur
2295 4868 2393 4922 pro
2443 4869 2557 4906 cum
2609 4852 2924 4908 liberalitate
2958 4853 3119 4908 divini
3158 4857 3379 4925 artioris,
3419 4873 3582 4928 quam

262 4942 391 4993 stria
415 4956 527 4993 rem
552 4941 997 5011 obscurissimam,
1044 4961 1103 4996 ac
1152 4944 1374 5000 tenebris
1410 4946 1735 5017 antiquitatis
1776 4965 1865 5018 op-
1976 4944 2277 5001 lectionem
2297 4948 2668 5016 suppeditavit
2696 4947 2828 5002 cod.
2860 4946 3223 5017 Pantagatbi;
3255 4960 3315 5006 ut
3340 4950 3446 5005 alia
3472 4966 3584 5010 non

266 5050 521 5103 pressam,
556 5044 710 5105 atque
739 5053 769 5088 a
815 5038 1017 5092 nemine
1056 5037 1307 5093 hactenus
1336 5042 1596 5113 cognitam
1630 5042 1868 5095 illustra-
1975 5050 2144 5105 pauca
2178 5048 2530 5107 praeteream.
2576 5054 2701 5108 qua:
2730 5038 2970 5108 diligens
2998 5038 3173 5097 lector
3196 5050 3390 5112 suapte
3411 5057 3581 5111 cura,

263 5129 330 5193 vi,
365 5138 410 5182 et
438 5129 494 5181 in
527 5128 694 5181 lucem
724 5130 962 5198 produxi.
1006 5129 1213 5184 Etenim
1244 5134 1451 5204 ingenui
1481 5150 1541 5185 ac
1578 5134 1722 5205 grati
1751 5134 1866 5187 ani-
1974 5139 2033 5185 et
2060 5132 2247 5185 studio
2296 5130 2454 5185 facile
2505 5133 2835 5200 con‘tperiet.
2887 5132 3077 5203 itaque
3106 5150 3277 5204 opera
3304 5136 3435 5192 Julii
3464 5136 3579 5193 fras

264 5221 331 5273 mi
379 5237 493 5274 esse
534 5221 793 5288 existimo,
842 5223 981 5275 unde
1003 5220 1209 5293 aliquid
1245 5227 1530 5293 acceperis,
1568 5243 1660 5297 per
1708 5243 1861 5297 quem
1975 5222 2072 5277 tris
2120 5222 2385 5290 adhibita,
2437 5223 2529 5292 qui
2559 5223 2761 5279 librum
2795 5224 2977 5295 ipsum
3014 5242 3150 5283 auro
3181 5240 3375 5285 contra
3426 5230 3577 5285 testia

268 5314 553 5385 profeceris
592 5314 852 5380 indicere,
884 5318 1241 5383 nemiuemqu
1258 5320 1411 5389 justo
1454 5316 1633 5371 mea
1660 5328 1862 5387 νεωσο-
1973 5316 2233 5372 mendum
2294 5317 2605 5382 invenerat,
2644 5328 2701 5372 et
2721 5328 3189 5389 comparaverat,
3210 5337 3243 5375 a
3272 5320 3453 5390 capite
3504 5322 3571 5378 ad

265 5407 350 5460 nio
374 5406 628 5477 spoliare,
655 5419 705 5461 et
743 5409 1030 5474 praesertim
1075 5424 1189 5461 eum
1220 5408 1498 5470 hominem,
1535 5426 1571 5462 α
1605 5426 1707 5478 quo
1753 5428 1867 5464 omo
1973 5410 2177 5463 calcem
2239 5409 2485 5464 codican
2559 5412 2701 5465 hunc
2761 5411 3157 5469 Catuleutianis
3224 5415 3572 5474 sermonibus

264 5498 409 5550 nium
440 5513 563 5569 ante
605 5498 659 5553 ia
682 5510 787 5552 toto
809 5502 905 5553 hoc
935 5516 1097 5568 opere
1112 5500 1394 5565 elaborate,
1422 5512 1686 5569 accurate,
1747 5518 1873 5573 pero.
1973 5503 2198 5568 εωιιιιί,
2233 5504 2619 5573 variantesque
2636 5505 2925 5573 lectiones,
2967 5516 3027 5562 et
3051 5505 3467 5562 emendations
3516 5511 3569 5566 in

264 5592 495 5660 ferreque
538 5593 869 5657 concinnasi,
911 5594 1067 5645 initia
1088 5591 1369 5647 nomine.
1424 5592 1529 5647 Hic
1574 5604 1648 5647 est
1693 5604 1865 5649 autem
1971 5610 2073 5650 sua
2117 5596 2233 5650 ioca
2263 5596 2557 5667 diligenter
2607 5596 2848 5666 conieci;
2884 5613 2948 5653 ex
3002 5599 3207 5668 quibus
3224 5599 3270 5653 si
3316 5602 3571 5659 nonnihil

265 5681 332 5737 P.
370 5681 619 5739 Octavius
646 5683 1037 5757 Pantagathus,
1058 5687 1151 5756 qui
1173 5687 1275 5739 nisi
1298 5688 1395 5740 hac
1417 5704 1601 5741 nomen
1631 5685 1860 5753 haberet.
1969 5689 2280 5758 splendoris
2306 5704 2368 5742 ac
2401 5689 2539 5743 lucis
2588 5691 2896 5745 Gaudentio
2933 5690 3178 5745 additum
3219 5692 3463 5760 prudens
3495 5696 3577 5751 le-

264 5790 583 5844 pmnomam
637 5779 824 5832 merito
843 5777 1033 5834 habere
1076 5781 1360 5851 potuisset;
1390 5783 1538 5853 cujus
1577 5783 1642 5835 de
1691 5783 1863 5837 (audis
1967 5793 2087 5839 ctor
2110 5782 2400 5851 iudicabit,
2429 5785 2652 5839 omnino
2682 5799 2860 5853 operae
2893 5788 3123 5856 pretium
3156 5787 3349 5844 fecisse
3373 5802 3477 5857 me,
3514 5801 3570 5854 et
