4070 6346
533 285 639 338 3'“

1494 298 1551 354 S.
1596 300 2042 358 GAUDENTIUS
2084 304 2460 363 EI'ISCOPUS
2504 308 2897 367 BRIXIANUS.

3729 321 3829 375 δπξι

533 415 639 453 non
700 403 973 458 modicum
1022 407 1227 464 laboris
1253 413 1357 465 moi
1391 412 1625 468 fructum
1660 418 1970 486 percepisse
2017 425 2128 472 sta-
2154 432 2408 494 Astrum
2460 423 2769 482 sedulitatis
2816 437 2871 481 et
2917 426 3284 485 observantia:
3334 447 3473 488 mea!
3519 436 3827 493 testimonio

533 500 684 548 tuam
720 512 733 547 :
774 495 859 550 sin
893 497 1098 567 minus,
1145 518 1288 558 novo
1328 505 1429 560 hoc
1460 522 1587 578 erga
1617 508 1979 567 Gaudentium
2030 530 2128 569 no-

2235 530 2335 569 con
2346 514 2527 572 tentus
2557 533 2672 573 ero.

1339 726 2043 814 TESTIMONIA
2116 733 2276 818 DE
2351 735 3090 825 GAUDENTIO.

606 966 670 1022 S.
701 966 931 1022 Joannes
962 968 1227 1039 Chrysost.
1259 972 1411 1034 epist.
1449 972 1575 1037 184,
1605 972 1729 1027 edit.
1764 971 2051 1029 Frontonis

998 1040 1201 1104 Ducazi,
1236 1040 1459 1097 Parisiis
1496 1044 1656 1100 1056.

603 1132 920 1188 Gauneuno
950 1147 1196 1187 EPISCOPO
1240 1134 1516 1190 BRIXIANO.
1552 1136 1695 1192 Nihil
1733 1154 1831 1193 nos
1865 1140 1991 1195 latet
2034 1156 2123 1196 re—

530 1239 651 1277 rum
674 1232 910 1292 tuarum,
933 1226 1026 1278 sed
1056 1234 1331 1295 Lnnqnam
1363 1238 1660 1295 praesentes
1684 1234 1851 1300 probe
1875 1235 2126 1288 novimus

525 1317 764 1371 studium
795 1326 968 1389 tuum,
1002 1319 1367 1390 vigilantiam,
1403 1338 1589 1389 curas,
1621 1326 1836 1381 labores
1865 1343 2001 1397 quos
2028 1345 2125 1397 pro

526 1424 612 1464 vel
630 1410 758 1465 itate
780 1412 1078 1479 suscepisti
1102 1430 1115 1475 ;
1153 1414 1361 1485 tibique
1385 1415 1636 1487 ingentes
1659 1422 1864 1487 gratias
1892 1424 2122 1493 agimus,

525 1517 705 1571 neque
733 1502 1069 1559 mediocrem
1100 1507 1154 1559 in
1185 1514 1331 1561 tanta
1363 1508 1626 1579 degentes
1658 1512 1958 1569 solitudine
1989 1531 2122 1570 eon-

522 1596 852 1651 solationem
908 1599 1188 1654 haurimus
1214 1616 1280 1655 ex
1335 1609 1438 1653 tua:
1470 1600 1750 1656 cbaritatis
1807 1606 2029 1672 ardore,
2062 1626 2125 1665 ac

518 1692 877 1759 sinceritate;
907 1696 1061 1765 cujus
1095 1696 1223 1750 dum
1260 1696 1345 1749 hic
1379 1696 1684 1767 periculum
1720 1696 1972 1768 fecimus,
2002 1703 2123 1758 istic

517 1804 738 1860 quoque
768 1792 1036 1861 integram
1070 1794 1219 1847 illam
1253 1795 1437 1863 vigere
1461 1796 1840 1865 cognovimus,
1874 1812 1974 1852 nec
2007 1799 2121 1854 ullo

520 1883 684 1936 modo
715 1892 809 1938 aut
839 1887 1102 1955 temporis
1132 1887 1514 1954 diuturnitate,
1561 1897 1656 1943 aut
1687 1889 1903 1945 itineris
1931 1891 2120 1963 longi-

520 1974 727 2045 tudine,
756 1976 1094 2031 debilitatam
1126 1979 1314 2033 luisse.

600 2065 872 2146 Palladias
905 2070 1030 2146 (lict.
1068 2070 1132 2146 de
1152 2070 1285 2146 Vita
1314 2072 1374 2146 S.
1404 2071 1564 2146 Joan.
1602 2073 1811 2145 Chrys.,
1841 2093 1958 2146 cap.
1989 2077 2043 2142 4,

777 2141 900 2192 edit.
937 2140 1159 2194 Emerici
1191 2140 1411 2210 Bigou’i,
1442 2142 1668 2199 Parisiis
1704 2140 1863 2203 I080.

588 2230 721 2285 Cum
750 2232 911 2300 igitur
940 2242 1162 2290 sanctus
1189 2235 1447 2291 lEmilius
1470 2238 1769 2295 Beneventi
1800 2244 2114 2312 episc0pus,

516 2332 571 2379 et
601 2326 920 2397 Cythegius,
951 2338 1005 2383 et
1034 2328 1404 2397 GAUDENTlUS,
1437 2348 1543 2387 una
1585 2348 1705 2388 cum
1736 2334 2114 2390 Valentiniano

513 2427 568 2474 et
598 2418 874 2474 Bonil'acio
906 2424 1269 2494 presbyteris,
1304 2426 1649 2492 accepissent
1688 2428 1894 2481 litteras
1943 2430 2115 2497 impe-

514 2513 711 2565 ratoris
739 2512 986 2580 Honorii,
1011 2513 1338 2579 Initocentii,
1366 2524 1423 2570 et
1448 2516 1705 2572 Italorum
1733 2520 2112 2590 episcoporum

516 2602 819 2659 Chromatii
852 2608 1239 2676 Aquileiensis,
1285 2618 1339 2665 et
1385 2609 1604 2665 Venerii
1664 2612 2113 2679 Mediolanensis,

514 2704 678 2766 atque
729 2697 1001 2765 aliorum,
1062 2714 1165 2755 nec
1217 2716 1322 2753 non
1368 2702 1857 2757 Commonitorium
1911 2704 2114 2775 Synodi

517 2790 682 2843 totius
707 2789 1046 2860 Occidentis,
1081 2792 1297 2862 publica
1332 2794 1617 2851 cvectione
1655 2798 2113 2867 Constantinopo-

514 2882 608 2937 lim
641 2884 866 2951 proiecti
898 2893 1045 2938 sunt.

617 2975 842 3045 Ruﬁnus
864 2978 919 3030 in
952 2976 1117 3046 Prwf.
1154 2981 1222 3032 ad
1250 2981 1534 3034 versionem
1564 2980 1815 3035 librorum
1849 2982 2014 3037 Reco-

994 3050 1290 3120 gnitionum
1320 3052 1615 3107 Clementis.

584 3139 704 3194 Tibi
729 3142 973 3209 quidem,
1005 3140 1309 3212 GAUDENTI,
1343 3152 1657 3200 nostrormn
1704 3147 1872 3203 decus
1904 3148 2117 3220 insigne

514 3232 824 3300 doctorum,
858 3243 1037 3291 tantos
1067 3239 1270 3308 ingenii
1304 3239 1476 3308 vigor,
1510 3242 1677 3294 immo
1720 3250 1865 3297 tanta
1894 3245 2117 3314 spiritus

513 3332 687 3398 gratia
725 3339 828 3397 est,
861 3340 917 3385 ut
960 3332 1009 3386 si
1039 3333 1168 3402 quid
1202 3350 1232 3387 a
1274 3342 1325 3389 te
1375 3335 1535 3389 etiam
1578 3336 1880 3405 quotidiani
1914 3339 2116 3409 eloquii

514 3434 668 3475 more
699 3422 920 3490 dicitur,
958 3423 1006 3477 si
1039 3424 1169 3492 quid
1201 3425 1249 3477 in
1298 3426 1535 3481 ecclesia
1565 3429 1928 3495 declamator,
1976 3431 2029 3484 id
2062 3433 2115 3485 in

516 3514 678 3570 libris
723 3516 937 3586 haberi,
991 3526 1045 3572 et
1093 3518 1162 3573 ad
1213 3516 1637 3576 instructionem
1690 3523 1829 3577 tradi
1880 3525 2114 3592 posteris

516 3606 738 3663 debeat.

875 3704 1218 3777 Martyrolog.
1254 3708 1409 3762 Rom.
1439 3710 1511 3764 25
1543 3710 1725 3764 Octob.

585 3795 790 3851 Brixia
836 3800 1030 3854 natalis
1072 3800 1567 3857 sanctiGaunax‘rlt
1613 3803 1879 3874 episcopi,
1925 3803 2114 3859 erudi-

514 3889 685 3956 tione,
708 3897 763 3941 et
783 3893 1070 3945 sanctitate
1091 3895 1398 3963 οοιιερῐοιιί.

554 3978 869 4050 Rampertus
891 3984 944 4036 in
965 3982 1135 4039 Serm.
1167 3984 1232 4038 de
1257 3984 1524 4040 Translat.
1548 3987 1847 4056 Philastrii,
1879 4009 1993 4060 cap.
2021 3994 2073 4047 5.

588 4070 771 4128 Veluti
824 4075 875 4127 in
921 4075 1068 4129 edito
1116 4076 1385 4133 Sermone
1415 4096 1444 4133 a
1479 4083 1713 4149 prmsule
1769 4080 2108 4153 GAUDENTIO,

512 4165 639 4220 vitae
666 4166 881 4222 scilicet
907 4166 1206 4225 beatissimi
1240 4171 1515 4227 Philastrii
1560 4175 1858 4245 pontificis,
1895 4179 2109 4249 legitur.

1089 4262 1295 4319 Ibidem
1324 4285 1444 4339 cap.
1481 4267 1533 4323 9.

586 4354 753 4421 Cujus
785 4353 911 4409 vitae
938 4396 950 4420 ,
1002 4358 1415 4427 sanctitatisque
1444 4374 1568 4414 eum
1610 4364 1791 4431 sapuit
1819 4365 2113 4435 episcopus

515 4445 899 4512 Gaoosarws,
932 4464 1220 4504 successor
1271 4466 1431 4519 suos,
1463 4455 1551 4521 qui
1595 4470 1695 4523 per
1738 4457 2110 4525 quatordecim

512 4553 710 4607 annos,
753 4540 943 4594 forsan
977 4549 1033 4595 et
1062 4542 1205 4611 plus,
1235 4540 1380 4597 diem
1415 4545 1678 4600 transitus
1709 4546 1831 4615 ejus
1858 4547 2110 4604 feriatum

511 4631 764 4697 ducebat,
796 4633 997 4701 populo
1028 4634 1302 4702 siquidem
1331 4636 1399 4690 de
1429 4652 1497 4689 eo
1529 4653 1837 4693 sermonem
1862 4640 2112 4696 faciens?

514 4722 848 4805 Nicephoras
867 4723 1121 4805 Callislas
1146 4726 1236 4779 lib.
1260 4743 1354 4781 xm
1374 4727 1577 4805 Hister.
1606 4728 1843 4805 Eccles._,
1876 4751 1989 4805 cap.
2017 4735 2109 4803 ⁸55,

620 4798 744 4848 edit.
781 4794 958 4849 Paris.
987 4798 1147 4865 1650,
1174 4814 1235 4852 ea:
1264 4815 1458 4854 recens.
1492 4798 1777 4855 Frontonis
1809 4794 2007 4859 Ducazi.

582 4888 809 4958 Insuper
866 4892 1062 4960 synodi
1108 4892 1353 4959 decreto,
1402 4910 1523 4964 qua:
1574 4895 1803 4953 Joannis
1839 4913 2000 4954 causa
2055 4904 2108 4957 in

505 4979 664 5035 Italia
720 4988 907 5035 coacta
960 4982 1081 5046 fuit,
1132 4984 1188 5037 in
1239 5000 1432 5039 manus
1475 5001 1726 5057 recepto,
1778 4989 1873 5046 Dei
1919 5009 2109 5049 amans

511 5071 766 5127 Emilius
822 5073 1117 5129 Beneventi
1168 5077 1497 5147 episcopus,
1540 5080 1833 5152 Cathegius
1880 5084 2003 5155 (sic)
2052 5074 2189 5143 etD

510 5166 874 5231 GAUDEN'I'IUS,
901 5183 1025 5223 cum
1057 5170 1327 5235 Valentio,
1354 5181 1409 5228 et
1438 5174 1716 5231 Bonifacio
1745 5179 2101 5250 presbyzeris,

510 5257 686 5314 Roma
715 5260 1034 5331 Byzantium
1063 5264 1289 5331 proiecti
1317 5274 1463 5322 sunt.

528 5350 721 5408 Petrus
746 5353 974 5410 Crinitus
999 5354 1094 5410 lib.
1124 5371 1221 5411 vm
1246 5356 1595 5485 Corizntentar.
1621 5362 1684 5417 de
1707 5362 1834 5419 han.
1862 5365 2099 5438 discipl.,

1198 5445 1316 5485 can.
1392 5470 1406 5483 .

1198 5445 1316 5498 cap.
1354 5445 1377 5485 ι
1392 5470 1406 5483 .

577 5516 656 5570 Ex
688 5527 889 5572 nostris
914 5516 1304 5587 Tertullianus,
1331 5520 1594 5589 Hilarius,
1631 5524 1956 5596 Cyprianus,
1988 5530 2099 5584 Au-

500 5607 769 5673 gustinus,
818 5607 1206 5681 Hieronymus,
1240 5609 1495 5680 Ruﬁnus,
1552 5615 1899 5686 Ambrosius,
1950 5617 2099 5676 GAU-

499 5708 761 5765 nrmus;
794 5717 917 5757 nam
961 5701 1154 5759 horum
1188 5705 1405 5776 quidem
1447 5704 1838 5766 Commentarii
1868 5713 2101 5783 perinde

497 5788 627 5845 mihi
654 5800 819 5861 atque
842 5796 1082 5855 thesauri
1115 5800 1288 5856 videri
1319 5800 1519 5870 solent,
1556 5804 1610 5859 in
1643 5806 1841 5875 quibus
1870 5816 1979 5865 tam
2016 5825 2100 5865 va-

2231 981 2330 1045 ria,
2364 990 2469 1034 tam
2502 982 2785 1051 multiplex
2817 983 3086 1040 doctrinae
3123 1002 3427 1059 rerumque
3456 992 3705 1047 omnium
3737 1009 3827 1050 co-

2226 1079 2396 1147 gnitio
2419 1086 2599 1141 est,ut
2622 1082 2933 1135 universam
2961 1097 3130 1153 prope
3151 1084 3556 1155 antiquitaLem,
3577 1088 3830 1160 legesque

2228 1186 2443 1239 omnes,
2477 1181 2531 1228 et
2558 1174 2914 1243 philosophia:
2942 1176 3140 1242 placita
3172 1180 3519 1236 contineant.

2284 1325 2289 1330 _
2513 1264 2662 1319 Elia:
2690 1265 2979 1333 Capreolus
3011 1270 3100 1322 lib.
3135 1286 3172 1324 ιι
3210 1269 3351 1326 Hist.
3388 1271 3541 1328 Brix.

2299 1355 2650 1413 Gauoearws
2701 1360 2967 1413 continuo
3031 1370 3153 1430 post
3216 1363 3572 1419 Philastrium
3635 1368 3829 1436 praesul

2229 1458 2435 1512 noster,
2468 1466 2574 1518 qua
2615 1450 2887 1516 doClrina,
2929 1453 3126 1519 quibus
3155 1455 3432 1519 consiliis,
3467 1467 3523 1512 et
3566 1460 3829 1527 gravitate

2227 1542 2501 1611 polluerit,
2526 1558 2591 1598 ex
2617 1546 2731 1614 ejus
2761 1546 2829 1601 de
2867 1546 3165 1604 Philastrio
3193 1549 3446 1606 oratione
3474 1552 3561 1607 vel
3596 1554 3830 1609 maxime

2229 1636 2459 1707 intelligi
2490 1646 2686 1706 potest.

2456 1730 2700 1801 Aloysius
2733 1731 3051 1804 Lipomanus
3076 1735 3129 1788 in
3155 1734 3323 1807 Praef.
3359 1746 3489 1791 (om.
3520 1738 3613 1793 IV.

2298 1822 2352 1876 Si
2383 1824 2464 1876 vis
2494 1823 2636 1879 scire
2662 1826 2787 1894 quis
2816 1826 2975 1879 fuerit
3005 1826 3359 1883 GAUDBNTIUS
3392 1830 3689 1900 episcopus
3717 1831 3830 1886 Bri-

2226 1914 2451 1981 xiensis,
2484 1924 2538 1970 et
2566 1927 2780 1986 quanta:
2815 1918 2867 1972 in
2904 1919 3146 1975 Ecclesia
3195 1924 3565 1989 auctoritatis,
3595 1931 3651 1978 et
3683 1940 3828 1980 reve-

2226 2010 2435 2075 rentize,
2465 2027 2529 2064 ex
2574 2012 2693 2077 ejus
2718 2013 2938 2081 scriptis
2967 2014 3125 2069 facile
3168 2031 3557 2085 recognosces.
3597 2019 3830 2087 Tempo-

2223 2102 2373 2156 ribus
2411 2104 2555 2157 enim
2594 2107 2651 2157 ι).
2688 2105 2957 2161 Ambrosii
3012 2106 3220 2173 ﬂoruit,
3273 2117 3329 2163 et
3382 2113 3625 2179 ipsomet
3671 2119 3825 2180 teste,

2222 2208 2511 2250 successor
2556 2195 2655 2250 fuit
2693 2196 2969 2253 Philastrii
3002 2201 3244 2271 episcojii
3276 2216 3495 2272 magna:
3525 2204 3829 2258 sanctitatis

2149 2299 2196 2359 Β
2222 2292 2345 2351 viri.
2374 2293 2464 2362 qni
2496 2293 2558 2347 Ι).
2591 2293 2875 2363 Augustini
2925 2304 3168 2367 tempora
3201 2301 3514 2369 pra:ces.~it.
3548 2310 3605 2356 et
3634 2302 3825 2359 librum

2220 2382 2289 2438 de
2332 2385 2642 2440 ll.u.-resibus
2674 2389 2911 2457 scripsit.
2951 2389 3309 2461 Synchronus
3336 2396 3503 2448 etiam
3540 2393 3640 2447 fuit
3682 2394 3825 2450 Gau-

2220 2493 2443 2533 nr-m'rws
2476 2479 2720 2535 Benivoli
2763 2484 3099 2538 sanctissimi
3132 2487 3269 2555 viri,
3325 2499 3434 2541 tam
3465 2489 3517 2542 in
3549 2488 3825 2545 Ecclesia-

2220 2570 2375 2634 s.ica,
2411 2586 2575 2639 quam
2609 2573 2658 2625 in
2692 2572 2988 2642 Tripartita
3023 2576 3259 2631 llisioria
3284 2579 3733 2645 celebratissimi,
3764 2582 3825 2636 ad

2219 2677 2381 2731 quem
2411 2666 2574 2719 etiam
2607 2666 2858 2736 quaedam
2885 2686 2980 2723 sua
3003 2672 3205 2740 scripta
3237 2672 3446 2737 dirigit.

2615 2757 2926 2815 Possevinns
2956 2762 3007 2814 in
3030 2762 3229 2834 Appar.
3266 2764 3421 2819 Sacr.

2294 2847 2586 2904 GAUDENTII
2620 2851 2925 2909 Brixieusis
2947 2857 3213 2925 episcopi,
3246 2862 3339 2927 qui
3375 2858 3678 2915 Philastrio
3703 2876 3825 2915 suc-

2221 2945 2412 3008 cessit,
2436 2960 2602 3015 opera
2629 2944 2687 2999 D.
2722 2946 3025 3012 Ambrosii,
3058 2949 3216 3019 cujus
3255 2958 3416 3005 aetate
3444 2952 3608 3021 vixit,
3631 2955 3829 3025 quique

2220 3033 2276 3087 in
2302 3033 2702 3105 Cappadociam
2730 3038 2837 3093 iter
2858 3040 3121 3109 suscepit,
3154 3048 3211 3094 ut
3238 3042 3500 3111 reliquias
3526 3057 3826 3116 martyrum

2224 3126 2348 3180 inde
2398 3128 2715 3197 adveheret,
2769 3142 2825 3186 et
2874 3148 3032 3187 suum
3062 3131 3251 3206 [Forte
3296 3150 3453 3190 suam
3500 3138 3826 3211 Ecclesiam]

2223 3220 2431 3276 eisdem
2480 3224 2723 3293 reliquiis
2753 3227 3093 3291 nobilitaret,
3122 3239 3302 3284 exstat
3350 3233 3532 3286 oratio
3562 3234 3746 3289 habita
3776 3235 3826 3289 in

2222 3313 2563 3370 dedication:-
2586 3318 2849 3387 basilicar,
2877 3322 2965 3376 uhI
2985 3321 3054 3377 de
3080 3323 3269 3377 iisdem
3291 3327 3631 3397 martyribus
3657 3329 3826 3395 plura.

2222 3406 2451 3461 Exstant
2501 3408 2626 3463 item
2670 3418 2954 3477 tractatus,
2989 3430 3085 3468 seu
3118 3431 3429 3481 sermones,
3477 3419 3683 3487 quibus
3725 3420 3827 3475 uti-

2222 3498 2351 3566 lem,
2384 3511 2437 3555 et
2470 3501 2613 3555 lecto
2642 3504 2861 3574 dignam
2895 3507 3267 3575 pra-lationem
3301 3510 3587 3580 ascripsit.

2577 3591 2836 3649 Baronius
2860 3597 2927 3650 ad
2958 3599 3019 3651 Α.
3052 3596 3113 3653 C.
3143 3598 3272 3663 386,
3305 3617 3359 3655 η.
3398 3602 3448 3655 7.

2140 3688 2186 3751 ο
2293 3682 2661 3750 Ολυυειιτιιιε,
2719 3687 2859 3742 haud
2914 3690 3123 3758 pridem
3177 3691 3439 3748 defuncto
3485 3695 3824 3767 Philastrio,

2227 3792 2388 3845 quem
2420 3778 2645 3832 vidimus
2675 3781 2991 3837 interfuisse
3018 3799 3140 3838 cum
3164 3785 3460 3842 Ambrosio
3491 3792 3825 3859 Aquileiensi

2224 3869 2480 3935 concilio,
2517 3870 2569 3925 in
2601 3873 2783 3927 locum
2813 3875 2932 3944 ejus
2963 3878 3291 3947 subrogatus
3320 3888 3427 3946 est,
3470 3882 3607 3940 licet
3635 3886 3824 3940 imma-

2226 3968 2341 4015 tura
2372 3970 2553 4030 rotate,
2584 3965 2679 4020 sed
2706 3978 2969 4035 praestans
2998 3970 3270 4037 doctrina,
3294 3984 3458 4045 atque
3493 3979 3821 4036 virtutibus:

2223 4069 2408 4109 verum
2439 4058 2605 4125 quali,
2635 4069 2907 4127 quantave
2937 4064 3177 4119 adhibita
3209 4066 3279 4129 vi,
3312 4069 3432 4136 ipse
3479 4072 3727 4128 declarat
3774 4075 3822 4127 in

2222 4149 2504 4206 Sermonis
2549 4154 2787 4210 exordio
2817 4172 2979 4226 quem
3030 4157 3099 4213 de
3139 4173 3237 4213 sua
3285 4159 3655 4222 Ordinatione
3704 4176 3824 4221 tunc

2221 4243 2425 4298 habuit.

2621 4338 2774 4395 Idem
2798 4343 2867 4395 ad
2895 4344 2957 4398 Α.
2993 4344 3052 4400 C.
3081 4346 3417 4411 451,η.16.

2290 4426 2537 4483 Fuerunt
2560 4446 2692 4486 sane
2717 4434 2875 4488 iidem
2906 4435 3425 4495 ﬂorentissimarum
3451 4443 3821 4502 Ecclesiarum

2217 4521 2544 4577 antistites:
2600 4540 2827 4593 quarum
2884 4528 3135 4584 Brixiana
3202 4532 3485 4591 nobilitata
3560 4541 3822 4610 sanguine

2217 4621 2540 4684 martyrum,
2596 4619 2799 4675 sanc.‘is
2846 4636 3061 4691 quoque
3110 4625 3437 4695 episc0pis,
3498 4629 3816 4700 Philastrio,

2216 4703 2554 4774 Gaunaa'no,
2584 4720 2639 4764 et
2668 4711 2791 4766 aliis
2824 4714 3073 4783 pluribus
3103 4718 3435 4777 illustratur.

2570 4820 2922 4880 Bellarminus
2939 4829 3000 4881 de
3023 4829 3218 4903 Script.
3244 4833 3445 4890 Eccles.

2285 4931 2651 5001 GAUDENTIUS,
2706 4952 3002 4995 successor
3056 4943 3333 5000 Philastrii
3394 4949 3447 5003 in
3499 4952 3815 5024 episc0patu

2217 5024 2433 5090 Brixiae,
2462 5027 2681 5096 scripsit
2711 5032 3036 5089 utilissimos
3059 5043 3324 5094 tractatus
3354 5043 3423 5098 de
3466 5045 3637 5100 variis
3662 5062 3815 5118 argu-

2215 5119 2432 5183 mentis,
2459 5120 2550 5187 qui
2576 5132 2811 5176 exstant.

2354 5232 2587 5288 Labbeus
2618 5237 2683 5289 de
2713 5237 2907 5310 Script.
2935 5240 3085 5297 Eccl.
3120 5254 3243 5298 tam.
3278 5245 3297 5299 I
3325 5290 3340 5315 ,
3375 5266 3499 5323 pag.
3536 5254 3667 5310 557.

2280 5346 2655 5419 ϐΑυιεατιυε,
2696 5353 2977 5412 Philastrii
3008 5360 3061 5413 in
3097 5361 3356 5419 Brixiano
3386 5370 3717 5443 episcopatu
3748 5376 3810 5431 ab

2208 5455 2351 5495 anno
2378 5443 2482 5498 587
2509 5460 2798 5503 successor
2824 5466 2997 5517 usque
3024 5453 3089 5508 ad
3121 5455 3274 5511 initia
3298 5463 3486 5516 saaculi
3515 5469 3717 5537 quinti,
3760 5481 3810 5526 et

2208 5547 2409 5588 annum
2440 5539 2522 5591 vel
2549 5538 2680 5603 410,
2728 5551 2785 5595 ut
2813 5543 3057 5611 quidam,
3090 5548 3173 5602 vel
3218 5549 3344 5618 427,
3382 5568 3651 5624 quantum
3683 5565 3803 5630 qui-

2206 5625 2329 5679 dem
2357 5642 2424 5680 ex
2442 5630 2561 5695 ejus
2593 5638 2928 5689 successoris
2958 5634 3114 5694 Pauli
3156 5640 3329 5698 initiis
3358 5645 3525 5702 datur
3554 5625 3802 5728 intelligi,

2203 5733 2362 5787 quem
2406 5719 2789 5781 Ferdinandus
2834 5725 3099 5798 Ughellus
3147 5743 3282 5790 tom.
3334 5736 3401 5792 ιν
3430 5739 3605 5799 Italia:
3636 5719 3802 5806 sacrm

2203 5810 2364 5867 docet
2404 5813 2769 5885 episcopalem
2816 5818 3137 5889 dignitatem
3190 5826 3444 5899 adeptum
3477 5849 3626 5895 anno
3669 5834 3794 5897 427.
