4070 6346
235 367 340 424 825

1329 351 1756 409 ΤΕΒΊῚΜΟΝΙΑ
1801 349 1889 407 DE
1939 351 1999 407 S.
2042 350 2463 408 GAUDENTIO.

3428 347 3535 404 826

235 452 586 538 OAUDESTIUS
643 492 774 532 vero
817 473 952 530 obiit
999 473 1089 528 die
1137 469 1212 527 25
1252 467 1531 536 Octobris,
1583 467 1836 524 conditus
1862 467 2089 534 AObiit
2117 478 2298 524 autem
2328 468 2661 525 Philastrius
2682 482 2830 525 anno
2853 469 2960 526 387
3012 486 3026 526 :
3065 467 3211 525 unde
3239 466 3538 526 Gsuueu'rtt

234 574 434 630 Brixia.-
466 573 518 626 in
555 571 782 626 Basilica
813 567 988 624 sancti
1021 565 1254 622 Joannis
1283 563 1670 634 Ettangelistte.

392 661 656 734 Caspard.
688 659 936 714 Barthius
964 658 1050 715 lib.
1081 656 1447 712 xvadt-ers.
1478 671 1596 724 cap.
1625 655 1681 708 1.

307 759 610 815 Gsuneu'm
648 756 932 811 Tractatus
979 754 1033 809 in
1063 752 1313 808 Exodum
1370 750 1656 821 perSpicue
1700 748 1833 805 boni

237 861 381 908 sunt.

240 943 611 1000 Ferdinandus
627 939 879 1013 Ughellus
905 937 1140 1066 toriuslavs
1156 934 1284 990 Ital.
1316 934 1469 1002 Sac.,
1501 933 1647 990 Erlit.
1675 933 1829 1001 Ven.,

904 1027 962 1065 co
989 1051 1003 1065 .
1148 1049 1161 1062 .

904 1027 1003 1065 σοι.
1034 1027 1161 1065 376.

307 1108 613 1178 Satagente
642 1106 844 1161 deinde
867 1105 1162 1161 Ambrosio
1193 1101 1685 1158 Mediolanensium
1719 1115 1839 1155 san-

237 1197 484 1256 ctissimo
516 1199 750 1269 prmsule
779 1195 1068 1268 (Brixiani)
1096 1196 1162 1249 ad
1194 1193 1338 1248 hanc
1367 1191 1558 1247 sedem
1588 1191 1836 1260 (Brixia-

237 1309 354 1347 nam
379 1292 602 1362 scilicet)
633 1306 934 1361 provexere
959 1297 1212 1344 sanctum
1247 1287 1626 1352 GAUDENTIUII,
1652 1285 1835 1342 adhuc

237 1384 487 1443 ﬂorentis
519 1384 729 1449 astatis,
764 1397 906 1438 anno
935 1381 1041 1439 385
1071 1381 1124 1436 in
1156 1381 1386 1435 Oriente
1428 1379 1492 1432 ad
1525 1391 1679 1432 sacra
1713 1379 1830 1434 loca

236 1477 718 1550 peregrinantem;
751 1477 1028 1543 doctrina,
1057 1489 1123 1530 ac
1150 1472 1448 1529 sanctitate
1485 1471 1664 1529 virum
1695 1471 1832 1526 insi-

234 1586 418 1643 gnem.

238 1661 518 1732 Philippus
577 1659 858 1716 Ferrarius
904 1661 959 1715 in
986 1659 1154 1716 Cata‘l.
1193 1659 1302 1717 SS.
1335 1658 1468 1714 Ital.
1510 1659 1582 1715 25
1616 1657 1827 1714 Octobr.

305 1754 676 1820 GAUDBN'I'IUS,
705 1756 762 1810 S.
800 1753 1075 1808 Philastrii
1109 1751 1416 1822 discipulus
1439 1760 1493 1806 et
1518 1766 1825 1817 successor,

231 1846 447 1917 juvenis
493 1846 563 1902 ad
609 1847 987 1916 episcopatum
1034 1846 1398 1908 Brixiensem,
1435 1846 1719 1900 etinvitns
1742 1860 1830 1898 as-
1863 1884 1909 1944 Β

235 1956 486 2012 sumptus
517 1952 630 2009 est;
665 1959 694 1997 a
717 1942 774 1998 S.
808 1942 1099 1996 Ambrosio
1116 1942 1379 2011 episcopo
1409 1939 1825 2006 Mediolanensi,

237 2036 321 2090 cui
353 2035 816 2090 latniliariSsimus
847 2047 986 2101 erat,
1021 2047 1395 2090 consecratus.
1439 2035 1485 2088 ls
1515 2033 1568 2087 in
1599 2034 1833 2088 Palaesti-

236 2144 360 2183 nam
392 2132 794 2198 peregrinatus,
821 2129 1007 2183 multis
1024 2138 1079 2183 et
1109 2129 1387 2198 praeclaris
1409 2127 1656 2197 reliquiis
1677 2139 1829 2181 suam

232 2221 426 2277 ditavu
449 2222 774 2283 Ecclesium,
806 2237 1034 2292 quarum
1057 2232 1266 2293 partem
1286 2237 1349 2276 ex
1376 2220 1686 2284 Palaestina,
1716 2235 1833 2288 par-

232 2323 343 2371 tem
377 2331 508 2370 vero
533 2331 597 2370 ex
631 2314 882 2370 Caesarea
905 2315 1266 2385 Cappadocia:
1296 2331 1324 2368 a
1356 2315 1416 2369 S.
1454 2311 1632 2366 Basilii
1660 2313 1832 2383 nepti-

235 2409 336 2464 bus
370 2410 726 2472 m0nialibus,
755 2412 892 2466 alias
913 2409 1087 2464 Roma
1107 2449 1122 2476 ,
1153 2409 1288 2462 alias
1327 2407 1633 2462 Mediolano
1678 2420 1833 2460 acce-

233 2503 334 2574 pit.
393 2503 558 2558 Plura
616 2504 878 2570 scripsit,
932 2502 1184 2557 doctrinm
1226 2503 1369 2556 enim
1411 2500 1706 2564 exeelluit,
1764 2513 1832 2554 ex

231 2597 428 2666 quibus
455 2596 639 2667 aliqua
666 2597 718 2650 in
746 2596 1091 2651 Biblimlteca
1125 2597 1346 2650 Patrqu
1372 2594 1660 2666 lrguntur,
1693 2593 1828 2648 insi-

231 2703 394 2760 gnem
429 2690 574 2743 illius
599 2689 968 2744 eruditionem
1002 2689 1279 2744 testantia.

378 2781 634 2836 Aubettus
664 2780 878 2836 Mimas
911 2783 962 2835 in
993 2782 1207 2836 Auctor.
1239 2782 1302 2836 de
1332 2781 1531 2852 Script.
1562 2779 1713 2835 Eccl.

303 2877 675 2944 GAUDEN’I'IIJS,
714 2878 1011 2934 Brixiensis
1037 2878 1088 2932 in
1126 2877 1276 2932 Italia
1302 2880 1616 2948 episcotius,
1650 2875 1831 2931 Phila-

231 2971 368 3026 strio
399 2971 491 3026 illa
525 2975 575 3026 in
607 2972 872 3027 cathedra
913 2973 1177 3027 suffectus
1199 2981 1304 3040 est,
1338 2981 1667 3043 procurante
1694 2972 1828 3026 Am-

233 3063 421 3119 hrOsio
443 3067 706 3135 episcOpo
743 3065 1136 3120 Mediolanensi
1164 3106 1180 3132 ,
1231 3075 1287 3119 ut
1332 3065 1446 3135 ipse
1485 3063 1830 3120 GAUDENTIUS

235 3163 464 3210 testatur
521 3157 574 3208 in
625 3169 884 3211 sermone
925 3173 1086 3226 quem
1118 3157 1184 3212 de
1214 3156 1559 3211 ordinatione
1601 3171 1697 3210 sua
1731 3157 1827 3208 ha-

237 3247 374 3302 buit.
409 3249 482 3303 lle
512 3249 961 3319 peregrinatione
994 3250 1046 3303 in
1079 3249 1359 3305 Orientem
1408 3268 1436 3303 a
1484 3265 1544 3305 se
1573 3261 1826 3319 suscepta
1856 3273 1900 3335 ρ

234 3341 375 3396 idem
404 3341 522 3411 ipse
545 3344 657 3412 agit.
688 3344 740 3396 in
768 3356 1026 3396 sermone
1069 3342 1137 3397 de
1165 3341 1514 3397 dedicatione
1557 3342 1828 3396 ecclesiae.

214 3433 465 3502 Scripsit
491 3442 762 3488 tractatus
791 3437 973 3490 varios
1001 3451 1140 3505 quos
1195 3435 1560 3489 Bellarmiuus
1589 3433 1643 3488 in
1671 3434 1832 3489 Cata-

233 3527 354 3595 logo
382 3534 668 3593 recenset;
713 3536 1045 3598 exstantque
1088 3527 1141 3582 in
1185 3527 1521 3583 Bibliotheca
1578 3536 1827 3582 veterum

230 3615 448 3674 Patrum
459 3660 473 3675 .

299 3712 534 3769 Joannes
563 3712 862 3768 Cardinalis
893 3714 1047 3840 genia
1075 3713 1318 3840 irzPrtef.
1359 3716 1449 3772 lib.
1487 3719 1552 3773 de
1584 3719 1759 3776 divina

945 3805 1000 3840 δι’
1028 3804 1110 3840 mo
1156 3826 1169 3840 ο

945 3804 1169 3841 summa.

299 3878 667 3945 GAUDENTIUS,
697 3880 988 3952 episc0pos
1018 3881 1341 3954 Brisiensis,
1378 3882 1600 3952 pietate,
1652 3896 1701 3940 et
1737 3901 1852 3941 sa--

226 3970 429 4042 pientia
457 3973 716 4027 illustris.

441 4069 575 4121 Acta
611 4065 720 4122 SS.
775 4067 842 4124 10
864 4069 1068 4138 Martii,
1094 4088 1218 4144 pag.
1247 4071 1393 4144 M,§
1426 4073 1470 4137 Ι,
1503 4090 1558 4126 η.
1585 4074 1640 4126 7.

299 4161 448 4218 Inter
494 4162 834 4232 antiquiores
863 4162 1054 4220 Patres
1109 4165 1334 4220 Latinos
1363 4165 1545 4218 floruit
1594 4163 1655 4219 S.
1684 4163 1831 4219 Gsu-

229 4269 483 4319 DENTIUS,
511 4263 794 4324 satagente
825 4253 884 4310 S.
933 4258 1224 4312 Ambrosio
1255 4258 1547 4326 cpiscOpus
1578 4257 1831 4310 Brixien-

228 4347 304 4401 sis
351 4347 500 4400 circa
553 4361 758 4399 annum
809 4348 915 4400 585
963 4356 1184 4404 creatus
1217 4369 1231 4402 :
1263 4350 1407 4404 inter
1447 4348 1604 4418 cujus
1654 4347 1829 4417 Opera

228 4449 410 4492 exstat
435 4437 663 4492 humilia
689 4437 758 4493 de
780 4441 986 4495 sanctis
1009 4458 1078 4496 χι
1111 4444 1445 4516 martyribus
1467 4484 1480 4507 ,
1529 4443 1710 4498 habita
1744 4443 1833 4498 die

228 4529 596 4585 dedicationis
622 4529 862 4585 basilica:
891 4532 958 4585 ad
985 4531 1252 4589 honorem
1308 4534 1526 4588 illotum
1561 4551 1591 4587 a
1621 4549 1682 4589 se
1713 4549 1834 4588 ere-

229 4631 352 4679 ctae.
385 4623 677 4678 Betexitur
697 4623 766 4678 ab
787 4639 855 4679 eo
881 4624 1113 4680 historia
1155 4627 1424 4699 martyrii,
1456 4626 1835 4694 indicaturquc

227 4719 446 4773 occasio
495 4717 856 4788 reliquiarum
889 4718 961 4774 ab
991 4735 1051 4774 se
1082 4735 1146 4774 ex
1173 4721 1402 4776 Oriente
1441 4723 1508 4776 ad
1549 4737 1699 4776 suam
1733 4721 1836 4777 Ec-

226 4809 447 4865 clesium
481 4810 810 4880 delatarttm,
843 4827 1007 4882 quam
1041 4813 1241 4869 saltem
1273 4823 1479 4883 partem
1522 4831 1649 4870 mox
1705 4831 1834 4885 pro-

227 4901 490 4959 feremus.
524 4903 586 4958 lu
615 4903 736 4958 aliis
773 4915 1027 4960 sanctum
1078 4906 1348 4963 Basiliam
1397 4908 1574 4964 ferme
1618 4919 1836 4965 secutus

225 5005 333 5052 est.

263 5086 529 5143 Gerardus
550 5087 712 5143 Joan.
735 5088 947 5146 Vossius
976 5092 1068 5146 lib.
1097 5093 1130 5147 3
1153 5093 1217 5146 de
1245 5093 1390 5147 Hist.
1419 5092 1567 5161 Lat.,
1600 5111 1715 5167 cap.
1742 5095 1799 5150 2.

297 5183 673 5250 GAUDENTIUS,
707 5183 1014 5242 Brixiensis
1043 5188 1357 5258 episcopus,
1388 5189 1673 5244 memoriae
1699 5205 1828 5259 pro-

226 5277 372 5333 didit
399 5276 570 5332 vitam
597 5277 656 5332 S.
686 5275 966 5335 Philastrii
986 5321 1003 5346 ,
1035 5281 1122 5334 cui
1154 5292 1502 5336 successerat
1535 5281 1588 5336 in
1619 5283 1834 5350 episco-

228 5383 375 5443 patu.
409 5372 590 5434 l-labes
617 5387 739 5428 eam
767 5373 912 5443 apud
940 5374 1162 5431 Sttrium
1196 5385 1330 5430 tom.
1354 5374 1442 5441 lV,
1461 5375 1550 5430 die
1585 5375 1652 5430 18
1672 5374 1828 5430 Julii.

302 5523 327 5550 ⁸
359 5515 440 5568 An
475 5527 504 5566 a
532 5512 715 5569 Caveo
743 5525 894 5570 recte
921 5513 1029 5568 hoc
1051 5513 1157 5568 dici
1183 5513 1458 5581 potuerit,
1491 5513 1624 5568 satis
1674 5513 1834 5567 colli-

226 5585 376 5657 gitur
403 5600 473 5642 ex
501 5583 757 5642 Veterum
790 5585 1390 5655 testimoniis,.luannis
1415 5584 1826 5657 Chrysostomi,

1939 571 2072 616 tetas
2096 561 2228 616 satis
2252 570 2424 632 patet.

1942 698 2150 755 Natalis
2178 698 2476 755 Alexander
2505 699 2698 757 Select.
2725 699 2869 756 Hist.
2898 699 3044 755 Eccl.
3071 698 3192 755 Sec.
3225 714 3298 766 tv,
3323 713 3444 769 cap.
3475 696 3531 764 6,

2623 781 2726 827 art.
2750 773 2843 828 54.

2008 889 2386 954 (iaceamus,
2437 888 2727 945 Philastrii
2778 889 2831 944 in
2881 887 3151 943 Brixiensi
3213 887 3537 957 episcopatu

1938 998 2250 1049 successor,
2277 984 2346 1038 ab
2374 997 2518 1038 anno
2541 984 2644 1039 387
2674 999 2849 1053 usque
2871 981 2938 1037 ad
2975 979 3124 1036 initia
3153 980 3342 1037 saeculi
3363 980 3542 1050 quinti

1937 1074 2139 1130 floruit.
2177 1075 2368 1130 Plures
2394 1083 2697 1144 tractatus,
2755 1091 2854 1132 seu
2881 1089 3188 1139 sermones,
3222 1073 3411 1129 habuit
3441 1089 3539 1128 va-

1936 1169 2031 1223 riis
2061 1167 2130 1222 dc
2160 1169 2519 1238 argumentis,
2550 1169 2642 1239 qui
2666 1177 2884 1224 exstant
2920 1169 2973 1223 in
3016 1166 3376 1222 Bibliotltecis
3427 1165 3532 1222 Pa-

1938 1271 2104 1317 trum.

2009 1378 2312 1434 Guilielmus
2337 1378 2532 1434 Caveas
2566 1378 2776 1506 HiSstor.
2808 1377 2992 1432 Litter.
3029 1375 3230 1432 Eccles.
3268 1375 3480 1464 Script.

2668 1467 2746 1505 ec.
2781 1466 2854 1505 tv.

2668 1467 2746 1505 ec.
2781 1466 2854 1505 IV.

2007 1563 2376 1625 GAUDENTIUS,
2412 1561 2569 1631 cuius
2597 1569 2694 1616 aut
2719 1561 2892 1628 nulla,
2924 1570 3018 1616 aut
3071 1575 3195 1616 rara
3249 1559 3542 1617 admodum

1934 1658 2076 1728 apud
2111 1656 2340 1711 Veteres
2372 1653 2636 1710 memoria
2655 1663 2706 1719 ιι,
2745 1653 2874 1709 dum
2904 1633 3215 1725 provincias
3237 1654 3548 1710 Orientales

1934 1749 2216 1821 religionis
2246 1763 2377 1818 ergo
2409 1755 2750 1818 peragraret,
2785 1754 2840 1800 et
2861 1748 3009 1801 circa
3041 1761 3242 1801 annum
3275 1747 3379 1802 387
3420 1743 3544 1801 Cte-

1935 1860 2108 1899 sareae
2131 1841 2501 1911 Cappadociae
2533 1841 2794 1908 Intererat,
2823 1849 3042 1894 mortuo
3076 1840 3286 1894 interea
3337 1849 3551 1909 tempo-

1938 1936 2012 1990 ris
2056 1933 2344 1989 Pbilastrio
2401 1931 2601 1986 Brixiae
2649 1931 2949 2001 episcotto,
2995 1930 3045 1985 ei
3108 1930 3176 1985 ab
3231 1929 3546 1994 Ambrosio,

1935 2031 2166 2099 aliisque
2209 2027 2505 2100 provinciae
2549 2025 2849 2095 Cisalpina:
2891 2025 3171 2095 episcopis
3197 2069 3212 2094 ,
3258 2038 3550 2081 successor

1933 2123 2131 2178 absens
2157 2121 2508 2190 designatur;
2545 2133 2684 2173 neve
2710 2117 2912 2172 electio
2940 2117 3172 2186 alicujus
3221 2118 3412 2172 fraude
3457 2117 3543 2172 in-

1933 2229 2147 2269 cassum
2179 2214 2419 2278 cederet,
2444 2211 2788 2280 singulorum
2808 2208 3130 2279 joramento
3158 2212 3542 2264 confirmatur.

1933 2307 2176 2375 Cumque
2210 2305 2327 2359 haec
2355 2303 2595 2358 audisset
2625 2300 2997 2366 Gsuneurws,
3034 2301 3163 2356 etin
3187 2299 3543 2356 Occidentem

1933 2399 2168 2454 reditum
2197 2397 2552 2460 detrectaret,
2579 2394 2742 2449 missa
2769 2402 2854 2447 est
2882 2392 2951 2446 ab
2975 2391 3249 2463 episcopis
3268 2394 3335 2447 ad
3361 2393 3536 2464 ipsum

1932 2490 2156 2562 legatio,
2190 2500 2246 2545 et
2273 2490 2340 2544 ad
2371 2487 2619 2543 Orientis
2647 2488 2811 2542 etiam
2847 2484 3136 2540 Antistites
3161 2525 3176 2551 ,
3232 2500 3337 2553 qua
3383 2501 3540 2556 roga-

1935 2597 2061 2641 runt
2092 2595 2150 2640 ut
2182 2585 2508 2638 renitentem
2535 2579 2740 2636 reverti
2785 2578 3142 2634 GAUDENTIUI
3194 2576 3539 2632 ecclesiasti-

1935 2679 2014 2736 cis
2045 2679 2301 2734 censuris
2331 2674 2755 2745 compellerent.
2792 2669 3020 2725 Factum
3075 2668 3162 2734 id;
3199 2678 3540 2739 coactusque

1935 2775 2114 2830 redire
2139 2771 2518 2835 GAUDENTIUS,
2578 2774 2892 2820 sanctorum
2939 2778 3006 2817 χι
3045 2770 3347 2832 martyrum
3401 2759 3535 2816 reli-

1933 2870 2112 2939 quias,
2144 2881 2174 2921 a
2203 2867 2376 2921 sacris
2408 2862 2719 2933 virginibus
2747 2857 2805 2915 S.
2839 2857 3024 2912 Basilii
3057 2855 3310 2925 neptibus
3343 2854 3534 2910 Cmsa-

1934 2975 2042 3015 rea:
2072 2959 2360 3027 agentibus
2391 2963 2673 3024 acceptas,
2699 2966 2888 3006 secum
2923 2949 3156 3013 detulit,
3191 2955 3246 3002 ct
3277 2947 3537 3002 Ecclesia:

1935 3052 2206 3107 Brixiaoa:
2247 3052 2491 3118 regimen
2526 3047 2790 3115 suscepit.
2827 3047 2985 3098 Anno
3011 3040 3150 3105 405,
3183 3039 3380 3111 synodi
3420 3038 3532 3091 Bo-

1935 3159 2132 3212 manae,
2148 3153 2202 3198 et
2218 3142 2442 3198 Honorii
2465 3138 2816 3209 imperatoris
2833 3137 3059 3190 nomine
3075 3135 3405 3204 legationem
3426 3146 3533 3186 una

1933 3253 2056 3292 cum
2085 3235 2208 3291 aliis
2235 3234 2564 3304 quibusdam
2597 3232 2874 3304 episeopis
2906 3228 3112 3284 obiisse
3162 3227 3413 3291 videtur,
3477 3234 3539 3280 ut

1935 3331 2228 3387 Arcadium
2259 3331 2651 3399 imperatorem
2693 3325 3093 3397 Cbrysostomo
3124 3322 3534 3389 subinfensum,

1933 3425 2268 3497 pacatiorem
2302 3422 2582 3479 redderet.
2615 3421 2732 3490 Quo
2764 3434 2910 3474 attno
2934 3433 2965 3473 e
2993 3415 3132 3471 vivis
3185 3424 3414 3486 ereptus
3438 3415 3534 3480 sit,

1933 3534 2124 3592 parum
2163 3518 2352 3590 liquet.

2003 3613 2175 3669 Non.
2213 3613 2406 3679 Quanti
2434 3620 2609 3665 autem
2633 3609 2927 3682 faciendum
2962 3608 3029 3662 sit
3061 3607 3154 3661 viri
3184 3604 3387 3660 cluriss.
3437 3600 3538 3657 Se-

1934 3709 2154 3764 bastiani
2191 3705 2511 3761 Tillemontii
2552 3705 2906 3760 testimonium
2945 3702 3182 3773 superius
3217 3697 3436 3753 allatum
3479 3696 3533 3749 in

1935 3803 2254 3874 Prtrfatione
2282 3819 2426 3856 num.
2463 3799 2565 3871 24,
2595 3801 2734 3873 quod
2764 3796 3069 3869 hujusmodi
3108 3805 3185 3849 est
3223 3810 3242 3849 :
3283 3791 3535 3862 Quoiquc

1934 3911 2031 3950 sou
2064 3897 2203 3967 ster
2235 3894 2539 3967 (Gaudentii
2561 3891 2767 3961 nempe)
2801 3891 3050 3960 paraisse
3094 3902 3247 3941 assez
3298 3884 3495 3954 simple
3522 3924 3538 3950 ,

1937 3988 2261 4042 néanmoius
2285 3987 2318 4040 il
2346 4004 2377 4041 a
2403 3985 2471 4040 de
2502 3984 2796 4056 l’c'iégance
2818 4025 2830 4048 ,
2864 3991 2919 4036 ct
2965 3981 3073 4034 l’on
3105 3995 3137 4050 y
3162 3979 3276 4032 voit
3324 3992 3398 4030 un
3448 3973 3544 4043 gé—

1937 4079 2022 4132 uie
2065 4077 2174 4132 fort
2223 4078 2366 4131 doux
2393 4117 2408 4142 ,
2465 4087 2520 4130 et
2562 4091 2630 4130 en
2672 4075 2852 4128 meme
2879 4081 3061 4140 temps
3107 4069 3212 4124 fort
3260 4065 3539 4136 agréahle.

1934 4169 2068 4223 Mais
2094 4184 2230 4238 pour
2260 4169 2314 4222 le
2343 4165 2471 4220 lond
2503 4167 2602 4221 des
2633 4165 2858 4228 choscs,
2893 4163 2942 4216 la
2986 4160 3235 4214 doctrine
3261 4166 3315 4211 et
3345 4155 3428 4208 les
3457 4156 3541 4206 in-

1935 4260 2242 4316 structions
2270 4272 2337 4312 cn
2371 4267 2500 4312 sont
2536 4255 2913 4322 excellentes.
2945 4259 3145 4304 asserat
3183 4248 3398 4319 ipsemet
3433 4241 3543 4297 Du-

1934 4356 2128 4426 pinius,
2163 4356 2318 4426 cujus
2343 4350 2521 4406 audax
2546 4351 2609 4403 de
2637 4345 3022 4404 Gaudentianis
3052 4343 3258 4410 scriptis
3285 4339 3548 4413 judicium

1936 4462 1998 4500 eo
2027 4445 2320 4500 testimonio
2344 4441 2664 4497 retunditur.
2699 4438 2827 4493 Haec
2859 4436 3011 4490 habet
3041 4434 3104 4486 de
3138 4428 3473 4484 Tillemontio
3495 4427 3552 4479 in

1938 4537 2192 4594 Bibliotlt.
2226 4554 2317 4593 sua
2352 4533 2721 4590 Ecclesiastica
2771 4528 3030 4603 Dupinius
3061 4543 3077 4580 :
3109 4525 3216 4580 Lcs
3243 4520 3584 4595 ;Mémoires_

1942 4645 2066 4688 sont
2096 4633 2260 4687 d’une
2289 4628 2598 4685 recltercbe
2630 4639 2872 4697 presque
2906 4617 3136 4677 inﬁnie‘.
3187 4627 3241 4672 et
3270 4609 3563 4684 contposés

1942 4743 2075 4784 avec
2105 4736 2256 4780 toute
2291 4714 2666 4778 l’examitudc'
2700 4715 3046 4788 possible....
3099 4709 3202 4764 Les
3252 4716 3411 4765 notes
3460 4701 3554 4774 qui

1942 4831 2063 4875 sont
2088 4818 2119 4873 ὸ
2142 4820 2188 4872 la
2224 4817 2296 4872 lin
2326 4815 2396 4872 de
2426 4813 2638 4883 chaque
2663 4812 2885 4868 volume
2933 4816 3059 4863 sont
3097 4804 3460 4870 excellentes,
3498 4807 3553 4856 et

1941 4911 2104 4966 d‘une
2127 4911 2362 4980 critique
2395 4907 2748 4963 tres-exacte.

2017 5005 2138 5059 Hoc
2193 5006 2449 5058 monitum
2497 5018 2593 5072 pro
2647 4998 3088 5054 Testimoniorum
3137 4993 3203 5049 de
3251 4991 3548 5050 Gaudentio

1945 5098 2192 5153 coronide
2212 5094 2571 5170 adjiciendum
2610 5093 2774 5166 jussit
2803 5089 3266 5144 Eminentissimus
3305 5086 3550 5140 editionis

1941 5192 2104 5259 huius
2135 5190 2419 5258 Meuanas,
2446 5196 2507 5242 ut
2538 5185 2922 5242 Gaudentiauis
2952 5184 3163 5254 scriptis
3209 5181 3376 5252 magis
3435 5195 3546 5232 ma-

1940 5286 2123 5359 gisque
2152 5301 2248 5338 sua
2272 5292 2430 5337 staret
2458 5282 2774 5347 auctoritas,
2806 5295 2964 5332 ouam
2996 5289 3187 5333 temere
3223 5281 3444 5329 conatus
3471 5280 3546 5325 est

1942 5377 2132 5432 lwdere
2159 5374 2444 5448 Dupinius.

1946 5513 2198 5584 Palladii,
2224 5512 2408 5569 Rufini
2430 5559 2444 5582 ,
2478 5521 2536 5570 et
2563 5513 2814 5582 aliorum,
2847 5526 2968 5582 quae
3000 5521 3165 5578 supra
3195 5504 3504 5561 attulimus.
3540 5509 3542 5511 ’

1610 5813 2178 5852 επ
