4070 6346
549 332 647 392 83f

1623 335 1679 389 S.
1721 333 2110 391 GAUDENTII
2151 333 2412 392 BRIXM‘L
2455 335 2766 395 EPISCOPI

3749 342 3846 401 852

547 453 833 510 festivitati
880 454 1222 524 interesses,
1271 454 1542 522 inhibuit,
1591 453 1736 508 unde
1785 457 2143 510 vehementer
2170 454 2347 517 Ariis
2378 453 2469 525 (ut
2511 456 2790 528 comperi)
2822 458 3059 515 latenter
3107 460 3399 532 appositis,
3441 462 3638 529 procul
3679 462 3835 519 dubio

550 554 576 584 α
592 547 843 616 dolebas,
859 547 1083 605 omnino
1110 549 1352 605 fraudem
1369 549 1464 603 tibi
1481 547 1845 618 spiritualium
1870 547 2140 602 honorum

546 651 811 710 reputans
832 643 1070 709 peccatis
1099 642 1417 714 urgentibus
1443 641 1772 712 irrogatam:
1804 656 1867 695 ac
1885 649 2141 712 propter-

543 747 609 789 ea
660 735 943 806 singulare
994 737 1267 808 quoddam
1315 735 1585 805 dispendii
1633 736 1919 790 memorati
1964 748 2142 789 reme-

545 827 695 884 dium
735 845 1061 902 magnopere
1101 831 1353 901 exegisti,
1385 839 1444 884 ut
1494 828 1791 884 scriberem
1831 828 1956 898 quid
2004 842 2140 880 una-

547 939 761 994 quaque
793 926 882 978 die
924 925 1071 980 illius
1100 924 1491 980 sacratissima:
1519 922 1906 985 hebdomadis,
1936 930 2140 975 sancta:

547 1014 870 1070 fiatternitati
923 1031 953 1070 a
1011 1033 1096 1071 mc
1154 1017 1466 1088 expositum
1534 1017 1930 1071 meminissem.
1983 1013 2140 1082 Quod

555 1110 719 1180 plane
747 1126 848 1180 ego
879 1110 1273 1166 mediocritatis
1310 1127 1445 1166 mete
1477 1111 1755 1176 conscius,
1787 1111 1982 1164 litteris
2014 1125 2139 1164 cre-

545 1201 677 1258 dere
706 1218 812 1258 non
838 1203 1118 1270 auderem,
1145 1205 1250 1258 nisi
1277 1212 1334 1257 tu
1359 1202 1387 1240 ι)
1413 1205 1670 1276 religiosa
1696 1205 1954 1258 instantia
1979 1203 2142 1274 220

541 1297 902 1363 compulisses
922 1341 936 1364 ,
959 1297 1092 1352 satis
1119 1305 1204 1350 est
1230 1297 1375 1351 enim
1404 1296 1536 1350 mihi
1559 1341 1572 1364 ,
1607 1297 1651 1350 si
1683 1295 1959 1350 instruere
1990 1311 2142 1348 coui-

543 1388 766 1442 missam
812 1388 1028 1458 plebem
1062 1389 1180 1442 viVa
1213 1389 1410 1443 saltem
1448 1403 1584 1444 voce
1625 1388 1916 1442 sufliciam.
1945 1387 2138 1442 Sciens

543 1481 726 1552 itaque
760 1493 782 1520 ο
815 1498 1012 1537 verum
1036 1482 1240 1538 divina:
1271 1485 1559 1553 sapientiae
1587 1493 1888 1538 amatorem
1915 1499 2022 1538 non
2046 1498 2139 1537 su-

542 1591 643 1646 per
693 1577 1318 1632 assertione‘inutilium
1364 1593 1548 1633 rerum
1583 1577 1760 1632 inanis
1808 1577 2140 1648 cloquentite

541 1683 798 1740 pompam
830 1686 1104 1738 qtirerere,
1138 1671 1233 1726 sed
1264 1671 1563 1726 salutarem
1592 1671 1660 1726 de
1686 1670 1985 1740 Scripturis
2013 1686 2139 1725 san-

538 1763 643 1818 ctis
688 1763 1138 1831 explanatioiium
1193 1765 1611 1833 congruentium
1662 1762 1982 1820 desiderare
2042 1763 2140 1818 do-

2248 549 2611 619 interruptos,
2637 559 2694 604 et
2719 551 3050 622 semiplenos
3065 554 3240 608 otiosa
3275 553 3643 625 quorumdam
3677 556 3847 611 studia

2247 641 2512 711 Colligere
2555 653 3043 714 praesumpserunt,
3079 646 3216 700 nihil
3255 647 3322 701 ad
3359 661 3446 701 me
3479 647 3701 701 attinet.
3736 646 3844 704 Mea

2240 733 2351 802 jam
2379 748 2484 788 non
2513 742 2662 797 sunt,
2690 743 2714 780 ε
2739 750 2861 804 quae
2893 746 3108 792 constat
3145 738 3410 808 prtecipiti
3459 738 3848 806 excipientium

2245 825 2601 882 festinatione
2644 824 2671 862 ιι
2720 843 2841 882 esse
2889 830 3201 902 conscripta
3239 849 3251 884 :
3286 845 3483 886 vereor
3549 841 3756 900 tamen,
3788 848 3853 889 ne

2244 923 2424 992 aliqua
2481 925 2581 980 sub
2641 925 2656 962 ί
2716 928 2994 983 sermonis
3044 929 3151 984 mei
3211 931 3376 985 titulo
3404 946 3556 986 sana:
3585 931 3711 986 fidei
3758 931 3852 987 ini-

2245 1015 2386 1070 mica
2435 1016 2598 1071 alieni
2647 1033 2867 1075 errores
2909 1020 3229 1085 involvant,
3263 1029 3320 1076 et
3361 1022 3674 1078 efficiantur
3717 1039 3853 1077 sem-

2247 1111 2446 1179 piterni
2471 1113 2721 1167 criminis
2749 1114 2864 1183 rei,
2893 1116 2982 1186 qui
3015 1115 3216 1170 fuerint
3249 1115 3481 1170 int-aula:
3519 1118 3682 1188 221
3715 1132 3850 1185 pra:-

2244 1204 2568 1272 Sumptionis
2619 1218 2891 1261 auctores.
2946 1209 3086 1276 Ergo
3139 1207 3395 1277 quoniam
3437 1208 3716 1262 desiderio
3767 1219 3852 1264 tuo

2243 1313 2449 1368 negare
2515 1314 2734 1366 Operam
2804 1316 2909 1354 non
2979 1301 3130 1370 potui
3191 1300 3562 1367 postulatam,
3621 1300 3853 1355 breviter

2244 1388 2346 1442 tibi
2400 1388 2550 1459 prius
2601 1389 2915 1455 ostendam,
2996 1405 3104 1444 non
3179 1405 3404 1460 semper
3470 1391 3850 1459 aegritudinum

2245 1483 2428 1552 plagas
2479 1498 2574 1550 pro
2618 1493 2967 1552 peccatorum
3023 1483 3243 1538 cumqu
3276 1483 3482 1538 nostris
3528 1485 3852 1554 corporibus

2243 1575 2495 1645 irrogari.
2554 1574 2788 1630 Humani
2843 1578 3097 1644 corporis
3150 1586 3378 1643 natura,
3432 1593 3498 1632 ex
3559 1594 3671 1647 quo
3727 1593 3850 1632 sen-

2243 1669 2471 1722 tentiam
2500 1668 2846 1723 mortalitatis
2873 1669 3216 1737 excepitzTu
3251 1679 3387 1724 terra
3417 1686 3492 1734 es,
3513 1682 3560 1723 et
3587 1671 3640 1723 in
3671 1680 3850 1726 terram

2242 1761 2339 1816 ibis
2369 1762 2386 1831 (
2412 1761 2538 1816 Gen.
2573 1764 2697 1833 ut),
2733 1762 3148 1816 infirmitatibus
3197 1762 3365 1816 variis
3415 1762 3670 1832 subjacet
3697 1805 3711 1826 ,
3741 1762 3854 1820 sine

544 1854 802 1919 ctrinam,
837 1855 1079 1910 scribere
1108 1855 1198 1911 tibi
1217 1857 1504 1923 aggrediar
1533 1857 1757 1910 omnino
1783 1856 1980 1910 iisdem
2009 1871 2134 1909 sen—
2166 1865 2214 1924 Β
2241 1855 2573 1910 discretione
2600 1855 2954 1927 cujusquam;
2997 1864 3053 1912 et
3096 1856 3352 1926 quamvis
3389 1865 3715 1925 peccatores
3762 1872 3853 1913 nos

539 1945 714 2013 sibus,
749 1953 806 2000 et
836 1944 1072 2002 fortasse
1093 1947 1256 2002 etiam
1283 1947 1486 2014 verbis,
1516 1949 1715 2016 quibus
1742 1963 1827 2003 me
1855 1951 1910 2002 in
1946 1947 2142 2003 Eccle-

540 2037 624 2091 sia
668 2038 908 2092 locutum
960 2054 1085 2093 esse
1125 2041 1479 2108 reminiscor,
1513 2048 1570 2094 ut
1615 2040 1889 2112 loquelam
1933 2055 2138 2106 meam,

539 2131 963 2202 qualiscumque
995 2141 1102 2198 est,
1137 2133 1316 2200 facile,
1351 2149 1474 2188 cum
1507 2135 1726 2204 legeris,
1752 2149 2137 2206 recognoscas.

542 2219 569 2260 ά
618 2223 864 2293 Quatuor
914 2234 1174 2294 prieterea
1227 2228 1510 2283 breviores
1552 2237 1847 2295 tractatus,
1895 2243 2034 2296 quos
2073 2228 2142 2284 de

537 2313 777 2372 diversis
804 2317 1059 2387 capitulis
1090 2319 1371 2390 Evangelii
1402 2321 1545 2391 apud
1576 2330 1630 2376 te
1672 2323 1802 2376 olim
1838 2322 2005 2378 fuisse
2053 2338 2140 2378 me

540 2407 783 2463 locutum
820 2411 1133 2480 prodidisti,
1165 2422 1220 2467 ct
1247 2413 1498 2483 quintum
1529 2414 1598 2470 de
1627 2415 1956 2470 Machabaris
1996 2431 2142 2470 mar-

538 2489 780 2573 tyribus,
812 2505 1133 2562 emendatos
1175 2507 1297 2577 tibi,
1331 2511 1586 2578 quoniam
1627 2511 1804 2580 cogis,
1839 2510 2136 2578 remittam,

538 2605 600 2651 ut
640 2613 758 2667 eos,
798 2599 847 2654 si
881 2601 988 2654 ulla
1020 2602 1142 2656 utili
1183 2603 1449 2656 memoria
1499 2602 1694 2672 dignos
1731 2603 2034 2670 arbitraris,
2084 2603 2137 2656 iu

536 2699 816 2762 postrema
841 2706 996 2763 parte
1017 2705 1040 2733 θ
1071 2696 1352 2752 εοΙιθιΙιιιςυ
1382 2696 1543 2768 hujus
1574 2698 1736 2752 simul
1770 2699 2138 2753 transcriben-

540 2783 644 2840 dos
671 2787 956 2860 adjungas.
989 2790 1066 2845 De
1098 2790 1204 2847 illis
1237 2807 1369 2846 vero
1394 2792 1736 2860 tractatibus,
1773 2807 1910 2862 quos
1937 2790 1955 2829 τ
1984 2801 2125 2847 nota.

619 2963 644 2990 ³
676 2954 971 3016 [ἶθθθῡῐῆῐῐι
1001 2955 1292 3010 lectionem
1325 2956 1614 3010 exturbare
1637 2955 1804 3014 uolui.
1836 2956 1963 3009 licet
1997 2971 2127 3010 mss.

449 3066 460 3071 -
542 3024 708 3082 Codd.
735 3041 930 3096 magno
953 3041 1224 3082 consensu
1256 3027 1437 3097 legant
1467 3026 1680 3081 dolebas
1707 3029 1902 3081 animo.
1936 3026 2131 3082 Nescio

457 3134 466 3143 -
541 3113 608 3152 att
636 3097 870 3152 fortasse
897 3100 1245 3154 scribendum
1267 3100 1474 3152 dolebas
1497 3115 1561 3152 e1:
1585 3100 1795 3165 animo;
1823 3111 1874 3150 at
1907 3099 2128 3154 verbum

2247 1964 2368 2004 esse
2396 1949 2684 2004 salubriter
2716 1949 3016 2017 fateamur,
3053 1962 3370 2004 nontamen
3411 1948 3501 2003 vel
3537 1965 3604 2004 ex
3641 1951 3852 2020 vigore,

2245 2044 2331 2097 vel
2389 2059 2454 2097 ex
2505 2043 2791 2097 debilitate
2838 2044 3054 2108 carnis,
3107 2043 3434 2097 meritorum
3490 2043 3854 2112 p0ndi-raudze

2243 2146 2372 2190 sunt
2407 2136 2694 2206 qualitates
2717 2180 2731 2203 ,
2779 2151 2900 2190 cum
2937 2135 3262 2206 frequenter
3303 2129 3578 2190 idolorum
3617 2137 3854 2192 cultores

2242 2229 2474 2284 sanitate
2497 2229 2766 2296 corporis,
2791 2245 2854 2285 ac
2889 2230 3046 2284 bonis
3075 2229 3233 2300 hujus
3258 2231 3443 2284 saeculi
3480 2228 3851 2299 perfruantur,

2245 2331 2298 2378 et
2325 2339 2355 2376 e
2379 2330 2567 2376 eontra
2591 2322 2783 2376 divino
2806 2321 2973 2376 cultui
3001 2321 3336 2376 inhmrentes
3364 2321 3776 2391 mgritudinum,
3793 2338 3853 2379 ac

2247 2417 2666 2472 tribulationum
2715 2416 3006 2470 vexatione
3055 2421 3409 2484 quassentur.
3443 2413 3582 2468 Nam
3631 2412 3852 2485 legimus

2247 2507 2562 2564 Abimelech
2595 2507 2850 2577 gentilem
2881 2521 3140 2576 regnasse
3169 2505 3326 2578 (Gen.
3351 2504 3550 2576 xx),et
3579 2506 3850 2561 Abraham

2245 2609 2495 2656 sanctum
2539 2598 2994 2668 peregrinationis
3036 2597 3316 2652 molestias
3357 2598 3658 2669 pet-tulisse
3701 2597 3849 2670 (Gen.

2245 2698 2342 2766 xu)
2379 2714 2390 2749 :
2423 2707 2474 2751 et
2508 2694 2654 2750 illius
2681 2693 2866 2748 Laban
2896 2691 3018 2764 Syri
3056 2693 3068 2742 ι
3110 2692 3415 2746 idololatraa
3446 2692 3850 2748 mercenarium

2244 2789 2420 2846 fuisse
2465 2798 2710 2846 sanctum
2741 2787 2913 2843 .lacob
2941 2786 3105 2856 (Gen.
3141 2803 3303 2854 uix,
3337 2784 3450 2858 50)
3486 2803 3500 2840 :
3546 2797 3602 2842 et
3632 2787 3848 2860 Moysen

2237 2968 2377 3008 sacr.
2413 2952 2558 3007 Eccl.
2591 2951 2758 3005 Conc.
2789 2964 2840 3004 c.
2868 2948 2957 3004 Q8.
3003 2947 3101 3003 Hic
3130 2948 3310 3002 obiter
3340 2950 3732 3003 annotavorim
3773 2950 3848 3004 lo-

2234 3041 2357 3080 cum
2389 3023 2719 3078 Nazianzeni
2745 3022 2883 3074 male
2914 3037 2940 3072 a
2963 3019 3308 3074 Birkeiinero
3334 3019 3509 3075 fuisse
3534 3036 3843 3089 acceptum;

2236 3112 2379 3176 patir
2396 3095 2486 3149 ubi
2509 3097 2561 3149 iti
2594 3093 2803 3176 Graecis
2824 3091 3078 3175 habetur,
3113 3096 3199 3147 καὶ
3225 3091 3477 3176 γραφίδες
3501 3098 3735 3169 φανεραὶ,
3762 3098 3844 3176 uati

545 3169 882 3237 vehementer,
910 3170 1055 3240 quod
1091 3167 1368 3242 praecedit,
1404 3172 1657 3241 prohibet
1688 3163 1984 3241 quidquam
2031 3173 2130 3224 im-
2159 3163 2205 3226 C
2236 3169 2591 3242 λανθάνουσαι,
2621 3175 2668 3218 ει
2719 3163 2911 3218 calami
2941 3173 3045 3216 tant
3079 3163 3382 3242 perspicui,
3431 3163 3588 3242 quam
3629 3163 3843 3242 occulti,

543 3242 766 3296 mutari.

617 3311 643 3349 δ
683 3312 1047 3368 Consentiunt
1079 3316 1130 3370 in
1168 3316 1307 3368 hanc
1339 3313 1632 3368 lectionem
1667 3329 1796 3368 mss.
1831 3312 2003 3368 Codd.
2037 3355 2049 3371 .
2084 3323 2134 3367 et

542 3385 615 3438 ita
666 3385 890 3438 omnino
940 3386 1230 3455 legendum
1283 3386 1611 3442 videtur.ut
1664 3389 1959 3440 conveniat
2006 3386 2135 3439 illud

583 3455 686 3508 ttod
727 3470 893 3518 supra
944 3456 1100 3530 dixit
1126 3473 1437 3530 magnoiiere
1475 3457 1707 3526 exegisti.
1744 3456 1886 3530 Infra
1920 3457 2133 3530 etiam;

583 3471 686 3508 uoo
727 3471 893 3518 supra
944 3471 1083 3511 uixit
1126 3473 1437 3530 magnoiiere
1475 3471 1707 3526 exegisti.
1744 3471 1886 3510 Intra
1920 3471 2083 3511 etiam
2122 3474 2130 3508 :

541 3471 786 3594 gnatuor
809 3537 1056 3596 prteterea
1085 3529 1340 3583 breviores
1381 3538 1651 3592 tractatus,
1683 3529 1982 3582 emendatos
2021 3529 2130 3591 tibi,

542 3600 789 3670 quoniam
815 3600 979 3668 cogis,
1008 3601 1286 3655 remittam.
1321 3599 1376 3652 lu
1423 3600 1586 3655 editis
1616 3602 1860 3670 religiosa
1899 3611 2138 3652 constan-

542 3668 639 3731 tia,
668 3671 814 3738 quod
840 3670 986 3724 nullo
1019 3673 1181 3726 modo
1213 3673 1519 3740 putavimus
1560 3668 2138 3737 retinendum,quam-

541 3740 624 3792 vis
655 3741 926 3807 vulgatam
962 3742 1251 3797 lectionem
1283 3752 1500 3798 tueatur
1529 3742 1672 3797 liber
1695 3744 1905 3796 Octavii
1941 3741 2136 3796 Panta-

547 3811 695 3879 gathi
729 3814 888 3880 paulo
927 3826 1055 3868 ante
1088 3814 1361 3869 laudatus.

621 3890 644 3918 ο
675 3880 731 3935 lu
767 3899 927 3942 mss..
955 3886 1141 3939 virum.
1171 3886 1324 3954 Quod
1355 3887 1622 3956 sequitur,
1645 3884 1817 3956 inanis
1837 3884 2136 3952 eloquentia!

543 3969 789 4028 pompam
827 3973 1066 4028 rqua’rere
1089 4002 1102 4022 ,
1135 3955 1446 4012 observavit
1482 3957 1762 4017 Barthius,
1786 3955 2135 4028 in_Animad-

541 4025 688 4078 vers.
724 4025 790 4080 ad
823 4027 963 4084 lib.l
996 4029 1336 4098 Philippidos
1366 4029 1626 4085 Gulielmi
1659 4026 1924 4098 Britouis,
1958 4028 2009 4079 in
2039 4041 2132 4080 se-

543 4100 792 4168 quiorem
845 4113 1066 4154 Sensum
1120 4095 1332 4168 accipi,
1367 4113 1423 4154 ιιι
1468 4116 1655 4168 pompa
1699 4095 1901 4164 saeculi,
1946 4114 2134 4168 pompa

543 4167 858 4224 dwmonum.
901 4170 1034 4226 Vide
1079 4167 1337 4226 annotata
1362 4173 1434 4226 ibi
1467 4167 1494 4225 a
1533 4171 1753 4224 Barthio
1778 4210 1794 4233 ,
1825 4184 1877 4236 p.
1910 4170 1991 4222 Η.
2043 4167 2134 4224 Sic

542 4241 706 4314 etiam
745 4240 886 4307 Cic.,
925 4257 962 4295 ll
1011 4242 1163 4298 Fam.
1200 4261 1288 4314 ep.
1326 4244 1392 4298 16
1426 4262 1438 4298 :
1476 4242 1684 4314 Accedit
1724 4243 1876 4314 etiam
1919 4239 2134 4314 molesta

545 4311 653 4366 lucc
678 4327 863 4376 pompa
893 4315 1131 4368 lictorum
1157 4311 1410 4381 meorum;
1437 4323 1561 4369 ettv
1585 4313 1773 4369 Tusc.:
1803 4311 1823 4363 Ι
1834 4313 1904 4365 lla
1923 4311 2134 4381 quidem

541 4398 608 4435 ex
646 4385 909 4458 rhetorum
942 4403 1146 4458 pompa,
1173 4389 1385 4441 ardores
1413 4389 1730 4448 animorum,
1755 4392 1991 4451 cotesque
2029 4383 2133 4437 vir-

543 4462 729 4531 tutum.
767 4455 905 4510 llinc
929 4455 1221 4531 patripatice
1252 4459 1478 4531 ingredi,
1506 4461 1672 4531 Amos
1700 4471 1775 4507 γι.

613 4522 638 4560 ἀ
673 4524 876 4580 Horum
911 4522 1118 4592 primus
1159 4536 1242 4583 est
1267 4522 1336 4583 de
1369 4522 1699 4598 Paralytico,
1729 4524 1818 4598 qui
1858 4523 1911 4578 iii
1939 4523 2131 4598 ordine

537 4607 796 4651 censetur
817 4599 1159 4660 Utltiet'illltls,
1186 4616 1307 4653 cum
1335 4595 1921 4666 triluts'sequentibus.
1949 4595 2134 4665 Itaque

541 4684 828 4723 sermones
854 4670 1136 4728 paschales
1171 4671 1378 4734 priores
1405 4673 1618 4726 decem.

621 4749 642 4774 ε
657 4741 790 4794 Cod.
809 4739 960 4795 Flor.
984 4742 1112 4810 legit
1129 4740 1717 4810 schidw,Vat..uterque
1738 4737 1961 4792 scltcdte.
1982 4737 2130 4793 Hier.

545 4807 800 4883 Epitaph.
845 4807 1089 4881 Nepotf:
1128 4811 1450 4883 Napofianus
1491 4807 1660 4883 noster
1707 4811 2128 4883 aurnmicalcat.

541 4881 819 4936 scltedulas
843 4895 1186 4937 consectatur.
1209 4881 1280 4937 lat
1307 4884 1466 4938 Praif.
1501 4883 1553 4937 itt
1591 4882 1713 4938 Job.
1747 4899 1760 4935 :
1795 4882 1946 4942 Mihi,
1983 4882 2137 4933 meis—

540 4970 640 5026 que
675 4964 967 5026 permittant
996 4971 1250 5026 pauperes
1283 4957 1467 5010 habere
1491 4953 1787 5014 schedulas,
1822 4964 1864 5007 et
1891 4969 2007 5026 noti
2028 4964 2134 5026 tom

541 5022 790 5094 pulchros
819 5022 1044 5092 codices,
1077 5022 1232 5091 quam
1270 5029 1591 5082 emendatos.
1636 5026 1864 5092 Scltedu,
1894 5035 1938 5078 et
1971 5022 2138 5079 Sclic-

543 5094 720 5156 dium,
747 5098 887 5164 apud
941 5097 1242 5166 Barthium,
1288 5100 1384 5154 lib.
1431 5115 1504 5154 xtt
1555 5099 1764 5155 Advers
1795 5142 1809 5166 ,
1837 5112 1887 5151 c.
1925 5095 2014 5159 l8,
2045 5096 2134 5150 ubi

543 5171 707 5222 etiam
743 5169 887 5223 hunc
915 5167 1204 5224 Gaudentii
1237 5172 1412 5226 locum
1440 5171 1618 5226 affert.

619 5236 639 5276 ί
675 5237 1155 5314 No_tariislatenter
1175 5245 1455 5314 appositis.
1480 5245 1697 5312 Scripto
1721 5239 2135 5314 excipiebantur

539 5309 668 5364 olim
717 5312 787 5365 ab
831 5309 1288 5382 aitditorilitts,'et
1317 5319 1486 5376 clam,
1516 5323 1573 5368 et
1608 5309 1788 5382 palam
1832 5309 2132 5382 dicentium

536 5382 856 5453 conciones,
887 5385 955 5438 de
997 5401 1102 5452 quo
1134 5381 1361 5453 insignis
1392 5387 1548 5439 valde
1575 5381 1658 5438 est
1691 5385 1846 5436 locns
1882 5381 2134 5450 Gregorii

536 5452 890 5526 Nazianzeui,
914 5457 1065 5511 Orat.
1095 5457 1161 5511 ad
1198 5452 1306 5513 150
1342 5460 1653 5526 episcopos,
1687 5453 1735 5509 J.
1773 5453 1932 5507 ltiilio
1961 5453 2133 5505 inter-

536 5537 723 5595 pre-te:
753 5525 950 5595 Valete,
968 5545 1263 5584 sermonum
1288 5545 1516 5581 meorum
1541 5525 1824 5588 amatores,
1845 5536 1895 5578 et
1923 5539 2128 5590 cursus,

535 5609 584 5652 ct
613 5600 1006 5664 concursiones,
1024 5611 1073 5657 et
1099 5599 1288 5654 calami
1313 5608 1417 5654 tam
1435 5599 1716 5666 perspicui,
1736 5614 1893 5666 quam
1917 5596 2131 5660 occulti;

535 5685 647 5742 quo
681 5672 732 5725 iti
787 5671 908 5726 loeti
958 5673 1295 5742 perspicuos.
1331 5680 1388 5726 et
1417 5671 1665 5725 occultos
1708 5670 1950 5724 calamos
1997 5667 2132 5742 nihil

533 5739 684 5796 aliud
716 5739 1050 5812 significare,
1076 5739 1236 5811 quam
1275 5743 1524 5808 notarios,
1552 5744 1668 5811 qui,
1703 5743 1818 5796 sive
1843 5742 1983 5796 clam
2013 5741 2130 5794 sive

576 5813 720 5866 alam
757 5815 942 5881 positi,
975 5829 1094 5883 qua:
1138 5813 1346 5868 diceret
1393 5813 1769 5883 Nazianzenus
1800 5814 2007 5880 scripto
2031 5825 2129 5883 ve-

558 5883 731 5934 ociter
749 5881 1258 5949 exniperiéut,recte
1276 5884 1531 5951 opinatur
1556 5881 1776 5936 Ferrar.
1806 5883 1840 5936 I.
1869 5897 1906 5933 tt
1929 5883 1996 5934 de
2016 5881 2124 5934 Bit.

2244 3241 2361 3306 ipso
2394 3243 2778 3306 interpretatus
2807 3244 2910 3294 est,
2939 3251 3031 3289 nec
3079 3251 3179 3288 non
3217 3235 3634 3290 calumniatores
3685 3237 3847 3288 mani-

2242 3311 2380 3380 festi,
2405 3320 2453 3363 et
2482 3307 2699 3371 occulti,
2723 3323 2825 3380 qua
2862 3309 3039 3380 inepta
3061 3308 3338 3380 ﬂversione
3385 3315 3551 3361 totam
3600 3307 3844 3372 Gregorii

2241 3377 2567 3436 sententiam
2623 3377 2990 3433 labefactavit.
3061 3377 3138 3431 De
3201 3380 3597 3446 exeeptoribus
3653 3379 3845 3435 videsis

2240 3469 2363 3522 qum
2393 3453 2825 3522 diximitsisupra
2878 3450 2928 3522 in
2975 3449 3134 3504 Praef.
3171 3450 3237 3502 ad
3276 3449 3675 3512 Gaudentium,
3707 3469 3760 3504 ιι.
3791 3453 3841 3505 5'.

2242 3521 2436 3580 Plures
2473 3533 2599 3576 sunt
2625 3521 2919 3578 Gaudentii
2955 3531 3216 3574 tractatus
3267 3536 3296 3574 a
3349 3522 3579 3575 notariis
3612 3522 3842 3588 excepti,

2242 3608 2298 3649 ιιι
2331 3613 2398 3650 ex
2438 3609 2628 3650 eorum
2663 3593 2831 3646 titulis
2865 3593 3000 3645 infra
3034 3593 3268 3658 patebit;
3303 3592 3622 3662 hujusmodi
3666 3605 3841 3648 autem

2239 3682 2529 3722 sermones
2560 3675 2748 3734 postea
2773 3678 2934 3730 quam
2960 3666 3173 3734 excepti
3195 3673 3410 3725 essent,
3443 3665 3696 3718 solebant
3721 3680 3838 3719 con-

2239 3742 2525 3793 cionantes
2563 3733 2677 3805 ipsi
2707 3750 2736 3788 a
2778 3733 3010 3788 notariis
3054 3735 3328 3803 accipere,
3359 3745 3416 3789 et
3454 3735 3650 3803 majori
3694 3752 3837 3802 cura,

2237 3825 2302 3864 ac
2330 3810 2549 3864 siilertia
2593 3807 2914 3874 emendare,
2947 3814 3002 3859 ut
3044 3805 3213 3874 liquet
3254 3821 3320 3860 ex
3354 3807 3552 3860 eodem
3585 3805 3841 3862 Gauden-

2238 3880 2338 3948 tio,
2364 3890 2419 3935 et
2449 3880 2716 3944 Gregorio
2745 3877 2957 3946 Magno.
2993 3879 3082 3936 qui
3114 3893 3240 3931 suas
3265 3879 3316 3929 in
3360 3877 3710 3933 Ezechielem
3749 3885 3838 3931 ho-

2239 3953 2416 4006 milias
2451 3953 2514 4006 ad
2546 3952 2848 4006 Marianum
2882 3948 3203 4014 episctipum
3238 3950 3461 4002 mittens
3491 3949 3570 4002 sic
3609 3951 3838 4004 seriliit:

2238 4023 2523 4083 Homilias.
2557 4038 2673 4092 quia
2713 4022 2767 4074 in
2807 4020 3010 4092 beatum
3053 4019 3373 4073 Ezechielem
3425 4019 3760 4089 praivhetam,
3789 4030 3840 4073 ut

2235 4111 2410 4148 coram
2461 4091 2658 4162 populo
2707 4091 2981 4162 loquebar,
3016 4104 3243 4162 excep'w
3276 4101 3423 4154 sunt,
3457 4093 3645 4145 multis
3702 4093 3836 4145 ruris

2234 4161 2548 4219 irruentibus
2594 4165 2649 4217 in
2687 4161 2972 4215 abolitione
3017 4161 3352 4232 reliqueram.
3383 4163 3492 4218 Sed
3526 4175 3643 4232 ρος(
3681 4180 3838 4217 annos

2237 4250 2373 4305 octo,
2406 4237 2692 4303 petentibus
2744 4233 3030 4304 fratr-ibus,
3068 4235 3396 4305 notariorum
3435 4233 3719 4287 schedulas
3761 4251 3838 4288 re-

2234 4303 2440 4391 quirere
2464 4306 2667 4391 studui,
2693 4303 3138 4391 easquekfuvennte
3157 4303 3409 4391 ‘Doniino,
3433 4317 3798 4391 transcurrens
3819 4351 3832 4374 ,

2237 4376 2289 4434 in
2315 4392 2569 4449 quantum
2599 4379 2661 4430 ab
2703 4377 2963 4445 angustiis
3011 4376 3407 4449 tribulationum
3460 4378 3632 4442 licuit,
3669 4394 3838 4431 emen-

2237 4448 2378 4505 davi.
2413 4449 2753 4506 Gaudentius
2778 4452 2891 4516 ipse
2925 4448 3085 4517 paulo
3115 4463 3279 4517 Supra
3306 4465 3318 4500 :
3361 4448 3601 4515 Quatuor
3633 4460 3838 4516 printer-

2239 4539 2297 4576 ea
2352 4523 2611 4576 breuiores
2667 4530 2943 4584 tractatus,
3000 4535 3130 4589 quos
3184 4519 3521 4592 dedicet-sis
3597 4520 3837 4592 capitulis

2243 4594 2515 4665 Evangelii
2556 4595 2776 4665 apudte
2797 4592 2923 4665 olim
2947 4588 3111 4665 fuisse
3143 4608 3220 4643 tne
3251 4588 3502 4665 locutum
3535 4588 3833 4665 prodidisti,

2239 4678 2286 4720 et
2316 4661 2557 4736 quintum
2578 4666 2640 4718 de
2667 4661 2983 4717 Maihubteis
3021 4662 3334 4736 martyribus
3352 4703 3367 4726 ,
3395 4663 3701 4736 emendatos
3731 4664 3834 4729 tibi,

2237 4732 2488 4808 quoniam
2519 4738 2684 4809 cogis,
2707 4736 2986 4809 remittam:
3018 4735 3185 4809 I’o-rro
3235 4734 3368 4786 istos
3398 4732 3697 4809 Gaudentii
3731 4746 3839 4786 tra-

2238 4803 2440 4872 ctatus,
2469 4813 2557 4874 qui
2581 4803 2716 4874 'post
2763 4805 3052 4875 paschales
3085 4803 3381 4875 habentur,
3425 4819 3454 4856 a
3484 4805 3720 4859 notariis
3750 4819 3839 4858 ex—

2238 4892 2429 4945 ceptos
2461 4879 2655 4941 fuisse,
2688 4874 2880 4931 titulus
2903 4877 3102 4947 indicat
3138 4893 3150 4929 :
3181 4874 3452 4942 Incipiunt
3483 4877 3696 4947 excepti
3747 4887 3843 4928 tra-

2241 4963 2409 5005 ctatus
2441 4953 2502 5004 de
2527 4950 2746 5004 diversis
2769 4949 3035 5012 capitulis.
3063 4945 3265 5000 Verum
3302 4962 3408 5001 non
3441 4945 3689 5002 omnium
3727 4963 3842 5015 pas-

2239 5024 2364 5088 sim,
2390 5033 2482 5076 aut
2505 5020 2822 5074 discrimine
2845 5019 3023 5081 nullo,
3042 5021 3341 5071 cunciones
3361 5019 3539 5087 excipi
3565 5020 3836 5085 solebant,

2239 5093 2336 5148 sed
2369 5108 2555 5148 eorum
2593 5099 2802 5144 tantum
2835 5090 2922 5156 qui
2952 5089 3005 5142 iu
3029 5089 3262 5143 dicendo
3293 5089 3661 5155 excellerent,
3696 5101 3752 5143 ut
3775 5105 3838 5143 ex

2237 5164 2496 5219 Ferrario
2534 5162 2782 5216 habetur.
2818 5161 2896 5215 De
2935 5161 3177 5223 notariis,
3206 5172 3258 5214 et
3290 5175 3482 5216 eorum
3533 5173 3681 5214 notis
3719 5160 3840 5214 vide

2238 5235 2387 5306 Lips.
2420 5235 2472 5289 in
2505 5236 2667 5304 epiSl.
2701 5235 2768 5287 ad
2792 5231 3045 5286 Leonard
3072 5232 3255 5298 Less.,
3289 5241 3438 5287 cent.
3463 5233 3517 5301 1,
3548 5233 3616 5286 ad
3649 5231 3838 5304 Belgas

2238 5321 2330 5377 ep.
2358 5308 2450 5360 27.

2309 5387 2334 5425 ts
2367 5378 2501 5434 Cod.
2528 5375 2703 5443 Flor.,

2310 5448 2338 5487 ιι
2369 5449 2497 5504 Mss.
2523 5446 2708 5510 (κιαι,
2735 5447 2961 5500 concisa.
2999 5445 3313 5516 BeSpondet
3340 5446 3471 5501 illud
3501 5447 3648 5515 quod
3676 5461 3834 5516 supra

2234 5521 2372 5576 dixit
2393 5523 2727 5585 interruptos,
2755 5528 2800 5571 et
2834 5514 3172 5584 semiplenos.
3204 5515 3342 5572 Cod.
3379 5514 3834 5574 Octavii-Pan‘ta-

2234 5595 2378 5665 gathi
2413 5594 2542 5663 legit
2569 5607 2678 5646 esse
2701 5591 2931 5658 concisa,
2961 5598 3104 5643 Sicut.
3140 5591 3304 5644 etiam
3339 5592 3390 5645 in
3421 5593 3701 5662 superiori
3728 5603 3836 5660 qua:

2235 5675 2453 5721 constet.

2313 5738 2328 5776 ί
2365 5741 2439 5793 Ita
2469 5735 2592 5792 rod.
2611 5733 2763 5790 Flor.
2778 5776 2792 5797 ,
2809 5731 2960 5788 Vatt.
2979 5730 3109 5798 duo,
3127 5732 3368 5801 itemque
3385 5734 3830 5790 editioParisien.

2239 5820 2295 5867 et
2321 5809 2609 5873 Colonien.
2637 5804 2695 5860 ln
2729 5807 2972 5860 editione
3000 5804 3350 5873 Lugdunensi
3383 5807 3541 5862 deest
3568 5809 3695 5860 mei.

2309 5877 2320 5930 i
2364 5872 2420 5936 in
2455 5895 2557 5936 ms.
2590 5874 2812 5933 Floren.
2845 5873 3045 5945 legitur
3069 5872 3345 5947 ydolatne.
3374 5877 3717 5948 Jampridem
3739 5876 3831 5933 ob"

2737 5389 2853 5445 qua:
2881 5383 3097 5427 constet.
