4070 6346
210 304 319 365 855

1390 309 1483 367 ΑΙ)
1524 302 1927 367 BENIVOLUM
1967 302 2359 365 ΡΒᾹΞΕΑΤΙΟ.

3432 304 3538 367 854

202 420 714 492 justum,regnante
736 422 904 490 impio
918 423 1225 489 Pharaone,
1246 425 1472 482 latuisse
1489 434 1818 481 metuentem
1852 439 1897 495 Α
1928 423 2249 478 obsecraret
2280 422 2435 476 istius
2459 420 2714 491 pauperis
2746 418 2918 475 tincto
2952 424 2967 471 l
3004 420 3057 476 in
3087 438 3227 491 aqua
3249 422 3418 494 digito
3448 441 3542 481 re-

209 513 261 566 in
294 522 446 570 terra
478 517 695 572 Matlian
729 516 921 585 (Exod.
962 534 1020 578 ll.
1055 522 1143 590 ut)
1177 539 1188 573 :
1221 530 1274 574 et
1316 521 1489 575 Eliam
1532 522 1819 575 miriticum

209 624 239 662 a
273 609 414 663 facie
448 615 829 683 persequentis
864 615 1086 684 Reginae
1116 614 1339 671 Jezahel
1368 615 1571 686 fugisse
1594 616 1658 667 ad
1690 614 1821 669 soli-

211 702 457 756 tudinem
485 704 576 775 (ΙΙΙ
608 707 738 779 Reg.
777 723 925 777 xvnt,
963 708 1099 779 χιχ).
1135 708 1191 763 lu
1230 725 1372 765 novo
1418 718 1597 763 autem
1630 709 1823 763 Testa-

210 804 399 851 meuto
428 798 695 865 Joannes,
714 802 1110 872 Prophetarum
1138 805 1430 866 maximus,
1454 812 1577 872 post
1602 802 1822 871 longum

214 892 530 960 squalorem
575 892 761 949 feralis
800 895 1065 950 CUSltttlltB
1097 897 1327 967 (Matth.
1362 896 1520 967 xw),
1556 904 1679 962 post
1716 895 1823 948 ini-

213 999 351 1053 quas
382 988 751 1042 contumelias
783 990 1123 1044 vinculorum
1158 990 1360 1063 (Μαι-ε.
1391 989 1506 1061 v1),
1538 999 1563 1027 α
1586 990 1825 1044 decolla-

214 1082 305 1129 tur
332 1079 383 1131 iu
418 1094 645 1135 careere
673 1100 685 1133 :
713 1090 767 1136 et
790 1082 1031 1137 Herodes
1056 1084 1379 1154 sacrilegus,
1405 1084 1493 1153 qui
1518 1099 1639 1137 eum
1662 1082 1829 1152 jussit

213 1171 416 1241 occidi,
449 1174 703 1236 epulatur
730 1192 851 1231 cum
890 1176 1231 1247 principibus
1271 1178 1419 1241 suis,
1452 1186 1508 1231 et
1551 1176 1825 1245 tribunis,

213 1271 266 1319 et
300 1262 324 1301 δ
360 1264 690 1333 primoribus
714 1268 948 1323 Galileeae
973 1270 1326 1324 discumbens
1358 1286 1372 1323 :
1399 1268 1584 1324 ebrius
1604 1285 1713 1324 non
1740 1285 1830 1322 so-

215 1353 323 1410 lum
352 1359 502 1420 vino,
534 1360 627 1414 sed
655 1361 820 1427 ipsius
845 1364 1007 1417 etiam
1039 1379 1242 1418 cruore
1265 1362 1592 1431 Baptistae.°
1623 1362 1693 1417 Et
1718 1364 1831 1419 sic-

214 1458 273 1502 ut
317 1449 371 1503 in
412 1452 741 1523 Apocalypsi
781 1454 848 1509 de
896 1454 1177 1526 Babylone
1214 1455 1497 1523 scribitur,
1529 1455 1614 1509 vel
1654 1457 1827 1523 urbe,

215 1542 300 1596 vel
328 1552 513 1612 gente,
536 1546 620 1599 vel
639 1562 960 1617 unaquaque
976 1550 1183 1615 anima,
1200 1564 1449 1604 errorum
1469 1549 1733 1617 caligine,
1753 1551 1829 1605 vi-

216 1632 532 1706 tiorumque
562 1638 864 1693 carnalium
907 1642 1280 1709 permixtione
1310 1640 1535 1695 confusa
1570 1638 1628 1713 (d
1662 1644 1831 1697 inter-

216 1740 462 1800 pretatur
483 1734 628 1787 enim
658 1735 906 1791 confusio
927 1736 1218 1808 BabyIOn):
1242 1734 1308 1789 Et
1329 1737 1453 1801 vidi,
1486 1738 1683 1805 inquit,
1710 1754 1826 1790 mu-

1928 515 2178 586 lrigerari
2215 516 2449 585 linguam
2483 530 2668 581 suam,
2702 515 2845 581 quod
2878 523 3057 569 tamen
3090 524 3393 585 promereri
3429 533 3538 573 non

1928 610 2127 678 potuit,
2162 609 2211 663 in
2238 609 2527 663 tormentis
2556 608 2791 662 ﬂamma:
2834 609 3303 681 iuexstinguibilis
3334 611 3542 666 consti-

1930 699 2153 770 tutusg,“
2185 701 2265 755 Ad
2309 702 2447 755 hanc
2495 711 2749 755 servatur
2784 716 2998 770 pinnam
3057 700 3394 772 prosperitas
3438 703 3537 757 im-

1929 794 2176 861 piorum;
2214 802 2269 847 et
2298 807 2329 848 e
2354 801 2548 847 contra
2576 792 2640 845 ad
2676 792 2825 846 illam
2860 793 3253 848 beatitudinem
3292 794 3553 864 perduci-

1930 894 2020 939 tur
2048 877 2335 955 'justorum
2384 887 2690 950 tribulatio,
2738 894 2801 940 ut
2852 901 2977 940 cum
3031 894 3221 941 saneto
3269 888 3546 944 Abraham

1930 978 2248 1035 Putriarcha
2281 1022 2295 1045 ,
2328 980 2381 1033 in
2428 992 2634 1034 :eterua
2680 981 2789 1034 vita
2820 980 3169 1046 requiescere
3212 994 3552 1053 mercantur,

1930 1076 2023 1144 qui
2091 1072 2372 1143 angustias
2446 1075 2569 1127 vitae
2632 1073 2793 1143 hujus
2864 1074 3013 1129 lideli
3094 1076 3355 1146 patientia
3416 1078 3552 1131 tole-

1930 1177 2155 1237 rantes,
2186 1170 2255 1225 de
2285 1169 2489 1224 saeculo
2538 1171 2643 1225 isto
2693 1170 3066 1239 inigraverint.
3126 1169 3283 1227 Unde
3337 1172 3553 1228 dicebat

1931 1262 2243 1318 Dominus:
2277 1261 2486 1316 Intrate
2533 1280 2623 1333 per
2663 1276 2944 1334 angustant
2987 1273 3211 1331 portam,
3255 1266 3376 1335 quia
3417 1264 3549 1333 lata,

1931 1366 1980 1411 et
2019 1357 2248 1427 spatiosa
2290 1356 2373 1409 ria
2403 1366 2479 1408 est
2520 1372 2636 1426 qua:
2667 1357 2813 1409 ducit
2840 1356 2909 1409 ad
2935 1357 3295 1425 perditionem,
3330 1368 3375 1411 et
3397 1358 3553 1413 multi

1933 1457 2055 1503 sunt
2077 1450 2165 1513 qui
2204 1450 2402 1502 intrant
2428 1464 2518 1519 per
2550 1447 2699 1502 illaut
2736 1449 2952 1518 (Matth.
2978 1452 3097 1522 vit).
3128 1451 3297 1518 Quam
3326 1458 3551 1522 angusta

1932 1552 2006 1595 est
2048 1554 2220 1613 porta,
2253 1553 2299 1595 et
2350 1552 2497 1595 arcta
2536 1554 2607 1595 est
2656 1544 2756 1609 ria,
2800 1558 2917 1612 qua:
2959 1544 3103 1597 ducit
3153 1546 3221 1596 ad
3266 1546 3450 1612 vitam,
3504 1556 3550 1601 et

1929 1636 2087 1703 pauci
2132 1643 2251 1688 sunt
2309 1634 2400 1700 qui
2461 1636 2728 1688 inveniunt
2776 1652 2889 1687 eam
2943 1634 3096 1705 (Luc.
3132 1637 3275 1707 xtu).
3322 1638 3553 1707 Propter

1934 1737 2039 1790 hoc
2070 1745 2125 1791 et
2169 1748 2392 1791 sanctus
2439 1736 2737 1799 Apostolus
2792 1738 3017 1807 gloriari
3072 1754 3131 1792 se
3181 1740 3232 1791 in
3264 1736 3555 1791 infirmita-

217 1824 393 1878 lierem
420 1825 617 1880 ebriam
648 1828 712 1881 de
737 1831 991 1899 sanguine
1016 1840 1315 1883 sanctorum
1336 1830 1523 1899 (Apoc.
1547 1832 1702 1900 xvti).
1726 1831 1828 1885 Ve-

1949 1838 2079 1893 .ibus
2126 1840 2241 1892 suis
2276 1836 2539 1906 przedicat
2572 1854 2584 1889 :
2612 1835 2742 1891 Cum
2794 1838 2931 1890 enim
2961 1838 3224 1905 inﬁrmor,
3284 1837 3397 1901 ait,
3432 1846 3554 1891 tunc

216 1932 337 1972 rum
373 1918 490 1973 hzcc
530 1920 626 1974 Dei
674 1922 936 1989 patientia
978 1937 1237 1991 QlIOP>Ull|
1279 1923 1500 1984 eradat.
1546 1924 1663 1993 ipse
1704 1924 1826 1978 Sal-

218 2022 381 2064 vator
410 2012 613 2066 docete
650 2014 701 2067 in
731 2013 1054 2083 Evangelio,
1085 2015 1312 2070 dicens:
1349 2014 1367 2052 ί
1404 2016 1578 2069 Homo
1615 2018 1830 2088 quidam

222 2113 332 2157 erat
363 2104 526 2171 dives,
562 2107 648 2176 qui
680 2107 995 2160 induebatur
1025 2126 1284 2177 purpura,
1317 2112 1479 2181 222
1508 2121 1554 2163 et
1585 2113 1752 2181 bysso,
1789 2120 1837 2165 et

221 2195 536 2268 epulabatur
563 2199 795 2268 quotidie
827 2201 1097 2271 splendide
1126 2217 1143 2253 :
1183 2219 1379 2271 pauper
1402 2216 1573 2256 autem
1595 2203 1827 2272 quidam,

223 2290 433 2344 nomine
460 2289 713 2361 Lazarus,
739 2293 947 2366 jacebat
974 2295 1043 2347 ad
1055 2298 1251 2367 januas
1280 2299 1394 2367 ejus
1436 2297 1690 2352 ulceribus
1725 2297 1836 2368 ple-

228 2399 352 2449 nus,
381 2393 405 2429 κ
451 2396 499 2438 ει
550 2388 786 2453 cupiebat
837 2389 1065 2442 saturori
1101 2389 1165 2442 de
1205 2388 1284 2442 his
1330 2407 1447 2460 qua:
1494 2392 1744 2445 cadebant
1772 2392 1837 2445 de

228 2492 406 2529 mensa
431 2477 604 2532 divitis
628 2475 688 2531 h:
712 2482 803 2533 sed
828 2490 873 2535 et
896 2497 1049 2536 canes
1077 2482 1360 2549 veniebant,
1394 2495 1437 2537 et
1460 2484 1719 2555 lingebant
1751 2486 1833 2539 ul-

228 2587 347 2624 cera
376 2573 506 2640 ejus.
538 2571 759 2627 Factum
797 2585 870 2629 est
908 2585 1080 2629 autent
1112 2585 1165 2629 ut
1196 2586 1481 2631 moreretur
1527 2595 1755 2650 pauper,
1790 2587 1837 2633 et

232 2675 527 2735 portaretur
560 2666 621 2720 ab
668 2666 877 2738 Angelis
928 2670 979 2722 in
1022 2671 1188 2723 sinum
1235 2668 1455 2724 Abrahae
1489 2686 1506 2723 :
1538 2672 1675 2724 dives
1720 2686 1837 2726 vero

232 2770 467 2816 mortuus
495 2762 756 2816 sisteretur
780 2762 793 2798 ί
822 2762 891 2815 ad
915 2764 1120 2833 inferna
1143 2764 1400 2832 supplicia
1429 2762 1585 2835 (Luc.
1612 2766 1724 2832 xvt)
1746 2781 1761 2830 ;
1785 2772 1841 2820 et

236 2900 475 2973 servavit
527 2900 816 2967 Baluzius,
867 2901 924 2956 in
969 2909 1087 2955 not.
1128 2900 1193 2955 ad
1236 2901 1479 2956 Salvian.
1534 2919 1653 2973 pag.
1711 2902 1839 2968 ‘237,

236 2971 461 3026 Latinos
492 2976 712 3028 eodiees
757 2973 870 3028 fere
900 2988 1116 3041 semper
1160 2973 1361 3028 habere
1398 2971 1649 3028 idolatria
1671 3015 1686 3041 ,
1720 2992 1842 3028 raro

236 3044 557 3098 idololatria.
597 3045 766 3098 Porio
793 3047 956 3099 etiam
1001 3045 1125 3099 eod.
1179 3046 1500 3115 Pantagatbi
1552 3052 1640 3099 hic
1683 3047 1845 3100 habet

237 3117 517 3181 idolatrte,
577 3116 725 3185 quod
777 3116 976 3169 llaluzii
1032 3119 1468 3171 obseriationem
1530 3120 1839 3172 eonlirmat.

246 3190 376 3243 Vide
398 3232 411 3253 ,
460 3187 582 3248 inf..
615 3203 782 3241 serm.
808 3190 862 3249 4,
899 3192 947 3240 iu
981 3188 1113 3240 illud
1146 3185 1458 3241 idololatria:
1488 3196 1755 3252 tramites;
1790 3197 1843 3241 et

240 3275 413 3314 serui.
446 3260 509 3331 9,
526 3259 591 3313 ad
613 3258 777 3314 verba
805 3260 1081 3331 repudiata
1099 3258 1160 3313 ob
1183 3258 1500 3315 idololatria:
1525 3261 1840 3315 adulttrium

241 3332 385 3403 plebe
400 3330 650 3403 Judttica.

314 3412 339 3439 ⁸
372 3403 463 3458 Sic
511 3402 674 3475 habet
722 3400 846 3455 cod.
891 3400 1021 3457 Urb.
1057 3412 1113 3457 et
1152 3401 1445 3458 Vaticanus
1488 3412 1739 3475 uterque.
1784 3403 1839 3459 In

241 3473 404 3530 editis
434 3473 739 3527 decollatus.

314 3545 340 3583 ι)
378 3545 485 3599 Vos
525 3547 612 3599 illa
661 3545 980 3613 primoribus
1022 3545 1073 3598 in
1111 3560 1245 3599 mss.
1280 3546 1647 3602 desideratur.
1700 3547 1841 3602 For-

242 3625 392 3673 taSse
441 3619 784 3672 abstulerunt
830 3616 1077 3677 librarii,
1113 3630 1367 3680 putantes
1406 3634 1800 3683 supervaciiam
1824 3661 1839 3686 ,

243 3693 461 3745 dixerat
491 3691 634 3743 enim
664 3686 1009 3761 principibus.
1044 3688 1243 3743 Verum
1276 3702 1455 3744 textus
1482 3692 1844 3761 Evangelicus

243 3763 411 3817 Marc.
441 3778 514 3826 Vl,
550 3776 694 3814 vers.
730 3760 793 3812 ’.Μ
821 3801 833 3819 ,
866 3767 921 3811 et
953 3762 1256 3825 prineites,
1304 3772 1358 3815 et
1398 3780 1601 3829 primos
1633 3760 1841 3817 metuo-

243 3845 327 3889 rat
355 3853 367 3883 :
404 3832 637 3886 Herodes
685 3832 896 3906 natalis_
916 3834 997 3906 sui
1026 3848 1225 3906 rtena_m
1253 3836 1372 3901 fecit
1414 3836 1738 3906 principibus
1754 3876 1770 3906 ,ν
1798 3843 1845 3886 et

245 3908 488 3967 tribunis,
533 3916 581 3981 et
627 3904 823 3981 primis
855 3900 1107 3981 (jaliltete.
1156 3900 1340 3981 Graeca
1385 3900 1552 3957 editio
1580 3900 1597 3958 ε’
1624 3905 1846 3981 Ἡρώδης

244 3986 358 4039 τοῖς
390 3972 643 4050 ’γενεσίοιξ
674 3977 829 4050 αὐτοῦ
857 3972 1051 4028 δεῖπνον
1074 3977 1238 4029 ἐποίει
1274 3984 1382 4037 τοῖς
1419 3972 1727 4049 μεγιστᾶσιν
1754 3980 1846 4031 αὐ-

243 4056 360 4113 τοῦ,
397 4047 481 4103 ᾆιαὶ
515 4056 628 4109 τοῖς
675 4047 981 4119 χιλιάρχοις
1008 4087 1023 4113 ,
1051 4051 1135 4101 καὶ
1177 4056 1285 4107 τοῖς
1328 4047 1552 4122 πρῶτόις
1579 4058 1670 4109 τῆς
1698 4051 1845 4103 Γαλι-

244 4122 416 4181 latas.

320 4202 343 4230 ε
380 4194 435 4245 In
464 4190 588 4245 eod.
623 4189 754 4247 Urb.
787 4186 943 4242 deest
968 4189 1232 4254 particula
1266 4189 1697 4260 conjunctiouis,
1728 4205 1849 4259 qua:

248 4263 488 4319 fortasse
522 4268 573 4316 in
604 4263 765 4317 editis
794 4260 1104 4327 superﬂuit.

320 4333 347 4371 ἀ
385 4338 458 4387 lia
506 4336 557 4389 iti
607 4331 1064 4403 msssoimtibus.
1113 4332 1168 4387 In
1200 4333 1362 4388 editis
1406 4333 1563 4388 deest
1590 4330 1847 4403 Babylon.

251 4406 392 4462 Vide
417 4407 641 4460 Hieron.
676 4408 727 4458 in
758 4402 882 4455 libr.
915 4402 981 4455 de
1004 4402 1223 4459 Nomio.
1261 4405 1427 4459 llebr.

330 4488 354 4515 θ
390 4479 561 4531 Verba
593 4489 1067 4549 (IIIJ‘_§et|llllnllll:,
1115 4477 1170 4529 in
1202 4477 1483 4549 Evangelia
1515 4475 1689 4549 dicens
1710 4516 1723 4535 ,
1756 4474 1852 4529 de—

258 4562 386 4606 sunt
432 4550 486 4603 in
532 4546 694 4604 codd.
726 4546 877 4599 Vatt.
924 4554 981 4598 et
1020 4546 1169 4601 Flor.
1210 4546 1478 4613 Urbibus,
1526 4547 1769 4602 Salvator
1801 4548 1856 4599 in

1933 1951 2113 2013 potens
2169 1958 2286 1994 sum
2331 1939 2395 2009 (ll
2439 1939 2558 1995 Cor.
2613 1939 2735 2011 xu).
2805 1940 3065 1996 Sanctum
3110 1956 3326 2011 quoque
3366 1939 3553 1993 Timo-

1936 2050 2121 2104 theum
2152 2048 2390 2103 assiduis
2433 2047 2859 2117 tegritudiuibus
2889 2047 3206 2115 laborasse,
3245 2047 3388 2103 idem
3413 2046 3546 2102 bea-

1936 2155 2186 2208 tissimus
2254 2152 2503 2223 prodidit
2576 2152 2858 2221 apostolus
2914 2152 3115 2207 Paulus
3166 2153 3421 2207 scribens
3483 2152 3551 2208 ad

1936 2272 2062 2312 eum
2094 2275 2105 2310 :
2134 2257 2153 2293 1
2191 2254 2317 2309 Noli
2349 2254 2577 2322 amplius
2609 2270 2801 2323 aquam
2834 2252 3035 2318 bibere;
3067 2254 3158 2308 sed
3188 2254 3306 2307 vino
3346 2255 3550 2309 modico

1940 2366 2081 2411 utere
2109 2399 2122 2422 ,
2153 2365 2364 2428 propter
2403 2357 2731 2409 stomachum
2753 2399 2766 2421 ,
2791 2365 2839 2407 et
2858 2353 3156 2425 frequentes
3180 2362 3296 2410 tuas
3326 2356 3550 2426 inﬁrmi—

1940 2468 2068 2512 tates
2128 2457 2172 2529 (l
2217 2456 2352 2511 Tim.
2400 2458 2481 2528 v).
2527 2466 2563 2493 ιη
2596 2457 2821 2525 Quzerat
2863 2457 3098 2511 fortasse
3140 2457 3413 2527 quispiam
3467 2458 3550 2513 di-

1935 2560 2141 2626 vitum,
2177 2560 2406 2614 dicens:
2434 2558 2580 2628 Ergo
2610 2559 2884 2614 malitiose
2928 2558 3075 2615 Deus
3107 2559 3258 2614 dedit
3288 2560 3507 2615 divitias
3529 2602 3546 2629 ,

1939 2672 1966 2698 "
1991 2663 2035 2718 si
2062 2672 2287 2732 prOpter
2309 2678 2403 2717 eas
2421 2661 2643 2715 divitem
2670 2670 2909 2732 torquet.
2938 2662 3065 2717 Vult
3086 2662 3231 2717 enim
3255 2663 3425 2718 videri
3451 2663 3553 2719 hu-

1940 2779 2132 2820 manus
2150 2781 2331 2830 error,
2351 2781 2461 2819 non
2482 2764 2643 2821 modo
2656 2781 2777 2819 cum
2795 2764 3011 2833 venia,°
3025 2767 3121 2821 sed
3138 2767 3300 2821 etiam
3319 2782 3442 2822 cum
3466 2783 3554 2822 ra-

1946 2903 2142 2959 Brixire
2168 2946 2183 2968 ,
2218 2904 2403 2958 aureis
2444 2913 2500 2958 et
2530 2907 2805 2974 argenteis
2846 2906 3233 2976 grandioribus
3265 2907 3465 2964 litteris
3496 2908 3553 2965 in

1947 2976 2282 3049 membranis
2332 2976 2588 3030 violaceis
2635 2989 2928 3045 exaratos,
2972 2980 3064 3047 qui
3119 2992 3388 3049 tamquam
3425 2998 3549 3047 pre-

1947 3047 2149 3120 tiosum
2201 3049 2549 3116 antiquitatis
2602 3050 2853 3120 κειμήλιον
2904 3050 3047 3119 apud
3108 3047 3268 3116 hujus
3313 3053 3552 3107 emnobii

1948 3118 2213 3172 moniales
2268 3130 2604 3173 assert-atur.
2653 3118 2858 3174 hodi-in
2908 3118 3071 3175 modo
3116 3120 3279 3176 vertit
3319 3123 3555 3178 Isidorus

1946 3186 2161 3243 Clarius
2204 3188 2490 3243 Brixianus
2542 3192 2834 3261 episcopus
2884 3192 3160 3261 Fulginas.
3209 3192 3378 3246 Porro
3414 3194 3555 3247 anti-

1948 3260 2241 3333 quissimus
2273 3263 2514 3325 codices,
2548 3262 2703 3329 puris
2740 3260 3007 3328 prasineo
3025 3273 3080 3318 et
3111 3279 3316 3333 ryaneo
3354 3266 3553 3319 colori-

1945 3332 2045 3386 bus
2077 3336 2278 3403 tinctos
2304 3374 2317 3395 ,
2351 3348 2485 3385 auro
2510 3344 2562 3385 et
2592 3346 2827 3400 argento
2853 3332 3218 3403 conscriptos.
3250 3337 3301 3387 in
3333 3352 3554 3389 monas-

1944 3403 2086 3476 terio
2119 3405 2176 3476 bi:
2202 3402 2357 3476 Julia!
2402 3404 2596 3457 Brixia:
2635 3408 2907 3460 asservari
2953 3402 3225 3462 memorat
3252 3404 3551 3476 Cupi‘COlttS

1944 3475 2042 3530 lib.
2077 3492 2106 3527 v
2136 3474 2276 3529 llist.
2308 3474 2481 3543 Brix.,
2520 3491 2640 3546 pag.
2665 3476 2756 3530 27.

2024 3547 2223 3620 illanc
2250 3548 2547 3620 lectionem
2574 3549 2797 3602 exhibet
2819 3547 2968 3604 Flor.
3004 3547 3128 3603 cod.
3155 3549 3394 3620 itemque
3415 3549 3549 3604 edit.

1944 3617 2214 3689 Parisien.
2246 3616 2537 3672 Colonien.
2584 3631 2638 3675 et
2672 3620 2991 3689 Lngdunen.
3030 3623 3083 3672 lu
3130 3638 3263 3676 mss.
3305 3616 3461 3674 'Vatt.
3500 3632 3553 3675 et

1947 3688 2084 3744 Urb.
2116 3691 2167 3741 in
2202 3690 2319 3741 sinu
2362 3691 2577 3759 inferni.
2610 3688 2801 3745 Graeca
2832 3693 3163 3759 exemplaria
3201 3711 3212 3743 ε
3245 3694 3461 3749 ἀπέθανε
3501 3692 3557 3749 δὲ

1947 3765 2031 3842 nati.
2058 3762 2085 3842 (ξ
2115 3760 2382 3824 πλούσιος,
2414 3765 2701 3842 καιςέτάφη.
2750 3768 2843 3819 Καὶ
2874 3768 2924 3819 ἐν
2969 3774 3042 3837 τῷ
3083 3762 3181 3839 ᾄδῃ
3208 3766 3403 3842 ἐπᾴρας
3436 3768 3556 3842 τοὺς

1949 3834 2231 3905 ὀφθαλμοὺς
2248 3836 2426 3905 αὐτοῦ.
2464 3833 2704 3888 Mortuus
2728 3846 2799 3888 est
2826 3833 3075 3890 autemet
3095 3833 3349 3897 'ttit‘es,'et
3381 3835 3557 3904 sepul-

1950 3904 2030 3957 tus
2067 3917 2162 3957 est.
2212 3904 2278 3956 Et
2326 3908 2379 3958 in
2424 3906 2631 3974 interno
2669 3908 2872 3960 elevans
2917 3909 3094 3961 oculos
3119 3924 3260 3961 suos.
3304 3909 3560 3961 tloncinit

1950 3992 2053 4029 ms.
2085 3978 2206 4029 eod.
2262 3976 2408 4029 Brix.
2455 3976 2878 4047 Evangeliorum
2912 3982 3229 4032 monasterii
3267 3978 3325 4033 S.
3358 3978 3553 4044 Julian,

1950 4062 2111 4115 quem
2147 4062 2273 4099 mox
2320 4048 2695 4115 laudavimus,
2733 4060 2971 4118 itemque
3001 4049 3184 4103 versio
3213 4049 3406 4104 lsiilori
3436 4050 3561 4103 (gla-

1951 4118 2042 4171 rit.
2071 4118 2222 4171 Hunc
2253 4133 2415 4185 porro
2442 4120 2869 4189 interpungendi
2896 4121 3187 4178 rationem.
3218 4137 3340 4189 quae
3365 4121 3559 4175 Gra'co

1954 4191 2123 4242 textui
2160 4191 2304 4241 inest
2324 4203 2613 4260 tamquam
2645 4193 2963 4259 Apostolico
2989 4192 3233 4260 dogmati
3258 4196 3326 4243 de
3350 4191 3557 4245 Christi

1954 4261 2225 4331 descensu
2267 4259 2333 4311 ad
2364 4260 2573 4314 inferos
2621 4264 2791 4331 magis
2831 4259 3131 4316 consonum
3177 4262 3471 4321 observat.
3507 4270 3565 4316 et

1955 4331 2151 4412 probat
2199 4330 2550 4412 doctissimus
2606 4330 2797 4412 auctor
2835 4347 3020 4412 operis
3069 4332 3139 4386 de
3184 4332 3559 4412 Moderatione

1956 4402 2298 4471 ingeniorum
2330 4404 2600 4457 adversus
2622 4402 2892 4458 Joannem
2920 4405 3328 4473 Pliereponum,
3355 4403 3453 4459 lib.
3477 4418 3561 4471 tu,

1957 4488 2006 4529 c.
2040 4474 2095 4539 9,
2130 4490 2183 4542 p.
2214 4474 2351 4537 M2,
2379 4474 2512 4528 edit.
2550 4474 2740 4529 Venet.

2036 4548 2050 4597 i
2091 4547 2217 4599 Mss.
2251 4546 2413 4599 codd.
2449 4548 2503 4597 in
2534 4562 2741 4615 aquam.
2775 4546 2832 4602 In
2862 4546 2946 4600 his
2990 4560 3112 4615 quae
3155 4546 3378 4617 subjicit
3418 4547 3564 4604 Gau-

261 4622 550 4695 Evangelia
576 4621 745 4675 docet.
775 4615 908 4671 Cod.
943 4619 1153 4674 Uetavii
1194 4621 1509 4691 Pantagathi
1532 4660 1547 4685 ,
1592 4620 1705 4688 ipse
1731 4618 1853 4672 Sal-
1883 4618 1937 4679 D
1964 4619 2185 4695 demins
2218 4634 2323 4671 non
2355 4626 2564 4671 textum
2583 4621 2725 4695 _mrc't
2750 4618 2888 4676 πόδα
2915 4631 3140 4673 secutus
3167 4615 3281 4686 est,
3316 4619 3411 4674 sed
3467 4635 3568 4689 po-

256 4706 404 4748 vator
437 4697 604 4748 docet.

330 4764 349 4804 τ
380 4766 635 4821 Narratio
679 4764 792 4821 haec
832 4778 1019 4823 utrum
1054 4764 1281 4821 historia
1314 4763 1420 4829 sit,
1468 4779 1536 4818 an
1564 4762 1852 4830 parabola,

256 4838 490 4908 plurima
543 4849 627 4892 est
682 4841 912 4906 quaestio
958 4840 1099 4906 apud
1147 4836 1515 4903 eXpositores.
1573 4837 1852 4901 [rens-us,

258 4911 629 4965 'l‘ertulhanns
656 4952 671 4973 ,
714 4909 1068 4979 Ambrosius,
1121 4908 1413 4979 bisuiriam,
1446 4921 1569 4961 esse
1607 4909 1801 4961 Volunt
1837 4923 1851 4960 :

258 4981 498 5038 Joannes
540 4984 1001 5053 Chrysomomus,
1046 4978 1317 5054 Cyrillus‘,
1375 4978 1808 5054 'l‘heophilactus
1835 5020 1851 5045 ,

262 5055 403 5109 Beda
422 5094 438 5118 ,
472 5050 806 5124 parabotam.
832 5057 970 5123 Quid
1000 5050 1239 5110 senserit
1266 5050 1628 5117 Gaudentius,
1658 5066 1726 5106 ex
1750 5050 1854 5105 hoc

260 5126 383 5181 loco
415 5143 521 5179 non
555 5129 746 5196 liquet.

338 5208 362 5245 ε
399 5200 452 5252 lu
487 5192 859 5270 mss-(cupiens
890 5199 1116 5254 saturari
1141 5238 1156 5264 ,
1202 5193 1287 5250 cui
1326 5192 1548 5249 lcetioni
1578 5192 1858 5249 consentit

264 5269 492 5339 Vulgata
518 5268 709 5324 editio.

338 5336 470 5397 ιιἸιιι
502 5345 632 5397 editi
682 5357 894 5397 omnes.
930 5342 987 5396 In
1038 5354 1167 5395 mss.
1217 5336 1471 5392 subditur
1514 5346 1560 5389 et
1592 5354 1742 5391 nemo
1776 5336 1859 5391 illi

266 5414 421 5469 dabat
448 5457 461 5479 ,
488 5414 631 5485 quod
666 5412 896 5466 fortasse
922 5414 1128 5467 librarii
1154 5411 1474 5475 adjecerunt
1507 5425 1588 5485 ex,
1611 5410 1856 5485 Vulgata.

269 5486 458 5542 Grmca
507 5481 845 5553 exemplaria
885 5502 897 5537 :
932 5489 1015 5539 καὶ
1058 5485 1312 5554 ἐπιθυμῶν
1359 5482 1709 5554 χορτασθῆναι
1750 5481 1861 5554 ἀπὸ

268 5568 370 5614 τῶν
391 5561 589 5633 ψιχίων
616 5565 716 5613 τῶν
747 5558 1039 5633 πιπτόντων
1066 5558 1169 5633 ᾁπό
1190 5553 1281 5615 τλῆς
1300 5553 1558 5633 τραπέζης
1586 5558 1681 5607 τοῦ
1708 5553 1864 5633 πλουτ

269 5624 414 5687 σίου·’
436 5624 563 5688 ὀξὶῖλὰ
600 5634 683 5685 καὶ
712 5629 757 5683 οἱ
793 5633 937 5689 κύνες
964 5631 1227 5706 ἐρχόμενοι
1257 5642 1269 5675 :
1303 5624 1619 5706 et-ruptebat
1640 5624 1868 5677 saturari

271 5705 334 5756 de
364 5707 539 5767 micis,
572 5718 688 5771 qua:
712 5702 963 5754 cadebatt
987 5695 1063 5751 'd’é
1085 5695 1257 5771 mensa
1281 5695 1475 5771 divitis.
1511 5695 1614 5771 sed
1636 5704 1685 5748 et
1713 5710 1867 5749 canes

270 5778 554 5830 venientes.
585 5767 882 5828 'Consentit
930 5772 1055 5826 huic
1088 5768 1311 5823 lectioni
1338 5767 1750 5834 antiquissimus
1772 5782 1867 5821 cn-

186 5912 191 5919 .
274 5844 379 5903 dex
408 5864 515 5905 nis.
549 5844 971 5915 Evangeliorum
1013 5838 1333 5897 monasterii
1361 5836 1421 5893 S.
1448 5835 1605 5893 Julia:
1634 5837 1869 5896 civitatis

186 5968 195 5986 ’
217 5998 267 6022 ν

1965 4692 2074 4745 tius
2102 4706 2321 4745 sensum
2350 4690 2642 4757 expressit.

2036 4761 2061 4800 ιι
2101 4760 2155 4815 1η
2193 4778 2323 4815 mss.
2366 4762 2445 4814 Ad
2487 4760 2623 4815 hanc
2665 4762 2839 4829 enim,
2882 4772 2938 4818 et
2984 4763 3149 4833 paulo
3195 4771 3322 4834 post
3364 4764 3563 4819 desunt

1963 4837 2126 4889 verba
2161 4835 2248 4887 illa
2275 4844 2323 4888 et
2345 4842 2577 4887 econtra.

2041 4904 2057 4941 ι
2096 4904 2237 4962 Vatt.
2263 4906 2390 4971 duo,
2422 4914 2589 4976 atque
2635 4905 2794 4971 Urb.,
2824 4906 2935 4961 noli
2973 4905 3185 4975 adhuc;
3225 4907 3313 4962 cui
3342 4906 3563 4964 lectioni

1962 4977 2104 5032 favet
2137 4982 2300 5031 etiam
2334 4977 2580 5046 Vulgata.

2032 5058 2071 5085 ιιι
2101 5047 2312 5119 Frigida
2348 5053 2513 5103 lectio
2547 5048 2766 5104 videtur
2812 5050 2857 5103 si
2891 5060 3202 5120 spectemus
3233 5067 3296 5105 ea
3330 5067 3451 5119 qua:
3479 5065 3565 5107 se-

1964 5131 2229 5190 quuntur,
2285 5121 2490 5174 inducit
2530 5123 2679 5192 enim
2718 5122 2940 5176 divuem
2984 5137 3169 5178 secum
3226 5125 3563 5192 loquentem.

1969 5193 2113 5246 Vati.
2166 5193 2314 5253 duo,
2366 5204 2527 5261 atque
2574 5191 2729 5255 Urb.,
2785 5192 3066 5260 Quteratur
3106 5196 3362 5262 fortasse,
3415 5194 3564 5261 quod

1967 5263 2140 5333 magis
2163 5267 2389 5317 omnino
2413 5266 2673 5317 t-ouvenit
2696 5304 2711 5329 ,
2736 5268 2989 5332 quamvis
3016 5282 3228 5321 mutare
3268 5268 3449 5319 lltllllel
3466 5268 3562 5319 im.

2043 5344 2069 5370 υ
2094 5336 2169 5389 lia
2201 5335 2547 5405 reposuimus
2576 5350 2645 5390 ex
2674 5350 2910 5405 quatuor
2941 5352 3071 5392 mss.
3102 5337 3277 5392 Codd.
3314 5336 3457 5392 Editi
3484 5378 3497 5401 ,
3524 5338 3568 5389 si

1970 5421 2260 5480 propterea.

2046 5477 2076 5513 ο“
2103 5478 2245 5532 Fior.
2282 5485 2339 5535 et
2366 5477 2499 5534 Urb.
2525 5480 2614 5533 sed
2638 5479 2751 5550 jam
2777 5495 2895 5533 cum
2926 5478 3147 5532 ratione.
3183 5478 3419 5546 Elegaus
3452 5478 3567 5534 haec

1972 5550 2257 5608 Gaudentii
2284 5555 2551 5605 sententia
2578 5553 2826 5621 apposite
2853 5552 3127 5621 profertur
3149 5567 3175 5603 a
3207 5550 3569 5604 celeberrimo

1973 5636 2283 5677 nostrorum
2322 5620 2626 5692 temporqu
2657 5638 2897 5686 oratore,
2930 5620 3087 5674 initio
3120 5624 3342 5676 secundi
3372 5636 3566 5676 eorum

1972 5710 2284 5749 sermonum
2313 5737 2328 5759 ,
2359 5695 2453 5765 qui
2482 5696 2613 5750 editi
2637 5706 2763 5749 sunt
2809 5696 2860 5747 in
2890 5694 3040 5747 calce
3078 5694 3572 5765 licetatusidoetis-

1972 5766 2099 5839 simi
2146 5761 2506 5839 l'otyliistoris
2550 5766 3063 5839 Ludoviciyttonii
3098 5762 3384 5821 Muratorii
3428 5761 3570 5820 della

1976 5835 2157 5893 Caritt‘z
2180 5835 2439 5894 Cristiana
2460 5882 2473 5907 ,
2506 5839 2734 5895 Mutinae
2766 5835 2924 5891 1725.
