4070 6346
565 331 675 399 εδδ

1651 341 1707 396 s.
1751 325 2122 396 GAUDENTII
2167 321 2424 396 suum
2467 321 2772 396 EPISCOPI

3740 327 3861 414 1838

559 460 706 514 tione
731 473 974 525 peccare.
1005 457 1121 514 Non
1146 456 1440 521 malitiose,
1467 453 1560 512 sed
1587 457 1939 525 providenter
1963 465 1988 492 ἰ
2018 464 2071 511 te
2100 457 2174 511 fe—
2203 460 2246 518 Α
2281 473 2404 513 rere
2435 456 2736 512 honoribus
2780 456 2988 523 mundi,
3013 453 3042 494 ιι
3067 454 3289 512 caducis
3324 456 3520 524 opibus
3538 456 3860 524 redundare;

557 555 633 609 cit
663 549 823 627 223
852 555 990 608 Deus
1020 555 1244 608 divitem
1271 595 1285 618 ,
1321 560 1379 606 ut
1425 567 1520 621 per
1551 566 1718 619 Opera
1768 549 2161 606 misericordiae.

567 649 843 704 inviuiires
865 661 1210 719 peccatorum
1238 655 1455 701 tuorum
1477 647 1792 700 vulneribus
1820 645 2165 700 medicinam.

571 739 915 813 Elcemosyna
941 743 1131 813 quippe
1161 757 1192 793 a
1219 749 1385 794 morte
1409 741 1611 806 liberal,
1638 750 1686 792 et
1715 739 1827 811 ipsa
1857 738 2070 792 mundat
2107 738 2170 792 ab

572 835 714 888 omni
741 845 949 903 peccato
982 833 1135 906 (Tob.
1170 833 1290 903 xu).
1322 833 1441 888 Non
1469 833 1612 888 enim
1648 834 1717 888 ob
1769 835 1870 888 hoc
1898 835 2174 888 cruciatur

567 927 662 983 ille
712 930 839 998 quia
901 929 1057 983 dives
1110 929 1243 991 fuit,
1292 928 1386 982 sed
1441 930 1701 998 quooiam
1753 929 1872 996 ipso
1916 927 2173 1000 epulante

567 1036 778 1093 pauper
816 1021 1060 1076 Lazarus
1100 1022 1319 1077 esuriit.
1353 1021 1629 1076 Caeterum
1679 1032 1734 1076 ct
1785 1022 1899 1092 ipse
1950 1037 2172 1078 sanctus

568 1113 844 1170 Abraham
868 1115 1024 1170 dives
1053 1113 1256 1182 fuerat,
1283 1115 1380 1170 sed
1411 1115 1854 1186 peregrinorum,
1879 1115 1907 1154 ι)
1929 1117 2174 1187 indigen-

569 1209 813 1268 tiumque
846 1207 1200 1275 mancipium.
1239 1209 1475 1264 Sanctus
1502 1223 1718 1278 quoque
1753 1220 1774 1247 ε
1811 1210 1916 1263 .lob
1943 1225 2169 1280 regnum

565 1299 789 1352 tenebat
819 1297 1061 1363 Arabiai,
1093 1299 1188 1354 sed
1224 1297 1308 1371 (ut
1341 1300 1606 1370 scriptum
1641 1302 1759 1371 est)
1803 1302 1951 1356 nulla
1989 1302 2171 1369 vidua,

568 1389 752 1444 nullus
783 1405 1018 1460 pauper,
1053 1391 1277 1446 domum
1311 1393 1433 1462 ejus
1457 1395 1577 1446 sinu
1611 1408 1788 1448 vacuo
1820 1393 2022 1449 exibat.
2070 1395 2173 1450 De-

566 1481 731 1553 nique
765 1485 816 1537 in
851 1484 1140 1539 doloribus
1167 1487 1475 1543 constituto
1501 1489 1899 1555 exprobrantur
1932 1504 2026 1557 per
2051 1505 2170 1543 mu-

564 1573 756 1632 liereui
796 1594 962 1649 opera
1001 1580 1419 1646 misericordiae,
1443 1597 1562 1649 quae
1589 1581 1787 1635 frustra
1814 1584 2127 1637 exercuerit
2158 1603 2167 1636 :

569 1663 596 1705 ἀ
627 1667 692 1723 Et
723 1687 855 1733 ecce,
892 1671 1092 1739 inquit,
1121 1689 1238 1743 quae
1265 1675 1458 1744 pateris
1487 1673 1733 1744 (Job.n).
1762 1671 1874 1729 lleu
1908 1684 2173 1730 venenata

565 1755 670 1816 diri
695 1765 977 1832 serpentis
1001 1765 1202 1818 astutia
1232 1782 1246 1830 ;
1274 1768 1529 1834 quoniam
1560 1782 1588 1820 a
1623 1765 1780 1820 bonis
1804 1768 2064 1834 Operibus
2088 1768 2171 1823 fa-

571 1857 780 1909 mulum
812 1855 909 1910 Dei
942 1872 1204 1911 revocare
1234 1873 1340 1911 non
1376 1857 1562 1921 valuit,
1611 1859 1963 1914 incumbebat
1994 1869 2050 1913 ut
2082 1857 2174 1915 be-

568 1947 772 2003 nefacti
807 1948 1152 2018 paenitudine
1202 1947 1438 2005 fructum
1492 1949 1746 2021 perderet
1780 1951 2034 2018 pietatis!
2067 1952 2173 2008 Ca-

564 2049 728 2095 Veant
751 2055 885 2108 ergo
911 2041 1240 2097 infructuosi
1268 2043 1570 2110 locupletes
1591 2045 1841 2100 terribile
1861 2047 2173 2114 exemplum

573 2134 726 2189 illius
751 2136 871 2189 sine
903 2135 1292 2191 misericordia
1333 2136 1530 2190 Divitis
1561 2137 1790 2207 collega:
1837 2140 1942 2202 sui,
1991 2154 2058 2193 ne
2105 2139 2174 2195 ad

567 2228 770 2285 similia
811 2240 1086 2285 tormenta
1135 2230 1447 2285 ducantur:
1502 2230 1674 2300 ttingis
1725 2240 1908 2286 autem
1973 2231 2175 2287 faciant

571 2323 955 2396 eleemosynas
987 2324 1235 2393 largiter,
1266 2324 1606 2393 frequenter,
1663 2323 2025 2392 gratulanter.
2070 2324 2172 2381 Hi-

570 2417 732 2470 larem
757 2419 897 2471 enim
927 2416 1162 2470 datorem
1192 2415 1368 2486 diligit
1396 2415 1538 2469 Deus
1567 2413 1634 2486 (ll
1675 2414 1798 2469 Cor.
1833 2417 1931 2486 tit).
1977 2418 2170 2473 Distri-

568 2509 736 2564 buant
758 2524 897 2578 opes
927 2524 1055 2563 suas
1079 2509 1270 2577 egenis
1297 2550 1309 2572 ,
1342 2509 1633 2578 acquirant
1665 2508 1766 2562 sibi
1796 2509 2085 2564 thesauros
2119 2513 2172 2566 in

567 2603 734 2669 creto,
767 2603 853 2656 ubi
881 2619 1045 2673 neque
1069 2619 1273 2675 cerugo,
1302 2617 1464 2672 neque
1507 2603 1646 2656 tinea
1671 2605 1980 2669 corrumpit,
2016 2621 2175 2676 neque

574 2689 717 2765 fures
746 2691 1000 2761 e/I'odiunt
1055 2705 1102 2748 et
1152 2699 1396 2766 furantur
1436 2691 1653 2765 (Matth.
1689 2694 1768 2765 Vl)
1820 2715 1833 2750 :
1869 2705 1928 2750 ιιι
1957 2695 2023 2752 de
2071 2699 2174 2752 hoc

571 2783 776 2842 saeculo
803 2797 1068 2842 exeuntes
1093 2787 1308 2857 pos.~int
1335 2785 1586 2841 invenire
1614 2785 1954 2858 refrigerium
1977 2791 2028 2844 in
2053 2789 2170 2845 sinu

566 2885 718 2941 illius
757 2894 887 2941 vero
937 2887 1124 2942 divitis
1157 2887 1415 2942 Abrahae.
1473 2888 1597 2943 lltec
1644 2887 1715 2942 ad
1760 2887 2120 2958 qua‘stioncm
2153 2927 2168 2953 ,

567 2985 594 3015 ε
618 2991 740 3049 quae
757 2988 1096 3041 occurrerat,
1133 2978 1380 3034 breviter
1403 2980 1761 3050 respondisse
1791 2978 2050 3034 sufficiat.
2073 2978 2172 3033 illa

567 3083 750 3127 autem
784 3087 907 3141 qum
940 3071 1197 3142 superius
1223 3073 1626 3142 comprehensa
1656 3081 1784 3127 sunt
1817 3072 2018 3126 idcirco
2062 3087 2174 3125 nie—

571 3165 802 3230 ntoravi,
832 3175 890 3220 ut
926 3162 943 3200 ί
973 3178 1137 3220 nemo
1166 3173 1416 3220 nostrum
1447 3167 1854 3220 scandalizetur
1884 3166 1936 3218 in
1961 3165 2172 3234 Cogita-

565 3255 716 3310 tione
742 3270 864 3323 sua,
901 3269 1065 3312 nemo
1099 3266 1344 3312 nostrum
1379 3273 1719 3313 murmurare
1745 3257 1946 3313 audeat
1973 3269 2167 3312 contra

2275 565 2303 604 e
2327 550 2717 604 contrarionos
2749 549 3189 604 tribulationilnts
3222 547 3391 603 variis
3418 547 3640 620 confici,
3669 549 3866 606 dolori-

2275 641 2372 695 bus
2403 641 2588 696 carnis
2618 641 2804 711 afﬂigi,
2838 645 3176 712 paupertatis
3219 643 3646 697 necessitatibus
3684 644 3861 712 subia-

2275 749 2419 788 cere.
2456 733 2616 788 Novit
2669 736 3054 790 universorum
3098 734 3306 788 arbiter
3338 735 3480 790 Deus
3529 750 3635 806 qua
3689 735 3862 804 provi-

2275 826 2456 882 dentia
2489 843 2618 882 suos
2648 827 2946 894 verberet;
2973 839 3027 884 et
3056 844 3159 899 qua
3186 829 3405 884 ratione
3453 839 3647 898 parcat
3693 827 3866 896 impiis

2277 917 2330 972 in
2363 921 2464 973 hoc
2494 919 2720 974 mundo.
2771 917 2879 974 Nec
2928 921 3086 989 plane
3126 920 3445 989 ignoramus
3491 919 3562 975 ab
3609 921 3867 992 Apostolo

2275 1006 2594 1065 beatissimo
2628 1014 2641 1048 ί
2680 1028 2780 1067 nos
2811 1013 3040 1078 eruditi,
3093 1009 3233 1080 quod
3269 1013 3432 1082 longa
3482 1029 3613 1085 erga
3660 1016 3867 1084 iniquos

2276 1099 2490 1159 bonitas
2523 1105 2614 1161 Dei
2649 1117 2734 1160 aut
2768 1107 2832 1160 ad
2859 1108 3278 1162 conversionem
3324 1121 3586 1178 provocat
3625 1112 3865 1165 sentien-

2273 1205 2382 1264 tes,
2411 1200 2899 1270 'autadjustioreui
2931 1217 3210 1271 poenarum
3251 1203 3587 1259 sententiam
3633 1215 3870 1261 reservat

2277 1286 2520 1357 ingratos
2553 1311 2562 1345 :
2596 1295 2694 1358 An,
2724 1293 2921 1364 inquit,
2949 1295 3152 1349 divitias
3173 1295 3418 1351 bonitatis
3438 1301 3577 1372 ejus,
3605 1314 3651 1354 et
3677 1302 3869 1364 patien-

2278 1386 2384 1447 εἶα),
2418 1391 2462 1439 e't
2492 1387 2904 1454 longanimilatis
2926 1389 3233 1457 contemnis,
3265 1389 3517 1463 ignorans
3564 1393 3706 1464 quod
3735 1393 3869 1446 boni-

2277 1484 2358 1531 tas
2381 1473 2478 1532 Dei
2506 1480 2517 1527 l
2552 1480 2617 1531 ad
2651 1477 3003 1547 pwnitentiam
3030 1491 3076 1535 te
3097 1481 3316 1537 invitat?
3336 1474 3417 1538 Tu
3445 1498 3566 1538 vero
3595 1487 3869 1539 secundum

2279 1563 2528 1623 duritiam
2583 1579 2724 1625 tuam
2753 1616 2766 1640 ,
2804 1582 2850 1626 et
2901 1579 2988 1626 c‘or
3027 1575 3377 1644 impwni'ens,
3419 1576 3745 1632 thesaurizas
3788 1580 3870 1634 tibi
3915 1596 3923 1604 '

2277 1656 2407 1716 iram
2436 1664 2489 1716 in
2521 1663 2604 1717 die
2638 1664 2752 1732 irre,
2788 1673 2834 1719 et
2863 1663 3186 1722 reuelationis
3227 1661 3360 1738 justi
3385 1667 3585 1742 judicii
3624 1663 3741 1735 Dei,
3789 1674 3869 1743 qui

2279 1756 2456 1811 reddet
2488 1760 2762 1825 unicuique
2791 1760 3072 1814 secundum
3103 1778 3258 1832 Opera
3302 1764 3416 1835 ejus
3453 1755 3636 1832 (Rom.
3666 1763 3750 1834 tt).
3776 1763 3870 1821 Re-

2205 1893 2252 1956 B
2280 1857 2529 1904 servatur
2559 1852 2703 1905 enim
2727 1852 2783 1905 i‘n
2816 1851 2959 1907 diem
2989 1851 3177 1921 iudicii
3231 1851 3316 1909 illa
3362 1849 3662 1910 retributio
3709 1872 3867 1926 gene-

2280 1943 2409 1997 ralis
2438 1963 2450 1996 :
2481 1944 2532 1998 iu
2565 1945 2663 1999 hoc
2690 1956 2869 2000 autem
2895 1945 3098 2000 SJBCUIO
3122 1943 3325 2001 idcirco
3352 1946 3632 2001 interdum
3659 1947 3868 2018 quidam

2279 2037 2360 2090 vel
2394 2035 2714 2106 blasphemi,
2746 2035 2828 2092 vel
2857 2046 3138 2107 apostatte,
3169 2037 3453 2094 tormentis
3479 2039 3872 2095 insanabilibus

2277 2142 2682 2186 Consumuntur
2707 2173 2721 2198 ,
2765 2141 2826 2186 ut
2873 2134 3055 2188 caeteri
3089 2149 3279 2189 eorum
3315 2133 3598 2206 suppliciis
3633 2147 3872 2192 terrean-

2277 2233 2384 2280 tur.
2413 2223 2636 2282 Pietatis
2662 2243 2792 2282 vero
2819 2229 3082 2296 cultores,
3120 2225 3268 2297 quod
3294 2230 3569 2286 interdum
3602 2233 3687 2287 vel
3716 2230 3740 2268 ¹ί
3763 2245 3874 2287 cor-

2281 2321 2428 2388 poris
2463 2317 2761 2384 doloribus,
2795 2321 2878 2375 vel
2911 2321 3082 2376 variis
3137 2321 3594 2379 tribulationibus
3621 2323 3877 2380 afflictan-

2280 2419 2383 2474 lur,
2405 2412 2601 2482 triplex
2621 2427 2740 2468 esse
2760 2412 2896 2468 ratio
2917 2413 3194 2469 invenitur
3232 2433 3244 2469 :
3268 2414 3282 2452 ι
3308 2416 3485 2483 prima
3499 2417 3874 2484 correctionis,

2276 2503 2514 2558 secunda
2552 2505 2915 2575 purgationis,
2962 2508 3119 2562 tertia
3165 2507 3538 2576 probationis.
3596 2503 3876 2564 llominem

2279 2593 2402 2652 lidei
2432 2597 2745 2666 aposuilica:
2775 2597 3158 2666 inbrerentem,
3202 2599 3244 2654 si
3290 2599 3614 2670 frequenter
3664 2604 3717 2657 in
3765 2598 3876 2674 qui-

2277 2687 2504 2744 busdam
2521 2705 2750 2760 chCure
2775 2691 2953 2745 videat
2979 2687 3140 2756 Deus,
3170 2702 3207 2728 σι
3235 2691 3315 2746 sic
3343 2699 3698 2762 peccatorem
3726 2705 3874 2748 suum

2276 2784 2528 2838 verbi-rat
2579 2791 2638 2838 ut
2695 2784 2990 2852 emendet,
3039 2791 3096 2840 ut
3141 2787 3169 2822 ¹¹
3215 2785 3445 2840 salutari
3508 2783 3876 2842 admonitione

2275 2878 2462 2932 ﬂectat
2491 2878 2554 2931 ad
2586 2879 2959 2948 paenitentiam
2994 2898 3004 2931 :
3037 2880 3446 2948 negligentem,
3487 2895 3556 2936 ne
3603 2881 3874 2936 tolerabili

2276 2973 2481 3027 ultione
2511 2973 2699 3039 dilata,
2731 2974 2995 3043 gelicnna:
3019 2972 3424 3044 inextinguibill
3459 2975 3554 3029 liat
3579 2977 3873 3032 obnoxius.

2277 3065 2410 3120 Eum
2437 3081 2654 3136 qunque
2684 3082 2843 3136 quem
2880 3065 3076 3136 pudice
3119 3080 3543 3123 conversantem
3574 3113 3588 3138 ,
3621 3085 3685 3123 ac
3709 3069 3870 3138 iuste,

2275 3158 2523 3225 qutcdam
2557 3168 2736 3213 tamen
2770 3159 3146 3227 improbarim
3192 3160 3592 3230 cogitationum
3647 3162 3867 3218 macula:

2275 3261 2662 3320 resperserunt
2684 3291 2700 3317 ,
2737 3252 2942 3306 idcirco
2977 3252 3242 3306 Dominus
3307 3267 3458 3308 nunc
3493 3265 3543 3309 et
3567 3251 3872 3309 tribulatio-

569 3343 761 3417 Dcnm,
795 3350 840 3402 si
873 3348 1162 3403 videamus
1210 3347 1468 3418 injustos,
1518 3347 1857 3416 idololatras,
1912 3349 2238 3424 blaspbe-C
2272 3366 2401 3404 num
2461 3361 2515 3403 et
2556 3348 2939 3419 a'gritudinum
2979 3346 3194 3418 flagello
3239 3349 3518 3419 castigat,
3574 3365 3643 3404 ne
3691 3351 3742 3404 iu
3786 3347 3870 3404 illo

563 3456 684 3497 mos
709 3483 723 3507 ,
755 3442 1012 3497 eontinua
1043 3452 1067 3489 ε
1098 3443 1422 3498 salubritate
1445 3447 1694 3515 corpOris
1718 3443 1884 3517 325
1910 3445 2036 3512 frui,
2068 3445 2166 3499 flo-

641 3593 664 3619 α
697 3577 848 3638 Flor.
879 3577 980 3639 cod
1016 3595 1178 3653 atque
1207 3581 1376 3640 editio
1403 3585 1671 3641 Parisien.
1703 3587 1784 3640 sic
1815 3584 2056 3648 habent,
2110 3591 2164 3637 et

563 3653 636 3726 ita
663 3656 889 3726 otiiuiuo
923 3653 1211 3725 legendum
1240 3657 1486 3722 videtur,
1521 3659 1818 3726 respondet
1863 3657 2010 3710 enim
2063 3656 2164 3706 ob-

563 3721 787 3795 iectioui
816 3721 1024 3780 divitis.
1065 3726 1184 3782 Vat.
1222 3730 1351 3795 duo,
1389 3741 1436 3781 te
1466 3721 1724 3783 Dominus
1765 3728 1974 3780 divitem
2016 3727 2160 3795 fecit.

583 3741 787 3778 ecuont
816 3741 1024 3780 (ttVtIts.
1069 3741 1184 3782 val.
1222 3741 1351 3795 uno,
1389 3741 1436 3781 te
1466 3741 1724 3783 Homtnus
1765 3741 1974 3780 ait'tlcm
2016 3741 2160 3795 lacu.

553 3741 619 3852 in
650 3795 806 3851 edttt.
835 3795 1123 3852 Collinirn.
1157 3810 1208 3853 et
1242 3795 1490 3867 Lugdun.
1525 3807 1778 3865 σπείρω
1812 3811 1864 3851 at
1896 3797 2020 3852 cod.
2060 3795 2164 3852 Oc-

563 3869 714 3942 tavii_
728 3868 1076 3938 Pantagatlii,
1101 3873 1431 3942 providenter
1465 3881 1512 3926 te
1538 3867 1680 3925 Deus
1707 3869 1919 3942 divitem
1947 3870 2087 3936 fecit.

630 3936 658 3977 δ
692 3937 870 4013 Locus
897 3936 1002 3996 iste
1031 3936 1162 3996 mihi
1192 3951 1483 4013 suspectus
1532 3955 1638 3996 est.
1691 3941 1828 3996 Cod.
1882 3940 2165 4013 Florgsic

557 4009 690 4084 lbgit
717 4031 728 4064 :
757 4007 1209 4081 lndigcntiumque
1231 4007 1393 4066 multa
1416 4013 1638 4082 largitur
1662 4014 1997 4084 immcipiam.
2026 4012 2157 4068 Urb.

561 4094 616 4157 et
645 4079 794 4157 Vult.
821 4079 948 4141 duo.
978 4079 1320 4157 indigentium
1348 4079 1682 4157 quamvmulta
1713 4079 1934 4156 largitur
1955 4085 2157 4157 manci-

561 4104 616 4138 et
657 4104 791 4138 vnit.
821 4104 948 4141 uno.
978 4104 1086 4138 mai
1126 4104 1320 4139 emtum
1348 4104 1501 4157 quam
1522 4104 1682 4138 muua
1713 4104 1934 4156 lllfgllut'
1955 4104 2157 4138 manci-

560 4154 726 4222 pium.
754 4153 860 4209 llas
887 4164 1066 4210 autem
1091 4104 1367 4211 icctiOnes
1398 4159 1527 4211 nolo
1557 4165 1842 4220 excutere,
1868 4157 1994 4226 quia
2026 4156 2158 4211 nihil

559 4229 788 4297 subesse
822 4228 1006 4282 video.
1039 4227 1097 4282 In
1127 4228 1252 4284 eod.
1292 4229 1612 4296 Pantagathi
1646 4229 1711 4280 ad
1745 4246 1897 4283 oram
1948 4231 2160 4297 pagina:

558 4295 729 4373 ipsius
753 4298 1069 4373 Pantagathi
1096 4317 1258 4354 manu
1279 4295 1545 4368 scriptum
1572 4295 2160 4373 estindigentiuntcuin

559 4369 728 4441 multa
757 4371 1016 4441 largitate.

633 4452 654 4479 ε
688 4431 1157 4498 ΙΙιιιιόϐιίιιιιυιιιίἰ
1190 4442 1367 4497 locum
1423 4441 1653 4512 protulit
1695 4431 1899 4495 Pineda
1931 4437 2002 4512 ad
2028 4457 2157 4496 con—

556 4512 879 4584 firmandam
910 4515 1130 4568 illorum
1165 4511 1493 4568 sententiain
1523 4516 1613 4584 qui
1643 4523 1873 4584 censent
1917 4511 2022 4566 Job
2071 4530 2157 4567 re-

552 4599 677 4655 gem
713 4583 905 4649 fuisse,
935 4585 1080 4639 inter
1113 4600 1252 4655 quos
1285 4582 1646 4639 numerantur
1697 4582 1860 4648 LXX,
1892 4595 1946 4636 et
1977 4583 2154 4639 Graeci

551 4661 668 4708 fere
696 4671 907 4716 omnes,
935 4672 1172 4725 quorum
1217 4655 1606 4711 aucturitatem
1653 4655 1896 4725 fortasse
1942 4669 2163 4710 secutus

558 4735 646 4780 est.
678 4721 1038 4780 Gaudentius.
1078 4728 1175 4795 Ad
1205 4729 1498 4795 regionem
1523 4721 1902 4795 quodgaltiuet
1927 4766 1940 4787 ,
1991 4725 2164 4783 Euse—

563 4796 710 4868 bius,
741 4797 833 4851 lib.
862 4809 913 4850 lx
946 4801 1118 4866 l’r.cp.
1144 4792 1384 4866 Evang,
1404 4813 1451 4850 c.
1476 4792 2082 4868 dfprofertAristteum
2109 4799 2160 4855 in

544 4867 775 4921 .Iudan'a
828 4864 1079 4920 Historia
1114 4864 1494 4931 seribentem,
1548 4864 1748 4922 Jobuin
1797 4864 2058 4924 habitasse
2108 4873 2162 4926 in

557 4931 810 5011 Idumaeas
833 4949 986 5010 atque
1012 4935 1218 4993 Arabiae
1232 4939 1441 5006 finibus.
1465 4938 1757 4994 Cousentit
1779 4942 2159 5011 antiquissima

555 5010 828 5079 appendix
847 5011 1032 5066 addita
1061 5012 1123 5064 ad
1150 5011 1465 5066 librumJob
1497 5013 1548 5066 in
1578 5014 1683 5065 line
1706 5010 2154 5075 versionisLXX,

557 5098 680 5150 qtue
705 5081 868 5136 tradit
887 5099 1002 5137 eum
1022 5081 1280 5138 habitasse
1293 5085 1527 5140 Ausitide
1550 5086 1601 5138 in
1629 5081 1816 5149 ﬁnibus
1842 5084 2088 5138 ldumwaz
2109 5092 2156 5137 et

555 5152 781 5210 Arabiae.
815 5151 947 5211 Vule
970 5157 1125 5212 Grot.
1162 5162 1213 5210 in
1245 5167 1358 5226 not.
1391 5161 1456 5211 ad
1487 5157 1692 5226 Sulpic.
1730 5161 1882 5220 δον..
1916 5173 2038 5225 pug.
2064 5155 2153 5211 65.

557 5225 785 5283 Miratus
840 5244 1000 5290 sum,
1055 5225 1421 5284 clarissimum
1480 5225 1599 5284 Job,
1637 5237 2150 5294 Commentaorem,

555 5306 764 5354 terram
798 5297 908 5354 Hos
933 5316 962 5353 ει
997 5300 1175 5356 Plinio
1205 5319 1267 5356 ac
1296 5302 1594 5356 Ptolemaeo
1641 5301 1692 5352 in
1740 5298 1942 5354 Arabia
1989 5301 2151 5353 sitam

552 5371 881 5435 affirmaSse;
919 5389 1041 5427 nam
1071 5371 1400 5428 Ptolemmus
1428 5373 1647 5442 quidem
1683 5369 1904 5442 Ausitas
1943 5386 2153 5424 metuo-

553 5452 641 5498 rat
669 5445 885 5498 Arabia:
918 5444 1156 5511 Desertae
1187 5447 1416 5508 incolas,
1441 5437 1585 5511 ᾑυιιςι
1614 5437 1947 5511 jampridem
1981 5453 2154 5496 anno-

554 5523 726 5569 tatum
754 5516 1085 5570 doctissimo
1116 5507 1409 5575 licebat-to,
1435 5507 1659 5580 Plialeg.
1694 5509 1787 5583 lib.
1824 5529 1861 5567 ιι
1887 5555 1902 5580 ,
1937 5531 2055 5583 cap.
2089 5514 2146 5577 8,

554 5595 612 5642 et
642 5588 735 5641 lib.
767 5604 840 5648 tv,
871 5604 923 5642 c.
950 5586 1004 5653 9,
1043 5590 1284 5653 itu-inque
1316 5579 1672 5650 Spanliemio,
1721 5579 1976 5653 Historia:
2007 5579 2148 5640 'Jobi

552 5671 674 5722 cap.
699 5658 772 5724 ὃς
803 5652 1010 5726 eosque
1039 5662 1107 5712 ab
1139 5652 1238 5727 Uita
1274 5653 1538 5727 Nactioris
1569 5655 1702 5727 lilio,
1736 5652 1804 5727 d_e
1835 5673 1944 5727 quo
1973 5655 2110 5712 Gen.
2131 5698 2145 5723 ,

547 5743 682 5796 xxu,
713 5723 806 5795 ἓξ.
829 5723 1110 5800 originem
1158 5726 1386 5800 duxisse
1417 5723 1628 5800 volunt.
1659 5725 1730 5780 At
1758 5723 1944 5783 Plinio
1974 5729 2144 5784 altum

546 5793 775 5870 prorsus
794 5793 870 5855 de
903 5793 1000 5854 b'ac
1030 5800 1258 5870 regione
1287 5793 1588 5870 silentiosa:

618 5867 642 5906 δ
676 5870 857 5926 Verba
893 5872 1009 5925 lucc
1042 5861 1148 5924 non
1178 5878 1393 5924 exstant
1443 5869 1492 5922 in
1540 5861 1770 5939 Vulgata
1798 5910 1811 5934 ,
1858 5884 1960 5925 nec
2003 5869 2145 5940 apud

2274 3439 2477 3511 aliquid
2512 3438 2790 3507 ;sordium
2843 3439 3056 3494 futurus
3109 3437 3252 3510 ignis
3306 3438 3551 3494 inveniat
3597 3479 3612 3506 ,
3656 3442 3754 3496 sed
3818 3450 3870 3496 ut

2270 3575 2434 3637 LXX.
2469 3581 2722 3634 Fortasse
2753 3571 3120 3650 fragmentum
3149 3587 3234 3633 est
3258 3594 3328 3632 cx
3356 3579 3582 3650 antiqua
3613 3575 3746 3636 Itala
3777 3596 3865 3636 Ctt-

2265 3654 2354 3723 jus
2391 3653 2553 3706 hodie
2587 3666 2780 3722 paucas
2807 3648 2986 3723 nobis
3025 3648 3238 3704 laciniae
3264 3648 3588 3719 supersunt.

2349 3734 2371 3761 ε
2404 3724 2480 3777 Ita
2511 3724 2562 3777 in
2593 3721 2730 3778 inSs.
2754 3721 2910 3790 editi,
2940 3736 3054 3792 qua:
3086 3730 3441 3777 occurrerant.

2349 3793 2366 3832 ί
2400 3795 2491 3852 Sic
2521 3811 2654 3849 mss.
2687 3804 2920 3864 quatuor
2943 3791 3106 3849 eodd.
3153 3809 3369 3848 snnuno
3417 3809 3694 3849 coosensu
3743 3811 3865 3861 sup-

2272 3868 2443 3937 plent.
2464 3867 2606 3922 Editi
2636 3878 2797 3920 antea
2826 3867 3082 3936 legebant
3103 3881 3251 3937 nemo
3274 3873 3509 3919 nostrum
3527 3882 3865 3934 murmurare;

2269 3935 2470 3995 ca‘tera
2496 3939 2811 3994 exciderant
2840 3935 3148 3991 oscitantis:
3180 3935 3560 3991 librariorum.

2343 4019 2367 4060 ε
2399 4010 2464 4065 Ει
2491 4011 2578 4065 hic
2611 4023 2829 4078 quoque
2870 4010 3384 4078 mssaciinsentinnt
3422 4012 3473 4063 in
3504 4007 3645 4067 hanc
3677 3999 3864 4066 lectio-

2343 4027 2366 4060 ε
2399 4027 2464 4065 ιιι
2491 4027 2578 4065 mc
2611 4027 2717 4078 quo
2765 4027 2829 4063 ue
2870 4027 3002 4063 mss.
3033 4027 3384 4062 consentiunt
3422 4027 3473 4063 in
3504 4027 3585 4062 nat

2270 4099 2414 4138 nem.
2443 4080 2586 4137 Editi
2615 4027 2868 4152 lt‘gtﬂmlll
2895 4075 3201 4134 salubritate
3215 4083 3450 4148 corporis
3482 4082 3585 4138 sui.

2337 4155 2365 4193 ιι
2399 4155 2486 4208 Sir.
2513 4155 2644 4210 lenit
2672 4145 2842 4207 Editio
2867 4153 3042 4207 Paris.
3065 4155 3188 4206 alite
3214 4145 3337 4206 dua:
3355 4154 3636 4210 editiones
3660 4145 3863 4208 caducis

2269 4227 2529 4297 operibus.
2565 4225 2719 4280 Male.

2342 4297 2356 4335 ί
2395 4300 2448 4352 In
2483 4313 2617 4352 mss.
2653 4297 2806 4351 deest
2830 4312 2945 4350 nos.

2340 4367 2352 4419 i
2393 4371 2637 4440 Lugduu.
2667 4369 2838 4422 editio
2868 4384 2933 4422 ac
2956 4367 3104 4440 Vati.
3133 4363 3420 4440 codd.,~ad
3443 4367 3798 4439 paenitetuiam
3817 4376 3862 4420 te

2264 4431 2503 4508 adducit:
2520 4443 2714 4510 quibus
2741 4439 3019 4510 consentit
3044 4431 3287 4506 Vulgata.
3318 4431 3507 4510 Cra-ca
3528 4440 3862 4508 exemplaria

2263 4516 2335 4586 εἰς
2350 4507 2618 4586 μετάνοιάν
2648 4534 2709 4586 σε
2734 4507 2891 4586 ἆγειλ
2913 4520 2960 4586 te
2988 4511 3223 4586 adducit,
3261 4519 3307 4564 "te
3338 4509 3510 4586 allicit
3538 4553 3562 4586 ,Α
3589 4521 3635 4564 te
3659 4507 3856 4586 incitat.

2268 4577 2326 4637 lu
2350 4577 2582 4639 'Ftoreu.
2612 4583 2736 4640 cod.
2769 4577 2825 4638 et
2855 4583 3049 4638 Colon.
3077 4600 3142 4636 ac
3174 4584 3346 4637 Paris.
3379 4581 3520 4637 edit.
3553 4581 3859 4651 irrepsitud

2267 4659 2572 4726 patientiam
2595 4653 2792 4712 mendo
2816 4655 3187 4720 librariorum,
3213 4654 3357 4728 quod
3383 4651 3592 4728 σφάλμα
3624 4654 3861 4728 necui-rit

2267 4721 2429 4784 etiam
2456 4732 2509 4783 in
2534 4745 2666 4781 mss.
2695 4728 3034 4797 Pantagathi;
3062 4721 3247 4779 verum
3273 4721 3857 4798 ejtisd'em'i’autagathi

2266 4817 2427 4868 utanu
2459 4801 2510 4852 in
2542 4798 2785 4864 margine
2807 4801 3069 4867 scriptum
3104 4807 3189 4852 est
3215 4798 3594 4868 pmnitentiam.

2336 4867 2362 4938 ξ(
2397 4871 2546 4929 Mss.,
2579 4870 2860 4938 corporeis.

2338 4937 2354 4979 1
2387 4940 2466 4995 De
2500 4937 2701 5008 tripliéi
2735 4940 2835 4993 hoc
2865 4939 3223 4994 tentationum
3252 4954 3454 5009 genere
3503 4937 3559 4992 in
3596 4937 3854 4994 eumdem

2261 5027 2482 5082 sensum
2519 5011 2765 5082 studiose
2792 5011 3018 5078 disserit
3057 5009 3219 5082 _Joan.
3272 5009 3612 5082 Cassianus,
3663 5009 3853 5082 Collat.

2261 5099 2335 5148 vt,
2365 5099 2412 5136 c.
2452 5081 2540 5143 Η,
2578 5082 2666 5136 ubi
2697 5080 3025 5136 divisionem
3056 5078 3197 5135 lnmc
3229 5082 3446 5136 videtur
3474 5098 3538 5138 ex
3570 5079 3676 5138 hoc
3717 5081 3854 5138 Gau-

2257 5154 2426 5208 dentii
2479 5154 2599 5207 loco
2641 5154 3033 5219 desumpsisse.
3088 5152 3232 5222 Vtut.
3285 5149 3455 5207 Codd.
3507 5153 3559 5206 iii
3617 5155 3854 5222 margine

2257 5223 2588 5295 adscriptum
2625 5223 2828 5278 habent
2856 5241 2870 5278 :
2902 5223 3007 5278 Hic
3039 5219 3202 5277 multa
3233 5223 3457 5289 desunt;
3492 5240 3592 5279 nec
3624 5219 3853 5280 fortasse

2256 5298 2481 5352 omnino
2514 5297 2882 5367 improbabile
2923 5307 3029 5364 est,
3076 5295 3332 5367 quamvis
3377 5296 3566 5349 statim
3615 5295 3852 5366 singulas

2257 5367 2547 5424 divisionis
2596 5365 2801 5438 partes
2871 5369 3172 5422 subsumat.
3237 5365 3441 5438 Lector
3491 5365 3850 5438 perpendat;

2250 5441 2507 5512 quamvis
2532 5435 2821 5512 positquam
2849 5439 2963 5492 han:
2982 5439 3094 5509 jam
3121 5439 3333 5512 vulgata
3362 5435 3610 5512 fuerant,
3636 5452 3848 5512 Omnem

2257 5506 2387 5566 mihi
2418 5506 2732 5582 scrupuluitt
2761 5506 3029 5566 ademerit
3061 5507 3195 5582 cod._
3223 5506 3445 5565 ’Octavli
3491 5506 3844 5582 l’antagatbi,

2252 5583 2307 5637 in
2335 5579 2790 5656 quoemitinuatu
2812 5584 3006 5656 ordine
3037 5583 3154 5656 haec
3184 5579 3256 5638 ita
3285 5581 3597 5652 conscripta
3617 5579 3768 5647 sunt,
3797 5588 3847 5634 ut

2252 5654 2676 5726 nulladelectus
2709 5654 2950 5726 suSpicio
2985 5655 3344 5725 relinquatur.

2323 5739 2361 5765 η)
2386 5725 2522 5784 Cod.
2553 5725 2707 5796 Flor.
2738 5739 2794 5783 et
2827 5725 2981 5793 Urb,
3016 5725 3060 5782 si
3085 5736 3428 5796 peccatorcm.

2323 5809 2348 5834 η
2379 5797 2528 5854 Flor.
2563 5809 2618 5855 et
2649 5793 2807 5868 Urb,
2833 5799 3055 5855 salutari
3085 5793 3384 5854 admonitu.
