4070 6346
226 329 335 396 831

1395 331 1487 394 ΑΒ
1525 322 1930 396 BENWOLUM
1967 321 2365 397 ΡΒΕἙΑΠΟ.

3434 335 3543 402 838

231 467 328 524 per
381 451 612 524 exiguas
657 452 840 526 plagas
886 452 1198 509 brevissimi
1250 455 1548 527 temporis,
1603 457 1671 510 ab
1720 471 1836 512 om-
1864 464 1917 527 Α
1942 461 2109 532 igitur
2144 465 2315 534 gratia
2346 463 2610 518 mirificus
2636 461 2739 516 .lob
2765 457 3004 534 (Job.i)
3029 507 3044 532 ,
3073 473 3138 518 ex
3167 465 3430 533 opulento
3462 479 3548 520 re-

231 549 398 602 nibus
457 556 718 617 purgatus
776 547 1005 603 maculis
1037 551 1288 605 securior
1337 549 1403 604 ad
1443 559 1703 606 aeternam
1742 552 1844 606 mi-

235 655 395 712 grare
459 642 709 710 requiem
767 651 1065 696 mereatur.
1125 641 1254 697 llaec
1316 653 1400 697 est
1451 645 1685 697 amantis
1745 643 1841 698 Dei

237 733 488 790 consulta
541 751 670 806 erga
732 747 1056 806 peccatores
1121 747 1286 802 suos,
1356 749 1419 790 ac
1481 736 1568 805 pia
1629 735 1843 790 severi-

239 834 340 882 tas.
397 823 680 894 Scriptum
741 835 824 882 est
849 828 997 882 enim
1033 845 1046 880 :
1082 826 1345 895 Quoniam
1397 833 1424 863 ι
1474 843 1625 898 quem
1672 825 1846 899 diligit

239 918 418 989 Deus,
480 919 762 974 verberat:
828 920 1062 991 flagellat
1113 929 1288 974 autem
1356 933 1558 974 onlnem
1632 917 1844 988 ﬁlium,

239 1028 386 1084 quem
429 1009 610 1084 recipit
639 1011 829 1087 (Hebr.
873 1024 988 1082 xu).
1027 1010 1182 1070 Unde
1211 1015 1409 1068 merito
1434 1011 1848 1068 misericomem

243 1107 412 1164 Deum
454 1109 689 1179 quisque
739 1116 986 1164 nostrum
1041 1107 1304 1176 prmtlicat
1349 1103 1694 1176 Propheta:h
1746 1105 1848 1160 do-

241 1210 360 1258 ctus
384 1201 548 1274 225
577 1203 795 1272 eloquio
821 1217 836 1256 :
868 1197 1141 1270 Castigans
1165 1200 1434 1271 castigavit
1459 1216 1537 1252 me
1561 1196 1848 1261 Dominus,

244 1303 291 1350 et
319 1300 471 1349 morti
502 1312 606 1348 non
636 1294 851 1348 tradidit
880 1307 957 1348 me
985 1294 1005 1368 (
1035 1293 1124 1348 Ps.
1150 1307 1295 1350 cxvu
1316 1293 1356 1362 ).
1387 1293 1575 1348 Justos
1610 1301 1764 1359 Vero,
1800 1299 1854 1345 et

245 1389 614 1458 inculpabiles
663 1404 912 1460 qu05qtte
938 1430 952 1451 ,
983 1389 1126 1443 sicut
1169 1397 1417 1442 sanctum
1454 1385 1558 1443 Job
1597 1386 1703 1459 (de
1745 1401 1853 1457 quo

247 1482 511 1539 scribitur
549 1482 704 1555 (Job.
751 1481 804 1552 ι)
832 1481 974 1553 quod
1021 1481 1186 1536 fuerit
1211 1480 1377 1535 homo
1426 1482 1544 1536 sine
1577 1480 1801 1539 querela
1835 1519 1850 1543 ,

246 1589 414 1631 verus
454 1575 547 1629 Dei
573 1575 796 1643 cultor),
823 1575 925 1629 bac
944 1575 1013 1629 de
1031 1589 1195 1629 causa
1214 1575 1359 1629 Deus
1381 1571 1736 1643 omnipotens
1768 1573 1855 1628 vel

243 1666 463 1722 damnis
492 1668 812 1722 facultatum
840 1710 856 1735 ,
889 1665 972 1723 vel
1021 1667 1352 1723 orbitatibus
1392 1667 1683 1724 eharorum
1706 1709 1721 1733 ,
1771 1666 1858 1720 vel

249 1762 517 1833 angustiis
573 1764 1015 1833 persecutionum
1045 1805 1058 1828 ,
1103 1763 1186 1816 vel
1233 1761 1488 1817 dolorum
1552 1761 1858 1818 carnalium

1943 567 2108 624 pente
2137 556 2296 624 inops
2323 558 2590 618 efficitur.
2630 571 2696 611 ex
2727 565 2880 623 patre
2921 556 3109 610 decem
3146 568 3393 611 natorum
3425 558 3547 611 sine

1946 645 2073 702 ﬁliis
2103 647 2400 713 invenitur,
2433 663 2498 703 ex
2533 658 2725 715 vegeto
2759 645 2779 685 ί
2822 663 2886 702 ac
2915 662 3048 703 sano
3085 653 3401 704 vulneratus
3429 690 3443 714 ,
3485 659 3552 704 ex

1948 739 2334 797 ﬂorentlSsimo
2359 747 2384 790 ε
2413 739 2686 798 vermibus
2721 747 2976 796 exaratos
3005 740 3288 812 aspicitur,
3324 755 3388 796 ex
3427 743 3548 811 glo-

1947 833 2099 889 rioso
2128 835 2438 905 opprobriis
2460 836 2741 906 estpositus
2770 835 3045 904 reperitur
3074 853 3084 889 :
3119 837 3432 906 opprobriis
3458 852 3553 892 au-

1951 933 2058 982 tem
2084 931 2138 983 el
2163 930 2462 983 amicorum
2479 927 2960 998 exprobrantium,
2986 939 3039 984 et
3065 929 3231 1000 (quod
3263 939 3412 986 esset
3441 943 3561 1001 gra-

1949 1016 2108 1088 vius)
2143 1021 2376 1089 proprim
2407 1021 2678 1090 conjugis,
2711 1035 2834 1091 qua:
2868 1038 2974 1076 non
3007 1017 3072 1076 ad
3113 1022 3368 1078 solatium
3402 1025 3560 1078 dolo-

1953 1127 2073 1167 rum
2103 1112 2242 1184 ejus,
2275 1113 2370 1169 sed
2402 1114 2466 1169 ad
2504 1115 2747 1170 ultimam
2789 1117 3146 1173 tentationem
3179 1119 3410 1173 docetur
3436 1134 3560 1176 esse

1954 1212 2192 1258 servata.
2228 1203 2359 1259 Nam
2397 1208 2626 1275 cogi-bat
2662 1224 2784 1263 eum
2810 1207 2959 1278 loqui
3003 1209 3170 1266 verba
3204 1210 3560 1280 blaSphemite

1956 1291 1980 1332 ιι
2005 1297 2279 1367 replicans
2311 1300 2358 1354 ei
2385 1299 2790 1372 226justitite
2823 1301 2942 1372 ejus
2974 1317 3138 1372 Opera
3175 1303 3192 1340 ί
3224 1319 3347 1374 qua:
3375 1307 3527 1362 ineas

1957 1406 2074 1446 sum
2109 1391 2396 1463 gessisset,
2425 1395 2514 1465 qui
2549 1393 2616 1448 ad
2648 1403 2730 1451 tot
2759 1397 3101 1452 miseriarum
3135 1407 3336 1469 genera
3372 1415 3565 1470 perve-

1960 1485 2149 1540 nisset.
2200 1485 2545 1557 Quapmpter
2593 1489 2765 1559 inquit
2813 1506 2826 1543 :
2878 1487 2978 1543 Dic
3017 1492 3244 1562 aliquem
3281 1509 3566 1547 sermonem

1960 1587 2144 1634 contra
2168 1575 2475 1647 Dominum,
2501 1587 2548 1637 et
2571 1595 2772 1638 morere
2795 1581 2939 1657 (Job.
2964 1583 3046 1656 ιι).
3076 1583 3299 1642 Mortem
3315 1587 3572 1657 blasphe-

1964 1677 2132 1731 manti
2181 1677 2418 1732 debitam
2469 1694 2565 1746 pro
2612 1681 2857 1735 remedio
2908 1697 3275 1737 mrumnarum
3328 1683 3573 1754 suggerit

1963 1767 2350 1840 acquirendam
2381 1769 2612 1826 Callidus
2640 1771 2835 1828 iterum
2869 1791 2966 1845 per
2995 1775 3281 1830 mulierem
3313 1793 3573 1846 serpens;

250 1856 490 1910 stimulis
525 1857 720 1912 tentari
754 1856 1057 1927 permittit,
1091 1866 1146 1909 ut
1191 1855 1404 1924 probet.
1445 1853 1645 1910 Probat
1675 1861 1856 1909 autem
1891 1871 1934 1932 Β
1967 1871 2023 1915 ιιι
2074 1863 2304 1930 palmam
2342 1863 2622 1934 patientia:
2658 1865 2871 1920 auferat
2933 1863 3236 1922 fortissimo
3303 1869 3575 1935 bellatori,

253 1963 360 2006 non
388 1951 516 2012 sibi,
549 1952 639 2021 qui
675 1961 803 2006 ante
849 1951 1000 2007 novit
1046 1952 1300 2004 universa
1341 1966 1502 2020 quam
1547 1951 1717 2014 fiant,
1765 1949 1858 2003 sed

255 2049 503 2117 Angelis,
536 2059 590 2104 et
621 2048 958 2112 hominibus,
996 2057 1053 2102 ut
1081 2063 1176 2102 eos
1211 2063 1277 2102 ex
1328 2046 1484 2103 factis
1515 2048 1717 2118 probos
1762 2062 1863 2102 no-

255 2142 473 2208 verint,
504 2142 763 2212 quoniam
797 2143 1165 2198 conscientias
1215 2141 1418 2197 intueri
1465 2157 1572 2197 non
1613 2154 1861 2213 possunt,

255 2249 390 2304 quas
418 2235 571 2288 solus
601 2234 753 2290 novit
780 2246 1022 2290 scrutans
1076 2233 1239 2290 corda
1276 2244 1323 2289 et
1367 2251 1513 2289 renes
1554 2233 1712 2290 Deus.
1747 2235 1867 2307 Ipse

258 2327 403 2380 enim
438 2326 591 2381 novit
617 2327 828 2382 occulta
859 2327 1062 2396 cordis,
1091 2337 1144 2382 ut
1173 2323 1467 2398 Propheta:
1491 2344 1676 2384 sermo
1699 2337 1867 2384 testa-

262 2424 346 2470 tur
373 2420 390 2487 (
413 2413 508 2470 Ps.
545 2416 673 2490 vn).
709 2417 924 2472 Etideo
950 2419 1178 2474 forsitan
1209 2420 1402 2474 beatus
1428 2420 1750 2490 Apostolus,
1784 2421 1866 2474 in-

261 2516 342 2564 ter
374 2509 769 2580 multiplicium
815 2513 1225 2569 tribulationum
1253 2555 1268 2577 ,
1315 2515 1868 2585 persocutionumque

263 2606 537 2659 tentacula
579 2605 943 2670 constitutus,
971 2606 1151 2662 aiebat
1185 2625 1198 2660 :
1234 2606 1491 2674 Quoniam
1519 2605 1868 2678 spectaculum

262 2697 578 2770 fuclt'sumus
599 2694 723 2750 huic
745 2695 959 2763 mundo,
976 2707 1022 2752 et
1040 2697 1273 2770 Angelis,
1289 2710 1334 2754 et
1358 2697 1652 2753 hominibus
1672 2698 1713 2773 (1
1746 2699 1864 2754 Cor.

265 2796 364 2859 tv).
397 2792 622 2862 Angelis
649 2793 871 2860 quidem
909 2791 1091 2863 justos
1133 2807 1261 2849 suos
1301 2791 1448 2848 Deus
1493 2791 1708 2864 probari
1749 2792 1870 2849 ideo

263 2885 396 2949 vult,
431 2894 489 2938 ut
517 2893 951 2939 consummatam
981 2897 1298 2940 sanctorum
1319 2885 1587 2955 justitiam
1621 2887 1870 2942 laetantes

264 2986 583 3049 agnoscant.
627 2975 901 3032 laetantur
941 2977 1087 3032 enim
1141 2977 1283 3032 beati
1326 2975 1509 3048 Angeli
1536 2978 1589 3031 in
1608 2976 1736 3032 caelo
1765 3019 1779 3041 ,
1813 2987 1873 3032 ut

265 3071 341 3126 ait
371 3070 638 3127 Dominus
668 3071 846 3135 .lesus,
885 3073 1049 3126 etiam
1079 3087 1234 3139 super
1270 3086 1374 3124 uno
1409 3079 1677 3141 peccatore
1703 3070 1871 3141 paeni-

265 3169 479 3220 tentiam
513 3177 698 3239 agente
742 3164 897 3239 (Luc.
930 3163 1046 3235 xv).
1092 3163 1418 3219 Hominibus
1448 3176 1628 3218 autem
1673 3164 1874 3234 proba-

267 3266 376 3312 tam
407 3271 531 3314 esse
560 3258 675 3311 vult
708 3257 1102 3326 perfectionem
1139 3257 1410 3325 justorum
1432 3298 1446 3322 ,
1479 3267 1538 3311 ut
1567 3257 1644 3321 .ad
1689 3270 1873 3326 perse—
1898 3276 1943 3337 ί]

266 3352 574 3408 verantiam
614 3351 926 3408 dilectionis
957 3352 1050 3408 Dei
1078 3367 1269 3408 eorum
1297 3361 1664 3422 provocentur
1692 3367 1875 3408 exem-

269 3448 382 3518 plo.
427 3447 652 3503 Diabolo
699 3443 864 3503 etiam
909 3447 1192 3516 probatam
1261 3447 1377 3502 vult
1426 3447 1675 3519 ingerere
1733 3449 1874 3503 Deus

270 3549 588 3595 sanctorum
617 3541 906 3610 justitiam,
941 3552 963 3580 ε
995 3552 1052 3595 ιιι
1083 3554 1180 3596 eos
1202 3542 1470 3596 bonorum
1501 3553 1727 3612 operum
1759 3557 1876 3597 me-

271 3628 398 3686 ritis
426 3630 610 3686 debile
639 3631 705 3686 ad
742 3632 1041 3686 amicitiam
1079 3631 1210 3698 Dei,
1253 3641 1307 3688 et
1353 3632 1419 3687 ad
1469 3645 1696 3704 regnum
1751 3633 1877 3691 εωὶί

275 3722 419 3779 unde
447 3723 566 3793 ipse
596 3725 816 3793 cecidit,
850 3725 1036 3780 doleat
1081 3740 1205 3782 esse
1245 3735 1535 3796 provectos
1572 3724 1633 3793 d;
1669 3727 1873 3796 doleat,

274 3817 617 3888 indignetur,
648 3817 918 3887 invideat,
953 3819 1302 3890 ingemiscat,
1331 3835 1432 3875 nec
1469 3829 1648 3876 tamen
1681 3822 1880 3876 audeat

276 3910 571 3983 quidquam
619 3910 687 3966 de
727 3911 934 3982 judicio
970 3914 1154 3966 divino
1191 3912 1434 3968 causari.
1481 3919 1505 3951 ε
1535 3913 1879 3992 Probationis

353 4075 379 4104 ³
411 4065 566 4123 Flor.
601 4074 654 4121 et
687 4065 834 4121 Vatt.
863 4067 972 4121 duo
1009 4082 1161 4138 quem
1202 4065 1374 4134 diligit
1408 4066 1680 4138 Dominus,
1716 4080 1769 4123 et
1800 4069 1878 4124 sic

283 4141 399 4196 fere
430 4153 648 4208 semper
679 4139 867 4208 legunt
899 4137 1225 4205 ubicumque
1249 4148 1502 4192 occurrat
1534 4137 1696 4192 Deus.

355 4211 381 4249 δ
412 4210 582 4265 Valde
610 4211 814 4264 arridet
843 4212 1008 4264 lectio
1039 4221 1319 4279 tttt‘msqttc
1348 4209 1468 4262 Val.
1503 4209 1626 4264 cod.
1649 4256 1662 4278 ,
1694 4211 1879 4265 ductus

282 4283 486 4352 eloquio
517 4323 530 4346 ,
561 4295 721 4352 quam
748 4282 1036 4354 lectionum
1062 4279 1224 4354 habet
1255 4282 1418 4354 etiam
1453 4279 1572 4334 cod.
1612 4282 1879 4354 Pantaga-

283 4350 394 4420 tbi,
423 4354 517 4409 Sed
542 4350 593 4406 in
626 4351 866 4423 margine
898 4353 1066 4421 ipsius
1097 4350 1415 4421 Pantagath
1449 4365 1607 4406 manu
1637 4350 1884 4423 adscrip-

285 4436 396 4482 tum
432 4433 516 4478 est
542 4425 745 4478 doctus.

360 4507 381 4534 ε
416 4495 495 4550 Ita
525 4499 706 4563 legunt
741 4493 885 4549 Flor.
912 4491 1033 4548 eod.
1065 4499 1121 4549 et
1159 4492 1303 4548 Vatt.
1340 4490 1479 4558 duo,
1520 4511 1752 4564 quorum
1792 4496 1874 4550 le-

285 4568 393 4624 ctio
422 4567 594 4636 magis
617 4569 908 4622 convenire
939 4567 1053 4619 visa
1092 4575 1192 4630 est,
1219 4579 1380 4636 quam
1411 4579 1474 4620 ea
1503 4584 1622 4631 qua:
1651 4568 1877 4621 habetur

286 4641 338 4696 in
369 4641 531 4694 editis
561 4639 676 4694 sic:
709 4647 763 4691 ul
786 4654 812 4690 e
837 4641 1085 4691 bonorum
1116 4653 1328 4706 cperunt
1362 4637 1590 4702 meritis,
1630 4639 1877 4706 quamvis

287 4722 342 4767 et
365 4713 480 4765 haec
512 4727 616 4765 nou
652 4710 874 4764 omnino
913 4710 1048 4763 mala
1075 4710 1162 4762 sit.
1205 4708 1382 4761 Porro
1405 4706 1526 4760 eod.
1562 4709 1883 4781 Pantagathi

290 4794 346 4838 ut
381 4783 468 4836 hic
494 4782 679 4842 habet,
711 4791 767 4836 ut
796 4798 879 4835 eos
921 4781 1169 4833 bonorum
1213 4793 1432 4850 cperunt
1464 4782 1656 4835 meritis
1685 4821 1700 4848 ,
1728 4786 1805 4837 sic
1831 4784 1882 4837 in

291 4856 566 4964 sequenti,
598 4851 768 4909 doleat
797 4867 904 4906 esse
927 4860 1210 4920 provectos.

416 4927 488 4964 Ιια
508 4926 625 4964 ρηιΙν
655 4927 764 4964 ΙΙι-Ιι
805 4933 853 4964 pl
875 4921 993 4964 Vult
1039 4923 1164 4964 tlnn,
1187 4938 1210 4964 ρ

416 4927 489 4980 Ita
508 4926 630 4978 cod.
655 4927 782 4980 Urb.
805 4933 855 4978 et
875 4921 1017 4976 Vati.
1039 4923 1170 4986 duo,
1187 4938 1256 4977 ex
1275 4937 1504 4990 quorum
1521 4938 1792 4979 consensu
1805 4925 1887 4980 lo-

291 5013 412 5053 cum
438 4999 579 5050 hunc
601 4999 852 5063 genuina:
877 4993 1091 5048 lectioni
1117 4996 1477 5048 restituimus.
1497 4991 1667 5063 non,
1689 5013 1891 5061 pervec—

295 5079 390 5123 tus.
413 5069 571 5130 Etltli,
596 5071 865 5140 perfectos,
892 5068 1280 5140 onttilnoniale
1322 5064 1703 5140 Legituroliam
1729 5071 1779 5121 in
1805 5067 1892 5122 tri-

295 5141 392 5195 bllr
418 5141 526 5194 illis
548 5137 868 5212 (ξιίιᾴιΙε-ιιιιιιρ
889 5138 999 5212 ἔρξε
1019 5137 1234 5212 excidit,
1274 5149 1371 5203 pro
1398 5139 1535 5212 unde
1555 5140 1660 5212 ipse
1686 5140 1888 5194 cecidit.

373 5213 474 5283 (ζ1ιι
507 5211 662 5268 codd.
697 5209 824 5283 Urb.
855 5205 1073 5263 el’Vatt.
1105 5209 1366 5283 duobus:
1393 5205 1723 5283 Probaliouis
1748 5226 1890 5283 ergo.

376 5280 393 5320 τ
433 5284 668 5336 Verbum
699 5281 826 5336 illttd
851 5295 912 5334 ac
932 5295 1060 5333 sano
1093 5291 1196 5330 non
1227 5280 1464 5334 habetur
1496 5282 1547 5334 in
1584 5297 1713 5334 mss.

371 5361 396 5401 ε
431 5351 662 5408 Exul-ure
693 5366 776 5409 εει
810 5363 1009 5406 terram
1033 5349 1207 5404 sulcis
1231 5351 1608 5418 pI'OSttlmlct‘e,
1636 5351 1777 5421 quod
1806 5351 1900 5407 ali-

299 5425 517 5494 quando
545 5425 706 5480 t-liatn
749 5425 815 5479 ad
850 5436 1050 5492 corpus
1079 5423 1376 5475 humanum
1409 5423 1752 5479 transfertur.
1793 5423 1900 5480 llo-

298 5508 405 5552 rat.
439 5495 611 5568 Epod.
646 5500 709 5551 δε

458 5594 1373 5656 ..........Etrugisvetus

454 5681 692 5732 Frontem
717 5690 960 5732 senectus
982 5687 1178 5730 exaret.

300 5764 578 5822 Convenit
603 5765 741 5821 illud
776 5766 926 5837 Virg.
953 5765 1081 5822 En.
1114 5779 1193 5823 vn
1222 5785 1237 5822 :

494 5894 506 5908 .
547 5893 558 5908 .
600 5896 610 5908 .
650 5858 712 5911 Et
732 5858 950 5911 frontem
973 5861 1257 5912 obscmnam
1279 5861 1418 5924 rugis
1436 5862 1556 5911 arat.

1966 1964 2023 2011 et
2056 1955 2338 2011 interitum
2366 1963 2631 2024 congerat
2666 1955 2836 2027 victo,
2871 1955 2995 2028 quia
3029 1960 3461 2030 blaSphemantis
3496 1961 3576 2016 fu-

1968 2064 2062 2102 ror
2090 2065 2193 2103 non
2226 2047 2499 2104 medelam
2539 2048 2823 2105 doloribus
2855 2058 3106 2122 j‘irsestat.
3144 2053 3242 2108 sed
3275 2058 3576 2110 cruciatum

1969 2143 2160 2194 mortis
2185 2140 2495 2196 accumulat
2528 2159 2539 2195 :
2575 2137 2721 2197 illius
2749 2145 2951 2213 quippe
2980 2147 3170 2200 mortis
3202 2160 3325 2217 qua:
3365 2159 3466 2203 nec
3511 2147 3576 2204 ll-

1971 2243 2094 2288 nem
2117 2234 2352 2290 miseriis
2377 2236 2602 2304 tribuat,
2629 2245 2684 2290 et
2708 2235 2997 2290 exordium
3025 2235 3422 2308 sitpmnarum,
3448 2253 3583 2309 quas

1970 2325 2117 2380 ultor
2140 2323 2284 2381 Deus
2306 2325 2818 2395 blasphemantibus
2842 2331 3188 2398 praeparavit.
3222 2333 3292 2385 At
3324 2329 3416 2386 ille
3448 2331 3578 2388 bea-

1970 2417 2217 2474 tissimus
2248 2420 2560 2491 intelligens
2584 2419 2789 2477 callido
2811 2420 3052 2491 antiquae
3074 2421 3211 2476 artis
3233 2434 3581 2494 argumento,

1971 2511 2252 2568 diabolum
2303 2527 2492 2569 rursus
2531 2525 2631 2585 per
2665 2513 2948 2569 mulierem
2979 2527 3250 2570 venenum
3277 2518 3470 2573 mortis
3497 2521 3582 2573 in-

1971 2619 2184 2676 gerere,
2219 2608 2298 2661 sic
2321 2608 2605 2678 respondit
2633 2621 2645 2659 :
2687 2601 2834 2660 Velut
2864 2621 2991 2675 una,
3022 2607 3217 2677 inquit,
3247 2623 3309 2662 ea:
3332 2609 3583 2679 insipien-

1971 2700 2104 2752 tibus
2146 2695 2451 2752 mulieribus
2497 2700 2670 2752 locuta
2698 2713 2751 2752 es
2795 2691 3014 2769 (IbitL),
3053 2699 3278 2768 pulsans
3324 2701 3587 2758 videlicet

1975 2805 2161 2857 uuam,
2191 2791 2204 2842 i
2242 2789 2310 2846 de
2342 2805 2444 2861 qua
2478 2793 2678 2846 omnis.
2717 2787 2784 2846 Et
2817 2791 3022 2861 adjecit
3050 2811 3062 2846 :
3095 2789 3158 2848 Si
3186 2794 3322 2848 bona
3352 2797 3588 2866 διιπερὶ-

1972 2900 2089 2937 mus
2115 2885 2180 2937 de
2206 2900 2364 2937 ntauu
2405 2885 2648 2951 Domini,
2692 2885 2835 2939 mala
2862 2901 2958 2939 cur
2983 2901 3083 2939 non
3107 2886 3494 2941 tolerabimus?
3518 2887 3588 2942 Et

1974 2977 2028 3030 in
2057 2976 2164 3030 alio
2193 2977 2314 3031 loco
2344 2993 2358 3030 :
2393 2975 2415 3014 κ
2451 2975 2643 3029 Nudus
2670 2977 2807 3030 exivi
2833 2976 2898 3030 de
2918 2987 3068 3030 utero
3094 2979 3279 3033 matris
3302 2993 3452 3046 mete,
3479 2994 3583 3032 uu-

1975 3071 2075 3123 dus
2101 3069 2283 3122 iterum
2312 3078 2545 3122 revertar
2565 3068 2620 3121 in
2643 3079 2837 3121 terram
2869 3083 2886 3122 :
2911 3066 3170 3123 Dominus
3198 3069 3362 3137 dedit,
3408 3068 3588 3124 Domi—

1973 3177 2070 3214 nus
2120 3159 2368 3225 abstulit;
2411 3159 2541 3213 sicut
2591 3153 2818 3212 Domino
2848 3158 3086 3231 placuit,
3118 3161 3192 3214 ita
3230 3161 3427 3228 factum
3465 3172 3580 3229 est,

1976 3253 2042 3307 sit
2093 3267 2276 3306 nomen
2337 3249 2547 3305 Domini
2608 3247 3130 3318 bettcdicttmtllob.
3160 3254 3235 3324 ι).
3280 3254 3427 3308 111101⁸
3465 3253 3584 3310 dis-

1979 3341 2175 3415 pendia
2218 3344 2460 3398 omnium
2507 3341 2824 3398 facultatum
2855 3385 2870 3411 ,
2905 3343 3047 3399 inter
3089 3339 3278 3400 funera
3315 3351 3393 3400 tot
3423 3359 3587 3402 nato-

1978 3453 2120 3509 rum,
2143 3437 2285 3491 inter
2307 3436 2681 3491 atrocissimas
2701 3439 2786 3490 sui
2814 3437 3064 3508 corporis
3091 3439 3393 3504 cruciatus,
3419 3449 3475 3494 et
3500 3440 3585 3496 in-

1979 3531 2209 3586 testinos
2239 3529 2458 3585 dolores
2485 3531 2768 3600 opprobrii
2794 3530 3123 3601 conjugalis.
3148 3532 3336 3586 laudat
3377 3543 3435 3588 et
3471 3548 3592 3588 ma-

1980 3621 2195 3696 gniﬁcat
2226 3625 2665 3692 omnipOlenlem
2708 3622 2996 3677 Dominum
3036 3637 3202 3679 verus
3246 3624 3340 3679 Dei
3379 3625 3577 3680 cultor.

1986 3717 2049 3775 Et
2079 3735 2179 3774 nos
2202 3716 2382 3788 itaque
2413 3713 2456 3772 si
2481 3717 2721 3773 cultores
2750 3713 2766 3754 ι
2803 3715 2898 3772 Dei
2936 3731 3146 3783 sumus,
3183 3718 3463 3775 imitemur
3497 3733 3594 3790 pa-

1987 3815 2235 3869 tientiam
2285 3811 2693 3882 triumphalem,
2722 3827 2888 3882 quam
2931 3813 3106 3868 solam
3153 3815 3422 3884 spoliatus
3463 3817 3589 3870 unl-

1986 3908 2162 3963 versis
2196 3922 2302 3963 non
2331 3907 2508 3962 solum
2537 3907 2914 3976 facultatibus,
2954 3915 3119 3977 atque
3154 3915 3194 3944 ιι
3243 3909 3587 3980 pignoribus,

1985 4065 2330 4141 Ambrosius.
2365 4062 2496 4141 lib]
2531 4061 2688 4141 Ome.
2724 4081 2770 4123 e.
2809 4067 2877 4122 12
2909 4086 2919 4122 :
2953 4062 3173 4137 Inopem
3204 4067 3402 4141 factum
3430 4083 3494 4126 ex
3518 4073 3598 4127 di-

1983 4139 2367 4212 vite,_orbamm
2403 4133 2576 4189 liberis
2605 4150 2668 4212 ea:
2695 4141 2913 4212 fecundo
2940 4133 3171 4212 parente,
3204 4133 3474 4212 perfusum
3506 4141 3594 4198 ul-

1985 4208 2211 4284 ceribus,
2242 4211 2852 4284 equi-atumyulneribus
2878 4221 2909 4262 α
2943 4208 3130 4284 capite
3154 4208 3313 4284 usque
3338 4211 3408 4266 ad
3433 4229 3486 4283 pi
3501 4211 3594 4269 des

1984 4279 2244 4334 ridebant.
2288 4277 2469 4332 Victor
2502 4275 2780 4340 Vitensis,
2815 4275 3032 4334 Perseo.
3086 4275 3316 4336 Vaudal.
3368 4275 3462 4338 liii.
3511 4301 3527 4338 ι
3577 4302 3592 4342 :

1987 4347 2238 4404 Frontem
2264 4349 2316 4403 in
2347 4363 2447 4424 qua
2487 4350 2731 4403 vexillum
2765 4347 3001 4404 Christus
3030 4367 3141 4405 sute
3183 4353 3370 4420 ﬁxerat
3400 4353 3593 4424 crucis,

1988 4434 2224 4495 rugatam
2268 4423 2434 4490 magis
2474 4435 2641 4495 quam
2689 4431 2957 4495 exaratam
2983 4463 2998 4488 ,
3052 4424 3418 4489 discindentes,
3443 4423 3596 4495 atque

1987 4494 2270 4567 mugientes
2291 4493 2629 4567 portendere-nl
2661 4494 2823 4548 nervi.
2855 4494 3066 4548 Aucmr
3098 4499 3221 4549 vita:
3263 4497 3322 4550 Β.
3355 4493 3596 4567 Fulgen-

1992 4562 2212 4638 tii,'cap.
2243 4565 2301 4619 ll
2337 4581 2348 4638 ς
2373 4562 2706 4638 Recrudescit
2734 4567 2917 4638 ittru_m
2945 4581 3133 4638 multus
3156 4582 3344 4622 t'esaua
3363 4562 3594 4638 tortoris,

1909 4647 1964 4708 1)
1986 4635 2311 4744 ﬂagellisque
2332 4637 2617 4689 innumeris
2641 4639 2821 4717 beatus
2847 4633 3164 4707 Fulgentius
3191 4651 3463 4697 exuratur.

2123 4705 2231 4744 “ac
2278 4717 2512 4744 ηιισιιιιηιι
2580 4709 2835 4744 νυσιΙιρηηι
2865 4709 2940 4744 illi

2123 4705 2252 4762 Mss.
2277 4717 2512 4778 quiiluor
2538 4748 2552 4771 ,
2580 4709 2837 4773 replicans
2864 4705 2967 4765 illi.

2070 4779 2085 4816 ι
2121 4779 2180 4852 ln
2216 4793 2380 4841 inss.,
2423 4793 2539 4851 qua:
2580 4779 2841 4835 incassum
2883 4784 3135 4852 gesserit;
3164 4781 3382 4840 videtur
3413 4791 3598 4842 tamen

1997 4851 2206 4906 librarii
2239 4859 2501 4906 erratmn.

2071 4935 2084 4972 ι
2127 4923 2347 5000 Scilicet
2374 4921 2599 5000 mulier;
2632 4924 2897 5000 quamvis
2919 4933 2975 4980 et
2997 4935 3225 5000 numero
3248 4923 3482 5000 plurium
3506 4939 3605 4985 sle-

1997 4994 2116 5063 pius
2143 4995 2224 5047 usi
2259 4991 2458 5063 fuerint
2489 5035 2496 5044 .
2523 4991 2751 5063 veteres.
2803 4993 2935 5051 Vide
2981 4991 3472 5055 eminentissin'mm
3496 5001 3605 5056 No-

1997 5061 2208 5142 ijsium,
2243 5063 2383 5142 Diss.
2409 5061 2464 5128 4,
2497 5062 2562 5118 ad
2597 5063 2788 5142 Cenat.
2823 5065 3051 5142 Pis.,_c.
3085 5069 3234 5142 3.7et
3266 5073 3603 5142 Stephanum

1975 5135 2312 5213 palusitttnt
2339 5136 2391 5188 in
2427 5146 2538 5190 not.
2585 5135 2650 5189 ad
2694 5133 2902 5207 LUpttm
2947 5133 3396 5210 Ferraricnsem',
3431 5157 3499 5213 ep
3549 5145 3601 5201 1.

2001 5205 2059 5262 ιη
2077 5217 2246 5278 _mss.,
2276 5205 2341 5278 de
2357 5219 2466 5278 qua
2497 5221 2690 5278 omnes.

2043 5275 2103 5402 ττι
2135 5276 2266 5332 Cod.
2325 5275 2453 5333 Urb.
2513 5287 2567 5332 et
2618 5275 2760 5334 Vatt.
2808 5279 2939 5348 duo,
2965 5284 3137 5338 nudus
3187 5281 3345 5351 exivi,
3393 5285 3488 5350 ait,
3540 5281 3606 5342 de

2065 5367 2171 5402 ero.

2005 5367 2171 5405 utero.

2011 5422 2099 5545 Di
2131 5421 2225 5506 sic
2246 5417 2448 5492 habent
2475 5429 2604 5478 tnss.
2630 5419 2789 5478 codd.
2823 5421 2968 5481 Editi
3002 5426 3181 5482 minus
3207 5435 3351 5498 apte,
3378 5423 3607 5484 cultores

2065 5509 2246 5545 omtm.

2065 5509 2246 5546 ommt.

2084 5572 2124 5600 ω
2155 5562 2393 5638 Pignora
2417 5575 2520 5638 pro
2543 5563 2718 5620 liberis
2741 5567 2791 5622 in
2820 5579 2917 5622 usu
2942 5581 3064 5624 esse
3085 5567 3224 5638 apud
3250 5565 3564 5626 Salvianum
3589 5613 3604 5637 ,

2015 5633 2590 5708 observavitltalozius
2611 5638 2678 5690 ad
2703 5643 2951 5708 pag-78.
2983 5633 3133 5708 quod
3152 5650 3330 5695 tamen
3353 5633 3610 5708 frequens

2015 5651 2590 5691 ooservavrttsamztus
2611 5651 2677 5690 au
2739 5651 2951 5706 ag.-78.
2983 5651 3127 5708 quoa
3152 5651 3430 5695 tamenne
3475 5655 3610 5698 nens

2014 5707 2177 5783 etiam
2203 5653 2858 5783 antiquis;Quintiliimus
2881 5754 2895 5777 ,
2928 5709 3023 5783 lib.
3056 5721 3137 5783 vt,
3160 5725 3281 5783 cap.
3316 5709 3338 5766 1
3379 5727 3390 5765 :
3435 5651 3610 5778 auare

2017 5787 2066 5835 et
2095 5775 2382 5856 obsecratio
2415 5775 2509 5856 illa
2529 5778 2770 5856 iudicum
2791 5775 2890 5856 per
2913 5775 3481 5856 chen-iselma'pignora'.
3511 5789 3614 5841 uti-

2020 5865 2120 5921 que
2146 5851 2190 5905 si
2215 5860 2260 5906 el
2284 5859 2370 5907 reo
2392 5851 2494 5907 sint
2523 5847 2694 5921 liberi,
2723 5847 2948 5924 coniux,
2986 5847 3256 5924 parentes,
3288 5847 3435 5911 illitis
3472 5857 3610 5926 erit;
