4070 6346
571 291 677 349 859

1642 300 1702 357 S.
1745 299 2128 359 GAUDENTII
2170 301 2431 363 BRIXIAS.
2476 301 2784 365 EPISCOPI

3749 309 3859 373 l8l0

570 408 666 463 sed
711 408 847 479 ipsis
891 407 1057 465 etiam
1100 412 1352 482 corporis
1383 411 1482 469 sui
1523 413 1810 478 carnibus,
1852 412 2173 470 inconcussa
2203 424 2255 486 Α
2284 435 2413 475 nere
2458 419 2778 489 cupientes,
2829 418 3064 475 oderunt
3120 418 3504 477 verberantem
3533 420 3859 489 iustum;dc

567 498 713 568 tide,
778 501 1017 569 possidet
1071 520 1235 559 verus
1281 504 1377 558 Dei
1423 504 1618 560 cultor.
1682 516 1706 541 ιι
1776 504 1948 565 Verus
2021 510 2165 561 enim

567 592 661 649 Dei
710 597 886 651 cultor
941 597 1031 653 ille
1080 608 1187 664 est,
1235 599 1389 668 cujus
1438 598 1577 652 tides
1615 598 1759 652 inter
1806 599 2034 653 adversa
2063 615 2166 654 non

568 687 751 743 deiicit
776 731 790 754 ,
833 690 987 757 cujus
1027 691 1209 762 lingua
1262 690 1593 746 benedicere
1621 707 1819 745 nomen
1856 692 2169 747 Dominisui

567 783 621 837 in
653 784 801 839 omni
834 785 1205 854 angustiarum
1240 795 1508 853 tempore,
1538 783 1566 823 ι)
1597 786 1649 839 in
1677 786 1823 839 omni
1866 786 2170 841 tribulatio-

566 892 695 932 num
728 878 881 947 plaga
916 894 1019 932 non
1041 878 1263 947 desinit,
1297 880 1486 935 dicens
1516 897 1531 933 :
1577 878 1893 933 Benedicam
1945 880 2168 934 Domino

565 970 618 1025 in
687 974 826 1027 omni
873 982 1139 1045 tempore,
1198 990 1402 1044 semper
1462 974 1576 1027 laus
1620 976 1735 1047 ejus
1784 974 1835 1027 in
1896 991 1984 1028 ore
2056 991 2167 1028 ineo

566 1065 685 1139 (Ps.
720 1067 935 1135 xum).
960 1068 1015 1123 Si
1048 1077 1301 1135 peccator
1330 1082 1662 1137 es,agnosce
1696 1082 1792 1135 pro
1824 1066 2167 1121 ciirrectionc

563 1160 723 1230 227
745 1171 828 1212 tua
853 1158 1129 1229 essequod
1148 1158 1403 1228 ctnderis,
1436 1160 1517 1214 vel
1534 1170 1682 1215 certe
1706 1175 1803 1229 pro
1825 1161 2164 1230 purgatione,

561 1250 701 1305 sicut
727 1266 886 1321 supra
916 1252 1173 1306 disserui.
1208 1251 1266 1306 Si
1295 1263 1474 1308 autem
1495 1253 1676 1322 justus
1700 1269 1778 1316 es,
1826 1268 2019 1308 nomen
2047 1253 2167 1321 qui-

559 1341 681 1398 dem
705 1343 835 1413 justi
863 1359 1195 1413 priesuinere
1224 1360 1330 1400 non
1375 1345 1628 1410 audebis,
1682 1345 1953 1414 intelliges
1984 1354 2162 1398 tamen

560 1438 626 1491 ad
669 1438 857 1508 gloriae
891 1450 997 1493 tua:
1049 1440 1428 1511 probationem
1471 1441 1697 1495 evenire
1744 1441 1886 1509 quod
1938 1438 2158 1508 pateris.

561 1530 838 1598 Scriptum
869 1540 953 1585 est
1001 1533 1145 1587 enim
1197 1549 1210 1586 :
1254 1531 1393 1586 Vasa
1452 1531 1600 1605 ﬁguli
1632 1532 1817 1604 probat
1846 1532 2039 1601 fornaa:
2064 1575 2078 1598 ,
2115 1540 2163 1584 et

559 1626 792 1680 homines
832 1630 1005 1699 justos
1064 1628 1280 1682 tentatio
1338 1628 1691 1681 tribulationis
1741 1624 1911 1697 (Eccl.
1960 1622 2157 1694 xxvii).

556 1714 685 1770 Ideo
715 1727 936 1772 sanctus
967 1734 1185 1788 quoque
1215 1718 1515 1787 Apostolus
1550 1719 1708 1773 dicit:
1747 1716 2036 1771 Tribulatio
2066 1733 2161 1788 pa-

2276 512 2710 567 emendaltilibus
2732 522 2934 581 autem,
2986 511 3179 575 Multa,
3226 513 3418 583 inquit,
3447 514 3662 587 ﬂagella
3692 533 3857 581 pecca-

2275 611 2442 655 torum
2471 602 2587 671 (Ps.
2608 604 2756 670 xxxi)
2780 620 2789 655 ε
2819 604 2888 657 de
2919 603 3122 658 sanctis
3149 619 3295 667 veto,
3318 604 3523 671 Mulae,
3548 607 3644 669 ait,
3666 607 3861 661 tribula-

2275 698 2717 769 tionesjustorum
2742 694 2858 767 (Ps.
2885 699 3099 767 xxxiii).
3141 696 3251 753 Nec
3274 698 3496 754 dillicile
3528 700 3749 755 omnino
3788 711 3861 757 est

2272 787 2564 857 unicuique
2594 786 2621 824 ἀ
2651 789 2942 855 Spirituali,
2978 798 3035 843 ut
3060 788 3202 843 hanc
3222 790 3601 847 diver~itatem
3633 808 3698 847 ex
3756 794 3858 849 fru-

2272 879 2451 932 ctibus
2482 881 2746 948 cujusque
2774 880 3063 948 dijudicet,
3088 882 3305 937 dicente
3337 882 3570 939 DOinino
3602 903 3615 938 :
3646 884 3731 939 Ex
3752 891 3859 955 fru-

2271 974 2434 1025 ctibus
2465 990 2642 1026 eorum
2672 976 2990 1046 cognoscetis
3020 992 3107 1028 eos
3148 976 3366 1046 (Matth.
3403 994 3519 1046 vin,
3564 978 3687 1041 ΞΟ).
3739 979 3858 1036 Nam

2276 1072 2298 1099 θ
2320 1064 2539 1118 confusa
2572 1080 2693 1119 esse
2722 1067 2861 1134 apud
2890 1082 2987 1120 nos
3013 1066 3218 1134 omnia,
3244 1069 3548 1139 philos0pln
3574 1068 3857 1126 G-ntilium

2263 1156 2545 1225 iudicant;
2578 1172 2699 1211 cum
2732 1156 3021 1228 spiritualis
3052 1156 3209 1211 hoino
3241 1159 3499 1215 discernat
3527 1205 3541 1227 ,
3588 1174 3638 1214 et
3670 1162 3859 1235 dijudi-

2267 1258 2343 1300 cet
2373 1250 2570 1315 omnia,
2607 1257 2664 1302 ut
2684 1251 2759 1303 ait
2787 1251 3104 1318 Apostolus,
3142 1253 3255 1321 ipse
3281 1266 3452 1307 autem
3485 1272 3516 1307 α
3548 1256 3750 1311 nemine
3768 1258 3855 1325 ju-

2268 1341 2464 1395 dicettir
2497 1342 2537 1411 (Ι
2571 1342 2691 1397 Cor.
2721 1342 2803 1413 ti).
2839 1343 2856 1379 τ
2889 1344 3138 1399 Nonnulli
3179 1348 3323 1401 enim
3358 1350 3714 1418 prudentium
3758 1365 3853 1406 sa:-

2266 1436 2394 1502 culi,
2427 1437 2706 1506 sapientia:
2733 1438 2972 1494 ctelestis
3007 1441 3217 1508 ignari,
3245 1441 3370 1497 dum
3394 1443 3854 1500 voluntst'ortuita

2264 1538 2511 1586 astruere
2553 1533 2803 1587 universa
2865 1549 2985 1600 qua:
3016 1545 3231 1591 creator
3261 1538 3506 1591 omnium
3550 1539 3854 1605 Deusjusto

2264 1622 2640 1677 moderamine
2702 1623 3056 1691 providenter
3111 1636 3367 1691 exercet,
3411 1629 3483 1682 ita
3532 1630 3849 1699 loquuntur:

2264 1711 2290 1749 ¹¹
2316 1713 2372 1769 Si
2403 1714 2492 1767 [)ei
2520 1716 2855 1783 providentia
2884 1716 3282 1786 gubernaretur
3315 1720 3400 1773 hic
3432 1722 3689 1790 mundus,
3717 1739 3854 1777 tium«

554 1810 790 1865 tientiain
844 1824 1114 1880 operatur,
1163 1812 1409 1883 patientia
1468 1811 1861 1880 probationem,
1924 1810 2157 1877 probatio
2186 1822 2236 1884 Β
2262 1823 2421 1878 quam
2446 1808 2753 1877 promiSCue
2782 1810 2976 1877 bonos,
3004 1820 3059 1865 et
3089 1812 3259 1866 malos
3293 1813 3732 1874 tribulationum.
3764 1814 3852 1869 do-

555 1920 723 1975 spent,
747 1920 863 1972 spes
890 1914 1063 1958 autent
1092 1922 1194 1958 non
1222 1906 1493 1974 confundit
1524 1904 1700 1975 (Rom.
1736 1902 1815 1973 v).
1855 1904 1997 1974 Ergo
2020 1920 2156 1965 quo-

554 1996 700 2051 niam
736 1996 828 2051 vel
858 1996 923 2051 ad
957 1998 1338 2065 probationem
1364 1998 1549 2066 jiistis,
1600 1996 1687 2051 vel
1720 1997 1784 2049 ad
1818 1996 2155 2051 emendatio-

556 2104 680 2145 nem
716 2091 1121 2159 peccatoribus,
1166 2090 1249 2145 vel
1281 2091 1347 2145 ad
1394 2106 1610 2162 ptenam
1665 2090 1970 2160 sacrilegis,
2018 2091 2154 2145 varii

552 2185 825 2238 cruciatus
854 2184 907 2237 in
955 2182 1060 2239 hoc
1089 2184 1291 2239 saeculo
1322 2183 1671 2254 irrogautur;
1727 2191 1783 2238 et
1826 2182 2153 2251 quibusdam

550 2276 851 2332 mortiferae
890 2288 1020 2333 sunt
1078 2280 1194 2333 ista:
1241 2278 1434 2349 plagae,
1467 2278 1791 2349 quibusdam
1843 2280 2146 2333 salutares:

548 2381 839 2441 propterea
869 2386 991 2424 cum
1022 2370 1376 2426 distinctione
1405 2386 1619 2426 summa
1643 2369 1901 2425 scribitur
1926 2370 1977 2423 in
2009 2369 2150 2424 libro

552 2463 915 2532 Psalmortttn,
937 2465 1005 2519 de
1034 2459 1405 2533 pertinacibus
1430 2464 1647 2531 quidem
1678 2464 1837 2518 malis
1866 2465 1970 2517 ita:
2006 2463 2150 2517 Mors

547 2566 880 2626 peccatorum
905 2558 1126 2625 pessima
1145 2598 1160 2621 ,
1191 2566 1237 2610 et
1260 2558 1348 2625 qui
1376 2555 1593 2617 oderunt
1616 2560 1819 2629 justum
1849 2556 2149 2626 delinquent

546 2648 663 2720 (Ps.
698 2649 922 2722 XXXIII);
955 2650 1139 2721 utique
1166 2665 1357 2705 eorum
1388 2661 1407 2687 ο
1457 2657 1803 2719 peccatorum
1852 2649 2143 2716 pessimam

547 2750 777 2797 testatur
806 2753 1062 2810 mortem,
1097 2742 1276 2814 quiin
1306 2742 1515 2798 scelere
1548 2740 1874 2796 delictorum
1927 2756 2143 2809 perma-

540 2892 597 2938 et
623 2882 781 2946 paulo
815 2898 977 2947 supra
1012 2900 1023 2936 :
1056 2882 1224 2950 Affert
1257 2884 1309 2936 in
1340 2882 1421 2937 his
1448 2890 1764 2937 momentum
1795 2889 1842 2933 et
1885 2891 2047 2945 tetas,
2089 2888 2138 2932 et

540 2970 715 3017 sexus,
749 2965 796 3009 et
826 2956 1044 3024 pignora
1070 2955 1200 3027 (agit
1226 2955 1292 3009 de
1324 2958 1715 3027 peroratione),
1743 2954 1891 3027 liberi
1925 2953 2066 3020 dico,
2093 2960 2140 3006 et

542 3036 806 3096 parentes,
835 3036 883 3079 et
914 3025 1215 3097 propinqui.
1247 3027 1405 3082 Ovid.
1438 3042 1494 3080 ιιι
1525 3026 1689 3080 'l‘rist.
1716 3025 1803 3080 Η.

695 3120 834 3180 Quod
862 3122 1013 3184 patria
1037 3133 1208 3183 careo,
1234 3120 1619 3183 pignoribusque
1647 3119 1802 3178 meis;

537 3204 773 3275 itemque
815 3204 1097 3259 Claudian.
1146 3220 1162 3257 1
1210 3204 1263 3257 in
1309 3204 1537 3273 Eutrop.
1563 3202 1715 3255 222:

662 3296 773 3355 Quo
794 3297 945 3347 struis
965 3297 1056 3347 hos
1073 3297 1175 3345 auri
1193 3295 1448 3346 cumulos?
1472 3308 1582 3357 qua:
1606 3298 1811 3358 pignora
1836 3293 1982 3343 tantis

660 3360 939 3409 Suecedent
960 3358 1171 3421 Opibus?

540 3454 675 3521 Aug.
709 3467 875 3507 serm.
912 3453 933 3505 1
984 3450 1051 3503 de
1094 3450 1485 3506 lunocentibus
1533 3467 1545 3502 :
1604 3449 1833 3518 Pignora
1869 3458 1986 3501 sunt
2014 3463 2134 3521 (non

536 3519 756 3589 credita,
783 3523 873 3578 sed
906 3532 1115 3587 creata;
1149 3539 1247 3575 non
1284 3522 1554 3590 deposita,
1588 3521 1679 3575 sed
1710 3524 1965 3588 exposita.
1998 3519 2131 3572 Am-

536 3596 773 3661 brosius,
802 3611 837 3648 ιι
866 3594 936 3648 de
966 3594 1120 3657 Fide,
1145 3596 1209 3648 ad
1242 3592 1559 3649 Gratianum
1579 3634 1594 3655 ,
1635 3608 1757 3658 cap.
1791 3592 1827 3645 2
1859 3609 1871 3643 :
1912 3590 2129 3644 Deside-

534 3668 628 3721 riis
656 3668 773 3719 licet
804 3670 941 3735 fessa
970 3670 1217 3719 maternis
1248 3665 1674 3718 charissiinorum
1704 3665 1981 3735 pignorum
2010 3661 2132 3735 tole-

534 3742 683 3790 rabat
711 3732 1017 3791 absentium.
1063 3735 1401 3791 Gaudentius
1436 3738 1571 3803 ipse.
1607 3732 1777 3787 tract.
1814 3734 1879 3785 de
1914 3732 2128 3785 Macha-

533 3808 668 3864 bteis
693 3809 1024 3878 ittartyribus
1048 3826 1060 3861 ε
1091 3807 1187 3862 Τοι
1220 3807 1472 3878 martyrio
1501 3805 1739 3873 pertulit,
1767 3816 1887 3875 quot
1912 3803 2129 3878 pignora

531 3875 877 3946 consecravit;
916 3894 973 3933 et
1018 3880 1179 3948 paulo
1212 3886 1334 3948 post
1361 3875 1380 3931 Ξ
1434 3877 1630 3931 Octava
1668 3886 1715 3929 et
1754 3875 2127 3948 ipsaiiccessit

532 3968 767 4017 numero,
800 3952 869 4005 ad
893 3946 1126 4005 octauum
1175 3946 1369 4004 Christi
1398 3948 1818 4002 llesurreCtionis
1849 3946 1984 3999 diem
2008 3962 2126 3998 cum

530 4025 702 4095 charis
726 4024 1023 4095 pignoribus
1051 4038 1348 4076 occursuro.
1366 4020 1467 4075 Adi
1492 4022 1569 4073 sis
1592 4019 1907 4095 élbericum
1928 4018 2123 4095 Gentij

528 4094 657 4161 lem,
705 4091 1011 4161 de'Nuptiis
1041 4095 1114 4149 lib
1174 4110 1229 4155 tt.
1262 4109 1382 4164 cap.
1408 4096 1472 4157 3;
1514 4105 1570 4146 et
1599 4091 2027 4162 Berneggerum,
2055 4093 2121 4144 ad

526 4167 750 4225 Sui'tou.
782 4167 949 4236 Aug.,
980 4182 1100 4235 cap.
1133 4166 1224 4219 21.

599 4249 625 4276 ι
650 4240 705 4293 lit
739 4232 897 4300 "18s.:
926 4232 1177 4309 possidet.
1218 4235 1385 4309 Verus
1414 4236 1550 4309 enim
1576 4232 1672 4287 Dei
1701 4234 1889 4287 cultor.
1910 4233 2119 4287 Cretera

526 4311 722 4365 desunt
760 4306 936 4387 etiam
960 4314 1010 4362 in
1045 4309 1182 4363 libro
1234 4306 1585 4387 Pantagathi;
1619 4316 1791 4387 prout
1809 4321 1872 4359 ea
1903 4319 2119 4387 quoque

523 4398 642 4452 qua:
666 4384 830 4453 paulo
861 4391 984 4452 post
1006 4389 1305 4451 sequuntur
1331 4381 1386 4432 in
1417 4381 1554 4432 omni
1582 4381 1945 4447 angustiarum
1986 4386 2115 4430 tem-

522 4470 713 4580 ροὶϐίζι
737 4530 853 4579 ιιιθο
871 4537 1086 4593 quoque
1106 4521 1275 4576 verba
1292 4520 1633 4575 abstulerunt
1655 4516 1862 4573 librarii
1884 4516 1949 4572 de
1978 4531 2108 4577 mss.

596 4608 619 4635 ε
659 4596 717 4652 In
750 4595 882 4650 edit.
913 4595 1161 4665 Lugdun.
1194 4594 1347 4647 deest
1379 4609 1481 4646 vox
1505 4603 1857 4665 peccatorum.

590 4665 618 4706 ά
654 4668 747 4722 Sic
772 4669 929 4729 editi,
959 4660 1018 4720 et
1053 4679 1182 4719 mss.
1228 4679 1443 4729 omnes,
1476 4674 1705 4729 excepto
1734 4661 1882 4714 Flor.
1921 4660 1973 4714 in
2004 4675 2111 4727 quo

518 4740 715 4809 legitur
728 4738 972 4809 spiritali,
994 4736 1087 4809 sed
1106 4739 1221 4809 hoc
1245 4737 1363 4788 loco
1382 4744 1588 4809 tantum
1612 4750 1625 4796 ;
1661 4734 1792 4809 alibi
1825 4731 2108 4809 spirituali,

517 4803 906 4877 et'spiritualis;
930 4818 983 4860 at
1010 4806 1143 4877 Cod.
1176 4806 1496 4875 l’autagathi
1526 4813 1635 4857 tum
1668 4803 1777 4869 hic,
1814 4815 1925 4856 tuin
1954 4803 2103 4871 alibi,

516 4882 743 4951 spiritali
771 4893 825 4933 et
850 4876 1124 4950 spiritalis.

591 4961 615 4988 ο
652 4952 794 5006 Vana
818 4945 887 5005 ac
903 4952 1132 5004 demens
1161 4945 1481 5015 supersﬁtio
1506 4962 1535 5001 a
1566 4945 1876 5001 Gentilibus
1902 4945 2103 5015 passim

515 5022 807 5085 vocabatur
846 5020 1143 5076 christiana
1195 5018 1409 5089 religio,
1462 5017 1875 5089 Christianiqtte
1922 5017 2100 5085 stulti,

514 5096 661 5150 atltei
683 5138 697 5159 ,
719 5108 781 5149 ac
811 5096 1010 5145 nullius
1038 5090 1277 5145 numinis
1301 5088 1573 5154 eultores;
1595 5088 1826 5159 ideoque
1850 5088 2102 5159 Gauden-

513 5168 620 5221 tius
647 5158 757 5220 ait:
811 5161 1043 5229 Confusa
1089 5180 1197 5217 esse
1251 5164 1392 5231 apud
1437 5179 1529 5217 nos
1574 5158 1753 5215 omnia
1803 5158 2103 5233 philosophi

511 5236 1077 5309 Gentiliiimjudicant.
1106 5236 1210 5290 lies
1242 5247 1497 5309 notaest,
1530 5250 1593 5309 ac
1636 5233 1907 5309 frequenti
1956 5231 2096 5309 scii-

510 5321 726 5392 ptorum
757 5304 971 5392 calamo
1016 5308 1177 5379 trita,
1222 5304 1314 5377 qui
1353 5306 1781 5392 deineittissitiim
1812 5305 2099 5392 eiiluti‘ipim

506 5375 707 5436 invidia
732 5376 1091 5435 christianum
1123 5375 1324 5434 nomen
1354 5377 1603 5431 laborare
1628 5377 1941 5430 noluerunt.
1964 5375 2098 5429 Vide

506 5452 737 5509 Tertull.
761 5454 814 5506 in
843 5451 1155 5521 Apologet.,
1180 5451 1466 5521 Mitttttiuin
1487 5449 1539 5501 iit
1562 5446 2094 5521 QetavioJustinum

505 5524 562 5579 in
597 5537 822 5590 utraque
856 5517 1151 5589 Apologia;
1189 5518 1550 5581 Lactantiuui,
1586 5518 1621 5571 ι.
1658 5534 1715 5590 v,
1745 5534 1865 5590 cap.
1902 5517 1988 5581 14,
2030 5518 2094 5572 15

502 5604 559 5651 et
590 5596 673 5651 18.
726 5589 1044 5662 Philosophi
1075 5608 1204 5647 vero
1253 5590 1598 5662 potiSsimum
1630 5589 1959 5645 Christianis
2013 5591 2094 5644 in-

502 5666 641 5723 {ensi
674 5666 815 5735 apud
846 5661 1142 5730 Justiuum,
1178 5661 1340 5735 Apol.
1372 5676 1410 5714 1.

578 5736 598 5777 ί
636 5732 1033 5809 Epicureorum
1092 5732 1428 5809 sen_tenti_am
1481 5732 1768 5809 convellit,
1816 5733 1910 5809 qui
1962 5745 2090 5785 casu

505 5802 830 5878 omnia'regi
860 5806 1137 5860 volebant.
1182 5802 1449 5858 Praeclare
1479 5802 1609 5858 Sen.
1633 5802 1702 5859 de
1716 5802 2087 5872 Provid.,cap.

2261 1902 2462 1965 lorum,
2490 1916 2877 1965 a-rumnztrtim,
2912 1912 3072 1972 atque
3103 1905 3484 1971 aegritudinum
3517 1907 3690 1976 plagze
3726 1922 3850 1962 con-

2259 1992 2510 2058 ﬁcereiit,
2538 1993 2661 2063 quia
2691 1994 2886 2048 divitue
2912 1996 3179 2066 aquitalis
3203 2014 3311 2051 non
3340 2008 3506 2063 esset,
3539 1999 3849 2065 disiiarilius

2260 2085 2470 2139 meritis
2507 2086 2693 2155 plagas
2724 2087 2964 2156 irrogare
2989 2090 3337 2143 t'tiltSillllleS:
3370 2091 3463 2145 sed
3499 2090 3512 2127 ί
3551 2093 3849 2159 problema-

2259 2178 2325 2231 tis
2357 2178 2521 2249 228
2568 2179 2723 2247 hujus
2774 2177 2972 2233 invidia
3018 2180 3030 2229 i
3086 2181 3246 2235 facile
3300 2190 3596 2237 evacuatur
3654 2187 3848 2240 usitato

2258 2274 2505 2325 veritatis
2527 2270 2809 2339 exemplo.
2840 2270 3033 2325 Notum
3060 2288 3289 2342 namque
3310 2282 3393 2328 est
3420 2274 3696 2339 omnibus,
3714 2275 3844 2341 quod

2258 2372 2311 2419 et
2350 2364 2479 2418 ferri
2508 2367 2679 2428 acies,
2715 2373 2769 2417 et
2794 2365 2931 2435 ignis
2962 2368 3125 2433 ustio,
3158 2368 3239 2421 vel
3273 2366 3339 2422 ad
3385 2368 3669 2423 interitum
3715 2371 3843 2424 irro-

2254 2465 2469 2526 gatitur,
2522 2456 2740 2527 quando
2798 2473 3010 2525 poenam
3062 2459 3227 2528 exigit
3286 2460 3545 2529 puniendi
3606 2462 3841 2515 criminis

2253 2552 2507 2620 qualitas,
2538 2550 2622 2603 vel
2652 2550 2719 2603 ad
2748 2552 2931 2605 curant
2961 2552 3283 2622 proficiunt,
3309 2570 3431 2607 cum
3464 2555 3696 2609 sanandi
3721 2570 3840 2626 gra-

2255 2645 2329 2696 tia
2357 2643 2757 2697 medicinaliter
2787 2643 3139 2698 adhibentur.
3187 2644 3261 2698 [ta
3294 2645 3458 2715 igitur
3492 2647 3636 2701 Deus
3667 2648 3839 2702 cinni-

2248 2745 2443 2807 potens
2485 2734 2704 2790 easdem
2747 2736 3021 2806 plagarum
3057 2737 3301 2806 species,
3365 2755 3461 2807 pro
3487 2740 3838 2810 qualitatibus

2246 2877 2270 2929 1
2298 2896 2311 2930 :
2348 2875 2739 2942 Supervacuum
2761 2883 2835 2927 est
2862 2876 3129 2930 ostendere
3151 2892 3251 2929 non
3274 2877 3385 2931 sine
3406 2880 3588 2945 aliquo
3632 2884 3836 2938 custode

2242 2956 2443 3001 tantum
2492 2963 2621 3018 opus
2648 2954 2805 3012 stare,
2842 2963 2933 2999 nec
2982 2949 3117 3001 hunc
3149 2948 3378 3001 siderum
3410 2960 3608 3003 eirtuiit
3636 2955 3833 3007 discur-

2243 3038 2352 3072 sniii
2388 3020 2586 3084 foi'tttiti'
2630 3021 2850 3084 impetus
2897 3035 3021 3071 esse.
3053 3018 3248 3071 Minue.
3304 3021 3353 3072 in
3387 3022 3648 3075 Oetavio:
3708 3024 3835 3077 Mihi

2164 3087 2209 3147 C
2244 3093 2483 3143 videntur
2512 3091 2599 3154 qui
2627 3088 2765 3141 hunc
2797 3092 2976 3142 mundi
3019 3091 3177 3143 totius
3230 3100 3470 3145 ornatum
3514 3110 3616 3146 non
3664 3096 3834 3151 divina

2243 3164 2444 3215 ratione
2474 3164 2751 3231 perfectum
2784 3163 2979 3226 volunt,
3007 3163 3095 3215 sed
3122 3165 3302 3231 frustis
3324 3164 3637 3232 quibusdam
3653 3174 3833 3223 temere

2243 3233 2616 3287 cohaerentibus
2649 3233 3033 3304 conglobatum,
3096 3244 3335 3301 mentem,
3392 3252 3624 3303 sensum,
3658 3241 3830 3293 oculos

2241 3306 2461 3374 denique
2487 3305 2624 3373 ipsos
2647 3301 2981 3377 non'hubere.
3015 3304 3153 3369 Quid
3183 3308 3317 3358 enint
3366 3317 3530 3377 potest
3578 3301 3688 3362 esse
3730 3322 3828 3363 tam

2240 3388 2497 3441 apertum,
2560 3387 2662 3427 tant
2701 3376 3015 3448 confessum,
3072 3387 3279 3446 tamque
3324 3376 3685 3448 perspicuum,
3721 3399 3827 3435 cuin

2241 3448 2415 3521 oculos
2444 3448 2708 3521 ingcatlum
2734 3444 3024 3521 sustuleris,
3055 3456 3100 3500 et
3123 3444 3236 3515 qua:
3262 3462 3379 3502 sunt
3402 3444 3559 3519 infra.
3597 3453 3828 3521 circaque

2238 3518 2561 3576 lustraveris.
2592 3533 2745 3591 quam
2785 3534 2891 3570 esse
2918 3520 3131 3588 aliquod
3156 3536 3344 3573 numen
3388 3518 3829 3591 p:a'stuittissi'inte

2238 3591 2439 3644 utentis.
2467 3606 2569 3660 quo
2593 3589 2757 3642 omnis
2787 3598 2975 3642 natura
3002 3590 3302 3658 inspiretur,
3325 3589 3611 3661 moveatur,
3631 3599 3820 3656 alatur.

2234 3662 2543 3730 gubernetur
2556 3662 2583 3713 ἱ)

2306 3742 2330 3779 s
2366 3733 2500 3785 Vera
2552 3732 2732 3798 lectio,
2788 3746 2949 3801 quam
3001 3732 3225 3788 exhibet
3272 3734 3424 3789 Flor.
3474 3736 3624 3799 cod.,
3673 3738 3823 3803 cujus

2231 3805 2559 3858 auctoritate
2589 3805 2763 3856 locum
2797 3804 2940 3858 hunc
2969 3808 3402 3860 einenilaviuius.
3429 3806 3559 3861 Urb.
3594 3821 3648 3862 et
3681 3809 3818 3863 Vatt.

2232 3873 2369 3948 duo:
2402 3876 2617 3948 fortuita
2646 3874 2938 3948 adstruere.
2973 3876 3182 3945 adjecta
3215 3890 3333 3946 pOst
3373 3895 3601 3941 primam
3634 3893 3817 3948 quarta

2233 3946 2433 4001 littera,
2460 3947 2594 4001 Cod.
2628 3947 2837 4000 Octavii
2873 3947 3215 4013 Pantagatlti.
3248 3950 3467 4018 fortuita
3492 3946 3745 4016 astruere,
3765 3962 3820 4007 ut

2229 4033 2295 4071 ex
2328 4034 2597 4073 consensu
2640 4020 2803 4072 etiam
2835 4020 3065 4073 aliorum
3098 4021 3267 4074 Codd.
3327 4032 3524 4088 praiter
3557 4024 3819 4077 r‘loi-eiiti-

2229 4104 2357 4143 num
2389 4106 2515 4143 vera
2542 4091 2703 4144 lectto
2725 4098 2958 4146 constet.
2990 4091 3157 4159 Editi,
3178 4102 3456 4163 corrupte,
3476 4094 3703 4163 fortuna:
3732 4096 3817 4149 ad-

2224 4169 2422 4216 struere
2452 4162 2703 4215 universa.

2297 4230 2323 4268 ιι
2360 4234 2471 4287 lloc
2501 4233 2641 4286 idem
2676 4233 3069 4301 Epicureorum
3104 4234 3377 4303 obiectum
3411 4234 3570 4290 diluit
3607 4237 3813 4293 Seneca

2226 4310 2339 4357 tcto
2366 4305 2461 4358 lib.
2490 4306 2555 4360 de
2588 4304 2957 4369 Ριονιάι-ιιιιίι,
2989 4320 3149 4372 quem
3182 4305 3379 4359 liliinm
3418 4308 3642 4361 laudans
3666 4310 3809 4365 thCl.

2222 4389 2253 4425 ν
2283 4375 2461 4429 lttstit.
2496 4392 2615 4444 cap.
2648 4378 2740 4441 25,
2796 4379 3044 4447 apposite
3088 4378 3153 4429 ad
3190 4380 3332 4431 hunc
3375 4380 3551 4433 locum
3587 4388 3692 4433 ait:
3753 4380 3811 4436 Si

2140 4480 2193 4540 D
2220 4448 2335 4540 quis
2364 4449 2492 4540 volet
2520 4452 2649 4501 scire
2683 4447 2901 4540 plenius,
2928 4464 3021 4540 ccur
3044 4447 3213 4532 .malos
3236 4460 3284 4503 et
3308 4451 3531 4532 injustas
3564 4449 3705 4540 Deus
3730 4469 3813 4533 ρος

2221 4528 2403 4591 tentes,
2447 4521 2620 4573 beatos
2652 4529 2698 4573 et
2730 4520 2910 4572 divites
2941 4520 3053 4587 ﬁeri
3084 4524 3242 4581 sinat,
3292 4520 3405 4591 pios
3434 4532 3615 4575 contra
3645 4525 3812 4576 humi-

2217 4588 2310 4662 les,
2339 4592 2573 4654 miseros,
2604 4594 2779 4662 inopes
2812 4606 2919 4644 esse
2944 4591 3207 4661 patiatur,
3242 4588 3407 4646 suniat
3434 4608 3552 4647 eunt
3600 4592 3809 4647 Seneca:

2216 4659 2423 4721 librum,
2452 4665 2533 4715 cui
2565 4659 2745 4715 titulus
2774 4671 2880 4715 est:
2910 4659 3091 4726 Quare
3130 4664 3286 4717 bonis
3309 4667 3438 4719 vii-is
3467 4666 3635 4717 multa
3671 4669 3804 4719 mula

2213 4733 2480 4797 at‘Cidant,
2516 4750 2636 4790 cum
2672 4734 2744 4787 sit
2768 4736 3140 4805 providentia;
3176 4736 3227 4787 in
3261 4752 3360 4805 quo
3392 4734 3480 4789 ille
3510 4740 3677 4787 multa
3705 4753 3803 4791 non

2212 4806 2363 4872 plane
2384 4806 2646 4878 imperitia
2676 4802 2939 4878 sicculari,
2964 4805 3051 4858 sed
3082 4802 3358 4875 sapienter.
3381 4823 3441 4859 ac
3464 4822 3591 4878 pene
3621 4809 3803 4861 divini-

2210 4884 2312 4948 tus,
2345 4877 2573 4948 elocutus
2606 4887 2696 4929 est.
2732 4877 2861 4948 Vide
2886 4877 3035 4945 Lips.
3081 4878 3318 4948 Physiol.
3362 4877 3472 4931 lib.
3496 4894 3537 4944 ι,
3576 4878 3797 4933 dissert.

2214 4944 2297 4999 16.
2338 4948 2487 4999 Iluuc
2510 4946 2795 5001 Gauilentit
2831 4944 3008 5001 lorum
3042 4944 3307 5003 adversus
3346 4949 3553 5006 Atheos
3596 4950 3801 5006 indicat

2213 5016 2652 5092 Elmenhorstius
2683 5019 2733 5070 in
2771 5028 2881 5072 not.
2909 5023 2973 5073 ad
3014 5019 3214 5075 Minue.
3238 5020 3377 5088 Fi-l.,
3405 5038 3527 5092 pag.
3560 5025 3646 5076 ιτ.

2286 5090 2300 5124 ί
2329 5092 2485 5155 Apud
2516 5090 2874 5158 philosophos
2906 5095 3123 5160 proprie
3150 5090 3493 5160 problemata
3514 5096 3795 5162 appellan-

2208 5166 2296 5212 tur
2328 5176 2509 5213 rerttm
2539 5162 2848 5215 abditarum
2885 5167 3307 5232 pi-rquisitiunes
3335 5180 3389 5219 et
3438 5178 3790 5232 coniectura},

2205 5232 2401 5306 quibus
2442 5233 2614 5300 magis
2641 5232 2809 5306 animi
2852 5240 3085 5302 quodam
3128 5242 3380 5292 acumine
3407 5280 3421 5304 ,
3449 5253 3611 5306 quam
3647 5248 3790 5293 certa

2207 5301 2458 5379 indagine
2501 5301 3034 5379 retnittiora‘naturx
3064 5323 3261 5362 arcana
3301 5301 3675 5379 explorantur,
3699 5325 3790 5363 cu-

2196 5371 2435 5447 iusmodi
2471 5386 2601 5428 sunt
2631 5377 2771 5445 apud
2796 5375 3150 5434 Aristotelem
3171 5422 3186 5447 ,
3221 5386 3276 5431 et
3304 5371 3674 5435 Plutarchum.
3694 5380 3788 5435 Ju—

2200 5444 2307 5525 dic.
2336 5461 2445 5525 xw,
2474 5444 2701 5525 vocatur
2738 5448 3035 5525 problema,
3071 5444 3214 5522 quod
3244 5450 3470 5506 Samson
3505 5457 3783 5523 proposuit

2200 5519 2253 5568 in
2284 5519 2997 5577 citnvivioPliilistitiorum.
3088 5519 3105 5522 ⁷
3505 5519 3519 5523 ⁷
3611 5519 3624 5522 ⁷
3794 5541 3800 5553 ’

2273 5588 2288 5665 ξ
2300 5587 2371 5659 _ln
2393 5605 2524 5665 mss.
2544 5602 2779 5659 quatuor
2793 5592 2955 5645 codd.
2970 5636 2983 5659 ,
3002 5594 3252 5665 facillime
3266 5606 3543 5649 evacuatur
3566 5594 3711 5649 Flor.
3732 5604 3779 5649 et

2197 5656 2358 5731 prii,
2398 5656 2626 5728 visitata,
2681 5656 3138 5731 quemadmodum
3171 5670 3336 5721 etiam
3392 5667 3533 5722 liber
3578 5666 3781 5721 Octavii

2194 5729 2516 5804 Pantagathi
2544 5750 2562 5809 :_
2595 5729 2780 5789 verum
2810 5736 2929 5805 ejus
2948 5753 3112 5794 manu
3140 5738 3210 5795 ad
3236 5754 3391 5795 oram
3415 5738 3626 5809 pagina:
3650 5737 3782 5792 scri-

2194 5813 2348 5873 ptum
2376 5811 2459 5860 est
2482 5806 2693 5861 usitato.
