4070 6346
227 283 321 344 8H

1393 267 1487 331 AD
1523 265 1945 330 BENIVOLUM.
1988 266 2385 329 PREFATIO.
2431 269 2434 272 ”

3425 279 3533 338 842

227 403 492 469 temperat
545 394 900 453 meritorum:
961 387 1228 462 quosdam
1278 388 1497 460 quidem
1546 389 1819 460 puniens.
1849 387 2236 450 AsicutJobo
2271 395 2464 443 sancto
2509 402 2572 442 ac
2620 385 2942 443 beatissimo
2987 388 3385 459 praestiterunt,
3435 396 3528 464 qui

225 489 483 564 quosdam
519 504 650 544 vero
680 485 767 542 vel
807 481 1106 540 emendans
1133 497 1164 537 a
1193 481 1362 548 vitiis,
1385 480 1472 536 vel
1497 479 1823 547 cmundans,

225 583 304 639 vel
347 590 498 638 certe
526 580 593 636 ad
642 577 961 649 ampliorem
1002 575 1233 646 gloriam
1266 588 1615 645 promovens.
1671 570 1827 639 Quod

230 682 285 732 ut
331 673 514 729 adhuc
566 673 778 744 planius
830 668 1064 740 intelligi
1117 675 1310 738 queat,
1363 681 1528 736 pauca
1575 664 1825 736 adjiciam

225 775 539 824 sanctarum
569 762 882 820 testimonia
902 761 1333 831 Scripturarum.
1361 758 1618 832 Legimus
1648 757 1827 812 enim:

1932 480 2036 533 ait:
2065 478 2290 552 Sagitta:
2309 481 2447 534 enim
2461 479 2674 534 Domini
2697 482 2752 535 in
2773 496 2993 550 corpore
3012 498 3126 537 meo
3148 491 3292 550 sunt,
3311 502 3530 554 quarum

1930 572 2011 626 ira
2037 573 2161 627 bibit
2187 575 2494 645 sanguinem
2521 591 2714 629 meum.
2740 574 2870 630 Cum
2899 575 3034 630 enim
3055 577 3250 646 incipio
3275 577 3417 649 loqui
3441 581 3537 634 sti-

1934 668 2134 724 mulant
2156 687 2235 725 me
2263 670 2386 740 (Job
2419 671 2519 741 γι).
2552 671 2618 727 Ει
2651 682 2774 742 post
2817 687 3025 744 pauca:
3060 673 3215 742 Quod
3261 676 3304 728 si
3344 675 3539 730 tribuat

1934 761 2218 827 Dominus,
2245 773 2293 817 et
2317 765 2490 818 veniat
2535 765 2716 834 petitio
2764 781 2915 831 mea,
2964 775 3013 820 et
3062 783 3204 838 spem
3249 782 3416 821 meam
3453 765 3541 822 det

229 861 451 934 Sagitta:
482 859 710 931 potentis
757 867 926 912 acutw
972 873 1093 910 cum
1145 852 1459 909 carbonibus
1504 851 1836 906 desolatoriis
1935 856 2063 908 mihi
2090 853 2382 923 Dominus;
2413 856 2503 928 qui
2532 859 2684 927 coepit
2712 855 2972 912 Dominus
3016 859 3246 912 vulneret
3290 876 3402 926 me,
3449 858 3541 914 sed

227 953 343 1025 (Ps.
367 951 649 1023 cxxx).Et
664 952 772 1007 alio
796 950 852 1005 in
879 951 1000 1005 loco
1025 967 1040 1004 :
1069 948 1221 1005 Sicut
1248 947 1454 1018 sagitta:
1478 946 1534 999 in
1559 961 1715 998 manu
1741 959 1833 1012 po-

229 1047 406 1103 tentis:
448 1047 525 1100 ita
553 1045 1012 1115 ﬁtiicxcussorum
1059 1040 1184 1115 (Ps.
1226 1037 1440 1110 cxxvr).
1479 1047 1506 1074 ⁸
1537 1035 1710 1091 Filios
1739 1051 1835 1091 ex-

227 1156 517 1198 cussorum
551 1140 738 1194 beatos
769 1137 1058 1208 Apostolos
1104 1135 1370 1207 praedicat
1395 1175 1409 1200 ,
1459 1147 1596 1204 quos
1627 1132 1836 1186 electos

228 1233 292 1289 ad
321 1233 488 1289 ﬁdem
521 1231 791 1304 (patribus
824 1245 1016 1286 eorum
1047 1246 1075 1283 a
1103 1227 1280 1300 gratia
1315 1226 1432 1294 Dci,
1487 1224 1560 1281 ob
1585 1223 1840 1279 incredu-

229 1325 432 1381 litatem
462 1339 640 1389 suam,
675 1321 863 1393 procul
905 1317 1171 1389 excussis)
1205 1332 1401 1373 :nauus
1446 1315 1840 1385 omnipotentis

229 1420 622 1488 Dominilesu,
649 1420 792 1473 sicut
836 1419 1060 1487 sagittas
1092 1413 1357 1469 velociter
1385 1412 1753 1483 pervolantes,
1785 1410 1840 1464 in

228 1515 546 1571 universum
588 1511 616 1552 ιι
664 1511 867 1568 direxit
908 1509 1094 1565 orbem
1119 1548 1136 1576 ,
1180 1515 1238 1562 ut.
1291 1504 1608 1578 praedicatio
1648 1517 1840 1558 eorum

237 1607 411 1679 (juxta
437 1606 740 1662 beatissimi
768 1603 920 1659 Pauli
951 1599 1282 1672 doctrinam)
1309 1598 1429 1653 aliis
1450 1597 1660 1669 quidem
1687 1595 1845 1651 ﬁeret

230 1700 361 1758 odor
390 1699 574 1754 mortis
602 1699 656 1752 in
684 1706 922 1762 mortem,
949 1695 1067 1749 aliis
1095 1701 1271 1747 autem
1301 1691 1429 1746 odor
1455 1692 1576 1745 uiue
1603 1690 1659 1743 in
1682 1689 1839 1743 vitam

1938 963 2040 1000 non
2081 949 2135 1002 in
2180 957 2485 1020 perpetuum
2534 950 2817 1018 interﬁciat
2862 967 2960 1004 me.
3017 952 3156 1006 Sunt
3201 959 3256 1006 et
3303 951 3542 1021 plurima

1938 1039 2247 1094 istiusmodi
2274 1055 2462 1110 sparsa
2491 1057 2589 1111 per
2615 1049 2788 1096 totum
2808 1057 3006 1113 corpus
3027 1052 3339 1098 sanctarum
3361 1043 3546 1114 Scrip-

1940 1138 2208 1200 turarum,
2241 1148 2364 1202 qua:
2395 1132 2582 1186 studio
2613 1131 2897 1189 brevitatis
2929 1130 2955 1169 ιι
2986 1149 3213 1190 securus
3245 1143 3541 1205 praetereo,

1941 1223 2199 1292 quoniam
2233 1224 2427 1280 scienti
2457 1224 2657 1296 Legem
2695 1226 2916 1295 loquor,
2961 1229 3049 1298 qui
3099 1243 3163 1282 ex
3213 1230 3404 1300 paucis
3454 1231 3544 1285 in-

1942 1325 2184 1373 structus
2228 1319 2562 1374 testimoniis
2607 1318 2767 1374 facile
2811 1322 2994 1391 possis
3036 1323 3237 1377 similia
3297 1325 3552 1395 exempla

1943 1411 2240 1482 colligere,
2301 1411 2314 1448 ί
2354 1413 2554 1482 quibus
2604 1414 2956 1470 documentis
3004 1428 3058 1472 et
3109 1416 3413 1475 bonitatem
3460 1420 3558 1477 Dei

1948 1503 2174 1573 provida
2205 1504 2570 1574 castigatione
2599 1520 2733 1560 suos
2761 1507 2999 1571 famulos
3040 1508 3131 1564 vel
3170 1513 3498 1583 corrigentis
3530 1530 3560 1569 a

1947 1597 2171 1663 delicto,
2204 1598 2288 1652 vel
2323 1599 2704 1667 promoveatis
2733 1599 2798 1653 ad
2817 1599 3064 1669 gloriam,
3104 1603 3322 1673 plenius
3354 1606 3561 1662 intelli-

1947 1707 2044 1762 gas
2073 1691 2398 1762 approbari;
2436 1691 2450 1741 i
2486 1701 2539 1747 et
2560 1691 2808 1761 ejusdem
2841 1692 3045 1750 debitis
3068 1698 3400 1754 cruciatibus
3440 1716 3565 1771 per-

231 1792 299 1868 (ll
330 1792 453 1848 Cor.
487 1792 572 1863 ιι).
610 1791 866 1846 Doctrina
896 1786 1043 1843 enim
1070 1786 1318 1842 veritatis
1348 1782 1679 1840 obedientes
1703 1781 1838 1836 rivi.
1871 1803 1920 1864 Β
1951 1783 2163 1838 tiuaces
2214 1783 2418 1854 impios
2470 1783 2782 1854 punientis,
2841 1801 3028 1841 veram
3087 1789 3360 1858 justitiam
3407 1808 3568 1848 reco-

237 1886 400 1952 cat,
436 1883 681 1940 rebelles
711 1880 1011 1943 interﬁcit;
1065 1878 1198 1933 vitia
1248 1875 1568 1946 prosternit,
1605 1875 1840 1929 virtutes

234 1980 422 2051 erigit;
453 1977 775 2034 incredulos
817 1975 1033 2045 dejicit,
1071 1973 1262 2028 ﬁdeles
1289 1971 1537 2028 extollit:
1581 1971 1838 2041 quoniam

236 2072 494 2129 Christus
523 2071 706 2136 Jesus,
740 2069 832 2140 qui
865 2069 934 2124 ab
959 2067 1238 2139 Apostolis
1270 2065 1632 2136 praedicatur,
1669 2074 1726 2119 ut
1757 2063 1844 2120 Si-

236 2183 405 2225 meon
434 2145 662 2223 sanctus
692 2165 748 2220 in
779 2163 1199 2234 Evangelioait:
1230 2159 1441 2216 Positus
1461 2171 1533 2215 est
1559 2161 1611 2214 in
1633 2160 1844 2214 ruinam

243 2272 269 2302 ¢
304 2271 351 2317 et
383 2259 817 2316 resurrectionem
837 2257 1123 2312 multorum
1152 2254 1307 2328 (Luc.
1339 2256 1423 2325 tt).
1451 2254 1522 2310 Ut
1543 2263 1726 2309 autem
1747 2269 1845 2309 no-

237 2355 391 2410 veris
437 2353 736 2423 Apostolos
777 2349 894 2422 (qui
923 2365 992 2405 ex
1021 2348 1204 2403 ofﬁcio
1261 2347 1446 2402 sortiti
1478 2346 1804 2401 vocabulum
1826 2391 1840 2416 ,

239 2445 442 2503 Latino
473 2461 729 2502 sermone
757 2445 1012 2500 destinati
1044 2441 1072 2479 ἀ
1109 2438 1517 2512 nuncupantur)
1544 2439 1690 2496 ﬁlios
1719 2454 1846 2496 esse

241 2538 560 2596 Judazorum
592 2555 620 2594 a
655 2538 754 2594 Dei
782 2537 962 2609 gratia
996 2519 1392 2601 excussorum';
1435 2534 1683 2589 ausculta
1715 2533 1844 2604 quid

246 2633 384 2704 ipsis
414 2632 932 2701 blasphemantibus
961 2630 1163 2687 Judazis
1190 2629 1532 2701 responderit
1558 2628 1808 2685 Christus
1833 2649 1847 2684 :

246 2726 312 2784 Si
330 2743 454 2801 ego,
498 2726 696 2796 inquit,
747 2729 802 2780 in
851 2723 1137 2780 Beelzebub
1185 2724 1341 2797 ejicio
1396 2723 1686 2788 dremonia,
1749 2721 1850 2792 ﬁlii

247 2823 406 2876 vestri
433 2819 690 2892 (Luem),
735 2818 786 2874 id
810 2827 895 2874 est
917 2817 1166 2888 Apostoli
1187 2827 1209 2854 ο
1236 2832 1301 2872 ex
1328 2827 1508 2872 vestra
1541 2816 1704 2872 electi
1732 2829 1852 2886 pro-

244 2916 431 2986 genie,
465 2915 630 2987 229
654 2914 707 2967 in
735 2928 836 2983 quo
864 2912 1114 2981 ejiciunt?
1147 2910 1215 2964 Et
1241 2919 1298 2964 ut
1323 2909 1566 2979 apertius
1593 2907 1853 2964 ostende-

248 3017 358 3075 ret,
389 3008 459 3063 de
490 3008 691 3076 quibus
712 3004 1054 3076 loqueretur,
1085 3002 1316 3071 adjecit:
1337 3011 1630 3073 prapterea,
1653 2999 1848 3070 inquit,

248 3101 351 3172 ipsi
371 3100 584 3174 judices
625 3107 777 3152 erunt
816 3096 990 3151 vestri.
1020 3094 1154 3150 Nam
1187 3093 1320 3148 dicit
1348 3093 1456 3148 alio
1484 3095 1537 3148 in
1560 3092 1680 3147 loco
1711 3093 1854 3162 Apo-

1945 1889 2201 1946 gnoscas,
2235 1875 2472 1931 docente
2524 1877 2688 1931 etiam
2734 1878 2900 1933 beato
2947 1881 3564 1951 Apostolo:Numquid

1946 1971 2173 2041 injustus
2201 1968 2365 2034 Deus,
2393 1971 2482 2038 qui
2505 1970 2662 2041 infert
2694 1972 2823 2026 iram
2855 1972 3037 2042 (Rom.
3068 1976 3193 2044 ut)?
3231 1974 3286 2031 in
3331 1993 3429 2032 eos
3473 1978 3563 2033 vi-

1946 2065 2251 2128 delicetqui
2274 2067 2579 2122 veritatem
2603 2061 2663 2121 in
2693 2065 2957 2136 injustitia
2977 2069 3247 2126 detinent.
3271 2071 3349 2126 De
3376 2084 3566 2129 nostra

1946 2171 2125 2216 autem
2154 2162 2539 2234 castigatione,
2566 2174 2674 2239 qua
2695 2160 3076 2218 verb-artatur
3094 2179 3123 2218 a
3148 2164 3276 2232 Deo,
3305 2165 3376 2218 ita
3407 2172 3546 2220 testa

1950 2261 2074 2306 tur:
2105 2251 2238 2306 Cum
2263 2253 2598 2324 judicamur,
2655 2253 2922 2326 inquit,[a
2952 2253 3175 2310 Domino
3222 2258 3558 2330 corripimur,

1949 2344 1974 2384 ἰ
2007 2363 2070 2401 ne
2100 2363 2215 2400 cum
2237 2345 2336 2401 hoc
2360 2350 2560 2404 mundo
2589 2349 2899 2404 damnemur
2920 2351 2937 2419 (
2958 2349 2977 2404 l
2997 2350 3120 2405 Cor.
3151 2356 3263 2414 xx).
3301 2352 3560 2422 Dejustis

1951 2452 2084 2492 vero
2110 2437 2190 2494 sic
2221 2438 2500 2508 loquitur:
2536 2438 2605 2494 In
2633 2441 2872 2494 omnibus
2895 2439 3283 2495 tribulationem
3304 2443 3555 2514 patimur,

1949 2531 2041 2586 sed
2066 2549 2168 2586 non
2201 2533 2942 2605 angustiamurmporiamur,
2963 2535 3055 2587 sed
3076 2551 3179 2588 non
3203 2535 3559 2590 destituimur:

1955 2625 2360 2695 persecutionem
2406 2627 2657 2697 patimur,
2694 2629 2785 2681 sed
2818 2645 2922 2682 non
2952 2627 3401 2699 derelinquimur:
3433 2631 3566 2700 deji-

1955 2718 2142 2785 cimur,
2191 2719 2282 2774 sed
2331 2736 2436 2774 non
2489 2723 2769 2792 perimus:
2825 2738 3026 2794 semper
3076 2732 3296 2778 mortem
3352 2724 3568 2778 Domini

1956 2811 2121 2863 nostri
2143 2807 2271 2865 Iesu
2299 2811 2350 2864 in
2375 2828 2592 2880 corpore
2617 2822 2792 2867 nostro
2820 2813 3267 2884 circumferentes,
3296 2823 3353 2868 ut
3386 2825 3433 2868 et
3456 2817 3564 2869 vita

1955 2901 2086 2957 Iesu
2116 2902 2310 2958 Christi
2349 2905 2404 2961 in
2447 2923 2664 2975 corpore
2709 2916 2886 2962 nostro
2924 2909 3294 2980 manifestetur
3321 2909 3398 2980 (11
3443 2910 3565 2965 Cor.

1958 2994 2068 3064 tv).
2098 2996 2163 3049 Et
2181 2995 2313 3051 alibi
2342 2997 2484 3052 idem
2505 2997 2698 3054 beatus
2725 2999 3009 3070 apostolus
3030 2999 3259 3066 Paulus,
3278 3013 3565 3071 postquam

1961 3097 2177 3160 raptum
2209 3105 2269 3147 se
2299 3091 2514 3147 dixerat
2548 3090 2563 3129 ι
2601 3109 2774 3165 usque
2804 3094 2860 3150 in
2890 3094 3110 3149 tertium
3150 3096 3351 3150 cmlum
3375 3138 3389 3159 .
3425 3105 3481 3151 et
3511 3097 3565 3151 iu

252 3192 444 3248 stolis:
479 3190 643 3245 Amen
665 3191 782 3244 dico
813 3189 976 3252 vobis,
1013 3186 1152 3257 quod
1183 3202 1270 3241 vos
1290 3186 1376 3256 qui
1405 3187 1567 3239 secuti
1591 3185 1714 3239 estis
1734 3200 1850 3252 me,
1879 3197 1925 3260 ρ
1963 3182 2310 3252 paradisum,
2363 3183 2526 3255 230
2563 3185 2654 3239 ubi
2687 3185 2982 3241 ineffabilia
3015 3196 3055 3223 ω
3079 3187 3247 3243 verba
3280 3187 3532 3243 audierat
3554 3233 3568 3256 ,

252 3287 308 3340 in
335 3283 714 3340 resurrectione
759 3298 873 3336 cum
903 3279 1096 3334 venerit
1146 3277 1322 3333 Filius
1371 3277 1594 3332 hominis
1636 3277 1692 3330 in
1737 3275 1858 3330 sede

253 3379 549 3452 majestatis
585 3393 713 3445 sure,
746 3375 988 3430 sedebitis
1015 3382 1064 3430 et
1089 3373 1193 3442 ipsi
1224 3389 1382 3440 super
1412 3370 1684 3426 duodecim
1713 3370 1860 3425 thro-

253 3490 371 3538 nos,
397 3470 704 3545 judicantes
737 3467 1012 3522 duodecim
1054 3465 1215 3520 tribus
1265 3462 1435 3519 Israel
1480 3462 1694 3535 (Matth.
1725 3463 1862 3533 xu).

254 3566 410 3623 Sicut
438 3565 646 3635 sagitta:
674 3575 828 3631 ergo,
858 3559 1053 3629 inquit,
1102 3559 1155 3612 in
1201 3574 1356 3612 manu
1381 3557 1604 3628 potentis
1628 3572 1644 3608 :
1673 3556 1746 3610 ita
1768 3555 1868 3626 ﬁlii

251 3672 596 3717 excussorum
660 3653 797 3726 (Ps.
852 3652 1079 3723 cxxvr).
1138 3649 1155 3689 ι
1211 3651 1517 3722 Statimque
1569 3649 1863 3719 adjicitur;

252 3753 452 3810 Beatus
487 3750 580 3821 qui
615 3747 849 3817 implebit
882 3755 907 3794 ε
949 3744 1266 3800 desiderium
1300 3760 1456 3798 suum
1505 3759 1568 3798 ea:
1611 3743 1759 3811 ipsis,
1807 3756 1864 3797 ut

253 3849 554 3907 evidenter
608 3843 916 3913 intelligas,
973 3842 1118 3913 quod
1174 3841 1386 3912 sagittae
1445 3841 1538 3897 Dei
1591 3840 1865 3896 interdum

259 3950 498 3998 mortem
526 3937 789 4002 inierunt,
820 3933 1094 3990 interdum
1128 3931 1524 3988 beatitudinem
1569 3940 1861 4002 praestant,

330 4112 358 4141 ⁸
387 4099 571 4157 Verba
612 4099 728 4152 haec
757 4095 1058 4164 adjecimus
1086 4109 1152 4149 ex
1184 4092 1292 4148 ﬁde
1336 4094 1664 4164 optimorum
1694 4092 1857 4147 codd.

260 4173 459 4231 Urbin.
511 4181 569 4227 et
596 4163 842 4229 Fluren..
900 4183 1020 4238 qua:
1059 4166 1127 4238 in
1167 4165 1353 4238 editis
1390 4163 1870 4238 desiderabantur,

261 4262 372 4302 non
403 4258 574 4313 parvo
605 4243 708 4313 loci
741 4235 1280 4313 hujusjletrimento.
1317 4235 1522 4313 Eadem
1553 4235 1784 4313 exhibet
1812 4236 1878 4289 Ii-

264 4319 366 4373 ber
388 4306 620 4386 quoque
655 4306 864 4386 Octavii
897 4309 1252 4386 Pantagatbi;
1286 4316 1340 4360 at
1385 4309 1437 4386 in
1475 4306 1616 4386 Vatt.
1658 4306 1873 4386 duobus

264 4377 465 4446 ordine
498 4377 781 4456 paululum
812 4377 1130 4456 immutati}:
1165 4379 1339 4432 beatos
1368 4377 1646 4456 Apostolus
1680 4379 1874 4456 prwdi-

267 4468 348 4514 cat
385 4449 528 4528 ﬁlios
568 4470 921 4510 excussorum.
960 4451 1141 4528 _Filio_s
1187 4465 1542 4528 excussorum
1582 4449 1874 4519 Apostolus

269 4521 534 4595 intelligit
557 4529 719 4582 etiam
745 4524 1078 4594 Augustinus
1110 4525 1162 4576 in
1193 4521 1330 4590 psal.
1355 4536 1537 4595 οξκγι.

344 4602 371 4641 b
397 4593 632 4655 lta'mss.
665 4597 786 4652 cod.
819 4593 1037 4651 summo
1067 4609 1362 4650 consensu.
1395 4593 1564 4658 Editi,
1597 4593 1867 4647 direxerit.

348 4685 370 4713 ο
402 4673 556 4726 Flor.
586 4679 640 4722 et
671 4668 816 4722 Vatt.
843 4669 973 4730 duo,
1002 4675 1048 4720 et
1080 4668 1134 4719 in
1160 4666 1614 4719 resurrectionem.

344 4743 373 4781 τί
405 4744 519 4798 Hoc
543 4740 832 4804 estmissi;
882 4739 1158 4792 destinare
1197 4740 1340 4790 enim
1378 4739 1596 4790 nuntios
1619 4743 1704 4790 est
1744 4735 1873 4789 mit-

276 4825 419 4883 tere,
453 4822 511 4867 ut
545 4811 686 4882 apud
719 4811 873 4866 Suet.
907 4810 1064 4865 Galb.
1097 4823 1218 4877 cup.
1254 4806 1350 4883 lli:
1381 4806 1708 4883 Statimque
1737 4807 1879 4880 lega-

279 4877 473 4942 tionem
498 4877 949 4951 ad'prretorianos
993 4898 1109 4934 cum
1156 4879 1417 4933 mandatis
1447 4877 1876 4951 destinauerunt.

276 4959 516 5028 Apostoli
536 4950 710 5025 graeca
735 4970 837 5028 vox
858 4958 925 5007 ab
946 4953 1290 5028 temnens,
1312 4950 1567 5028 quodest
1583 4967 1707 5028 eum
1730 4965 1880 5028 man-

279 5021 424 5087 datis
453 5021 688 5097 aliqueut
719 5026 878 5079 mitto
900 5065 915 5090 ,
951 5024 1182 5097 ideoque
1207 5023 1544 5097 Gaudentius
1571 5021 1706 5097 dicit
1739 5027 1884 5097 Apo-

278 5102 456 5156 stolos
495 5093 563 5153 ab
590 5096 775 5151 ofﬁcio
815 5112 1011 5150 nomen
1044 5096 1290 5149 sortitos.
1321 5093 1467 5148 ldem
1499 5093 1882 5156 Gaudentius,

283 5181 448 5228 tract.
475 5171 544 5226 de
565 5170 750 5224 Dedic.
787 5167 968 5222 basiis
999 5167 1280 5234 Apostolus
1300 5175 1372 5218 est
1394 5167 1482 5234 qui
1507 5166 1697 5220 missus
1723 5181 1755 5219 a
1782 5164 1888 5218 Deo

283 5254 358 5298 est
383 5260 399 5297 :
429 5243 717 5296 destinatus
740 5243 880 5293 enim
903 5252 1238 5304 nuncupatur
1264 5237 1552 5305 apostolus.
1581 5237 1890 5304 Utrumque

871 5313 1078 5378 profert
1108 5307 1384 5378 Barthius,
1419 5310 1453 5360 l.
1490 5323 1624 5378 sLut
1653 5309 1889 5362 Advers.

285 5401 342 5441 c.
372 5387 444 5450 8;
477 5398 670 5439 verum
698 5381 767 5436 de
812 5381 1049 5450 apostoli
1077 5377 1442 5450 appellatione
1468 5387 1525 5450 et
1546 5377 1895 5450 ofﬁcio‘couf

288 5456 376 5515 fer
396 5447 802 5516 CasaubOnum,
833 5447 1063 5510 exercit.
1097 5452 1186 5517 15,
1212 5451 1279 5505 ad
1302 5448 1617 5515 Baronium,
1670 5447 1778 5521 μ,
1806 5447 1897 5521 ubi

289 5530 456 5584 etiam
503 5527 593 5580 hic
623 5522 920 5579 Gaudentii
955 5527 1107 5577 locus
1149 5530 1363 5591 poterat
1407 5535 1516 5575 non
1551 5520 1901 5575 incommode

292 5598 596 5656 rerenseri.
623 5595 758 5652 Vide
785 5609 970 5666 porro,
1004 5595 1050 5649 si
1081 5603 1256 5659 vacat,
1285 5591 1550 5646 Isidorum
1574 5607 1822 5662 quoque,
1856 5591 1894 5644 l.

285 5313 578 5371 Gaudentii
635 5312 815 5365 locum

314 5670 518 5728 LOfﬁc.
543 5685 594 5723 e.
627 5667 716 5721 l7.

370 5753 394 5778 ο
432 5742 558 5796 Haec
589 5739 751 5794 verba
782 5753 890 5793 non
919 5737 1189 5793 habentur
1232 5735 1286 5790 in
1337 5749 1496 5805 mss.,
1549 5749 1674 5806 qua:
1723 5745 1901 5791 tamen

305 5810 622 5872 necessario
653 5811 914 5866 duximus
945 5807 1254 5864 retinenda.

753 5905 1027 5963 ΡΑτιιοι..
1075 5902 1224 5963 XX.

1960 3274 2036 3331 ita
2068 3276 2327 3332 continuo
2356 3278 2508 3331 addit
2541 3296 2554 3332 :
2587 3276 2670 3331 Ne
2694 3281 2998 3346 eminentia,
3047 3280 3243 3351 inquit,
3297 3282 3576 3336 revelatio-

1964 3387 2089 3424 num
2120 3386 2200 3425 me
2222 3369 2462 3433 extollat,
2496 3371 2648 3426 datus
2679 3383 2752 3426 est
2782 3373 2908 3426 mihi
2936 3374 3180 3429 stimulus
3210 3377 3382 3429 carnis
3409 3392 3572 3449 ange-

1969 3459 2050 3516 lus
2080 3462 2314 3528 Satanaz,
2346 3464 2436 3533 qui
2467 3479 2546 3517 me
2569 3465 2881 3536 colaphizet,
2909 3475 2965 3518 ut
2997 3483 3099 3520 non
3129 3467 3374 3523 extollar.
3402 3466 3568 3538 Ρνορι

1972 3562 2049 3608 ter
2095 3556 2191 3608 hoc
2239 3564 2315 3608 ter
2360 3553 2646 3611 Dominum
2690 3559 2867 3630 rogavi
2908 3569 2966 3614 ut
3001 3559 3288 3615 discederet
3318 3579 3350 3614 a
3379 3579 3479 3628 me,
3530 3571 3579 3617 et

1975 3649 2108 3705 dixit
2159 3650 2322 3705 mihi:
2352 3649 2564 3721 Sufﬁcit
2616 3652 2710 3706 tibi
2755 3655 2926 3727 gratia
2975 3671 3124 3720 mea,
3158 3673 3280 3710 nam
3318 3658 3482 3711 virtus
3525 3657 3580 3710 in

1973 3745 2282 3814 infirmitate
2311 3745 2580 3816 perficitur
2607 3745 2675 3816 (ll
2701 3745 2822 3802 Cor.
2865 3746 2986 3819 xu).
3035 3748 3101 3803 Et
3147 3748 3253 3803 alia
3297 3749 3579 3820 Scriptura

1973 3841 2101 3896 huic
2128 3841 2314 3896 sensui
2348 3841 2693 3897 concordatis
2711 3851 2739 3878 η
2764 3842 3071 3898 evidentius
3093 3844 3368 3911 loquitur:
3390 3854 3414 3880 ο
3438 3844 3585 3911 Quo-

1972 3934 2127 3988 modo
2156 3935 2210 3988 in
2236 3935 2357 4005 igne
2385 3935 2661 4006 probatur,
2691 3935 2798 4003 ait,
2832 3953 3045 4003 aurum,
3078 3945 3125 3989 ct
3155 3947 3454 4008 argentum,
3490 3937 3583 3991 ho-

2047 4092 2068 4130 τ
2101 4094 2325 4166 ln_ms.s.
2358 4093 2506 4150 Flor.
2530 4140 2542 4160 ,
2578 4097 2852 4166 statimque
2873 4097 3089 4164 dicitur,
3144 4105 3206 4152 ut
3251 4108 3308 4153 et
3357 4098 3410 4153 in
3451 4102 3578 4156 cod.

1975 4163 2199 4288 ()ctilivlji
2226 4165 2573 4235 Pantagatlti,
2604 4168 2696 4236 qui
2730 4163 2856 4222 mox
2885 4169 2938 4222 in
2973 4169 3246 4239 sequenti,
3279 4168 3473 4225 Beatus
3493 4175 3582 4242 qui

1977 4254 2082 4289 mw
2108 4254 2134 4289 e
2173 4246 2231 4289 it.
2348 4268 2354 4274 -

1977 4254 2257 4382 ΜιξἭᾶἒῇ
2291 4306 2400 4382 duo
2439 4307 2521 4362 sic
2555 4308 2772 4378 legunt;
2806 4307 3076 4377 Urbinas,
3120 4310 3206 4380 qui
3253 4311 3503 4382 implevit.

2049 4375 2078 4415 ιι
2106 4378 2258 4433 Vatt.
2284 4379 2412 4444 duo,
2444 4375 2631 4433 secure
2654 4391 2921 4442 prietereo.

1901 4487 1956 4548 υ
2057 4449 2435 4548 ξῗῖίῖἷληῖίέέν
2456 4450 3397 4548 iussissent“Perterr-

2054 4520 2068 4571 i
2112 4521 2425 4575 Laborabat
2456 4537 2562 4575 non
2596 4521 2856 4576 mediocri
2890 4527 3026 4579 vitio
3075 4528 3163 4580 hic.
3214 4527 3389 4580 locus.
3444 4525 3589 4582 Edili

1977 4609 2212 4660 namque
2241 4595 2320 4648 sic
2355 4593 2608 4664 legebant
2643 4611 2657 4646 :
2711 4605 2762 4648 et
2808 4597 2999 4650 eisdem
3027 4597 3210 4651 debitis
3235 4596 3550 4652 cruciatibus
3571 4640 3585 4663 ,

1975 4681 2041 4721 ex
2073 4681 2182 4735 quo
2213 4665 2506 4720 videbatur
2536 4666 2773 4722 absurde
2799 4665 3008 4723 inferre
3035 4669 3375 4724 Gaudentius
3417 4671 3586 4724 Deum

1979 4742 2176 4807 punire
2206 4738 2404 4806 impios
2428 4736 2764 4792 cruciatibus
2790 4739 2989 4794 debitis
3007 4739 3190 4809 jllSliS.
3211 4739 3399 4808 Itaque
3421 4741 3586 4798 ﬁdem

1980 4819 2216 4881 quatuor
2264 4823 2398 4863 mss.
2449 4810 2623 4863 secuti
2658 4825 2839 4863 veram
2870 4811 3160 4867 lectionem
3213 4815 3584 4881 rcSIituimus,

1981 4895 2106 4950 qua:
2134 4880 2360 4934 fulcitur
2411 4882 2576 4934 etiam
2620 4885 2948 4935 auctoritate
2974 4883 3099 4937 cod.
3134 4883 3348 4939 Octavii
3384 4880 3589 4939 Pantaé

1985 4952 2132 5020 gatlti
2164 4954 2266 5007 hoc
2299 4951 2485 5017 tnodo,
2535 4961 2582 5005 et
2626 4953 2859 5022 ejusdem
2901 4953 3112 5008 Domini
3160 4955 3342 5010 debitis
3381 4959 3588 5010 crucia-

1986 5025 2142 5076 tibus.

2061 5093 2085 5130 ¹ί
2121 5094 2253 5168 Mss.
2277 5092 2432 5168 cod.,
2464 5103 2518 5168 ut
2551 5110 2804 5168 nou__cu_m
2835 5093 2932 5148 hoc
2963 5097 3154 5151 mundo
3174 5141 3188 5165 ,
3217 5114 3377 5168 quam
3402 5099 3591 5154 lectio-

1993 5181 2114 5221 nem
2167 5164 2388 5220 exhibet
2443 5165 2606 5218 etiam
2659 5165 2907 5233 Vulgata.
2961 5164 3429 5235 Deprehendimus
3483 5185 3588 5225 non

1994 5238 2161 5310 semel
2197 5236 2452 5291 librarios
2499 5236 2566 5290 ad
2615 5251 2945 5293 consensum
2984 5239 3223 5310 Vulgatae
3255 5250 3432 5296 textus
3460 5256 3590 5296 suos

1997 5307 2348 5364 reformasse.

2076 5376 2092 5416 ι
2131 5379 2261 5434 Mss.
2292 5378 2439 5444 cod.,
2473 5395 2633 5446 usque
2659 5380 2728 5433 ad
2760 5381 2968 5435 tertium
2994 5383 3198 5437 caelum.

2071 5460 2111 5487 ω
2143 5451 2234 5505 Sic
2261 5450 2414 5506 editi.
2456 5449 2611 5506 Flor.
2665 5464 2719 5507 et
2763 5451 2923 5521 Urb.,
2958 5453 3202 5508 audierit.
3255 5452 3396 5507 Vatt.
3448 5453 3559 5508 duo

2001 5522 2219 5576 audivit.
2574 5581 2581 5589 κ

2075 5602 2102 5630 η
2127 5591 2203 5666 l_t_a
2226 5593 2579 5666 reposuimus
2611 5611 2676 5650 ex
2707 5605 2942 5666 quatuor
2965 5610 3096 5651 mss.
3125 5596 3286 5660 Editi,
3322 5595 3596 5652 evidentia.

2017 5737 2026 5747 .
2079 5673 2104 5700 ο
2140 5663 2367 5721 Videtur
2422 5681 2551 5722 vera
2603 5663 2767 5723 lectio
2821 5667 2944 5723 cod.
3009 5667 3188 5732 Flor.,
3243 5666 3499 5734 Quoniam
3545 5669 3598 5722 in

2010 5752 2146 5806 igne.

2927 5906 3005 5966 27
