4070 6346
551 339 656 396 847

1644 328 1700 383 S.
1742 323 2126 384 GAUDENTll
2169 323 2426 382 ΒΒΙΧΙᾸΞ
2466 319 2776 381 EPISCOPI

3749 321 3850 378 διε

551 455 698 512 diem
714 446 1729 520 statueretappellandum.Scriptura:
1745 455 1924 502 autem
1943 455 2149 502 sanctae
2176 449 2226 512 Λ
2255 445 2472 516 ingrato
2505 440 2920 498 transcendere.
2965 437 3102 494 Nam
3132 445 3157 486 8
3188 443 3343 494 sexta
3371 435 3505 493 l‘eria
3536 447 3642 507 qua
3673 435 3847 494 homi-

547 564 673 605 cum
704 547 771 603 de
799 545 1140 616 temporibus
1171 543 1371 612 aliquid
1401 541 1485 597 vel
1507 540 1744 596 referunt
1772 581 1787 606 ,
1812 539 1899 594 vel
1921 539 2145 607 jubent,

547 643 623 700 ita
656 643 954 712 loquuntur
981 657 994 692 :
1029 648 1054 676 ⁸
1086 638 1298 692 Decima
1321 637 1406 690 die
1428 636 1617 689 mensis
1647 634 1862 688 secundi
1889 675 1904 700 ,
1939 643 1987 687 et
2018 632 2146 686 luna

547 736 770 801 decima,
808 743 902 787 aut
930 732 1112 801 quinta
1139 731 1223 784 die
1266 730 1455 783 mensis
1503 728 1741 796 septimi;
1772 736 1865 781 aut
1904 727 2147 781 vicesima

546 826 633 881 die
660 826 852 880 mensis
885 823 1029 885 noni,
1055 833 1147 876 aut
1168 821 1563 892 quartadecima
1599 821 1682 873 die
1726 821 1914 872 mensis
1945 819 2142 890 primi,

546 931 609 975 ut
652 921 704 974 in
753 917 929 972 Exodi
955 917 1094 971 libro
1147 917 1354 985 pariter
1386 930 1532 969 nunc
1599 913 1910 968 audivimus
1944 912 2142 984 (Exod.

547 1028 656 1078 xu;
685 1010 848 1065 Levit.
896 1009 1056 1075 xxiii)
1078 1024 1104 1072 ;-
1125 1007 1214 1062 ubi
1262 1007 1577 1062 observatio
1625 1006 1851 1061 Paseluc
1878 1004 2146 1060 describi-

540 1113 652 1168 tur,
683 1111 738 1157 et
779 1110 988 1170 septem
1037 1099 1232 1154 diebus
1265 1099 1511 1170 ejusdem
1557 1098 1932 1154 solemnitatis
1957 1113 2143 1169 azyma

539 1194 879 1252 comedenda
912 1191 938 1229 δ
971 1190 1328 1246 mandantur.
1371 1190 1627 1261 Prazuaipit
1673 1201 1854 1244 tamen
1898 1190 2047 1245 Deus
2091 1197 2147 1244 et

539 1288 667 1353 hoc,
699 1295 760 1341 ut
787 1285 832 1339 si
859 1285 982 1355 quis
1017 1282 1196 1353 primo
1229 1297 1450 1351 mense,
1485 1282 1570 1338 vel
1604 1282 1920 1337 immundus
1955 1283 2005 1335 in
2029 1282 2145 1335 ani-

539 1395 629 1437 ma
657 1377 930 1446 hominis,
966 1377 1019 1432 id
1046 1386 1132 1432 est
1166 1378 1362 1432 mortui
1394 1386 1598 1432 attactu
1630 1377 1896 1447 pollutus,
1925 1377 2010 1432 vel
2041 1392 2142 1432 ex-

535 1483 621 1530 tra
649 1473 885 1529 electum
924 1483 944 1508 ο
978 1470 1234 1526 sacriﬁcii
1261 1470 1658 1542 Hierosolyma}
1693 1471 1906 1534 locum,
1935 1470 1985 1522 in
2018 1470 2140 1524 lon-

537 1569 742 1640 ginquo
771 1567 972 1624 itinere
1002 1565 1340 1622 constitutus
1366 1564 1572 1620 Pascha
1597 1565 1621 1601 ιι
1657 1579 1765 1620 non
1793 1565 1970 1634 potuit
1997 1565 2138 1618 cele-

535 1663 724 1727 brare,
758 1671 781 1698 ο
815 1659 1057 1716 secundo
1084 1673 1275 1713 mense
1297 1657 1561 1713 celebret.
1594 1657 1906 1712 Prievidens
1938 1658 2139 1726 quippe

539 1757 684 1812 Deus
712 1752 970 1810 Gentium
1023 1751 1254 1822 papulos
1286 1761 1416 1806 tunc
1461 1750 1640 1806 adhuc
1670 1751 1954 1806 hominum
1995 1764 2137 1804 mor-

2251 554 2374 594 nem
2408 537 2634 596 fecerat.
2659 549 2760 604 pro
2786 533 2979 590 eodem
3004 546 3203 604 passus
3228 541 3348 597 est;
3375 540 3431 586 et
3457 530 3548 584 die
3575 531 3843 586 Dominiea

2250 648 2371 704 qua:
2395 631 2600 686 dicitur
2630 630 2682 682 in
2715 629 3016 698 Scripturis
3041 625 3213 698 prima
3249 624 3460 679 sabbati
3481 623 3699 694 (Matth.
3724 639 3843 690 vui;

2249 723 2472 793 Gen.i),
2505 724 2557 776 in
2604 735 2712 793 qua
2761 727 3081 791 sumpserat
3127 718 3362 772 mundus
3408 716 3736 782 exordium,
3765 733 3846 774 re-

2247 819 2520 881 surrexit;
2548 823 2608 870 ut
2636 816 2727 884 qui
2771 815 2946 884 prima
2979 815 3066 869 die
3103 811 3269 886 234
3292 813 3504 867 creavit
3531 811 3730 870 caelum
3751 857 3765 880 ,
3797 822 3848 869 et

2247 917 2452 966 terram
2471 909 2639 980 (unde
2668 917 2856 977 postea
2879 907 3164 962 hominem
3197 906 3408 961 faciens
3433 906 3844 978 ﬁguravit),pri-

2247 1017 2333 1057 ma
2363 1003 2525 1056 etiam
2562 1001 2650 1055 die
2678 1017 2895 1056 omnem
2947 1007 3235 1070 repararet
3283 999 3563 1054 hominem
3584 1041 3599 1066 ,
3624 1012 3846 1070 propter

2245 1110 2404 1166 quem
2448 1093 2656 1149 iecerat
2706 1092 2992 1148 mundum.
3046 1092 3176 1147 Haec
3227 1091 3475 1148 breviter
3503 1093 3741 1147 dixerim
3782 1091 3845 1148 de

2245 1189 2462 1244 ratione
2503 1187 2776 1243 Paschali.
2810 1187 2918 1244 Sed
2943 1187 3056 1257 jam
3095 1197 3310 1257 tempus
3350 1195 3474 1252 est,
3508 1196 3564 1241 ut
3597 1186 3843 1240 virtutem

2243 1297 2434 1338 eorum
2485 1296 2607 1352 quae
2657 1281 2709 1335 in
2735 1281 2874 1335 libro
2922 1279 3094 1335 Exodi
3143 1280 3482 1346 audivimus,
3521 1275 3844 1333 hedissera-

2243 1392 2389 1432 mus.
2434 1377 2509 1430 Ac
2552 1375 2826 1444 primum,
2867 1374 2996 1444 quid
3048 1374 3122 1428 sit
3165 1373 3416 1439 Exodus,
3475 1372 3839 1428 advertamus.

2248 1469 2471 1524 Exodus
2493 1469 2738 1538 egressio
2779 1469 3115 1538 appellatur.
3153 1468 3409 1538 Egressio
3436 1480 3618 1523 autem
3650 1468 3748 1522 luit
3780 1468 3843 1525 de

2240 1563 2560 1635 captivitate
2619 1562 2954 1631 Pharaonis,
3006 1560 3021 1598 ί
3068 1570 3125 1616 et
3180 1559 3600 1632 Egyptiorum,
3663 1561 3840 1631 populi

2242 1670 2369 1714 tunc
2404 1658 2599 1726 Israel,
2635 1657 2647 1707 i
2685 1673 2792 1711 non
2827 1654 3020 1711 nostri.
3047 1654 3173 1710 Tibi
3204 1669 3337 1724 ergo
3366 1666 3421 1708 ut
3451 1653 3584 1724 quid
3619 1654 3834 1725 legitur,

2239 1754 2284 1807 si
2310 1752 2432 1806 aliis
2455 1761 2663 1805 tantum
2697 1749 2935 1820 proluit?
2955 1747 3098 1818 Quid
3126 1747 3192 1802 ad
3225 1759 3300 1816 te,
3325 1747 3471 1818 quod
3497 1763 3607 1803 non
3633 1763 3732 1819 pro
3757 1751 3840 1804 te?

534 1854 753 1902 tuorum
785 1842 1096 1900 simulacris
1131 1840 1441 1896 immundos
1462 1883 1476 1906 ,
1505 1850 1559 1896 et
1590 1849 1741 1896 extra
1772 1848 2024 1895 sanctum
2055 1842 2133 1893 lo-
2163 1845 2211 1904 B
2240 1846 2348 1901 sed
2376 1847 2489 1916 jam
2526 1845 2680 1899 disce
2725 1846 2793 1898 ab
2824 1843 3087 1913 Apostolo
3117 1840 3290 1911 magis
3317 1842 3577 1896 universa
3617 1857 3716 1910 pro
3751 1851 3800 1896 te
3821 1884 3835 1906 ,

535 1956 662 1996 cum
698 1935 956 1994 Ecclesia:
990 1936 1041 1990 in
1075 1936 1378 2005 longinquo
1419 1935 1628 2005 positos
1650 1975 1665 2001 ,
1701 1934 1888 2004 utique
1923 1948 2021 1988 nos
2048 1934 2137 2001 qui

534 2049 744 2088 eramus
802 2032 996 2102 longe,
1049 2039 1094 2082 et
1147 2029 1278 2098 facti
1326 2044 1507 2097 sumus
1556 2047 1719 2100 prope
1772 2031 1826 2083 in
1881 2032 2136 2102 sanguine

531 2124 728 2180 Christi
768 2122 987 2194 (Ephes.
1019 2138 1090 2189 ll,
1129 2122 1248 2192 l3);
1283 2121 1375 2175 dat
1409 2122 1686 2176 licentiam
1711 2165 1724 2187 ,
1753 2132 1814 2177 ut
1861 2124 1905 2177 si
1959 2124 2135 2193 primo

532 2233 722 2276 mense
762 2217 924 2272 nobis
975 2231 1084 2270 non
1118 2213 1415 2271 occurrit‘
1449 2225 1501 2268 et
1529 2215 1648 2270 dies
1692 2215 2040 2282 Dominicus,
2085 2225 2142 2272 et

526 2326 808 2383 congruus
844 2309 989 2364 lunte
1039 2323 1336 2372 numerus,
1370 2307 1614 2362 secundo
1661 2323 1849 2362 mense
1893 2308 2138 2365 celebre-

532 2421 678 2461 mus.
713 2403 782 2457 Et
814 2401 938 2458 ideo
968 2417 1069 2457 nec
1123 2403 1266 2456 intra
1322 2401 1851 2472 quartamdecimam
1907 2403 2092 2458 lunam
2122 2449 2135 2472 ,

529 2515 634 2556 nec
674 2499 819 2554 ultra
847 2497 1166 2552 vicesimam
1197 2496 1434 2566 primam
1481 2495 1765 2552 celebrare
1799 2513 2094 2567 possumus
2121 2541 2138 2568 ,

526 2596 656 2668 quia
701 2606 915 2664 septem
961 2600 1175 2647 tantum
1209 2591 1328 2645 dies
1382 2599 1512 2646 sunt
1563 2607 1876 2662 azymorum
1911 2594 2139 2663 pascha-

527 2692 664 2748 lium
687 2736 700 2760 ,
735 2691 788 2745 in
823 2689 1025 2758 quibus
1061 2686 1411 2741 Dominicum
1463 2692 1760 2754 quaerimus
1795 2687 1965 2742 diem.
2015 2689 2141 2745 Vult

533 2785 683 2841 enim
737 2798 837 2838 nos
887 2778 1140 2836 Christus
1185 2779 1560 2850 promulgator
1592 2779 1751 2850 Legis
1801 2789 1854 2835 et
1885 2779 2088 2836 Gratim
2117 2824 2132 2848 ,

528 2893 709 2948 neque
761 2875 1036 2946 legitimos
1087 2874 1247 2943 juxta
1299 2874 1442 2927 lunre
1499 2889 1722 2928 cursum
1780 2886 2135 2942 computatos

530 2969 817 3042 prieterire
847 2966 994 3034 dies,
1025 2981 1205 3034 neque
1235 2964 1378 3019 diem
1405 2979 1518 3020 suae
1550 2965 1993 3022 Resurrectionis
2019 2967 2134 3022 otio

2237 1957 2398 2012 quam
2437 1955 2534 2008 pro
2563 1937 2674 1992 illis
2693 1952 2816 1993 esse
2859 1952 2980 2007 qua:
3025 1933 3229 2005 scripta
3258 1943 3409 1988 sunt.
3460 1933 3592 2000 Lex,
3628 1935 3832 2005 inquit,

2236 2035 2419 2088 umbra
2471 2041 2579 2086 erat
2635 2032 2933 2099 futurorum
2982 2028 3238 2082 bonorum
3291 2026 3483 2099 (Hebr.
3513 2025 3602 2091 x);
3653 2041 3835 2081 eorum

2236 2127 2439 2198 quippe
2472 2125 2741 2179 bonorum
2787 2139 2906 2194 qua:
2949 2123 3001 2176 in
3041 2120 3200 2176 nobis
3222 2120 3498 2190 completa
3525 2128 3673 2174 sunt.
3700 2118 3840 2175 ναι

2239 2230 2322 2276 tas
2351 2219 2496 2274 enim
2527 2217 2774 2272 Christus
2797 2216 3117 2281 adveniens,
3149 2216 3289 2270 bona
3320 2229 3445 2284 quae
3478 2224 3608 2270 ante
3635 2213 3838 2270 ludatis

2237 2315 2368 2368 fecit
2398 2312 2794 2380 umbratiliter,
2849 2309 3008 2365 nobis
3065 2323 3211 2364 nunc
3252 2309 3305 2362 in
3349 2309 3589 2363 veritate
3617 2309 3839 2380 largitus

2237 2403 2263 2442 ι
2282 2416 2528 2467 θειμξυιη
2555 2405 2689 2460 dicit
2710 2404 2776 2458 ad
2803 2403 3103 2473 discipulos
3131 2421 3142 2456 :
3170 2403 3332 2456 Amen
3355 2402 3474 2455 dico
3503 2402 3670 2470 vobis,
3700 2403 3841 2455 multi

2241 2498 2549 2572 PrOphette,
2581 2507 2629 2553 et
2652 2498 2789 2571 justi
2820 2497 3246 2552 desideraverunt
3268 2496 3444 2550 videre
3485 2510 3603 2566 qut:
3629 2495 3836 2560 videtis,

2239 2604 2285 2649 et
2332 2612 2434 2649 non
2475 2595 2749 2656 viderunt;
2777 2602 2822 2646 et
2853 2593 3038 2646 audire
3057 2607 3171 2656 qua
3197 2589 3414 2656 auditis,
3436 2600 3485 2644 et
3516 2607 3623 2645 non
3662 2590 3838 2644 audie-

2239 2701 2384 2744 runt.
2427 2690 2594 2744 Vestri
2626 2699 2799 2743 autent
2844 2688 2978 2742 beati
3039 2688 3198 2749 oculi,
3229 2687 3319 2758 qui
3345 2686 3542 2752 vident;
3571 2696 3626 2740 et
3670 2704 3836 2753 aures,

2242 2799 2358 2854 quae
2391 2783 2614 2836 audiunt
2641 2782 2856 2852 (.llatth.
2890 2781 3030 2851 xm).
3065 2779 3286 2836 Exodus
3333 2795 3466 2850 ergo
3502 2779 3518 2818 ι
3553 2781 3715 2837 beate
3761 2788 3837 2834 at-

2243 2892 2350 2944 que
2378 2875 2621 2946 perfecte
2648 2884 3062 2930 consummatur
3100 2875 3152 2928 in
3181 2873 3340 2928 nobis
3362 2874 3590 2944 quando
3617 2883 3659 2911 ιιι
3686 2888 3839 2929 verus

2245 2969 2462 3040 Moyses
2492 2968 2561 3024 de
2591 2967 2855 3023 Jordanis
2883 2983 3021 3039 aqua
3045 2977 3318 3037 sumptus,
3353 2976 3407 3022 et
3428 2975 3456 3002 υ
3485 2977 3702 3034 natura,
3737 2981 3836 3022 non

609 3117 634 3142 τι
672 3103 818 3158 Vatt.
852 3101 961 3157 duo
986 3109 1147 3175 atque
1175 3096 1353 3175 Uri};
1389 3098 1602 3152 Decima
1638 3076 1724 3175 die
1746 3100 1936 3175 mensis
1962 3101 2126 3175 septi-
2151 3100 2198 3165 C
2229 3101 2456 3175 riemini.
2492 3099 2541 3152 11
2549 3115 2652 3175 unc
2669 3099 3012 3175 itaque‘dt'ent
3039 3100 3390 3175 recapitulans
3419 3101 3474 3154 in
3507 3103 3835 3175 semetipsum

531 3178 626 3242 mi,
654 3176 708 3230 id
742 3186 814 3228 est
845 3175 969 3227 luna
1011 3171 1227 3225 decima.
1263 3170 1412 3226 Flor.
1443 3212 1459 3236 ,
1487 3172 1673 3242 mensis
1704 3171 1937 3235 secundi,
1968 3170 2026 3224 id
2050 3182 2126 3226 est

534 3240 658 3302 luna
698 3247 915 3311 decima,
941 3243 1025 3297 cui
1053 3243 1290 3296 concinit
1335 3259 1438 3295 ms.
1465 3242 1604 3297 liber
1624 3240 1830 3296 Octaxii
1860 3242 2129 3313 Pantaga-

535 3320 645 3384 tbi;
676 3334 842 3385 quare
874 3318 924 3368 in
960 3324 1108 3368 textu
1142 3313 1351 3383 abiecta
1400 3317 1665 3385 plll'_llClll:l
1717 3315 2126 3382 conjunctiouis

532 3392 609 3446 ita
635 3383 855 3442 omnino
881 3387 1167 3454 legendum
1191 3385 1404 3439 videtur
1429 3403 1441 3438 :
1476 3383 1688 3439 Decima
1710 3386 1795 3438 die
1828 3387 2020 3440 mensis
2048 3403 2128 3440 se-

535 3462 712 3525 cundi,
741 3460 793 3512 id
818 3468 890 3511 est
913 3460 1035 3510 luna
1066 3457 1284 3508 decium.

605 3531 633 3570 δ
672 3531 806 3585 Cod.
835 3529 1023 3584 Ul'hlll.
1044 3569 1060 3593 ,
1085 3529 1417 3580 mandantur.
1450 3526 1725 3592 Prwcepit.

609 3615 631 3641 ο
675 3602 823 3656 Flor.
853 3600 989 3655 Cod.
1013 3641 1028 3664 ,
1057 3599 1325 3668 sacriﬁciis
1347 3602 1688 3670 yerosolyme.
1721 3599 1853 3654 Urb.
1875 3641 1889 3662 ,
1921 3601 2125 3669 sacriﬁ-

533 3676 629 3730 ciis
670 3672 1068 3742 Hierosolyma).
1101 3671 1241 3742 vatt.
1279 3669 1410 3732 duo,
1449 3669 1827 3741 Hierosolyma:
1851 3673 2126 3742 sacriﬁciis

535 3747 724 3800 locum.
760 3741 1114 3797 Ilunc’locum
1148 3741 1540 3812 Hierosolyma:
1571 3743 1855 3794 sacriliciis
1881 3743 2126 3797 destina-

533 3829 645 3872 tum
671 3815 836 3870 fuisse
867 3815 1157 3882 templum,
1191 3813 1526 3867 recentiores
1557 3829 1664 3865 non
1701 3813 1859 3878 pauci
1890 3825 2121 3869 conten—

533 3890 691 3952 dunt,
723 3889 793 3940 ita
822 3894 878 3939 ut
903 3898 1054 3939 extra
1081 3884 1216 3938 illud
1247 3885 1451 3938 Pascha
1479 3884 1748 3938 celebrari
1781 3899 1889 3938 non
1915 3898 2118 3953 posset;

531 3975 562 4013 a
590 3960 786 4028 quibus
812 3967 1001 4028 aperte
1031 3955 1287 4028 dissentit
1314 3954 1586 4028 Gaudent.
1611 3999 1624 4020 ,
1662 3963 1831 4028 tract.
1851 3971 1992 4024 $8l|.,
2028 3959 2120 4012 ubi

531 4025 769 4098 deiagno
809 4025 1051 4098 paschali
1099 4026 1215 4080 huic
1263 4027 1462 4078 habet:
1500 4025 1713 4096 Singuli
1753 4027 1888 4080 enim
1915 4030 2120 4084 occide-

533 4101 720 4172 bantur
731 4117 820 4172 per
834 4101 1034 4153 domos.
1055 4098 1183 4151 Vide
1199 4100 1486 4152 observata
1503 4098 1760 4152 nostrain
1776 4115 1898 4153 cuin
1917 4101 2115 4157 locum.

602 4171 629 4210 ά
671 4171 820 4226 Flor.
843 4213 856 4233 ,
885 4188 987 4223 non
1016 4172 1256 4238 potuerit.

605 4255 627 4281 θ
667 4234 1054 4297 Kalendariuin
1081 4240 1360 4294 ludaicum
1392 4239 1480 4295 die
1510 4239 1720 4296 decima
1745 4254 1939 4309 quarta
1968 4234 2121 4300 misu-

531 4315 604 4369 sis
639 4315 760 4382 ljar,
787 4328 902 4367 sive
930 4312 1167 4379 Aprilis:
1203 4309 1409 4366 Pascha
1439 4313 1721 4366 secundum
1753 4313 2120 4368 celebrandum

529 4387 680 4440 abiis
707 4384 887 4454 quibus
943 4400 1045 4435 non
1091 4383 1288 4435 licitum
1341 4386 1544 4456 fuerat,
1571 4386 1658 4456 vel
1693 4402 1797 4438 non
1848 4397 2119 4456 potuerant

530 4456 738 4511 Pascha
765 4459 850 4508 celi
870 4457 1017 4510 brare
1045 4469 1213 4506 mense
1237 4456 1423 4511 primo.
1454 4455 1586 4510 Vide
1615 4455 1776 4511 Nutu.
1802 4455 1879 4510 Ix.

607 4473 738 4510 tscna
765 4473 850 4508 ceti
870 4473 1017 4510 orare
1045 4473 1213 4506 mense
1275 4473 1423 4507 rimo.
1460 4473 1586 4510 vrue
1615 4473 1776 4511 num.
1802 4473 1879 4510 Ix.

607 4528 625 4566 ί
669 4528 982 4596 Adjecimus
1017 4473 1341 4593 particiiiiuu
1368 4527 1768 4593 coniunctionis
1789 4568 1803 4590 ,
1835 4544 1996 4594 quam
2029 4529 2120 4583 ha-

527 4601 660 4657 bent
685 4573 816 4652 ιιιέε.
850 4573 1039 4659 codd.';
1068 4595 1122 4648 iu
1146 4597 1305 4650 editis
1333 4573 1512 4649 anteiit
1555 4597 1726 4651 deest.
1779 4573 1948 4651 i’ti'rro
2002 4573 2117 4656 lite-0
2148 4573 2196 4632 Ι)

530 4672 720 4726 eadem
749 4670 816 4723 de
848 4679 1092 4730 tempore
1122 4666 1433 4721 celebrandi
1469 4667 1747 4721 Paschatis
1779 4669 2072 4732 di~ciplina
2099 4711 2114 4735 ,

532 4740 850 4812 agnoscitur
879 4756 908 4792 a
932 4737 1227 4812 Plulastrio
1249 4781 1262 4803 ,
1292 4753 1424 4812 cati.
1443 4740 1535 4800 58,
1556 4738 1647 4791 ubi
1675 4741 2117 4804 Quartadccima-

532 4809 618 4866 nis
645 4823 1006 4875 succensens,
1040 4809 1131 4877 qui
1165 4809 1570 4861 menselllartio
1590 4824 1803 4878 semper
1827 4813 2114 4868 celebran-

532 4885 660 4937 dum
689 4881 892 4935 Pa~cha
941 4879 1249 4933 aSserebaut
1276 4919 1292 4943 ,
1316 4890 1371 4932 et
1404 4884 1506 4934 hoc
1541 4883 1806 4935 lactentes
1831 4883 1975 4937 diem
2010 4885 2115 4940 Do-

530 4957 787 5008 minit'atu
825 4952 1042 5005 Pascha:
1091 4968 1196 5002 non
1229 4950 1649 5016 cnstodu-baut,
1697 4952 1792 5006 sed
1837 4959 2110 5024 secunda,

530 5038 622 5078 aut
654 5023 808 5077 tertia
829 5064 844 5087 ,
873 5033 966 5075 aut
999 5031 1223 5086 quarta.
1254 5032 1344 5074 aut
1373 5024 1560 5090 quinta
1585 5065 1598 5088 ,
1625 5033 1717 5076 aut
1739 5040 1890 5078 sexta
1916 5028 2004 5081 die
2025 5044 2114 5084 ce-

532 5096 852 5166 lebrabant,
912 5091 1246 5166 subditzEx
1292 5095 1387 5145 hoc
1433 5111 1603 5148 errore
1649 5113 1749 5148 non
1801 5110 2113 5166 cognoscunt

533 5167 670 5220 diem
699 5165 914 5218 Paschte
946 5164 1148 5215 Domini
1173 5166 1332 5216 nostri
1357 5181 1526 5219 veram
1559 5175 1605 5219 et
1629 5164 1885 5220 salubrem
1911 5210 1924 5233 ,
1959 5187 2113 5224 unam

533 5238 642 5292 orbi
693 5249 945 5307 terrarum
998 5242 1246 5286 statutam
1295 5245 1341 5288 et
1393 5239 1807 5303 conﬁrmatuma
1847 5237 2106 5307 Domino,

529 5325 685 5363 cursu
710 5305 962 5361 numerali
992 5309 1148 5367 quat,
1175 5307 1446 5371 mensibus,
1472 5319 1517 5361 et
1547 5309 1894 5374 embolismis;
1923 5322 1968 5362 et
1996 5305 2112 5366 cum

529 5381 638 5434 htec
666 5396 767 5433 non
794 5385 1119 5449 computant,
1149 5377 1388 5449 ignorant
1430 5381 1552 5445 quid
1593 5380 1863 5434 celebrent.
1895 5383 1990 5435 Adi
2019 5425 2033 5449 ,
2067 5387 2110 5439 si

530 5451 711 5516 lubet,
746 5461 898 5503 notas
933 5447 1162 5501 Fabricii
1193 5448 1256 5500 ad
1293 5451 1431 5500 bime
1465 5450 1738 5504 Pliilastrii
1768 5455 1968 5506 locum.

602 5532 626 5568 κ
670 5522 818 5576 Hum:
847 5520 1136 5575 Gaudeutti
1172 5522 1348 5572 locum
1380 5520 1582 5582 prol‘i-rt
1603 5521 2026 5578 Ft-u-ardentius
2057 5528 2108 5580 in

531 5593 675 5647 notis
701 5593 766 5646 ad
792 5593 1054 5646 Irenaeum
1075 5634 1088 5654 ,
1127 5591 1220 5643 lib.
1258 5605 1288 5641 ν
1317 5591 1575 5645 adversus
1625 5595 1820 5647 hwres.
1849 5613 1899 5648 c.
1926 5596 2016 5660 ‘25,
2041 5599 2106 5652 ad

532 5663 647 5717 haec
674 5667 872 5717 verba:
896 5661 960 5715 In
992 5661 1084 5715 illa
1108 5662 1190 5713 die
1213 5670 1425 5713 mortem
1455 5665 1694 5717 sustinuit
1726 5664 1974 5722 Dominus
1993 5670 2110 5722 obe-

530 5734 676 5803 diens
697 5734 868 5799 Patri,
899 5735 952 5788 in
977 5751 1075 5803 qua
1097 5742 1331 5786 mortuus
1358 5742 1430 5786 est
1461 5735 1625 5788 Adam
1652 5736 1948 5792 inobediens
1973 5738 2104 5795 Deo.

539 5801 607 5857 In
620 5821 718 5876 qua
741 5817 910 5876 autem.
925 5801 1156 5876 mortuus
1178 5814 1272 5870 est,
1302 5804 1355 5856 in
1378 5806 1489 5876 ipsa
1512 5815 1557 5860 et
1578 5809 1929 5862 manducavit.
1956 5810 2107 5865 Dixit

536 5873 645 5928 uim
665 5874 804 5931 Deus
829 5892 846 5930 .'
879 5873 944 5928 In
972 5891 1077 5944 qua
1098 5875 1180 5928 die
1201 5873 1576 5932 manducabitis
1605 5896 1668 5933 ea:
1688 5896 1766 5945 eo,
1799 5891 1962 5934 morte
1989 5899 2102 5934 mo-

2238 3171 2516 3234 Dominus,
2544 3174 2678 3224 venit
2726 3172 2794 3223 ad
2844 3169 3346 3243 Passionem'pridie
3373 3183 3496 3226 ante
3547 3169 3834 3240 sabbatum,

2235 3261 2350 3314 qua:
2371 3253 2447 3298 est
2473 3255 2616 3316 sexta
2641 3243 2953 3316 conititionis
2981 3242 3113 3305 dies,
3146 3242 3199 3296 in
3223 3261 3325 3308 qua
3354 3245 3509 3298 homo
3551 3249 3833 3316 plasmatus

2233 3327 2341 3380 est;
2371 3315 2646 3386 secundam
2691 3315 3105 3386 plasmationem,
3128 3331 3242 3367 eam
3281 3331 3402 3386 qua:
3447 3327 3525 3369 est
3555 3315 3594 3368 a
3633 3328 3789 3372 morte
3816 3363 3828 3383 ,

2232 3403 2321 3456 per
2353 3404 2499 3441 suam
2525 3384 2825 3439 Passionem
2860 3384 3081 3439 donans.
3111 3389 3186 3440 lix
3220 3384 3320 3440 hoc
3347 3387 3537 3442 [renati
3577 3389 3699 3443 loco
3726 3388 3832 3443 colo

2231 3457 2436 3527 ligilur,
2469 3460 2638 3511 Adam
2672 3459 3052 3516 manducasse.
3084 3467 3138 3510 et
3169 3469 3446 3513 mortuum
3479 3459 3647 3514 I'uiSse
3679 3470 3828 3516 sexta

2230 3531 2396 3593 feria,
2448 3529 2593 3600 quod
2647 3538 2827 3582 tamen
2877 3544 2982 3581 non
3021 3529 3151 3582 dicit
3178 3528 3559 3596 Gaudentius;
3588 3533 3685 3586 sed
3720 3543 3830 3586 tan-

2231 3607 2344 3653 tum
2375 3602 2520 3669 quod
2560 3603 2699 3653 Deus
2728 3609 2882 3654 sexta
2911 3600 3042 3670 feria
3067 3616 3171 3670 qua
3205 3602 3486 3658 hominem
3527 3605 3654 3656 fecit
3686 3646 3700 3665 ,
3739 3617 3827 3669 pro

2229 3673 2422 3727 eodem
2450 3688 2642 3742 passus
2673 3673 2765 3725 sit.
2796 3672 2961 3725 Sexta
2987 3669 3154 3737 feria,
3189 3673 3291 3728 hoc
3317 3683 3400 3726 est
3435 3674 3524 3726 die
3561 3674 3786 3730 Veneris
3808 3717 3821 3740 ,

2229 3743 2361 3797 hora
2395 3760 2531 3797 n0ua
2552 3785 2566 3808 ,
2600 3742 2771 3795 Adam
2797 3754 2850 3796 et
2880 3743 3042 3796 Evam
3074 3745 3374 3798 rebellasse
3396 3789 3408 3809 ,
3460 3747 3824 3814 expulsosque

2228 3814 2396 3886 fuisse
2417 3830 2448 3869 e
2474 3815 2745 3885 paradiso.
2777 3814 3015 3867 allirmat
3056 3814 3220 3868 etiam
3255 3816 3558 3886 Eutycbius
3586 3817 3820 3873 Patriar-

2226 3885 2325 3941 cha
2356 3885 2756 3940 .-\lexaudrinus
2787 3895 2919 3939 tom.
2946 3901 2960 3938 ι
2993 3887 3190 3939 Annal.
3228 3903 3282 3955 p.
3315 3885 3403 3942 15.

2302 3956 2325 3993 ¹¹
2342 3957 2514 4021 Flor.,
2532 3957 2656 4012 cod.
2685 3957 2996 4030 disseramus
3013 3997 3027 4016 .
3059 3959 3296 4030 itemque
3317 3959 3455 4012 liber
3476 3959 3816 4030 Pantagathi.

2226 4029 2341 4084 Non
2374 4041 2459 4083 est
2485 4041 2668 4084 autem
2697 4029 2796 4082 cur’
2848 4029 3122 4094 vulgatam
3173 4029 3467 4084 lectionem
3528 4029 3816 4088 iuutemus.

2225 4100 2474 4154 Edissero
2522 4102 2666 4154 enim
2697 4112 2775 4154 est
2832 4097 3340 4166 explano,declaro.
3395 4100 3511 4158 Cic.
3567 4103 3637 4157 de
3687 4104 3815 4158 clar.

2224 4176 2440 4227 Uralur.
2472 4189 2484 4224 :
2517 4173 2646 4238 Quis
2677 4170 2930 4234 docendo,
2955 4171 3385 4243 edisserendoque
3412 4173 3651 4228 subtilior
3673 4175 3696 4229 ?
3715 4173 3814 4230 Sed

2224 4254 2278 4297 et
2320 4244 2514 4298 dissero
2555 4257 2768 4313 quoque
2821 4243 3010 4296 eadem
3067 4242 3476 4314 signiﬁcatione
3528 4249 3812 4314 aCCiplllll'.

2225 4315 2370 4369 Hier.
2422 4310 2588 4388 epist:
2638 4310 2736 4388 ad“
2765 4314 3038 4388 Asellam:
3073 4310 3292 4369 Divinos
3335 4317 3512 4384 libros,
3541 4326 3598 4370 ut
3649 4310 3810 4388 potui,

2224 4386 2492 4440 nonnullis
2521 4403 2658 4452 swpe
2683 4385 2925 4440 disserui.

2303 4457 2317 4495 ί
2364 4458 2528 4513 Deest
2569 4457 2828 4529 particula
2883 4458 2935 4510 in
2976 4470 3104 4511 mss.
3141 4455 3542 4526 Saepenumero
3594 4459 3811 4515 voculas

2223 4529 2356 4583 istas
2389 4532 2659 4599 negligere
2679 4537 3036 4597 properantes
3056 4543 3238 4596 opera:
3259 4531 3394 4584 nihil
3416 4529 3564 4599 pensi
3581 4530 3806 4598 habent,

2223 4601 2498 4724 quoddam
2535 4613 2616 4655 ter
2641 4600 2797 4654 unica
2829 4601 3015 4668 pagina
3049 4600 3536 4668 deprehendimus.

2296 4672 2309 4721 1'
2411 4672 2604 4724 :iticani
2632 4673 2757 4724 duo.
2783 4689 2920 4724 nunc
2941 4672 3100 4724 nostri
3123 4686 3142 4724 .'
3163 4673 3376 4724 σωάλιια
3403 4687 3478 4724 est
3498 4715 3514 4724 .

2366 4672 2604 4726 Vaticani
2632 4673 2757 4736 duo,
2783 4689 2920 4724 nunc
2941 4672 3100 4744 nostri
3123 4686 3142 4735 ,'
3163 4673 3376 4744 ᾳφάλμα
3403 4687 3478 4728 e5!
3498 4715 3514 4738 ,
3540 4683 3600 4728 ut
3629 4675 3805 4728 statim

2218 4757 2248 4796 a
2277 4743 2581 4798 Gaudentio
2608 4744 2852 4814 subjecta
2881 4743 3140 4797 indiCaut.
3164 4743 3335 4798 Liber
3361 4744 3688 4816 Panlagathi
3712 4747 3805 4799 ha-

2217 4817 2310 4868 bet
2328 4855 2342 4877 ,
2376 4832 2476 4868 non
2501 4817 2682 4868 nostri.

2291 4883 2317 4922 ¹ί
2361 4887 2558 4940 Vocula
2590 4895 2662 4939 est
2693 4885 3034 4941 desideratur
3065 4886 3116 4940 in
3145 4895 3380 4956 quatuor
3419 4903 3548 4943 mss.
3583 4898 3644 4944 ut
3672 4901 3723 4946 et
3751 4891 3803 4946 in

2218 4955 2355 5010 libro
2389 4957 2704 5024 Pantagathi
2730 4999 2742 5017 .
2776 4957 2870 5012 sed
2915 4958 3034 5010 voci
3068 4955 3285 5030 largitus
3318 4975 3481 5014 manu
3514 4963 3684 5030 ipsius
3713 4979 3799 5016 su-

2219 5029 2574 5096 perscribitur
2594 5047 2630 5102 Δι·
2659 5045 2763 5102 quo
2795 5030 2883 5102 fiat
2908 5030 3150 5100 largitur.
3175 5029 3234 5102 lu
3259 5031 3452 5085 eodem
3479 5032 3622 5088 libro
3654 5035 3803 5102 paulo

2215 5112 2340 5153 ante
2371 5116 2466 5165 pro
2498 5099 2836 5153 umbratiliter
2867 5101 3093 5154 habetur
3117 5101 3438 5156 umbraliter.

2295 5169 2310 5207 ι
2355 5170 2521 5245 Fler._
2557 5172 2679 5245 cod.
2730 5185 2782 5226 et
2825 5170 2997 5245 Urb._,_
3049 5173 3218 5235 beata,
3247 5183 3402 5244 atque
3450 5178 3699 5245 perfecta,
3749 5185 3800 5231 ut

2213 5245 2376 5319 etiam
2423 5242 2546 5296 cod.
2582 5243 2928 5315 l’antagathi.
2960 5243 3104 5298 Vatt.
3156 5246 3286 5311 duo,
3316 5242 3607 5301 benedicta
3655 5257 3800 5319 atque

2251 5324 2462 5368 erlecta.
2873 5335 2879 5342 '

2213 5318 2462 5381 perfecta.
2873 5335 2879 5342 '
3723 5318 3729 5319 ⁷

2285 5393 2322 5420 ιη
2367 5384 2656 5453 Barthius,
2691 5387 2724 5440 l.
2775 5402 2900 5441 xviu
2933 5385 3166 5441 Advers.
3201 5402 3251 5442 c.
3285 5389 3310 5442 l
3338 5430 3352 5452 ,
3386 5388 3452 5442 ad
3483 5389 3628 5445 hunc
3658 5389 3798 5446 Gau-

2211 5454 2379 5530 dentii
2407 5459 2620 5510 locum:
2659 5458 2906 5530 Sumptus
2947 5460 3010 5511 de
3033 5456 3271 5514 Iordane
3319 5462 3510 5514 dicitur
3564 5460 3794 5516 Christus

2212 5545 2302 5605 per
2325 5525 2686 5605 Bupt‘tsnium;
2717 5525 2817 5599 qua
2849 5531 3142 5605 sumptique
3181 5531 3466 5598 completur
3490 5538 3632 5602 quod
3683 5548 3795 5605 typo

2211 5597 2410 5678 Moysts
2438 5601 2715 5678 figuratum
2730 5597 2870 5678 erat,
2897 5597 3044 5678 quem
3068 5597 3320 5678 inluntem
3351 5605 3461 5673 ﬁlia
3482 5597 3621 5678 regis
3641 5597 3793 5676 ﬂuvio

2210 5673 2414 5743 ext-mit.
2454 5672 2579 5726 Ha’c
2602 5673 2843 5726 addenda
2871 5673 3175 5738 existimavi,
3205 5691 3268 5728 ne
3305 5672 3455 5743 quem
3490 5672 3790 5730 insolentius

2209 5742 2408 5820 dictum
2445 5745 2785 5820 sum-ptusqde
2810 5744 3048 5820 .l_orda_ne
3077 5742 3385 5814 offenderet,
3407 5758 3596 5803 ca'tera
3640 5747 3788 5820 hujus

2212 5815 2493 5886 Scriptor-is
2521 5815 2630 5869 sine
2658 5817 2945 5886 offensione
2969 5817 3238 5885 legentem.

2282 5893 2305 5921 η
2347 5885 2438 5940 Sic
2467 5886 2627 5941 etiam
2651 5885 2815 5943 serui.
2845 5886 3092 5957 sequenti
3117 5905 3130 5939 :
3158 5887 3428 5953 Quomodo
3455 5901 3641 5945 natura
3664 5904 3786 5943 unus
