4070 6346
288 324 393 383 849

1226 321 1462 379 SERMO
1492 322 1546 391 Ι,
1603 322 1692 378 DE
1729 322 1939 380 EXODI
1982 321 2326 381 LECTIONE
2379 320 2659 380 PRIMUS.

3475 317 3583 377 850

287 434 559 507 positione
589 477 605 503 ,
666 436 811 492 Deus
844 480 858 505 ,
920 436 1180 492 Dominus
1256 446 1448 492 noster
1497 435 1657 493 Jesus
1718 435 1877 492 Cbri-
1904 450 2103 507 Arum
2135 436 2228 508 qui
2276 451 2373 494 eos
2423 438 2636 493 servire
2685 436 2918 493 Domino
2966 449 3073 491 non
3124 433 3402 505 sinebant,
3451 445 3583 490 tunc

283 540 434 598 stus,
463 530 619 602 virga
644 531 826 587 crucis
856 545 970 587 sua:
1018 545 1119 587 nos
1150 545 1248 601 per
1271 544 1467 602 aquam
1510 528 1778 600 Baptismi
1809 529 1880 587 de

281 624 599 694 captivitate
650 623 954 680 Pharaonis
1002 622 1203 680 diaboli
1234 622 1460 691 educit,
1505 638 1569 679 ac
1607 622 1677 678 de
1733 624 1883 678 omni

283 715 635 772 tenebrarum
683 714 803 785 ejus
866 713 1106 787 [Egypto
1178 715 1404 786 eripit,
1480 728 1719 770 evocans
1781 729 1882 771 nos

286 808 342 863 in
400 808 540 865 lucis
598 822 769 879 opera
817 807 887 864 de
942 806 1183 863 tenebris
1235 817 1455 862 actuum
1506 806 1669 879 235
1717 820 1879 881 mun-

286 899 559 956 danorum
594 946 610 971 ,
659 900 754 956 ubi
823 900 1038 972 aliquos
1100 898 1284 955 adhuc
1351 899 1566 969 positos
1633 900 1883 966 increpat

288 991 642 1049 beatissimus
689 992 893 1048 Paulus
943 1011 959 1047 :
1002 991 1312 1047 Debueratis
1343 1036 1358 1060 ,
1413 999 1440 1028 ι
1476 989 1759 1062 inquiens,
1815 990 1880 1042 de

286 1086 382 1140 hac
424 1085 625 1140 mundo
658 1087 873 1152 exisse;
920 1100 1060 1139 nunc
1108 1093 1286 1138 autem
1343 1082 1528 1154 scripsi
1574 1081 1717 1136 vobis
1775 1094 1881 1134 non

283 1179 606 1234 commisceri
635 1178 677 1250 (ι
707 1175 830 1235 Cor.
859 1175 937 1250 v).
969 1176 1395 1234 Consideremus
1441 1188 1586 1229 nunc
1626 1172 1756 1244 quid
1786 1188 1883 1227 au-

279 1273 430 1329 diant
459 1290 490 1329 a
525 1274 638 1329 Deo
667 1276 761 1343 qui
794 1272 1105 1329 educuntur
1147 1286 1213 1327 ex
1245 1269 1487 1343 Egypto
1517 1286 1529 1323 :
1563 1266 1759 1322 Mensis
1796 1264 1881 1319 hic

278 1368 420 1423 vobis
449 1367 663 1422 initium
691 1369 971 1436 mensium,
991 1366 1195 1439 primus
1225 1374 1325 1430 est,
1355 1364 1455 1433 ait,
1486 1361 1627 1418 vobis
1650 1362 1706 1416 in
1736 1376 1882 1416 men-

277 1460 419 1517 sibus
465 1462 592 1515 anni
637 1459 833 1533 (Exod.
896 1458 1017 1531 xu).
1077 1460 1338 1531 Legimus
1390 1459 1443 1514 in
1512 1457 1878 1513 Numerorum

275 1553 423 1610 libro
462 1554 656 1627 (Num.
687 1552 820 1627 xxx)
849 1555 995 1624 quod
1018 1554 1346 1625 quicumque
1396 1551 1611 1607 voverit
1661 1562 1878 1620 votum,

279 1657 339 1703 ut
370 1647 649 1705 abstineat
677 1666 739 1705 se
759 1647 788 1688 δ
820 1656 918 1704 aut
937 1649 1007 1704 ab
1037 1663 1138 1703 usu
1167 1646 1469 1718 coniugali,
1490 1654 1585 1701 aut
1613 1660 1642 1698 a
1670 1644 1882 1700 deliciis

273 1743 618 1813 quibuslibet
646 1745 729 1800 vel
762 1743 894 1813 cibi,
919 1743 1008 1800 vel
1033 1754 1211 1814 potus,
1246 1758 1420 1814 usque
1451 1742 1517 1798 ad
1546 1740 1875 1813 praeﬁnitum

1983 528 2316 583 audierunt:
2346 526 2544 583 Mensis
2572 526 2658 582 hic
2682 527 2827 583 vobis
2854 526 3065 582 initium
3085 526 3360 591 mensium,
3380 525 3587 595 primus

1983 633 2058 677 est
2088 623 2232 678 vobis
2251 624 2310 688 in
2337 623 2600 678 mensibus
2638 623 2765 677 anni
2822 619 3028 694 (Exod.
3068 620 3189 691 xu).
3243 618 3383 675 Sunt
3433 617 3588 674 enim

1983 714 2201 786 quidam
2233 715 2688 786 superstitionum
2745 715 2887 784 dies,
2921 724 2977 770 et
3035 727 3281 782 menses,
3324 719 3383 768 et
3424 712 3580 781 anni,

1982 809 2496 879 quosabrogatcum
2518 807 2883 878 reprehendit
2898 807 2918 846 τ
2934 805 3234 876 Apostolus
3255 801 3459 877 (Galat.
3480 800 3582 874 ιν).

1982 900 2126 958 Sunt
2149 900 2269 966 alii,
2302 915 2439 972 quos
2462 900 2720 971 praecepit
2754 899 2918 969 Deus,
2967 912 3023 955 et
3054 899 3325 968 imputat.
3356 896 3590 951 Eramus

1980 1006 2033 1052 et
2067 1012 2166 1052 nos
2195 996 2490 1068 aliquando
2523 996 2578 1050 in
2609 994 2853 1066 Egypto
2911 993 3226 1049 nescientes
3281 989 3479 1055 Deum,
3515 1001 3586 1045 ac

1980 1087 2207 1142 luminis
2235 1100 2292 1142 et
2321 1088 2575 1144 veritatis
2608 1086 2809 1157 ignari,
2842 1101 2984 1156 quos
3016 1083 3284 1153 urgebant
3314 1079 3587 1136 immundi

1981 1181 2232 1252 spiritus,
2263 1181 2381 1236 veri
2411 1179 2676 1251 Egyptii,
2712 1179 2944 1235 laterem
2985 1176 3190 1246 facere,
3229 1175 3467 1232 terrenis
3501 1173 3589 1229 vi-

1981 1278 2184 1334 delicet
2215 1278 2481 1333 inservire
2503 1277 2807 1348 ﬁgmentis:
2837 1275 3001 1332 atubi
3028 1276 3283 1332 conversi
3312 1273 3380 1330 ad
3411 1273 3585 1329 Deum

1980 1383 2171 1425 Sumus
2193 1370 2559 1425 reclamantes
2575 1369 2646 1423 ab
2669 1368 2932 1440 operibus
2958 1368 3132 1433 duris,
3156 1366 3439 1424 verberati
3455 1374 3586 1423 sunt

1981 1459 2221 1534 Egyptii
2254 1461 2648 1532 multiplicibus
2699 1462 2898 1532 plagis,
2952 1472 3011 1517 et
3055 1461 3335 1532 primitiva
3386 1474 3582 1516 eorum

1984 1570 2247 1627 percussa
2277 1565 2427 1611 sunt.
2455 1555 2612 1611 Salus
2641 1555 2788 1610 enim
2841 1563 3026 1611 nostra
3075 1555 3385 1611 daemonum
3416 1565 3582 1625 paena

1982 1662 2086 1711 est.
2121 1652 2233 1707 Nos
2261 1662 2445 1707 autem
2504 1650 2922 1722 reSpiravimus,
2954 1664 3009 1708 et
3040 1651 3307 1708 vivilicati
3352 1664 3581 1716 sumus;

1984 1755 2010 1794 ιι
2032 1754 2214 1817 "neque
2252 1745 2399 1799 enim
2435 1745 2751 1801 vivebamus
2782 1745 2933 1814 prius
2955 1744 3135 1800 inillis
3160 1744 3355 1801 diebus
3383 1743 3584 1815 quibus

274 1844 493 1907 tempus
516 1883 531 1908 ,
569 1848 591 1877 ο
626 1848 680 1894 et
703 1838 995 1894 violaverit
1021 1852 1368 1910 quocumque
1386 1838 1566 1907 lapsu,
1596 1835 1713 1891 dies
1736 1850 1876 1906 prte-
1904 1849 1950 1911 Β
1979 1839 2184 1895 mortui
2213 1845 2461 1893 mortuos
2482 1838 2821 1895 colebamus.
2839 1838 3004 1910 236
3023 1836 3361 1907 Tuncigitur
3383 1849 3587 1906 oppor-

273 1931 465 1987 teritos
495 1931 547 1987 ei
569 1946 678 1988 non
708 1932 1057 2003 imputandos
1078 1921 1110 1999 ς’
1126 1931 1225 1989 sed
1260 1942 1319 1988 ut
1345 1933 1414 1988 ab
1433 1930 1642 1987 initium
1663 1930 1873 1987 redeat.

270 2021 365 2081 Sic
395 2040 506 2081 non
537 2038 668 2081 sunt
695 2025 948 2096 imputati
981 2024 1250 2081 lsraelitis
1296 2024 1373 2081 illi
1401 2024 1526 2081 dies
1573 2039 1715 2096 quos
1744 2039 1880 2080 con-

268 2129 635 2189 sumpserunt
663 2119 718 2176 in
745 2119 1026 2193 Egypto:
1061 2120 1160 2176 sed
1210 2119 1433 2192 quando
1487 2120 1876 2190 ingemuerunt

267 2207 377 2269 “ad
401 2214 693 2269 Dominum
724 2213 985 2271 conversi
1015 2215 1082 2271 ab
1112 2214 1373 2285 operibus
1402 2212 1578 2282 duris,
1606 2221 1663 2267 et
1690 2212 1875 2267 Domi-

267 2322 375 2382 nus
399 2308 605 2384 (Exod.
633 2326 693 2375 ιι,
716 2310 812 2383 xu)
840 2310 1116 2383 percussit
1146 2319 1171 2347 θ
1192 2309 1565 2383 primogenita
1587 2307 1873 2380 Egyptio-

265 2514 409 2570 Deus
455 2523 554 2588 est,
585 2516 839 2585 positione
865 2516 1063 2588 plures.
1102 2516 1435 2574 Philastrius
1477 2532 1698 2588 quoque
1738 2531 1864 2588 cap.

264 2587 377 2662 {Si
397 2604 422 2662 :4
446 2587 589 2662 Quid
603 2589 681 2662 sit
708 2589 879 2660 imago
901 2587 1000 2643 Dei
1041 2602 1231 2644 natura
1274 2587 1629 2662 proprietatis,
1654 2599 1703 2644 et
1741 2587 1866 2658 quid

266 2659 543 2733 positionis
569 2660 641 2733 sit
669 2659 840 2730 gratia
862 2677 880 2726 ;
904 2671 957 2715 et
988 2665 1148 2730 paulo
1179 2659 1301 2730 post
1325 2679 1339 2715 :
1368 2659 1600 2733 paterna:
1621 2664 1864 2715 substan—

266 2730 461 2805 tiat,‘ac
478 2731 808 2800 sempiterni?
832 2733 1002 2805 imago
1033 2734 1206 2805 genita
1228 2730 1460 2805 proprie,
1489 2749 1588 2787 non
1615 2733 1867 2805 positione

262 2803 519 2887 servitutis
541 2813 807 2887 creata-fa:
831 2802 1014 2858 nihilo.
1036 2802 1257 2887 'Gaspa'r
1283 2804 1570 2887 Barthius,
1595 2804 1700 2885 _lib.
1733 2813 1865 2887 svnt

262 2870 495 2928 Atlvers.
526 2876 635 2935 c.,i
665 2893 679 2929 :
711 2874 919 2930 Ponere
948 2870 1267 2930 contrarium
1299 2886 1372 2930 est
1402 2875 1629 2940 veritati,
1657 2886 1705 2928 et
1734 2876 1866 2926 ima-

263 2944 524 3014 ginariam
567 2946 739 2999 solum
781 2947 1100 3001 sanctionem
1139 2956 1303 3001 notat.
1334 2945 1531 3016 Estque
1559 2946 1747 3000 ductus
1772 2944 1859 2997 hic

262 3033 441 3069 ususa
469 3016 694 3090 calculo,
722 3018 811 3088 qui
850 3028 1054 3090 summa
1105 3017 1413 3090 imaginaria
1468 3017 1636 3090 posita
1685 3032 1860 3070 veram

261 3088 543 3159 componit.
572 3086 850 3143 Petronius
874 3087 1076 3159 Arbiter
1094 3104 1113 3143 :
1139 3090 1201 3145 Si
1211 3086 1362 3143 'recte
1387 3088 1647 3143 calculum
1672 3103 1855 3157 ponas,

262 3158 454 3231 ubique
495 3160 830 3231 naufragium
852 3168 947 3231 est.
980 3158 1251 3215 Iuvenalis
1288 3160 1405 3215 Sat.
1436 3160 1470 3216 9
1496 3178 1509 3212 :
1632 3169 1859 3227 ponatur

261 3228 515 3302 calculus,
541 3228 717 3285 adsint
744 3228 867 3285 cum'
889 3232 1066 3286 tabula
1087 3231 1254 3302 pueri.
1282 3232 1408 3287 Haec
1434 3249 1461 3284 a
1489 3231 1733 3286 Barthio.
1763 3231 1858 3285 Est

261 3300 427 3373 etiam
454 3301 660 3357 Latina:
692 3302 889 3373 linguze
918 3300 1152 3373 formula
1180 3303 1397 3358 dicendi
1428 3319 1535 3357 non
1568 3303 1809 3356 insolens
1839 3319 1851 3356 :

262 3370 412 3458 Pone
430 3389 551 3458 iam
572 3370 916 3458 essenvic'tum,
951 3391 1049 3443 pro
1080 3372 1248 3446 Finge
1269 3390 1383 3428 eum
1406 3390 1521 3458 esse
1543 3374 1767 3441 victum;
1797 3381 1857 3428 ut
1884 3393 1930 3458 ρ

259 3445 403 3501 apud
430 3445 651 3502 Terent.
682 3445 903 3501 Phorm.
935 3457 1043 3502 act.
1073 3461 1148 3515 tv,
1180 3445 1259 3502 se.
1293 3462 1382 3517 ut,
1405 3446 1479 3504 25

358 3558 546 3621 Verum
572 3573 700 3621 pone
726 3572 841 3611 esse
860 3563 1039 3612 victum
1066 3573 1183 3611 eum
1207 3575 1220 3612 :
1248 3571 1300 3613 at
1321 3562 1521 3612 tandem
1539 3569 1703 3614 tamen

353 3620 466 3673 Non
484 3620 659 3687 capitis
684 3624 795 3686 ejus
816 3638 901 3675 res
921 3625 1111 3689 agitur,
1140 3625 1230 3676 sed
1253 3625 1496 3689 pecuniae.

336 3735 363 3796 ξι
403 3726 533 3781 Mss.
556 3726 719 3783 codd.
753 3728 943 3796 inquit.

335 3795 363 3835 δ
392 3797 593 3853 Totum
624 3798 729 3853 hoc
758 3795 915 3854 deest
948 3800 1001 3854 in
1034 3814 1164 3855 mss.
1193 3799 1372 3855 Locus
1417 3799 1541 3855 libri
1584 3799 1860 3856 Numero-

263 3884 384 3944 rum
436 3872 517 3944 sic
566 3865 773 3925 liabet:
832 3870 895 3926 Si
949 3872 1263 3944 voverit,_et
1302 3875 1603 3944 juramcnto
1655 3890 1709 3927 se
1734 3890 1860 3927 con-

262 3942 566 4016 strinxerit,
590 3950 769 4016 ut_per
797 3944 1065 4016 jejunium
1116 3940 1191 3996 vel
1232 3940 1533 4016 cte'terarum
1563 3960 1739 3998 rerum
1768 3945 1861 3998 ab—

261 4013 1047 4085 stinentiamaffligatanimam
1076 4030 1244 4067 suam.
1279 4014 1535 4085 Profecto
1577 4016 1737 4085 Ang.,
1765 4030 1860 4084 qu.

263 4084 334 4140 59
363 4098 534 4151 super
562 4083 723 4139 Num.
750 4094 790 4139 t.
820 4083 912 4149 IV,
964 4084 1248 4140 contendit
1295 4083 1438 4138 Ιιιιιιιτ
1479 4083 1680 4139 Ιοριιιιι
1710 4083 1864 4139 nullo

263 4160 426 4226 modo
457 4155 866 4226 intelligendum
892 4172 1014 4211 esse
1046 4156 1114 4210 de
1136 4157 1468 4209 abstinentia
1497 4172 1527 4208 a
1548 4157 1865 4210 concubitu.

264 4224 522 4281 Fortasse
549 4224 838 4298 legendum
868 4237 924 4280 ut
948 4227 1198 4281 abstineat
1225 4244 1278 4280 se
1307 4244 1338 4280 a
1365 4226 1565 4281 deliciis
1593 4226 1866 4298 quibusli-

265 4298 345 4352 bet
368 4299 447 4360 vel
477 4296 719 4363 cibi,’t'el
750 4309 926 4367 potus.
961 4299 1018 4352 In
1062 4314 1165 4352 ms.
1220 4298 1536 4367 Pautagatbi
1588 4296 1862 4354 habetur:

262 4370 517 4424 abstineat
546 4385 601 4423 se
629 4380 719 4423 aut
747 4388 777 4421 a
800 4370 1023 4434 deliciis,
1047 4378 1140 4422 aut
1165 4369 1442 4441 cujuslibet
1492 4368 1572 4441 vel
1612 4370 1736 4434 cibi,
1789 4370 1865 4424 vel

261 4452 437 4513 potus,
474 4442 571 4513 sed
590 4442 819 4513 rvidetur
836 4442 1040 4513 aliquid
1057 4440 1274 4513 deesse.
1294 4440 1515 4507 LegeSIs
1542 4440 1824 4495 Ba’rtltium
1847 4484 1861 4507 ,

264 4512 302 4566 l.
332 4528 461 4567 mu
495 4512 730 4567 Advers.
761 4526 812 4567 c.
851 4513 900 4581 1,
933 4512 1022 4568 ubi
1053 4513 1231 4568 locum
1258 4512 1406 4567 hunc
1433 4513 1731 4582 diligenter
1773 4529 1869 4569 cx-

263 4584 471 4654 pendit.

339 4667 360 4695 ο
393 4657 449 4710 1η
485 4668 640 4721 mss.,
672 4654 1078 4712 violaveritillua

333 4725 359 4765 ἀ
400 4728 557 4791 Mss.,
583 4728 652 4781 ad
686 4727 850 4782 Deum

337 4808 360 4837 ο
392 4786 663 4853 Primitiva
692 4813 910 4854 summo
932 4814 1203 4855 consensu
1230 4799 1435 4856 habent
1467 4813 1602 4855 mss.
1629 4806 1866 4867 quatuor
1891 4786 1945 4848 D

262 4871 426 4927 codd.
455 4870 544 4925 Sic
567 4870 732 4925 etiam
759 4871 897 4927 infra
925 4889 937 4925 :
974 4872 1235 4940 primitiva
1266 4889 1442 4926 eorum
1466 4887 1708 4941 percussa
1726 4880 1863 4935 sunt,

262 4954 313 4998 et
345 4943 485 5066 halne
514 4943 803 4999 lectionem
833 4945 1125 5014 utrobique
1155 4945 1356 5000 retinet
1378 4945 1543 4999 etiam
1562 4943 1701 4999 liber
1728 4942 1871 4999 Pan-

264 5026 405 5066 taaat
432 5030 493 5066 ιι.
830 5019 841 5029 ’

264 5019 493 5085 tagatbi.
830 5019 841 5029 ’

340 5086 359 5126 τ
397 5086 576 5141 Locus
598 5086 844 5156 Aposmli
870 5086 959 5142 hic
979 5096 1100 5142 est:
1132 5085 1256 5141 Dies
1287 5086 1585 5147 observatis,
1639 5094 1684 5139 et
1720 5102 1867 5140 men-

261 5175 361 5223 ses,
391 5168 441 5212 et
471 5166 725 5226 tempora,
758 5168 807 5213 et
853 5174 1041 5213 annos.
1088 5157 1271 5213 Timeo
1312 5175 1421 5225 cos,
1477 5174 1542 5212 ne
1585 5156 1721 5225 forte
1756 5159 1870 5212 sine

262 5247 423 5285 causa
450 5229 792 5284 laboraverim
830 5232 884 5284 in
916 5229 1075 5283 vobis.
1135 5231 1211 5284 De
1257 5229 1343 5284 his
1393 5231 1857 5298 superstitionum

261 5300 462 5356 diebus
489 5314 681 5356 anotor
708 5299 1019 5356 Comment.
1051 5302 1103 5353 in
1134 5301 1310 5370 Epist.
1359 5300 1441 5371 ad,
1476 5300 1679 5371 Galat.,
1716 5302 1859 5355 inter

262 5372 443 5439 Opera
470 5373 754 5437 Ambros,
793 5383 831 5426 I.
870 5372 933 5436 V,
960 5371 1093 5426 edit.
1125 5371 1378 5427 Froben:
1414 5370 1537 5425 Dies
1589 5373 1861 5426 observant

261 5447 354 5517 qui
379 5445 582 5508 dicunt,
614 5456 665 5497 ut
698 5458 842 5517 puta,
878 5444 1103 5517 crastino
1133 5442 1569 5517 proficiscendum
1608 5459 1713 5517 non
1737 5453 1858 5517 est_:

265 5511 378 5586 post
404 5516 689 5569 crastinum
713 5516 847 5569 enim
869 5532 973 5586 non
1004 5511 1148 5568 debet
1175 5514 1378 5586 aliquid
1404 5511 1641 5566 inchoari
1666 5528 1686 5577 ;
1715 5525 1761 5567 et
1789 5513 1863 5567 sic

264 5584 430 5658 solent
456 5588 622 5656 magis
648 5587 834 5658 decipi.
866 5584 939 5639 Hi
969 5597 1144 5649 autem
1175 5584 1351 5639 colunt
1379 5600 1594 5644 menses.
1626 5586 1716 5653 qui
1745 5600 1862 5658 cur-

264 5676 353 5714 sus
379 5657 521 5713 luna:
545 5657 960 5730 perscrutantur,
983 5658 1228 5730 dicentes,
1252 5666 1303 5709 ut
1330 5666 1475 5730 puta,
1492 5659 1712 5730 septima
1737 5657 1861 5709 luna

263 5724 555 5785 strumentd
575 5726 761 5800 confici
784 5746 889 5783 non
926 5728 1126 5800 debent.
1162 5724 1546 5782 Nona'iterum
1596 5724 1720 5779 luna
1747 5742 1855 5781 ser-

265 5817 386 5856 vum
413 5799 753 5874 emptum,:ut
801 5810 946 5874 puta,
991 5799 1201 5874 domum
1231 5800 1351 5853 duci
1379 5814 1483 5874 non
1520 5805 1760 5874 oportet;
1810 5807 1861 5853 et

268 5890 360 5946 per
388 5866 509 5928 htec'
540 5873 749 5945 facilius
798 5866 960 5928 solent
1003 5869 1216 5927 adversa
1252 5866 1562 5944 provenire.'
1586 5866 1773 5925 Fastos
1816 5881 1862 5924 et

1974 1940 2106 1988 tune
2134 1931 2449 1987 audivimus
2480 1948 2495 1986 :
2526 1929 2723 1985 Mensis
2755 1931 2840 1984 hic
2864 1930 3008 1984 vobis
3034 1930 3242 1983 initium
3296 1928 3576 1997 mensium,

1978 2025 2177 2095 primus
2204 2033 2277 2078 est
2298 2025 2352 2077 in
2379 2023 2638 2078 mensibus
2663 2023 2790 2077 anni
2819 2020 3023 2093 (Exod.
3057 2019 3179 2092 xu).
3214 2019 3448 2088 Quando
3474 2034 3576 2074 no—

1975 2135 2078 2174 vus
2101 2118 2258 2173 nobis
2286 2117 2469 2173 illuxit
2499 2117 2612 2171 dies
2664 2116 2756 2172 ille
2805 2132 2959 2186 quem
3003 2115 3125 2186 fecit
3166 2113 3426 2169 Dominus
3453 2111 3575 2185 (Ps.

1974 2212 2174 2279 cxvu),
2232 2210 2456 2282 quando
2502 2210 2863 2281 cognovimus
2918 2206 2947 2246 h
3004 2223 3248 2265 mensem
3300 2220 3577 2263 novorum

1973 2316 2246 2371 sanctum,
2275 2312 2332 2359 et
2376 2318 2580 2360 annum
2612 2302 2827 2361 Domini
2857 2308 3169 2373 acceptum,
3213 2311 3270 2358 et
3300 2301 3449 2359 diem
3482 2314 3577 2357 re-

1974 2513 2373 2587 Nefastosdies
2397 2514 2606 2586 antiqui
2621 2516 2785 2585 vulgo
2806 2512 3577 2587 appellabant(similitudine

1969 2588 2039 2642 ab
2062 2586 2190 2657 jure
2214 2586 2403 2657 ducta,
2431 2587 2575 2653 quod
2605 2590 2776 2642 certis
2800 2588 2993 2643 diebus
3024 2586 3135 2642 diei
3166 2586 3269 2650 fas,
3295 2586 3386 2641 vel
3417 2586 3576 2642 nefas

1970 2663 2137 2725 erat),
2166 2670 2222 2713 ιιι
2249 2658 2414 2713 habet
2442 2657 2601 2714 Suet.
2634 2658 2821 2713 Tiber.
2847 2675 2899 2713 c.
2937 2658 3030 2727 55,
3055 2658 3303 2728 quamvis
3327 2672 3452 2713 eum
3487 2659 3571 2712 lo—

1970 2730 2170 2801 quendi
2202 2746 2412 2784 morem
2440 2728 2716 2801 improbet
2742 2730 2959 2785 Gellius
2991 2730 3028 2784 ι.
3081 2745 3134 2796 v,
3169 2742 3222 2784 c.
3254 2728 3355 2801 i7.
3396 2728 3574 2784 Hora-

1972 2798 2081 2857 tius
2107 2817 2178 2869 ιι,
2206 2802 2389 2855 Carm.
2424 2803 2527 2857 13:
2563 2798 2668 2854 Ille
2697 2810 2746 2856 et
2791 2806 2993 2870 nefasto
3024 2810 3070 2854 te
3118 2801 3291 2871 posuit
3322 2800 3408 2854 die
3438 2816 3458 2864 ;
3516 2811 3572 2855 et

1974 2873 2091 2927 Liv.
2122 2874 2159 2926 l.
2192 2873 2232 2941 I,
2256 2887 2309 2926 c.
2343 2872 2434 2940 20,
2462 2874 2532 2927 tle
2562 2874 2731 2927 Numa
2761 2891 2775 2927 :
2833 2871 3081 2943 Nefastas
3127 2872 3257 2939 dies,
3309 2876 3572 2941 fastosque

1971 2946 2093 3016 fecit
2118 2960 2134 2997 :
2160 2946 2283 3015 quia
2309 2942 2595 3012 aliquando
2622 2944 2755 2999 nihil
2782 2961 2900 2998 cum
2920 2942 3114 3016 papula
3144 2944 3229 3012 agi
3251 2944 3378 2997 utile
3420 2945 3568 3013 futu-

1966 3015 2083 3069 rum
2121 3024 2248 3069 erat.
2301 3016 2549 3071 Otninosi
2578 3025 2762 3070 autem
2789 3016 2878 3069 isti
2910 3015 3076 3085 atque
3120 3016 3224 3069 atri
3272 3015 3393 3070 dies
3440 3015 3568 3081 qui-

1968 3102 2091 3142 nam
2123 3096 2332 3148 essent,
2382 3095 2536 3141 notat
2585 3096 2699 3140 tum
2741 3086 2950 3142 Gellius
2993 3086 3187 3143 eodem
3243 3085 3397 3153 loco,
3454 3095 3569 3139 tum

1965 3157 2228 3228 Virgilius
2258 3156 2461 3228 Georg.
2491 3174 2529 3225 ι,
2558 3157 2668 3213 276
2700 3175 2713 3211 :

2084 3271 2194 3383 {ipsa
2213 3272 2325 3321 dies
2352 3271 2476 3321 alios
2499 3270 2596 3321 alio
2618 3271 2759 3345 dedit
2780 3271 2956 3320 ordine
2978 3269 3092 3320 luna

2128 3334 2285 3383 elices
2298 3348 2524 3383 onerum.
2550 3334 2784 3383 Outntam
2803 3335 3089 3383 luae........

2128 3334 2285 3385 elices
2298 3348 2524 3398 operum.
2550 3334 2784 3394 Quintam
2803 3335 3112 3397 luge.........

1963 3447 2019 3495 et
2047 3439 2230 3510 paucis
2261 3438 2596 3509 interiectis:

2092 3552 2311 3615 §eptima
2331 3559 2444 3614 post
2462 3552 2700 3602 decimam
2718 3551 2862 3615 felix,
2887 3559 2941 3604 et
2963 3564 3152 3615 ponere
3170 3553 3347 3614 vitem,

2091 3612 2384 3679 Etgvpreusos
2406 3615 2647 3679 domitare
2672 3612 2924 3679 boves,'et
2947 3612 3193 3679 liciatele

2089 3676 2321 3740 Addere;
2343 3688 2469 3727 nona
2486 3676 2616 3741 fugas
2643 3676 2842 3739 melior,
2862 3678 3106 3729 contraria
3126 3676 3295 3731 furtis.

1968 3801 2237 3873 Vopiscus
2288 3802 2345 3857 in
2374 3802 2566 3859 Tacito
2595 3822 2608 3859 :
2645 3802 2757 3858 Nec
2781 3821 3008 3875 unquam
3039 3813 3239 3858 noctem
3267 3802 3570 3869 intermisit,

1968 3891 2072 3945 qua
2101 3891 2207 3948 non.
2231 3875 2433 3945 aliquid
2455 3877 2533 3930 vel
2563 3875 2825 3948 scriberet,
2855 3878 2931 3948 vel
2953 3878 3157 3948 legeret.
3187 3882 3372 3941 prater
3401 3880 3575 3945 poste-

1969 3944 2086 3998 rum
2111 3944 2463 4000 Calendarum
2493 3947 2651 4002 diem.
2681 3946 2856 4014 Quem
2899 3946 2953 4001 in
3001 3944 3188 4001 locum
3231 3944 3572 4001 Salmasms:

1973 4014 2180 4070 Posteri
2208 4017 2315 4070 dies
2354 4015 2732 4084 Calendarum,
2768 4018 3067 4082 Nonarum,
3113 4015 3334 4084 Iduum,
3392 4014 3577 4070 veteri-

1971 4086 2063 4140 bus
2094 4088 2333 4149 infausti,
2365 4100 2518 4156 atque
2543 4091 2644 4141 atri
2692 4089 3036 4143 habebantur.
3073 4087 3132 4142 ltt
3189 4102 3324 4141 mss.
3377 4085 3580 4155 legitur

1968 4174 2097 4228 quos
2122 4157 2326 4211 abradit
2348 4176 2465 4211 cum
2494 4160 2819 4224 reprehendit
2851 4159 3151 4226 Apostolus.

2045 4237 2071 4275 8
2113 4228 2171 4282 In
2205 4243 2364 4293 mss.,
2397 4245 2502 4282 non
2531 4230 2666 4283 enim
2689 4230 3008 4283 videbamus.

2045 4297 2073 4335 1'
2103 4299 2179 4353 lta
2209 4298 2364 4355 Flor.
2400 4298 2526 4354 cod.
2553 4308 2611 4354 et
2640 4300 2909 4354 Pari‘sien.
2944 4299 3140 4366 editio,
3174 4313 3294 4367 qua:
3325 4295 3459 4350 milii
3488 4309 3586 4351 ve-

1972 4370 2089 4425 rior
2117 4371 2282 4425 lectio
2315 4371 2554 4425 videtur.
2585 4371 2742 4426 Exod
2775 4387 2949 4425 mu:
2985 4381 3178 4435 septem
3205 4367 3384 4422 diebus
3413 4381 3586 4419 come-

1976 4441 2065 4496 des
2090 4458 2277 4513 azyma
2306 4452 2538 4511 tempore
2568 4444 2759 4497 mensis
2788 4456 3042 4495 novorum
3074 4456 3093 4507 ;
3126 4451 3181 4495 et
3220 4454 3343 4510 cap.
3380 4451 3586 4513 xxxiv;

1977 4506 2705 4589 Solemititatemazympram
2736 4513 2995 4589 custodies
3043 4506 3098 4565 in
3141 4506 3590 4589 tenipore_ntensis

1977 4602 2262 4654 novorum,
2299 4580 2513 4642 scilicet
2539 4585 2840 4640 fructuum.
2875 4583 3172 4654 Rationem
3202 4580 3589 4654 appellationis

1980 4657 2144 4726 hujus
2185 4651 2357 4712 tradit
2390 4655 2651 4713 Ambros.
2690 4657 2727 4711 l.
2760 4673 2820 4719 χ,
2876 4672 2967 4724 ep.
3019 4656 3113 4723 8'5,
3148 4653 3216 4708 de
3264 4651 3594 4726 celebritate

1981 4718 2232 4784 Pascltali
2257 4730 2323 4782 ad
2338 4729 2631 4800 epise0pos
2652 4744 2748 4798 per
2769 4718 3053 4800 Emiliam
3078 4718 3409 4800 constitutos
3427 4738 3442 4777 :
3477 4718 3592 4800 Nec

1974 4801 2263 4855 absurdum
2293 4791 2548 4863 arbitror,
2587 4791 2793 4854 ut'inde
2844 4798 3154 4853 observandi
3182 4797 3369 4852 mensis
3401 4791 3586 4849 traha-

1978 4889 2090 4945 ntus
2118 4874 2432 4945 exemplum,
2474 4872 2561 4927 ubi
2612 4874 2841 4942 primum
2887 4869 3113 4926 Pascha:
3157 4869 3470 4945 celebratum
3513 4874 3590 4945 est

1979 4941 2133 5017 _Unde
2161 4953 2210 4996 et
2264 4939 2490 5017 majores
2542 4939 2710 4997 nostri
2761 4945 2812 4997 in
2860 4942 3343 5017 tractatugconcilii
3373 4939 3585 5017 Nicwni
3636 5003 3641 5007 ξ

1972 5014 2148 5081 ipsum
2171 5011 2417 5070 mensem
2447 5031 2713 5070 novorum
2750 5025 2887 5069 recte
2930 5015 3321 5084 custodierunt,
3371 5012 3495 5084 quia
3524 5011 3584 5065 in

1975 5085 2212 5158 {Egypto
2240 5087 2337 5141 hoc
2365 5086 2535 5158 primo
2558 5102 2730 5140 mense
2752 5095 2994 5140 secantur
3018 5088 3300 5156 frumenta.
3346 5084 3582 5147 Plinius.

1974 5157 2012 5211 ι.
2046 5155 2202 5224 ivut,
2232 5170 2284 5211 c.
2317 5158 2428 5228 18A:
2459 5155 2674 5211 Inarari
2702 5168 2899 5211 certum
2945 5155 3023 5212 est
3063 5159 3267 5228 objecta
3311 5158 3456 5228 prius
3500 5169 3583 5209 se-

1974 5229 2116 5299 ntina
2136 5232 2191 5280 in
2222 5229 2346 5281 limo
2369 5226 2587 5298 digressi
2629 5232 2756 5282 anni
2789 5229 2881 5299 (de
2909 5228 3034 5283 Nilo
3066 5225 3352 5299 lotluitnr),
3384 5225 3481 5279 hoc
3506 5235 3586 5281 est

1967 5296 2251 5371 Novembri
2303 5296 2476 5352 menie
2522 5296 2851 5371 incipiente:
2909 5313 3088 5370 postea
3127 5296 3577 5371 pauci'runcant,

1960 5371 2100 5440 quod
2154 5370 2480 5424 botanisnton
2521 5368 2715 5441 vocant.
2741 5388 2759 5425 :
2792 5368 3007 5442 (reliqua
3055 5386 3178 5441 pars
3227 5368 3433 5442 nonnisi
3465 5382 3586 5420 cum

1965 5441 2101 5513 falce
2125 5456 2253 5494 arva
2283 5442 2592 5514 visi_t_paulo
2620 5439 2739 5496 ante
2769 5439 3033 5497 Calendas
3057 5439 3273 5514 Aprilis.
3300 5439 3582 5514 Peragitur

1966 5510 2142 5568 autem
2166 5514 2347 5585 messis
2370 5510 2537 5568 Maio.
2578 5514 2713 5585 γιιιε
2744 5514 2936 5585 Sigou.
2969 5514 3007 5566 l.
3054 5510 3112 5566 lii
3140 5512 3208 5585 de
3241 5512 3376 5585 Rep.
3407 5510 3578 5566 Hebr.

1968 5598 2019 5640 c.
2052 5589 2110 5649 9,
2140 5583 2274 5639 edit.
2301 5584 2539 5639 Colum:
2576 5581 3112 5652 Mensemvnovarum,
3136 5583 3185 5637 id
3218 5592 3305 5638 est
3335 5581 3577 5649 frugum:

1972 5665 2030 5711 ιιι
2061 5657 2233 5710 Exod.
2269 5661 2364 5709 χιιι
2398 5672 2411 5709 :
2447 5655 2774 5727 Egredimini
2817 5670 2992 5709 mense
3036 5670 3292 5727 novarum
3343 5658 3579 5727 frugum;

1973 5738 2028 5783 et
2054 5727 2210 5783 Deut.
2241 5743 2328 5780 xvt
2362 5744 2373 5780 :
2410 5724 2638 5782 Observa
2661 5743 2885 5781 mensem
2901 5740 3152 5779 novarum
3172 5724 3406 5797 frugum.
3425 5724 3578 5797 ludit.

1973 5799 2251 5869 Lugdmu,
2284 5800 2490 5867 inepte,
2524 5815 2747 5854 mensem
2769 5807 3015 5852 novatum
3044 5812 3066 5863 ;
3108 5794 3334 5855 at’Co'd.
3358 5794 3577 5853 Oetavii

1973 5871 2317 5940 Pantagatbi,
2350 5884 2571 5927 mensem
2594 5879 2862 5925 novarum.
