4070 6346
254 320 360 381 855

1194 312 1429 375 SERIIO
1462 311 1531 383 Il,
1561 310 1651 375 DE
1686 308 1902 375 stout
1936 306 2276 373 LEGTIONE
2313 308 2699 371 SECUNDUS.

3456 311 3566 370 ΘΜ

326 456 427 493 non
476 440 750 511 congruit,
804 439 922 495 licet
968 438 1151 493 eadem
1198 437 1396 505 scripta
1447 437 1502 495 in
1550 433 1929 505 anttqeliisA
1961 446 2178 503 cumque
2222 434 2425 489 inuocat
2473 449 2664 489 nomen
2711 433 2967 504 Domini,
3015 434 3192 491 salvus
3218 436 3318 491 erit
3346 433 3563 509 (Ibid).

327 540 504 603 patere
530 532 771 587 omnibus
798 532 1095 586 videantur.

328 717 679 787 Resurgente
718 717 941 772 Christo
968 732 998 773 a
1029 716 1284 783 mortuis,
1316 717 1454 772 ultio
1480 716 1533 772 lu
1562 714 1857 786 Egyptios

260 824 356 879 per
381 809 799 865 Sacrameutum
826 809 1089 879 Baptismi
1124 810 1259 865 facta
1286 821 1402 875 est;
1436 810 1857 880 pevescenlibus

264 904 495 970 inferis,
545 906 665 974 ipso
704 905 769 958 ad
812 905 1228 960 suscitationem
1270 905 1355 959 sui
1397 905 1646 972 corporis
1676 918 1861 957 rever-

261 1006 441 1063 tente;
477 997 689 1053 inimici
724 997 849 1061 Dei.
892 996 1082 1051 hostes
1114 998 1318 1066 quippe
1348 996 1535 1067 populi
1577 995 1727 1065 ejus,
1762 1010 1859 1050 ex-

258 1092 440 1146 Stincti
650 1097 796 1143 sunt.
818 1087 1030 1144 Clamat
1054 1091 1198 1145 enim
1224 1090 1451 1157 spiritus
1472 1086 1856 1155 Prophetalis:

260 1182 530 1253 Exsurgut
558 1180 722 1247 Deus,
751 1191 797 1235 et
829 1181 1150 1249 dissipentur
1172 1180 1369 1235 inimici
1388 1182 1540 1250 ejus;
1572 1188 1621 1233 et
1653 1179 1860 1249 fugiant

261 1277 347 1345 qui
396 1278 622 1328 oderunt
669 1290 787 1329 eum
830 1291 860 1327 a
905 1275 1045 1343 facie
1082 1275 1224 1342 eius;
1256 1274 1391 1335 sicut
1431 1272 1606 1341 deficit
1635 1272 1813 1341 fumus
1838 1316 1854 1338 ,

262 1368 547 1439 deﬁciant;
572 1369 708 1420 sicut
735 1368 972 1438 liquescit
995 1383 1115 1421 cera
1143 1384 1176 1420 a
1205 1367 1339 1436 [acie
1361 1366 1518 1437 ignis.
1549 1365 1624 1417 sic
1648 1374 1861 1433 pereant

263 1470 559 1532 peccatores
588 1475 622 1511 α
653 1459 788 1529 facie
817 1457 947 1527 Dei,
977 1468 1024 1512 et
1040 1458 1178 1530 justi
1208 1459 1486 1527 epulentur
1514 1456 1635 1529 (Ps.
1668 1456 1857 1526 vau).

264 1553 689 1625 Redemptionem
723 1553 861 1608 misit
894 1554 1014 1621 pius
1058 1552 1220 1608 Pater
1256 1552 1452 1621 populo
1491 1568 1622 1618 suo,
1668 1567 1862 1606 memor

265 1649 556 1704 testamenti
585 1648 752 1702 sancti
781 1648 863 1701 sui
897 1645 1016 1715 (Ps.
1052 1646 1144 1717 cx)
1165 1688 1179 1711 ,
1215 1646 1357 1716 quod
1390 1643 1662 1716 disposuit
1694 1644 1863 1715 patri-

262 1741 365 1796 bus
393 1742 594 1796 nostris
626 1739 849 1794 Abraltte
873 1747 919 1793 et
945 1740 1128 1793 semini
1166 1740 1279 1803 eius
1308 1740 1361 1792 in
1392 1740 1582 1794 stecula
1615 1736 1768 1807 (Luc.
1796 1738 1859 1809 1).

1957 529 2237 599 Quotquot
2268 530 2434 598 igitur
2474 531 2801 586 invocantes
2832 530 3125 586 Dominum
3154 531 3387 586 salutem
3419 532 3565 587 reci.

1960 621 2138 689 pimus
2195 621 2478 677 exstinctis
2526 619 2838 693 Egyptiis,
2897 622 3177 678 discamus
3230 622 3569 679 manducare

1960 712 2195 782 pascha,
2264 728 2377 769 non
2431 713 2571 769 sicut
2625 715 2951 783 insipientes
3008 714 3223 783 Judaii,
3288 717 3382 785 qui
3443 727 3572 788 post

1960 807 2254 862 adventum
2334 808 2582 863 veritatis
2640 808 2823 866 adhuc
2894 810 3146 865 umbram
3221 819 3573 882 sequuntur,

1967 908 1988 937 ο
2028 914 2186 954 ovem
2214 900 2448 970 quisque
2488 915 2586 970 per
2618 918 3060 975 unamquamque
3090 904 3316 961 domum
3345 917 3575 977 quarta—

1960 992 2173 1048 decima
2215 993 2306 1049 die
2348 996 2552 1051 mensis
2584 996 2784 1066 prlnii‘
2835 999 3127 1067 occidens,
3156 1011 3215 1056 et
3243 1004 3572 1059 comedens.

1962 1086 2130 1157 339
2170 1086 2247 1140 Ex
2298 1102 2408 1156 quo
2454 1088 2601 1143 enim
2641 1091 2810 1155 venit,
2845 1092 3005 1161 cujus
3032 1095 3226 1149 umbra
3267 1095 3447 1152 fuerat
3474 1097 3578 1153 ista

1964 1179 2083 1233 ovis
2108 1176 2293 1247 (Joan.
2328 1179 2409 1248 v),
2441 1195 2605 1236 verus
2633 1182 2732 1238 ille
2762 1185 2950 1254 Agnus
2974 1186 3069 1241 Dei
3102 1185 3368 1242 Dominus
3393 1186 3576 1253 Jesus,

1966 1273 2055 1341 qui
2080 1272 2224 1327 tollit
2251 1284 2467 1341 peccata
2500 1277 2691 1332 mundi
2722 1318 2737 1341 ,
2772 1288 2827 1333 et
2850 1279 2989 1335 dixit
3021 1297 3034 1336 :
3081 1280 3205 1335 Nisi
3235 1284 3581 1337 manducare-

1966 1366 2078 1421 ritis
2125 1382 2335 1421 carnem
2402 1385 2607 1437 meam,
2654 1380 2703 1424 et
2747 1372 2978 1428 bibet-itis
3014 1391 3185 1429 meum
3225 1378 3533 1448 sanguinem
3560 1418 3576 1443 ,

1968 1473 2069 1512 non
2099 1457 2346 1513 habebitis
2388 1461 2543 1514 vitam
2590 1462 2649 1516 iu
2678 1463 2819 1518 vobis
2844 1463 3031 1536 (Joan.
3058 1465 3137 1537 vt)
3172 1468 3342 1537 ipsis;
3374 1468 3579 1527 frustra

1963 1554 2075 1623 jam
2105 1554 2280 1609 Judaei
2308 1558 2609 1611 carnaliter
2638 1569 2926 1626 exercent,
2965 1561 3111 1631 quod
3154 1562 3259 1618 nisi
3288 1564 3577 1620 nobiscum

1970 1646 1999 1688 ε
2026 1647 2387 1720 spiritualiter
2422 1649 2673 1717 fecerint,
2702 1651 2909 1707 habere
2944 1654 2997 1708 in
3040 1670 3099 1709 se
3128 1656 3295 1710 vitam
3339 1671 3449 1711 non
3479 1671 3580 1727 po-

1971 1751 2169 1797 terunt.
2208 1742 2320 1798 Leo:
2361 1744 2500 1799 enim
2525 1746 2823 1813 spiritualis
2873 1754 2945 1800 est
2993 1747 3172 1819 (Rom.
3205 1750 3325 1822 vn),
3381 1762 3441 1805 ut
3494 1754 3573 1808 ait

267 1846 291 1871 ⁸
319 1835 525 1890 Potens
550 1835 698 1889 enim
725 1834 865 1889 Deus
886 1832 1172 1889 suscitavit
1195 1832 1258 1886 de
1280 1831 1542 1903 lapidibus
1563 1832 1675 1886 istis
1697 1846 1865 1899 quon-
1894 1840 1939 1901 Β
1969 1835 2286 1902 Apostolus,
2319 1846 2375 1892 et
2405 1836 2612 1892 Pascha
2642 1850 2880 1895 nostrum
2901 1841 3206 1896 immolatus
3235 1854 3309 1898 est
3334 1844 3577 1902 Christus

266 1929 391 1985 dam
425 1926 738 1983 durissimis
765 1924 1077 1997 (Gentibus)
1105 1927 1246 1992 ﬁlios
1271 1925 1494 1980 Atratus
1516 1924 1738 1997 (Matth.
1762 1940 1821 1980 ιιι
1845 1941 1859 1990 ;

266 2022 394 2079 Luc.
430 2022 535 2091 ιιι).
571 2022 723 2077 Nunc
758 2021 932 2074 dicant
973 2036 1152 2074 omnes
1192 2020 1281 2090 qui
1326 2020 1655 2073 redimuntur
1687 2037 1719 2072 a
1748 2018 1857 2074 Da-

263 2118 431 2179 mino,
455 2132 583 2179 quos
605 2115 821 2170 redemit
843 2115 907 2168 de
933 2132 1090 2168 manu
1133 2114 1497 2181 inimicorum,
1527 2123 1575 2169 et
1598 2112 1662 2166 de
1690 2113 1862 2183 regio-

264 2210 417 2264 nibus
451 2207 477 2246 δ
519 2210 849 2281 congregavit
885 2225 973 2262 eos
1019 2226 1053 2261 a
1084 2208 1211 2262 solis
1249 2217 1402 2270 ortu,
1456 2217 1502 2260 et
1530 2223 1747 2272 occasu,
1795 2205 1859 2259 ab

261 2300 509 2371 aquilone
536 2310 584 2355 et
620 2305 773 2364 mari,
798 2304 1043 2369 quoniam
1066 2301 1246 2365 bonus,
1272 2302 1513 2365 quoniam
1535 2317 1587 2354 tu
1609 2299 1860 2355 circulum

261 2396 620 2450 misericordia
646 2396 759 2463 eius
788 2394 909 2467 (Ps.
930 2397 1064 2464 CVI).
1099 2394 1233 2449 Nam
1260 2394 1313 2447 in
1337 2395 1477 2447 exitu
1510 2394 1657 2448 illius
1689 2391 1862 2451 Israel

262 2492 327 2545 de
354 2489 591 2564 1Egypto
611 2531 627 2555 ,
660 2490 849 2544 domus
876 2487 1044 2543 Iacob
1075 2488 1138 2543 de
1170 2488 1363 2559 papula
1394 2486 1637 2553 barbaro,
1671 2484 1861 2541 Judwa

264 2590 477 2637 tantum
516 2581 661 2650 [acta
698 2592 775 2634 est
807 2581 1151 2648 sanctificatio
1178 2583 1296 2651 ejus
1328 2577 1461 2649 (Ps.
1487 2581 1691 2649 cxiii);
1720 2592 1864 2633 nunc

260 2684 444 2730 autem
469 2672 618 2729 Beati
641 2690 817 2728 omnes
837 2674 926 2744 qui
949 2675 1132 2727 timent
1158 2671 1463 2739 Dominum,
1488 2674 1576 2739 qui
1597 2671 1863 2725 ambulant

259 2770 315 2824 in
352 2770 449 2822 t‘iis
488 2770 600 2841 ejus
633 2767 755 2838 (Ps.
788 2770 1012 2836 cxxvu).
1051 2765 1199 2819 Beati
1228 2782 1450 2836 quorum
1480 2766 1706 2819 remissio
1735 2775 1858 2818 sunt

264 2861 583 2932 iniquitates,
618 2870 663 2912 et
698 2875 922 2930 quorum
953 2869 1088 2914 tecta
1115 2867 1237 2912 sunt
1268 2868 1481 2928 peccata
1513 2856 1633 2926 (Ps.
1682 2862 1855 2926 xm).

262 2954 391 3009 Non
423 2955 560 3009 enim
594 2964 669 3009 est
699 2954 967 3008 distinctio
996 2950 1195 3019 Judwi,
1221 2961 1269 3005 et
1299 2951 1507 3007 Grteci:
1541 2952 1678 3004 idem
1707 2967 1858 3003 nam-

260 3067 360 3122 que
408 3047 700 3115 Dominus,
743 3049 887 3103 dives
937 3049 991 3101 in
1035 3058 1254 3101 omnesc
1290 3048 1375 3118 qui
1424 3050 1666 3101 invocant
1713 3046 1861 3098 illum

265 3147 464 3225 (Rom.
499 3163 551 3200 χ.
575 3146 617 3217 );
650 3147 799 3217 quia,
835 3147 977 3203 sicut
1007 3148 1274 3217 scriptum
1307 3156 1394 3202 est
1431 3165 1441 3200 :
1480 3144 1702 3201 Omnisd
1743 3145 1862 3215 qui-

1968 1928 2013 1997 (Ι
2044 1926 2164 1983 Cor.
2196 1926 2275 1999 v).
2305 1929 2442 1999 Quae
2475 1944 2604 1986 vero
2644 1930 2877 1988 virtutes
2909 1934 3277 2004 praeﬁgurata)
3304 1950 3433 1993 sunt
3462 1941 3575 2010 spi-

1967 2023 2155 2076 ritales
2184 2023 2242 2077 in
2276 2024 2396 2093 ipsa
2429 2023 2660 2079 historia
2694 2026 2868 2081 Exodi
2905 2026 3108 2098 (Exod.
3143 2028 3262 2101 xu),
3301 2032 3392 2086 ubi
3422 2030 3449 2070 δ
3480 2048 3574 2089 ce-

1966 2114 2197 2169 lebratio
2223 2115 2441 2185 pascha!
2470 2128 2750 2183 narratur,
2774 2121 2871 2188 qui
2910 2122 2985 2175 sit
3012 2121 3263 2178 decimus
3290 2124 3407 2180 dies
3434 2166 3451 2192 ,
3479 2128 3573 2196 qui

1963 2218 2192 2278 quartus
2216 2210 2491 2276 decimus,
2527 2226 2654 2281 quia
2682 2213 2992 2269 immutatio
3020 2217 3277 2285 pes-lecti,
3318 2221 3571 2287 masculi,

1966 2304 2207 2358 anniculi
2237 2306 2362 2373 agni
2388 2304 2456 2361 ad
2488 2319 2801 2375 vesperam,
2829 2308 2924 2376 qui
2956 2311 3177 2379 sanguis
3212 2310 3487 2368 liuiendus
3516 2316 3572 2369 in

1967 2395 2253 2463 postibus,
2296 2410 2417 2465 qua:
2470 2399 2792 2454 convocatio
2842 2398 3188 2468 vicinorum,
3234 2403 3409 2472 quai
3457 2406 3570 2461 cal-

1961 2487 2265 2554 ciamenta,
2324 2489 2413 2558 qui
2476 2490 2696 2555 baculi,
2741 2491 2886 2560 quod
2947 2490 3307 2561 fermentum,
3364 2499 3380 2544 ι
3449 2512 3571 2567 qua:

1963 2595 2175 2652 azyma,
2208 2595 2434 2636 necesse
2459 2591 2545 2638 est
2571 2592 2627 2637 ut
2652 2582 2949 2653 adiuvante
2983 2585 3216 2640 Domino
3243 2602 3273 2639 ει
3303 2588 3390 2642 die
3414 2603 3568 2647 cras-

1966 2674 2077 2730 tina
2106 2675 2434 2741 incipiamus
2457 2691 2760 2746 exponere.
2797 2678 2954 2732 Modo
2988 2690 3172 2735 autem
3202 2696 3266 2735 ea
3288 2682 3468 2737 solum
3501 2683 3570 2738 de

1967 2768 2081 2837 ipsa
2116 2769 2350 2825 lectione
2381 2770 2655 2838 carpenda
2689 2781 2836 2837 sunt,
2868 2787 2991 2841 qua:
3021 2771 3389 2840 prasentibus
3416 2785 3566 2831 cate-

1966 2860 2258 2916 chuinenis
2302 2861 2587 2931 explanari
2638 2876 2744 2919 nou
2779 2873 3043 2931 possunt,
3075 2872 3130 2918 et
3161 2871 3342 2920 tamen
3375 2880 3569 2921 neces-

1967 2955 2114 3008 sario
2152 2962 2277 3009 sunt
2300 2952 2596 3023 aperienda
2627 2955 2939 3027 neophytis.
2974 2954 3030 3010 In
3062 2957 3255 3012 umbra
3288 2957 3436 3013 illius
3482 2959 3565 3014 le-

1966 3048 2104 3119 galis
2132 3048 2352 3117 pascha:
2380 3064 2491 3103 non
2519 3064 2660 3105 unus
2690 3064 2864 3118 agnus
2894 3050 3284 3119 occidebatur,
3311 3052 3409 3107 sed
3438 3052 3563 3121 plu-

1970 3158 2098 3207 res;
2130 3140 2158 3179 ιε
2186 3141 2389 3212 singuli
2414 3144 2558 3199 enim
2596 3142 2988 3199 occidebantur
3030 3154 3133 3214 per
3176 3143 3400 3212 domos,
3436 3160 3562 3200 nam

264 3361 413 3431 turus
433 3367 487 3431 es
511 3348 737 3404 Domino
756 3350 1041 3431 rationein.
1070 3348 1195 3403 Hae
1224 3356 1341 3431 erat
1364 3356 1544 3431 autem
1567 3346 1851 3413 disciplina
1880 3342 1925 3407 Β
1958 3358 2084 3425 cere
2113 3342 2487 3431 exhibuimus.
2525 3343 2580 3431 [tu
2615 3344 3054 3431 sultis-pessime
3086 3348 3379 3431 legebatur
3404 3360 3559 3431 quem

264 3424 489 3485 Arcani,
509 3437 612 3489 qua
626 3423 889 3475 arcebant
910 3421 1100 3475 Patres
1122 3421 1363 3474 nondum
1394 3420 1635 3473 initiatos
1654 3435 1681 3471 a
1710 3433 1855 3490 mys-

266 3496 532 3550 teriorum
560 3504 882 3561 conspectu,
906 3501 963 3546 ut
993 3506 1271 3547 sacrorum
1308 3502 1618 3545 nostrorum
1650 3492 1855 3558 majore

265 3565 552 3621 desiderio
600 3568 1048 3619 accenderentur.
1107 3564 1239 3617 Vide
1290 3563 1508 3617 Ferrar.
1565 3562 1663 3615 lih.
1700 3578 1733 3615 ιι
1786 3561 1855 3615 de

267 3638 381 3693 Rit.
428 3652 572 3692 sacr.
625 3636 777 3691 Eccl.
827 3637 998 3690 Cone.
1032 3651 1081 3689 c.
1115 3636 1211 3701 18;
1245 3636 1389 3689 Bona
1426 3634 1518 3687 lih.
1550 3650 1566 3689 ι
1598 3634 1730 3687 Rer.
1765 3633 1855 3686 Li-

267 3720 417 3777 turg.
469 3722 591 3775 Cap.
639 3709 727 3761 16.
769 3708 824 3762 In
858 3708 959 3762 hoc
990 3714 1221 3761 tractatu
1255 3705 1594 3762 Gaudemus
1624 3705 1856 3777 latenter

266 3776 375 3852 agit
418 3780 490 3835 de
523 3778 887 3843 Eucharistia,
923 3780 1067 3834 unde
1105 3780 1262 3848 paulo
1292 3779 1521 3834 inferius
1553 3779 1665 3831 ait:
1694 3776 1854 3830 Modo

265 3871 325 3909 ea
362 3852 530 3907 solum
561 3852 624 3922 de
651 3852 763 3916 ipsa
794 3852 1009 3904 lectione
1037 3853 1296 3921 carpenda
1325 3860 1466 3914 sunt,
1491 3865 1605 3922 quae
1630 3864 1857 3921 prasen-

266 3926 404 3979 tibus
446 3921 830 3977 catechumenis
860 3923 1130 3990 explanari
1159 3939 1262 3975 non
1306 3921 1549 3987 possunt,
1597 3934 1644 3972 et
1683 3936 1856 3973 neces-

266 3996 406 4049 sario
435 4007 605 4066 tamen
631 4003 751 4066 sunt
776 3996 1052 4066 aperienda
1074 3994 1363 4064 neophgtis.
1390 3994 1543 4066 Illinc
1563 3992 1853 4047 Gaudentii

267 4069 450 4122 locum
483 4064 665 4120 laudat
698 4061 843 4119 Bona
878 4067 1025 4119 dicto
1054 4066 1145 4118 lib.
1181 4080 1218 4131 t,
1251 4061 1377 4133 cup.
1408 4061 1495 4117 l6.
1588 4112 1595 4119 .

340 4149 365 4176 ⁸
398 4139 679 4199 lrenaeus,
734 4137 829 4191 lih.
885 4153 936 4190 ιν
982 4137 1198 4190 advers.
1260 4137 1389 4187 hair.
1425 4149 1546 4202 cap.
1586 4133 1672 4197 16,
1717 4132 1851 4187 edit.

268 4208 649 4265 Fcu-arilentii
679 4208 948 4262 Parisien.
987 4208 1164 4262 1576:
1198 4206 1309 4260 Hoc
1350 4215 1520 4258 autem
1558 4206 1673 4275 fecit
1701 4203 1859 4259 Iesus

266 4300 297 4334 a
327 4281 563 4347 lapidum
585 4280 832 4351 religione
855 4281 1129 4333 extrahens
1161 4295 1274 4341 nos,
1300 4286 1346 4329 ct
1370 4295 1400 4329 a
1426 4278 1613 4330 nostris
1635 4277 1782 4351 duris
1812 4287 1857 4328 et

264 4346 607 4418 infructuosis
630 4346 1031 4417 cogitationibus
1055 4352 1373 4419 transferens
1402 4365 1494 4402 nos
1516 4390 1529 4413 ,
1566 4356 1611 4400 et
1637 4346 1857 4402 similem

267 4425 491 4478 Abrahae
539 4423 696 4489 [idem
738 4422 790 4475 in
820 4423 963 4476 nobis
1010 4422 1344 4474 constituens.
1377 4422 1548 4487 Quem
1590 4420 1642 4472 in
1677 4420 1853 4472 locum

264 4511 345 4551 sic
366 4494 791 4550 Pen-ardentius
819 4511 830 4546 :
856 4494 1055 4549 Locum
1077 4496 1214 4546 hunc
1236 4494 1410 4546 eodem
1429 4508 1582 4545 sensa
1606 4500 1651 4544 et
1676 4491 1858 4543 iisdem

266 4568 370 4636 fere
390 4566 552 4620 verbis
576 4566 940 4635 interpretatur
970 4567 1205 4619 Clemens
1233 4563 1647 4625 Alexandrinus,
1688 4560 1858 4636 Deum

264 4657 329 4694 ea:
357 4638 623 4707 lapidibus
654 4636 790 4703 ﬁlios
817 4636 1041 4692 Abrahae
1062 4638 1354 4700 suscitasse,
1388 4651 1505 4689 cum
1524 4635 1779 4703 justitiam
1810 4643 1857 4687 et

264 4712 437 4765 cordis
464 4709 708 4763 duritiem
731 4724 905 4763 eorum
928 4710 1020 4781 qui
1042 4708 1310 4770 lapidibus
1334 4708 1571 4781 duriores
1586 4714 1859 4781 evaserant

264 4785 512 4837 adversus
556 4781 847 4845 veritatem,
875 4776 1117 4837 excitavit
1146 4794 1316 4832 semen
1346 4780 1550 4850 pietatis
1576 4779 1629 4850 in
1660 4776 1853 4841 Deum,

263 4856 505 4908 virtutem
550 4854 776 4906 sentiens
821 4870 886 4906 ea:
917 4852 1183 4921 lapidibus
1208 4851 1314 4904 illis
1334 4848 1353 4913 ,’
1378 4865 1559 4921 nempe
1585 4848 1857 4921 Gentibus,

265 4942 379 4995 qua:
419 4924 751 4979 crediderunt
783 4919 1042 4996 lapidibus
1074 4921 1263 4992 (Orat.
1299 4922 1365 4974 ad
1404 4919 1644 4996 (ἵζανεοὲ
1668 4919 1863 4996 Eodem

272 4991 421 5061 pacto
462 5007 510 5052 et
554 4991 882 5051 Gaudentius
905 4991 1192 5050 Brixianus
1243 5002 1394 5048 tract.
1437 4994 1471 5046 (Ξ
1505 4998 1554 5046 in
1598 4991 1859 5065 Evang.).

270 5071 408 5125 Male
464 5070 620 5135 citat,
670 5084 796 5122 nam
847 5080 934 5123 est
985 5076 1148 5121 tract.
1204 5067 1239 5120 2
1285 5066 1353 5121 de
1403 5065 1597 5121 Pasch.
1640 5066 1756 5119 sive
1809 5069 1861 5118 in

269 5142 539 5196 Exodum.

342 5212 368 5251 δ
397 5214 457 5269 ιιι
486 5211 703 5266 duobus
732 5211 881 5266 Vati.
911 5212 992 5265 sic
1020 5210 1247 5279 legitur:
1271 5208 1441 5263 Filios
1465 5209 1704 5273 Abrahae,
1736 5224 1864 5274 quos

270 5286 486 5339 redemit
532 5284 597 5337 de
637 5300 797 5337 manu
842 5283 1200 5349 inimicorum,
1232 5282 1295 5335 de
1321 5281 1613 5353 regionibus
1650 5296 1865 5353 congre-

273 5358 407 5429 gari!
437 5373 526 5410 eos
553 5373 583 5407 α
610 5355 896 5429 solis_ortu.
920 5353 1134 5429 Cmtera
1165 5351 1515 5429 ouiissa‘sout
1551 5367 1577 5404 ιι
1606 5351 1859 5429 librario;

275 5423 365 5496 qui
399 5429 621 5495 quidem
650 5427 899 5481 defectus
926 5427 1167 5480 occurrit
1200 5426 1365 5496 etiam
1402 5425 1455 5496 iu
1489 5437 1619 5475 mss.
1652 5423 1861 5478 Octavii

277 5493 624 5570 Pantagathi,
652 5513 760 5552 ιιοιι
792 5513 959 5567 parvo
991 5497 1155 5564 hujus
1184 5496 1288 5549 loci
1320 5493 1671 5548 detrimento.

354 5586 374 5611 ε
410 5572 526 5626 Duo
552 5570 724 5637 Vatt.,
755 5571 840 5639 qui
864 5577 1073 5622 vocant.
1624 5580 1625 5585 ‘

350 5644 377 5680 ά
411 5645 531 5698 Duo
556 5635 734 5709 VattQ,
764 5635 1071 5711 quicuqu
1092 5640 1421 5706 invocaverit,
1455 5648 1513 5692 ut
1544 5639 1707 5691 etiam
1739 5635 1862 5691 eod.

282 5715 628 5785 Pantagathi.
665 5712 837 5777 Flor.,
867 5713 1172 5783 quicumque
1199 5711 1525 5785 inrocaverit.

360 5800 383 5824 υ
420 5781 534 5841 Hoc
565 5787 687 5839 loco
718 5786 825 5838 alta
850 5781 967 5838 erat
1000 5798 1126 5845 uox,
1160 5782 1261 5835 nisi
1294 5782 1463 5835 lat-em
1499 5781 1871 5850 praetulissent

283 5858 394 5919 duo
424 5857 572 5914 Vatt.
600 5856 760 5912 codd.
794 5862 954 5928 atque
986 5853 1119 5911 Urb.
1156 5868 1390 5925 quorum
1431 5854 1719 5908 lectionem
1754 5852 1866 5906 sitt-

1892 4739 1939 4802 D

1958 3417 2207 3490 quisque,
2259 3427 2314 3469 at
2358 3416 2482 3490 Cod.
2532 3416 2853 3490 Pantagathi
2909 3434 3052 3472 ovem
3102 3416 3349 3490 quisque,
3395 3416 3559 3476 sicuti

1958 3491 2121 3543 etiam
2155 3488 2205 3563 in
2232 3489 2482 3563 sequenti
2514 3487 2775 3553 occidens,
2806 3496 2851 3541 et
2882 3487 3189 3563 comedens;
3222 3487 3561 3563 quaprOpter

1957 3568 2107 3634 recta
2157 3558 2321 3614 lectio
2357 3569 2479 3634 iam
2529 3573 2678 3628 saepe
2724 3571 2969 3634 asserta,
3004 3562 3073 3617 de
3111 3558 3359 3619 bonitate
3392 3558 3560 3634 hujus

1954 3631 2177 3685 Codicis
2209 3645 2307 3685 nos
2338 3630 2593 3685 dubitare
2626 3646 2731 3685 ιιοιι
2767 3632 2920 3687 sinit.

2035 3703 2051 3739 ί
2092 3701 2158 3757 Ut
2193 3713 2338 3757 totus
2369 3702 2455 3757 hic
2488 3705 2637 3757 locus
2667 3704 2899 3758 vitiosus
2942 3715 3132 3772 esset,
3167 3704 3221 3759 in
3264 3705 3430 3761 editis
3462 3718 3563 3772 ex-

1956 3774 2141 3830 stabat
2187 3775 2509 3838 occidebant,
2545 3784 2590 3829 et
2623 3776 2979 3829 comedebant.
3015 3770 3386 3845 Reposuimus
3418 3770 3560 3832 occi-

1956 3851 2108 3909 dens,
2142 3855 2187 3900 cl
2238 3847 2511 3900 comedens
2550 3862 2614 3901 ex
2666 3847 2849 3911 Flam,
2885 3847 3018 3903 Urb.
3053 3858 3107 3904 et
3138 3849 3280 3904 Vatt.
3316 3850 3555 3904 duobus.

1958 3919 2147 3986 itaque
2220 3920 2493 3989 integrum
2547 3920 2727 3972 locum
2782 3921 3135 3975 emendatum
3182 3920 3435 3976 Urbinati
3505 3933 3558 3975 et

1963 3991 2109 4044 Vatt.
2143 3991 2425 4044 Codicdius
2457 3990 2739 4044 debemus.

2031 4070 2057 4107 ϐ
2088 4060 2229 4114 Vatt.
2263 4061 2392 4126 duo,
2440 4061 2767 4126 spiritaliter,
2818 4063 2978 4116 sicuti
3030 4062 3171 4116 infra
3214 4063 3469 4129 spiritalis
3506 4074 3562 4119 et

1958 4133 2248 4201 spiritales,
2296 4146 2420 4201 qua:
2456 4133 2615 4186 lectio
2644 4141 2726 4185 est
2767 4135 2929 4187 etiam
2975 4134 3107 4186 alibi
3149 4135 3200 4187 in
3246 4134 3389 4187 libro
3422 4134 3561 4187 Pau-

1962 4202 2183 4270 tagathi.
2218 4203 2381 4266 Vide,
2414 4219 2596 4270 supra,
2635 4203 2789 4256 l’rtel'.
2820 4205 2884 4256 ad
2918 4204 3236 4258 Benivolum
3274 4220 3391 4271 pag.
3425 4202 3557 4268 29.7,

1959 4285 2016 4398 2t
2047 4276 2213 4327 serm.
2251 4274 2311 4328 H
2346 4284 2590 4329 extremo
2612 4316 2623 4337 ,
2655 4275 2721 4328 ad
2772 4275 2933 4329 verba
2966 4282 3023 4327 ut
3066 4275 3429 4345 spiritualibus
3474 4275 3558 4328 in-

1997 4358 2170 4398 cerere.

1997 4358 2170 4399 cerere.

2033 4415 2145 4471 hln
2179 4425 2410 4486 utroque
2443 4415 2561 4471 Vat.
2589 4417 2736 4483 cod.,
2766 4417 3054 4488 immolatio‘
3077 4431 3267 4488 pascat.
3364 4436 3365 4439 η

2044 4490 2057 4525 ί
2104 4488 2241 4543 Tres
2264 4489 2555 4555 editiones,
2586 4489 2955 4541 calceamenta.
2982 4487 3159 4547 Flora.
3195 4490 3563 4555 calciamenta,

1962 4575 2124 4629 quam
2167 4561 2449 4615 meliorem
2507 4562 2793 4614 lectionem
2849 4562 3068 4631 opinor.
3120 4561 3222 4615 Est
3266 4563 3393 4618 item
3438 4560 3561 4615 Sal-

1964 4632 2175 4686 vianica
2204 4632 2371 4686 dictio
2397 4632 2434 4686 l.
2468 4647 2485 4685 ι
2516 4632 2582 4687 de
2614 4630 2913 4687 Gubernat.
2946 4632 3062 4701 Dei,
3090 4630 3430 4687 calciamenta
3460 4644 3563 4685 non

1963 4713 2119 4776 rupta
2146 4718 2161 4756 :
2192 4716 2246 4759 et
2294 4704 2544 4758 Baluzius
2590 4705 2644 4757 lu
2692 4715 2809 4759 uel.
2843 4704 2909 4758 ad
2936 4702 3110 4776 S.1lv.,
3168 4720 3292 4776 pag.
3342 4703 3433 4776 46,
3464 4718 3565 4773 pro

1967 4775 2290 4830 excalceatos
2338 4776 2575 4844 reposuit
2620 4776 2901 4831 excalcios.
2956 4774 3182 4831 Calciari
3234 4774 3284 4834 et
3341 4774 3565 4830 calciare

1966 4851 2107 4915 apud
2160 4848 2431 4918 juniorem
2472 4848 2705 4902 Plinium
2758 4857 2814 4901 et
2856 4848 3181 4903 Suetonium
3240 4849 3565 4905 observavit

1968 4920 2125 4973 Voss.
2163 4919 2255 4974 lib.
2290 4935 2359 4973 vtt
2381 4920 2447 4973 de
2475 4919 2629 4974 Vitiis
2660 4920 2953 4976 sermOuis.
2987 4922 3075 4975 Sic
3105 4923 3267 4975 etiam
3296 4921 3559 4976 Gauden-

1963 4992 2098 5115 ltiu~',
2130 4991 2291 5057 infra,
2335 4992 2540 5045 calciati
2568 5036 2581 5059 ,
2644 5002 2697 5046 et
2751 4994 3133 5060 calciamenta,
3192 5008 3301 5049 non
3350 5008 3460 5049 uno
3505 4994 3559 5048 in

1986 5076 2106 5115 oco.

1986 5076 2106 5116 000.

2043 5136 2055 5184 i
2104 5132 2177 5187 lta
2214 5132 2366 5206 Flor.)
2389 5146 2441 5206 et
2470 5134 2613 5187 Vatt.
2651 5134 2781 5187 duo.
2811 5134 2951 5189 Editi
2985 5144 3146 5206 atque
3172 5134 3337 5201 Urb.,
3374 5136 3517 5189 male
3541 5181 3556 5203 ,

1967 5222 2081 5276 qua:
2110 5221 2322 5275 azymis.
2360 5204 2523 5277 Infra,
2567 5215 2722 5259 tract.
2768 5206 2822 5271 7,
2856 5220 3037 5277 azyma
3061 5204 3183 5260 cum
3215 5207 3562 5262 amaritudine

1967 5275 2350 5331 manducando.
2386 5275 2520 5330 Vide
2543 5290 2663 5345 qua:
2699 5277 2771 5331 ibi
2802 5275 3197 5332 annotavimus.

2041 5348 2064 5387 ἰ
2098 5347 2213 5401 Νοιι
2246 5363 2373 5416 ergo
2400 5348 2453 5401 in
2486 5347 2708 5414 templo,
2741 5355 2800 5402 ut
2828 5349 3040 5415 quidam
3070 5365 3132 5403 cx
3165 5347 3562 5404 recentioribus

1969 5420 2180 5474 volunt.
2214 5419 2302 5474 Sic
2330 5421 2494 5473 etiam
2538 5434 2701 5487 supra
2754 5438 2765 5474 :
2801 5420 2955 5473 Orcm
3001 5422 3213 5488 quisque
3246 5436 3335 5484 per
3373 5435 3559 5471 unam-

1969 5508 2222 5566 quamque
2271 5491 2480 5566 domum
2526 5490 2765 5566 occidens
2816 5502 2860 5544 et
2916 5494 3205 5566 comedens.
3268 5490 3370 5558 Et,
3420 5493 3559 5555 iul'.,

1970 5561 2131 5618 tract.
2168 5565 2200 5616 4
2234 5579 2245 5615 :
2286 5562 2405 5633 Non
2456 5564 2619 5615 omnis
2654 5564 2933 5633 Sgaagoga
2964 5561 3223 5633 occidebat
3262 5576 3443 5633 unum,
3469 5564 3558 5615 scd

1972 5637 2123 5708 pauci
2142 5632 2370 5708 singulos
2389 5651 2477 5705 per
2488 5629 2911 5708 unamquamque
2928 5636 3153 5686 domum.
3184 5629 3360 5697 Philo,
3384 5632 3477 5687 lib.
3501 5646 3558 5687 ιιι

1975 5704 2042 5761 de
2078 5706 2190 5758 Vita
2236 5704 2421 5769 Musis,
2469 5705 2696 5761 Gelo-uio
2737 5706 3029 5773 interprete
3088 5722 3100 5758 :
3165 5706 3278 5768 Quo
3335 5713 3560 5771 tempore

1978 5778 2243 5851 (loquitur
2272 5778 2338 5831 de
2361 5778 2496 5851 l'esto
2523 5778 2769 5847 Paschm)
2798 5792 2899 5851 non
2930 5784 2981 5826 ut
3012 5774 3145 5828 alias
3177 5776 3359 5851 plebeii
3391 5773 3560 5829 homi-

1978 5846 2337 5904 nes’victimas
2367 5849 2634 5903 adducunt
2674 5846 2757 5901 ad
2789 5848 2952 5901 altare
2981 5846 3282 5902 mactandas
3313 5862 3344 5900 a
3384 5863 3562 5901 sacer-
