4070 6346
428 285 434 290 ⁷
509 294 620 352 855

1597 290 1657 347 S.
1696 285 2081 347 GAUDENTII
2117 283 2378 343 BRIXLE
2414 285 2729 346 EPISCOPI

3703 285 3804 346 856

510 410 772 468 sufficere
793 424 935 466 unus
957 424 1068 466 non
1095 417 1311 480 poterat
1332 405 1632 472 universis,
1662 403 1919 474 quoniam
1941 401 2109 472 ﬁgura
2137 401 2194 464 Α
2215 399 2444 456 rituales
2469 401 2851 472 intelligentia
2885 403 2936 458 in
2968 402 3054 459 his
3081 401 3265 473 dictis,
3306 419 3540 475 quarum
3570 404 3616 461 si
3650 417 3806 459 unam

510 515 658 573 erat,
709 519 817 561 non
854 505 1170 576 proprietas
1211 504 1510 559 Dominicae
1551 499 1855 555 Passionis.
1906 496 2108 566 Figura

510 599 721 656 etenim
751 614 861 654 non
895 609 982 653 est
1006 598 1234 663 veritas,
1263 595 1360 652 sed
1398 593 1630 650 imitatio
1667 591 1948 659 veritatis;
1982 605 2108 646 nam

515 706 574 749 et
604 693 772 749 homo
799 692 868 748 ad
897 693 1186 763 imaginem
1239 691 1334 744 Dei
1387 687 1566 743 iactus
1612 696 1734 751 est,
1785 701 1887 742 nec
1927 694 2110 742 tamen

515 784 728 842 idcirco
777 786 919 842 Deus
962 795 1047 841 est
1094 804 1108 841 :
1153 783 1372 838 tametsi
1411 797 1475 837 ea
1519 781 1732 837 ratione
1784 795 1888 849 qua
1933 780 2112 850 imago

523 878 621 934 Dei
641 887 668 916 α
697 879 916 947 dicitur,
943 878 1422 944 dicaturetDeus;
1456 876 1732 946 quomodo
1761 886 1958 930 natura
1977 891 2118 932 unus

519 970 668 1027 Deus
695 981 798 1038 est,
836 972 1105 1040 positione
1138 970 1344 1041 plures.
1373 970 1517 1040 Ergo
1547 969 1601 1024 in
1627 967 1728 1024 hac
1751 969 1982 1024 veritate
2010 983 2114 1038 qua

524 1080 735 1129 sumus,
776 1080 918 1120 unus
953 1063 1130 1137 240·
1169 1081 1268 1133 pro
1313 1064 1568 1119 omnibus
1605 1074 1856 1118 mortuus
1897 1073 2020 1128 est;
2062 1073 2118 1118 et

523 1153 553 1194 ι)
582 1156 723 1211 idem
751 1171 849 1226 per
873 1155 1113 1226 singulas
1139 1156 1500 1212 ecclesiarum
1525 1155 1738 1219 domos,
1770 1155 1822 1210 iu
1854 1155 2117 1228 mysterio

521 1251 678 1319 panis
707 1264 770 1305 ac
798 1250 939 1313 vini,
975 1250 1152 1305 reﬁcit
1184 1251 1528 1318 immolatus,
1569 1250 1807 1306 vivificat
1835 1250 2112 1318 creditus,

521 1351 916 1397 consecrantes
931 1342 1238 1398 sanctificat
1263 1352 1636 1400 consecratus.
1671 1343 1794 1397 Haec
1812 1342 1948 1414 Agni
1964 1358 2022 1397 ca
2035 1358 2116 1409 ro,

524 1433 614 1488 hic
644 1434 867 1503 sanguis
893 1443 998 1491 est.
1030 1435 1195 1491 Panis
1225 1436 1371 1490 enim
1417 1436 1510 1507 qui
1543 1435 1612 1492 de
1643 1436 1782 1492 caelo
1810 1437 2118 1503 descendit,

523 1529 600 1583 ait
635 1546 648 1581 :
701 1527 866 1584 Panis
907 1547 1058 1597 quem
1090 1547 1182 1602 ego
1212 1530 1370 1596 dabo,
1395 1546 1519 1584 caro
1547 1546 1660 1584 mea
1699 1539 1772 1584 est
1821 1547 1917 1598 pro
1947 1530 2122 1584 steculi

523 1624 631 1678 uita
662 1621 846 1696 (Joan.
893 1625 994 1695 νι).
1039 1624 1208 1680 Recte
1249 1626 1415 1680 etiam
1447 1625 1556 1679 vini
1603 1625 1792 1696 specie
1841 1636 1863 1664 ο
1905 1625 2125 1696 sanguis

525 1718 646 1788 ejus
675 1719 1028 1789 exprimitur,
1055 1718 1181 1788 quia
1213 1733 1334 1772 cum
1368 1719 1486 1788 ipse
1525 1719 1576 1772 in
1612 1717 1909 1789 Evangelio
1941 1718 2072 1772 dicit
2108 1735 2120 1770 :

2211 493 2482 565 sequaris,
2564 495 2753 552 ambas
2811 495 3056 554 noveris.
3121 497 3292 555 Omne
3353 513 3557 570 corpus
3609 496 3804 553 divina:

2215 585 2512 658 Scriptura:
2575 597 2682 645 tam
2752 590 2954 647 veteris
3021 607 3183 662 quam
3253 594 3376 648 novi
3445 591 3811 656 Tastamenti,

2214 679 2417 737 Filium
2488 682 2583 737 Dei
2632 683 2915 750 continet;
2986 684 3075 739 vel
3130 694 3420 741 venturum
3495 685 3814 756 promittens

2217 772 2271 828 in
2331 773 2630 844 hominen,
2673 775 2759 831 vel
2804 775 2917 843 jam
2967 775 3180 832 venisse
3223 778 3530 834 declarans.
3589 780 3609 816 τ
3665 777 3816 836 Unde

2216 867 2413 923 beatus
2443 866 2733 938 Philippus
2762 868 3018 925 inventus
3052 884 3081 924 a
3121 868 3342 925 Christo
3375 871 3588 927 invenit
3616 869 3818 926 Natha—

2220 959 2362 1025 nael,
2393 971 2447 1015 et
2489 960 2622 1016 dicit
2651 961 2702 1016 ei
2738 979 2750 1016 :
2785 963 2946 1028 Quem
2974 963 3177 1032 scripsit
3201 962 3410 1035 Moyses
3441 974 3466 1009 κ
3505 965 3560 1018 in
3589 963 3741 1037 Lege,
3773 974 3820 1018 et

2219 1053 2536 1127 Prophetas,
2589 1057 2874 1111 invenimus
2905 1056 3085 1112 Jesum
3115 1059 3283 1128 ﬁlium
3325 1059 3524 1132 Ioseph
3571 1077 3603 1114 a
3647 1058 3822 1114 Naza—

2216 1149 2327 1204 reth
2357 1146 2536 1220 (Joan.
2569 1149 2632 1220 ι).
2671 1149 2737 1204 Ει
2783 1150 2912 1218 quid
2948 1151 3132 1221 plura,
3164 1152 3512 1208 charissitni?
3551 1152 3580 1189 ⁸³
3610 1151 3669 1208 In
3709 1153 3823 1224 ipso

2219 1242 2535 1297 continetur
2565 1243 2746 1297 omnis
2789 1241 2901 1298 Lex
2929 1256 2985 1298 et
3025 1253 3199 1310 vetas,
3232 1255 3287 1299 et
3336 1259 3479 1300 nova
3515 1256 3608 1299 :et
3639 1253 3701 1299 ut
3747 1245 3824 1300 sic

2221 1333 2473 1398 dixerim,
2509 1336 2624 1405 ipse
2649 1345 2734 1391 est
2752 1336 2930 1390 anima
2954 1336 3139 1408 Legis.
3170 1339 3288 1404 Ipse
3317 1339 3466 1393 enim
3486 1352 3585 1406 per
3601 1336 3826 1409 Moysen

2221 1428 2435 1485 locutus
2463 1437 2568 1496 est,
2602 1429 2620 1468 ί
2647 1444 2768 1484 cum
2795 1431 2940 1486 dixit
2974 1431 3054 1486 illi
3095 1450 3106 1485 :
3138 1431 3540 1506 Ego‘aperiam
3571 1448 3630 1486 os
3663 1441 3823 1500 luunt,

2222 1532 2268 1577 et
2281 1522 2546 1595 inspirabo
2557 1538 2674 1594 qua
2687 1522 2872 1578 debeas
2889 1525 3035 1595 loqui
3051 1523 3228 1598 (Exod
3237 1565 3248 1578 .
3269 1530 3368 1593 tv).
3389 1525 3511 1596 Ipse
3527 1534 3583 1580 et
3599 1539 3695 1595 per
3709 1525 3830 1581 Pro-

2227 1618 2443 1687 phetas,
2469 1633 2591 1672 cum
2608 1617 2762 1683 dicit,
2802 1618 2904 1685 Qui
2924 1620 3172 1689 loquebar
3188 1622 3240 1674 in
3259 1619 3564 1692 Prophetis,
3589 1637 3710 1676 ecce
3737 1622 3829 1676 ad-

2227 1726 2342 1764 sum
2364 1709 2465 1780 (Is.
2485 1711 2603 1784 Ln).
2625 1711 2748 1782 Ipse
2765 1714 2928 1767 etiam
2947 1729 3045 1781 per
3061 1717 3096 1767 Α
3111 1717 3380 1785 postolos,
3397 1729 3524 1770 cum
3541 1715 3674 1770 dicit
3705 1713 3833 1770 Pau-

526 1808 643 1884 Ego
669 1827 784 1866 sum
814 1812 930 1866 vitis
961 1827 1078 1867 vera
1108 1810 1289 1884 (Joan.
1319 1811 1438 1882 xv),
1475 1812 1608 1866 satis
1630 1811 1875 1867 declarat
1895 1811 2118 1883 sangui-
2150 1802 2198 1862 B
2229 1802 2310 1857 Ius
2338 1805 2658 1874 apostolus:
2683 1808 2760 1860 An
2780 1806 3187 1875 experimentum
3209 1807 3440 1875 quteritis
3463 1811 3580 1880 ejus
3609 1808 3621 1859 i
3655 1808 3744 1879 qui
3777 1807 3828 1862 in

531 1921 654 1962 nem
678 1920 836 1960 suum
865 1920 988 1961 esse
1004 1921 1170 1962 omne
1197 1906 1384 1961 vinum
1412 1905 1559 1976 quod
1579 1905 1632 1960 in
1662 1905 1834 1977 ﬁgura
1854 1905 2133 1960 Passionis

529 1997 650 2068 ejus
697 1996 926 2053 oliertur
960 2015 972 2050 :
1007 1998 1152 2053 unde
1180 1998 1530 2054 beatissimus
1563 1999 1842 2068 patriacha
1870 1998 2040 2055 Jacob
2065 1999 2133 2056 de

531 2089 758 2146 Christo
781 2092 1206 2161 prophetaverat
1233 2091 1425 2148 dicens
1449 2109 1462 2145 :
1483 2091 1699 2146 Lavabit
1729 2093 1782 2147 in
1810 2093 1926 2146 vino
1945 2092 2134 2148 stolam

533 2201 708 2250 suam,
740 2195 788 2239 et
815 2187 869 2239 in
897 2187 1150 2257 sanguine
1177 2203 1291 2241 una:
1317 2187 1562 2241 amictum
1588 2204 1739 2241 suum
1770 2185 1926 2256 (Gen.
1960 2185 2131 2259 χιιι).

537 2275 747 2333 Stolam
774 2278 980 2350 quippe
1010 2279 1186 2334 nostri
1214 2281 1468 2348 corporis
1488 2276 1514 2317 ἀ
1541 2279 1923 2336 indumentum
1953 2295 2132 2348 suum,

533 2371 757 2441 proprio
797 2380 918 2428 erat
961 2371 1232 2442 sanguine
1260 2373 1572 2428 ablaturus.
1616 2372 1735 2442 Ipse
1776 2373 1944 2443 igitur
1975 2381 2134 2427 uatu-

537 2476 722 2518 rarum
755 2473 973 2519 creator
1021 2474 1078 2519 et
1110 2464 1376 2520 Dominus
1399 2507 1414 2532 ,
1457 2466 1550 2535 qui
1582 2465 1833 2535 producit
1874 2465 1943 2522 de
1991 2475 2134 2520 terra

539 2569 760 2625 panem,
790 2555 857 2610 de
890 2570 1032 2626 pane
1058 2571 1252 2612 rursus
1277 2556 1426 2626 (quia
1453 2564 1511 2612 et
1540 2566 1743 2626 potest,
1791 2567 1846 2612 et
1869 2544 2140 2628 promisit)

538 2647 711 2703 efﬁcit
756 2651 1045 2719 proprium
1103 2665 1308 2720 corpus
1362 2669 1373 2703 :
1423 2660 1478 2704 et
1524 2650 1617 2720 qui
1659 2649 1728 2705 de
1773 2665 1911 2720 aqua
1953 2651 2137 2705 vinum

561 2745 701 2808 ecit,
734 2754 756 2780 ε
789 2743 922 2799 facit
951 2751 1009 2798 et
1037 2744 1105 2799 de
1145 2745 1274 2799 viuo
1324 2744 1646 2814 sanguinem
1677 2760 1855 2799 suum.
1894 2745 2140 2811 Qualiter

512 2836 722 2906 itaque
755 2835 1078 2892 manducari
1107 2836 1306 2892 debeat
1343 2837 1532 2906 Agnus
1571 2837 1674 2892 iste
1700 2877 1716 2903 ,
1748 2851 1814 2892 ex
1867 2836 1980 2906 ipsa
2025 2837 2137 2892 lec-

542 2929 692 2985 tione
717 2930 983 2986 debemus
1009 2931 1323 2986 advertere.
1352 2929 1478 2985 Non
1503 2931 1667 2986 edetis
1696 2930 1821 3002 quid
1843 2932 1907 2990 ab
1938 2948 1995 2985 eo
2023 2948 2140 2985 crn-

540 3025 688 3089 dum,
712 3041 872 3094 neque
893 3036 1093 3080 coctum
1120 3027 1174 3080 in
1211 3043 1371 3097 aqua,
1402 3025 1493 3080 sed
1525 3035 1759 3080 assatum
1786 3025 1899 3099 igni
1932 3043 1950 3081 :
1985 3036 2140 3097 caput

537 3134 656 3175 cum
677 3120 914 3191 pedibus,
935 3127 982 3174 et
1008 3119 1292 3175 interaneis
1322 3118 1522 3192 (Exod.
1554 3134 1673 3189 xu).
1709 3119 1836 3174 Duze
1867 3128 1992 3174 sunt
2031 3120 2140 3190 spi-

2237 1896 2394 1973 241
2432 1915 2512 1954 me
2543 1901 2791 1970 loquitur,
2826 1899 3061 1955 Christus
3093 1900 3300 1974 (IICor.
3328 1901 3486 1971 xm)?
3533 1902 3644 1957 Has
3671 1901 3834 1972 igitur

2236 1994 2573 2050 immaculati
2612 1993 2751 2065 Agni
2795 2009 3022 2064 carnes,
3073 1995 3126 2051 id
3163 2005 3248 2050 cst
3277 1995 3549 2050 doctrina:
3582 1995 3704 2066 ejus
3734 1996 3839 2052 vis-

2233 2102 2384 2156 cera,
2420 2102 2601 2159 neque
2639 2087 2806 2143 cruda
2848 2087 2968 2143 sine
3007 2089 3466 2160 interpretatione
3497 2089 3644 2144 sumi
3675 2104 3835 2160 opor-

2238 2188 2348 2248 tet,
2397 2195 2576 2252 neque
2604 2188 2760 2236 cocta
2792 2181 2847 2235 in
2878 2196 3042 2250 aqua,
3077 2181 3129 2236 id
3162 2192 3248 2237 est
3277 2197 3473 2238 eorum
3505 2182 3841 2240 dissertione

2235 2272 2538 2339 dissoluta,
2579 2283 2745 2344 atque
2782 2274 3044 2341 decocta,
3086 2274 3183 2347 qui
3225 2275 3374 2331 velut
3402 2292 3545 2346 aqua
3587 2275 3840 2332 deorsum

2237 2364 2438 2431 ﬂuunt,
2473 2365 2611 2422 nihil
2644 2381 2945 2436 supernum
2979 2368 3317 2434 sentientes;
3367 2369 3464 2424 sed
3497 2378 3718 2434 assata,
3757 2371 3840 2424 in-

2236 2461 2390 2532 quit,
2420 2460 2562 2532 igui,
2596 2461 2648 2515 id
2672 2468 2760 2516 est
2788 2461 2982 2531 spiritu
3006 2460 3196 2517 divino
3216 2461 3455 2518 solidata
3483 2472 3655 2532 atque
3679 2470 3836 2518 tosta.

2242 2555 2390 2626 Ignis
2412 2557 2560 2610 enim
2585 2548 2810 2610 sursum
2835 2569 3054 2611 versum
3081 2555 3282 2610 tendit.
3313 2554 3476 2611 Unde
3497 2554 3722 2611 dicebat
3742 2556 3842 2611 Do-

2243 2649 2424 2704 minus
2455 2648 2700 2703 Judicis:
2756 2647 2861 2703 Vos
2903 2649 2968 2703 de
2996 2649 3335 2721 inferioribus
3363 2651 3508 2718 estis,
3541 2665 3636 2721 ego
3666 2650 3730 2703 de
3757 2667 3842 2703 su-

2243 2743 2420 2814 pernis
2441 2759 2557 2798 sum
2579 2741 2766 2815 (Joan.
2798 2740 2941 2812 vm).
2977 2741 3122 2813 Ergo
3143 2743 3402 2813 quoniam
3430 2744 3684 2798 membra
3709 2743 3840 2814 Agni

2246 2837 2342 2894 Dei
2373 2837 2687 2908 Seripturas
2712 2836 2834 2908 ejus
2863 2836 3126 2902 diximus,
3167 2837 3453 2892 videamus
3484 2836 3618 2907 quid
3651 2845 3737 2892 est
3758 2851 3841 2891 ca-

2243 2941 2343 3003 put
2374 2947 2498 2986 cum
2526 2931 2780 3001 pedibus,
2813 2939 2870 2986 et
2900 2929 3224 2995 interaneis,
3259 2929 3526 2984 videlicet
3556 2940 3608 2984 ut
3641 2927 3664 2967 ¹ε
3694 2929 3745 2984 in
3765 2943 3843 2984 ca-

2248 3029 2356 3097 pite
2386 3025 2728 3081 divinitatem
2757 3025 2997 3094 accipias
3022 3023 3075 3078 in
3099 3032 3338 3094 quatuor
3368 3023 3841 3094 Evangelistarum

2248 3120 2596 3176 testimonio:
2649 3117 2664 3156 ι
2703 3117 2866 3189 pedes
2906 3117 2972 3172 ad
3022 3117 3523 3188 incorporationcm
3553 3119 3836 3187 sumimus,

533 3302 739 3358 dotibus
759 3344 774 3368 ,
823 3303 913 3377 sed
960 3303 1164 3371 iubente
1211 3304 1345 3377 Lege
1379 3312 1484 3377 tota
1530 3319 1652 3377 gens
1682 3303 1969 3377 sacriﬁcat,
2003 3303 2129 3358 dum
2157 3313 2204 3377 ρ
2235 3302 2695 3377 sanavimusfreti
2723 3303 2968 3377 subsidio
2993 3319 3126 3360 mss.
3155 3303 3298 3359 Editi
3325 3319 3525 3375 nempe
3555 3304 3838 3376 legebant:

539 3391 633 3444 pro
674 3390 728 3428 se
774 3375 992 3444 quisque
1038 3385 1230 3428 mactat
1272 3375 1493 3429 hostiam
1523 3376 1631 3430 suis
1671 3375 1930 3429 manibus.
1979 3377 2041 3430 Et
2073 3377 2128 3430 in

540 3453 700 3500 tract.
733 3445 802 3499 de
833 3445 1039 3518 Decal:
1076 3445 1280 3500 Pascha
1310 3447 1522 3511 dicitur,
1556 3447 1766 3518 quando
1812 3447 2133 3517 populariter

539 3517 735 3589 singuli
769 3517 1096 3590 sacrificant,
1131 3534 1235 3570 non
1276 3520 1580 3589 exspectatis
1612 3518 1999 3590 sacerdotibus,
2033 3518 2134 3590 ipsi

542 3587 792 3660 permissu
850 3587 1000 3660 Legis
1041 3593 1315 3660 fungentes
1369 3587 1667 3643 sacerdotio
1711 3589 1992 3660 quotannis
2043 3587 2177 3657 per'

540 3659 703 3712 unum
721 3659 874 3712 client.
903 3659 971 3714 Ut
1008 3659 1249 3714 Philonis
1277 3663 1666 3714 auctoritatem
1697 3662 1893 3724 elevet,
1927 3659 2136 3714 NulnIiS

543 3728 875 3802 Alexander,
912 3740 948 3784 t.
975 3747 1013 3784 ι.
1046 3731 1183 3785 Hist.
1212 3731 1425 3786 Eccles.
1460 3731 1578 3786 Vet.
1605 3731 1852 3785 'I‘estam.
1893 3747 1956 3802 p.
1982 3731 2090 3788 280
2120 3772 2134 3796 ,

543 3801 643 3874 ait.
678 3802 852 3874 ipsum
897 3805 1123 3874 oratorio
1165 3819 1307 3856 more
1348 3803 1517 3856 fuisse
1548 3801 1913 3874 locutumaAt
1941 3801 2132 3874 Lamy,

541 3872 600 3925 in
630 3880 786 3926 tract.
816 3873 884 3926 de
905 3873 1089 3928 Veteri
1112 3875 1426 3929 Judmorum
1455 3875 1719 3928 Paschate
1739 3872 1948 3927 Gallice
1967 3872 2136 3937 edito,

547 3959 666 4013 pag.
699 3943 822 4012 154,
857 3944 1140 4000 Philonem
1161 3945 1430 4013 explodit,
1463 3961 1530 4000 eo
1562 3944 1705 4010 quod
1732 3943 2140 4000 Alexnndrino-

543 4031 665 4069 rum
699 4015 978 4071 schismati
1007 4016 1242 4071 faveret.
1277 4017 1528 4072 Profecto
1574 4017 1802 4072 iStorum
1853 4027 2139 4071 auctorum

540 4087 786 4159 rationes
811 4098 865 4159 et
905 4097 1225 4159 argumenta
1269 4088 1431 4142 valde
1461 4092 1791 4144 roborantur
1825 4090 2142 4144 testimonio

545 4157 778 4212 Zenonis
814 4157 1144 4215 Veronensis
1178 4159 1446 4229 episcopi,
1481 4163 1571 4229 qui
1602 4176 1770 4215 serm.
1807 4160 1835 4212 7
1861 4160 1928 4215 de
1952 4161 2143 4215 Exodo

546 4232 666 4302 haec
711 4229 876 4284 habet
923 4249 936 4283 :
994 4230 1296 4285 Pharismus
1358 4233 1792 4301 quemadmodum
1856 4231 2144 4302 legitimum

548 4299 757 4355 Pascha
804 4303 964 4372 possit
1013 4304 1271 4356 celebrare
1317 4299 1418 4356 non
1480 4303 1663 4366 video,
1714 4303 1864 4370 cujus
1907 4299 2144 4357 eminens

548 4374 905 4442 famosumque
927 4374 1060 4428 illud
1083 4372 1354 4441 templum,
1392 4375 1669 4428 miserabili
1694 4376 1982 4428 uastatione
2003 4391 2146 4426 cant-

546 4445 628 4515 pis
657 4455 940 4514 wquatum,
963 4461 1060 4516 suo
1090 4446 1299 4514 pulvere
1315 4448 1460 4516 jacet
1478 4447 1758 4516 sepultum.
1780 4445 1849 4498 Et
1877 4460 2044 4498 serm.
2080 4445 2147 4499 15

547 4513 617 4569 de
663 4513 851 4570 Esodo
905 4536 919 4571 :
950 4513 1166 4570 Judteos
1192 4513 1474 4582 legitimum
1517 4513 1723 4570 Pascha
1759 4517 2012 4570 celebrare
2044 4533 2144 4568 non

545 4602 696 4658 posse
737 4596 917 4658 paucis
963 4588 1160 4658 accipe,
1195 4584 1505 4640 Christiane.
1559 4587 1856 4641 Salomonis
1903 4586 2146 4656 templum

550 4657 1043 4713 hostili'vastatione
1069 4657 1366 4712 subversum
1398 4673 1516 4709 cum
1556 4659 1708 4712 ruina
1733 4675 1828 4710 sua
1850 4661 2030 4728 jaceat
2066 4675 2147 4712 se-

550 4728 784 4798 pultum,
829 4730 915 4782 ubi
963 4729 1300 4794 sacrificant?
1359 4730 1492 4783 Item
1545 4729 1696 4782 Hier.
1749 4732 1799 4780 in
1855 4730 2020 4798 epist.
2079 4729 2144 4782 ad

551 4799 845 4869 Nepotian.
886 4819 896 4853 :
935 4799 1048 4852 Nec
1103 4800 1428 4852 immolemus
1473 4815 1685 4869 agnum,
1736 4816 1825 4852 nec
1878 4801 2149 4869 mysticum

555 4867 762 4943 Pascha
791 4871 1124 4937 celebremus,
1159 4871 1282 4940 quia
1311 4869 1421 4924 hcet:
1447 4867 1637 4940 absque
1658 4872 1848 4940 templo
1875 4867 1988 4939 ﬁeri
2015 4872 2150 4943 Lege

552 4941 913 5009 prohibentur.

629 5021 656 5048 α
685 5013 741 5066 In
781 5011 942 5066 editis
970 5012 1167 5066 dicunt.
1199 5011 1463 5079 Quamvis
1497 5012 1602 5068 hoc
1642 5014 1763 5067 loco
1814 5014 2005 5067 vitium
2054 5030 2150 5083 per

552 5097 614 5138 se
667 5092 869 5154 pateat,
916 5094 1098 5138 tamen
1147 5083 1310 5139 ollicii
1341 5086 1518 5140 nostri
1559 5094 1644 5141 est
1694 5100 1918 5142 monere
1960 5087 2151 5140 dicitur

551 5153 746 5226 legi'in
778 5154 939 5210 codd.
973 5170 1108 5209 mss.

626 5226 654 5264 ι)
687 5227 880 5282 Totum
933 5227 1076 5280 hunc
1107 5225 1397 5282 Gaudentii
1445 5229 1666 5294 locum,
1719 5229 1808 5282 uhi
1869 5237 1974 5283 tam
2031 5245 2153 5297 per-

553 5299 741 5366 spicue
789 5298 1102 5353 disseritde
1129 5298 1356 5353 veritate
1393 5299 1730 5354 Sacramenti
1767 5302 2146 5368 Eurharistim,

553 5371 786 5438 promlit
817 5370 1224 5424 illustrissimus
1244 5370 1312 5424 de
1335 5371 1534 5436 Marco,
1558 5371 1779 5428 dissert.
1809 5374 1875 5426 de
1901 5370 2146 5428 Sacram.

553 5441 946 5506 Eucharistim,
991 5440 1358 5496 Gaudentium
1417 5441 1662 5498 referens
1714 5445 1858 5498 inter
1898 5445 2148 5511 antiquos

550 5511 763 5586 Patres.
791 5514 889 5586 qui
919 5515 1203 5568 veritatem
1236 5513 1394 5582 hujus
1417 5515 1666 5585 mysterii
1697 5525 1887 5586 aperte
1911 5531 1974 5571 ac
2001 5517 2151 5570 lucu-

554 5585 731 5639 lenter
767 5583 997 5650 professi
1023 5593 1172 5639 sunt.

630 5667 652 5694 ε
706 5655 886 5729 Editi,
938 5665 1046 5710 tum
1097 5657 1310 5729 sanguis
1355 5659 1489 5728 ejus.
1537 5657 1850 5727 Abjecimus
1913 5660 2144 5714 otiosam

554 5726 701 5780 illam
733 5727 1078 5794 particulam,
1108 5726 1231 5784 cum
1255 5726 1562 5784 non‘exstet
1589 5726 1644 5784 in
1678 5747 1808 5785 mss.

627 5797 650 5833 ἀ
678 5796 742 5852 Et
767 5795 853 5851 hic
878 5809 1092 5870 quoque
1110 5817 1216 5855 non
1245 5799 1515 5855 modicum
1541 5801 1736 5858 latebat
1767 5803 1982 5866 vitium,
2001 5800 2143 5870 quod

2240 3374 2442 3451 Stolam
2473 3376 2664 3445 quippe
2692 3376 3122 3451 nostricorporis
3163 3374 3548 3451 indumentum,
3584 3374 3696 3451 suo
3722 3395 3839 3451 pro—

2239 3448 2351 3515 prio
2380 3459 2491 3519 erat
2516 3448 2768 3517 sanguine
2793 3447 3090 3514 abluturus,
3121 3463 3224 3515 qua
3251 3448 3490 3504 lectione
3521 3449 3661 3504 nihil
3699 3447 3843 3519 inep-

2240 3519 2368 3594 ti_u_s.
2406 3517 3176 3594 Flor.,_i_ndumentum_suum,
3211 3522 3424 3585 proprio
3458 3531 3572 3575 erat
3595 3517 3842 3594 sanguine

2239 3587 2733 3664 abluturtts;AVat_t._
2788 3589 2920 3655 dtto,
2972 3589 3334 3664 indumentum
3387 3608 3577 3660 suum,
3633 3587 3840 3664 pr'oprio

2240 3670 2354 3714 erat
2379 3661 2635 3731 sanguine
2655 3660 2920 3714 dilutttrus
2938 3677 2957 3725 ,°
2988 3661 3294 3732 eodemque
3329 3664 3496 3718 modo
3527 3660 3698 3719 etiam
3722 3665 3837 3719 cod.

2242 3732 2458 3786 Octnvii
2501 3732 2845 3802 Pantagathi.

2316 3813 2338 3840 ε
2365 3803 2665 3876 Excidegtt
2700 3804 2926 3876 verbum
2951 3804 3080 3874 facit
3110 3805 3163 3860 in
3205 3805 3388 3872 editis,
3436 3805 3584 3876 quod
3622 3806 3839 3876 supple-

2240 3875 2420 3929 vitnus
2460 3888 2526 3928 ex
2575 3873 2724 3931 Flor.
2763 3884 2817 3929 et
2857 3873 3003 3931 Vatt.
3033 3876 3266 3932 duobus.
3316 3873 3496 3933 Habet
3525 3877 3662 3932 illud
3689 3873 3839 3934 etiam

2243 3946 2387 4000 liber
2412 3945 2759 4016 Pantagathi.

2322 4016 2338 4054 ῐ
2377 4016 2550 4080 Flor.,
2583 4017 2718 4073 Urb.
2753 4027 2813 4073 et
2839 4017 2986 4072 Vatt.
3020 4017 3129 4073 duo
3159 4018 3348 4088 legunt
3379 4037 3392 4073 :
3463 4018 3618 4075 Unde
3673 4023 3839 4076 beatus

2244 4090 2478 4143 Andreas
2519 4091 2718 4144 dicebat
2747 4090 2816 4144 ad
2849 4089 3068 4158 fratrem
3097 4107 3247 4144 suum
3291 4092 3557 4146 Simonem
3589 4090 3798 4146 Petrum
3820 4133 3835 4157 ,

2249 4160 2454 4233 Quem;
2485 4170 2647 4230 atque
2677 4163 2759 4215 his
2791 4161 2955 4215 codd.
3000 4162 3279 4218 cmnsentit
3307 4165 3448 4217 liher
3495 4163 3834 4233 Pantagathi.

2249 4231 2688 4304 Utraquelectio
2723 4233 3051 4304 Evangelict)
3078 4247 3226 4288 textu
3255 4235 3432 4289 fulciri
3469 4245 3672 4300 potest.

2321 4313 2345 4349 ις
2374 4303 2536 4364 Editi.
2559 4315 2836 4374 corrupte,
2855 4303 2908 4357 in
2929 4303 3060 4374 Lege
3073 4317 3122 4358 et
3139 4304 3438 4373 Prophetis.
3466 4305 3617 4361 Flor.
3644 4316 3698 4362 et
3720 4306 3834 4361 cml.

2250 4375 2593 4441 Pantagathi,
2642 4373 2944 4445 Prophetas.
2993 4373 3200 4447 Exigua
3254 4379 3477 4447 quidem
3509 4378 3839 4442 emendatio,

2248 4447 2344 4519 sed
2371 4447 2528 4519 v..l_d_e
2570 4447 2918 4514 necessaria;
2974 4446 3111 4502 nihil
3160 4448 3304 4503 enim
3356 4449 3588 4519 scripsit
3627 4451 3684 4505 in
3715 4450 3839 4506 Pro—

2250 4517 2430 4588 phetis
2452 4516 2684 4588 Moyses.

2323 4587 2346 4622 ιι
2371 4587 2614 4661 γυηυείθχ
2643 4588 2786 4644 Vatt.
2813 4589 3049 4658 duobus,
3073 4592 3126 4644 in
3153 4589 3401 4657 Christo;
3453 4593 3619 4658 alter,
3644 4594 3698 4646 in
3740 4594 3843 4661 ipso

2253 4658 2477 4734 Christo.
2520 4660 2712 4730 Aptior
2747 4674 2927 4734 autem
2969 4664 3198 4734 omnino
3230 4663 3446 4734 videtur
3477 4663 3645 4719 lectio
3695 4658 3842 4734 hujus

2254 4731 2547 4807 lociquam
2579 4733 2895 4807 suppeditat
2926 4734 3062 4807 liber
3108 4733 3316 4788 Octavii
3359 4733 3691 4807 Pantagathi
3723 4731 3840 4791 {Et

2253 4803 2379 4876 quid
2387 4804 2558 4876 plura
2573 4805 2597 4856 ξ)
2621 4804 2912 4876 clarissime
2925 4806 2985 4876 in
3007 4806 3121 4876 ipso
3150 4806 3461 4862 continetur.

2333 4871 2347 4909 ί
2387 4873 2506 4927 Vat.
2536 4883 2785 4944 uterque,
2812 4890 2876 4930 ac
2901 4871 3073 4940 Flor“
3101 4893 3216 4930 cum
3240 4877 3385 4931 dicit.

2329 4949 2343 5018 ξ
2381 4945 2545 5018 hlss.,
2565 4946 2674 5010 eius
2699 4948 2790 5018 qui
2822 4949 2875 5001 in
2907 4964 2986 5001 me
3012 4946 3266 5018 loquitur,
3293 4949 3510 5004 Christi.

2326 5012 2645 5096 :Parisiet].
2677 5012 2732 5096 el.
2751 5016 2946 5096 Colon.
2980 5012 3150 5096 editio
3170 5021 3223 5074 in
3252 5024 3451 5090 capita.
3481 5021 3649 5080 Male.
3677 5023 3837 5096 Lugd.

2251 5096 2306 5143 et
2333 5085 2487 5158 Flor.
2521 5087 2670 5150 cod.,
2703 5089 2755 5142 in
2783 5092 2971 5158 capite.
3006 5089 3195 5147 Recte.

2332 5156 2347 5238 _1
2384 5159 2606 5238 S_cilicet
2633 5161 2700 5214 ad
2730 5156 3198 5238 incarnationem,
3243 5181 3402 5238 quam
3430 5169 3840 5238 corporationem

2255 5229 2506 5306 l_i_il_arius_
2541 5247 2779 5306 quoque
2809 5233 3107 5302 appellavit
3152 5234 3206 5289 in
3253 5235 3403 5292 Prol.
3435 5229 3606 5306 super
3645 5239 3841 5295 Psalm.

2255 5301 2582 5378 Philastrius
2606 5318 2735 5378 vero
2763 5301 3241 5378 incorporationcm
3272 5317 3433 5362 vocat
3459 5301 3588 5378 cap.
3613 5311 3711 5366 69:
3745 5311 3842 5366 Alii

2250 5383 2374 5447 sunt
2414 5375 2506 5444 qui
2533 5375 2674 5428 circa
2702 5376 3208 5447 incorporationcm
3240 5379 3507 5433 aberrant.
3535 5375 3692 5437 'Item
3719 5382 3843 5438 Cas-

2247 5444 2452 5500 siodor.
2500 5447 2536 5500 Ι.
2575 5463 2620 5526 ιιΔ
2646 5447 2823 5526 Divin.
2863 5444 2999 5503 lect.
3035 5465 3087 5503 c.
3131 5449 3235 5526 32A:
3285 5453 3374 5521 qui
3404 5451 3639 5507 humano
3677 5456 3842 5526 generi

2248 5526 2353 5592 tam
2385 5533 2572 5590 magna
2602 5518 2820 5592 largitus
2851 5527 2950 5592 est,
2989 5530 3040 5572 ut
3078 5537 3168 5586 per
3205 5518 3842 5592 incorporationis'bene-

2249 5588 2429 5662 [icium
2472 5588 2734 5662 rutttperet
2757 5591 2979 5662 piacula
3019 5588 3384 5662 peccatorum}
3417 5604 3474 5648 et
3507 5594 3840 5652 Gaudentius

2252 5659 2555 5739 ipsetract.
2590 5659 2697 5717 14:
2742 5659 3192 5739 .Si‘omnia'opera
3217 5664 3282 5739 in_
3304 5665 3432 5739 ﬁde,
3465 5679 3666 5733 quanto
3689 5671 3840 5739 magis

2251 5731 2388 5810 istud
2405 5748 2536 5810 opus
2555 5733 2931 5810 sacratissima
2949 5731 3410 5810 incarpurationis
3431 5731 3546 5810 ejus
3562 5739 3584 5792 ,ν
3607 5740 3670 5794 Et
3690 5731 3836 5795 tract.

2254 5802 2362 5858 i9:
2403 5802 2568 5859 Aliter
2615 5809 2808 5876 futura:
2851 5805 3310 5876 incorporationis
3352 5802 3468 5865 sati
3500 5810 3837 5868 humilitatem
