4070 6346
243 331 353 390 857

1134 327 1368 388 SERMO
1403 325 1470 394 ll,
1513 326 1604 384 DE
1644 325 1858 384 EXODI
1897 326 2242 385 LECTIUNE
2282 325 2697 387 SECUNDUS.i

3449 331 3560 387 858

248 445 396 500 circa
428 444 593 500 ﬁnem
618 444 802 500 saeculi
824 443 1179 502 celebratam.
1210 443 1390 500 Pedes
1409 443 1555 500 enim
1581 451 1844 500 extrema:
1873 461 1929 521 Α
1952 442 2098 499 istud
2131 451 2414 515 tantopere
2436 445 2725 515 jubeatur,
2761 445 2816 501 in
2846 444 3061 502 Joanne
3090 445 3334 517 Baptista
3361 462 3566 517 cogno-

251 551 438 611 partes
465 549 596 594 sunt
622 540 911 609 corporis:
950 537 1008 592 in
1041 537 1342 593 interaneis
1366 545 1546 592 autem
1578 536 1846 606 percipias

249 632 466 689 occulta
507 632 792 706 mysteria.
833 631 904 688 Et
935 648 1037 687 non.
1064 632 1392 702 relinquetis,
1442 631 1651 702 inquit,
1684 647 1748 685 ea:
1785 647 1846 685 eo

249 742 410 794 usque
431 726 485 779 in
507 742 679 794 mane,
703 735 753 781 et
777 742 832 780 os
865 733 890 762 ει
914 740 1017 780 non
1039 724 1376 796 confringctis
1398 741 1462 778 ea:
1479 741 1558 778 eo.
1596 723 1725 792 Qutv
1746 740 1846 777 au-

251 829 351 874 tem
381 820 757 893 superfuerunt
782 836 846 875 ea:
872 836 931 875 eo
962 836 1123 890 usque
1150 819 1202 872 in
1236 835 1406 883 mane,
1439 819 1556 889 igne
1587 817 1846 872 cremabi-

253 913 319 968 tis
349 911 556 985 (Exod.
592 911 728 983 xu):
763 913 867 968 hoc
896 919 1013 979 est,
1049 912 1095 966 si
1123 926 1229 982 qua
1262 913 1653 982 mysteriorum
1683 924 1850 979 supe-

251 1009 512 1071 raveriut,
543 1005 598 1061 in
627 1020 788 1061 mane
818 1005 967 1060 illius
990 1003 1190 1060 futurae
1218 1001 1652 1058 resurrectionis
1675 1003 1850 1057 mani-

251 1099 521 1165 ieStanda,
568 1117 688 1171 quae
737 1116 930 1172 capere
975 1101 1138 1155 modo
1181 1114 1289 1155 non
1333 1112 1646 1169 possnmus.
1688 1096 1850 1151 Modo

253 1192 393 1250 enim
426 1194 534 1248 scio
561 1209 626 1248 ea:
649 1204 818 1266 parte,
855 1194 1033 1264 inquit
1052 1192 1380 1263 Apostolus,
1418 1201 1542 1246 tunc
1564 1197 1741 1244 autem
1760 1205 1851 1244 co-

251 1301 521 1360 gnoscam,
547 1285 684 1340 sicut
709 1295 756 1340 et
778 1287 1016 1356 cognitus
1046 1300 1164 1339 sum
1195 1283 1235 1353 (Ι
1258 1283 1379 1340 Cor.
1407 1286 1546 1354 stu).
1585 1283 1710 1338 Haec
1740 1282 1849 1353 igni

251 1382 547 1436 cremanda
574 1391 699 1436 sunt
719 1423 734 1448 ,
786 1378 840 1435 id
870 1389 952 1434 est
982 1379 1175 1434 divino
1203 1377 1468 1433 tradenda
1499 1377 1757 1447 spiritui:
1791 1384 1852 1430 ut

253 1488 316 1530 ea
349 1490 585 1545 quorum
622 1475 893 1529 rationem
922 1473 1086 1528 modo
1126 1488 1236 1528 non
1285 1471 1559 1542 capimus,
1605 1470 1851 1526 ardentis

253 1566 380 1623 ﬁdei
408 1568 609 1638 Spiritu
653 1574 1074 1623 consumantur.
1118 1564 1144 1604 δ
1171 1566 1332 1634 Quod
1376 1573 1558 1621 autem
1590 1563 1750 1632 dixit,
1795 1581 1853 1620 os

251 1677 353 1714 non
375 1661 643 1715 conteritis
664 1677 727 1716 ex
746 1677 804 1714 eo
831 1659 1027 1732 (Exod.
1056 1658 1155 1731 xu)
1179 1677 1192 1713 :
1221 1662 1322 1714 hoc
1349 1660 1622 1729 prmcipit,
1650 1667 1708 1712 ut
1728 1673 1850 1712 om—

249 1769 320 1810 ne
349 1755 497 1825 quod
529 1763 616 1810 est
642 1755 697 1808 in
729 1755 1034 1826 Scripturis
1063 1753 1366 1822 robustius,
1397 1761 1561 1823 atque
1590 1751 1846 1815 validius,

1949 535 2147 603 scitur,
2177 536 2270 607 qui
2298 550 2438 591 zona
2469 537 2696 607 pellicea
2721 538 3051 609 praecinctus
3090 549 3212 595 erat
3239 540 3384 595 circa
3412 539 3558 595 lum-

1949 627 2052 682 bos
2081 643 2210 684 suos
2251 627 2473 699 (Matth.
2521 629 2627 702 ιιι).
2663 630 3002 686 Lumborum
3035 631 3175 687 ratio
3202 647 3324 703 qua:
3349 633 3443 701 sit,
3477 633 3555 688 si-

1950 720 2176 790 gniﬁcat
2211 720 2518 791 Apostolus
2555 723 2622 778 ad
2655 723 2956 780 llebrteos:
3010 723 3216 791 Adhuc,
3263 725 3461 795 inquit,
3506 727 3562 780 in

1950 811 2141 868 lumbis
2181 815 2347 882 patris
2387 826 2499 869 erat
2545 815 2704 886 Levi,
2743 816 2794 869 id
2824 827 2908 872 est
2946 815 3335 874 isacerdotale
3365 831 3559 888 genus,

1950 910 2160 982 quando
2207 911 2439 964 occurrit
2489 911 2576 966 illi
2621 911 3007 968 Melchisedech
3047 912 3239 986 (Hebr.
3274 914 3397 983 vit).
3432 910 3561 968 Illi:

1950 1005 2077 1059 cui?
2109 1013 2299 1060 sancto
2324 1008 2513 1076 utique
2539 1007 2790 1063 Abrahae.
2827 1008 2976 1063 Zona
3002 1024 3134 1078 ergo
3164 1009 3388 1078 pellicea
3413 1009 3559 1065 circa

1951 1099 2192 1163 lumbos,
2240 1099 2716 1156 mortiﬁcationem
2759 1102 3033 1172 signillcat
3073 1103 3359 1159 vitiorum.
3394 1099 3559 1158 Pellis

1951 1192 2099 1247 enim
2123 1207 2245 1264 quae
2271 1203 2489 1263 aptatur
2517 1195 2570 1248 in
2601 1211 2783 1260 usum,
2817 1195 3042 1250 nonnisi
3075 1195 3282 1251 mortui
3307 1197 3561 1251 animan-

1952 1285 2024 1340 tis
2050 1292 2151 1340 est.
2201 1286 2426 1356 Oportet
2466 1302 2597 1357 ergo
2643 1304 2742 1342 nos
2773 1303 2843 1343 ex
2879 1297 3155 1360 prazcepto
3191 1290 3284 1345 Dei
3319 1290 3561 1346 mortiﬁ-

1953 1393 2081 1435 care
2124 1380 2274 1447 prius
2313 1381 2790 1450 concupiscentias
2831 1383 3066 1449 carnis;
3112 1383 3269 1438 etsic
3304 1384 3562 1454 accipere

1952 1489 2154 1543 corpus
2191 1471 2419 1541 Christi,
2452 1475 2543 1544 qui
2576 1490 2674 1545 pro
2708 1475 2866 1530 nobis
2896 1475 3273 1532 servientibus
3308 1477 3320 1527 i
3365 1478 3418 1532 in
3452 1492 3561 1532 sae-

1951 1571 2058 1627 culi
2111 1571 2372 1649 }Egypto,
2427 1583 2508 1626 est
2559 1572 2893 1629 immolatus.
2946 1572 3172 1645 Pr0pter
3198 1576 3336 1646 quod
3377 1577 3558 1649 probet

1952 1683 2007 1720 se
2037 1667 2213 1733 homo,
2246 1675 2306 1722 ut
2345 1668 2421 1721 ait
2456 1668 2772 1736 Apostolus,
2817 1680 2868 1723 et
2897 1671 2972 1722 sic
3005 1671 3071 1726 de
3107 1672 3206 1725 isto
3240 1689 3375 1745 pane
3414 1690 3567 1727 man-

1954 1757 2127 1822 ducet,
2175 1768 2223 1814 et
2268 1761 2333 1813 de
2363 1760 2524 1814 calice
2561 1759 2699 1814 bibat
2732 1759 2773 1833 (I
2797 1759 2917 1816 Cor.
2948 1762 3050 1836 χι).
3084 1762 3238 1831 Quod
3269 1775 3451 1821 autem
3480 1767 3564 1822 di-

249 1862 357 1904 non
376 1849 806 1918 comminuatur,
828 1859 1335 1922 nequequassetur,
1360 1849 1455 1904 sed
1475 1846 1712 1903 solidum
1734 1862 1847 1901 ma-
1883 1854 2024 1916 Bcit
2063 1869 2182 1908 cum
2219 1855 2566 1910 festinatione
2612 1855 2746 1910 illud
2784 1855 3248 1925 manducandum,
3293 1861 3558 1930 prmipn,

248 1957 413 2011 neat;
439 1945 588 2016 quod
612 1955 947 2017 praeceptum
973 1961 1084 2000 non
1108 1943 1507 2009 custodientes,
1541 1945 1738 1998 merito
1767 1956 1849 1996 vae

247 2040 532 2110 excipiunt
571 2040 640 2095 ab
681 2055 750 2096 eo
777 2041 936 2108 cujus
964 2055 1088 2095 ossa
1120 2039 1519 2094 comminuunt.
1560 2035 1654 2091 Va:
1682 2035 1846 2101 vobis,

244 2133 445 2204 inquit,
478 2134 702 2200 Scribaz,
735 2145 784 2190 et
817 2134 1083 2190 Pharisaei
1111 2134 1425 2207 hypocritaz,
1457 2135 1546 2203 qui
1578 2133 1850 2187 decimatis

244 2225 536 2294 mentham,
589 2237 640 2282 et
687 2227 957 2296 anethum,
1009 2239 1057 2283 et
1094 2240 1114 2266 ε
1157 2229 1443 2300 cyminum,
1489 2236 1535 2281 et
1566 2227 1848 2298 reliquistis

242 2337 363 2394 qua:
403 2321 630 2392 fortiora
666 2332 787 2376 sunt
822 2322 993 2396 Legis,
1014 2323 1301 2395 judicium,
1336 2332 1382 2376 et
1410 2321 1843 2386 misericordiam,

243 2425 291 2469 et
321 2415 481 2485 ﬁdem
511 2415 735 2485 (Matth.
767 2415 949 2488 xxut).
985 2418 1110 2472 llaec
1131 2425 1258 2471 sunt
1280 2431 1403 2471 ossa
1437 2417 1585 2487 agni.
1623 2415 1690 2469 Et
1715 2415 1845 2469 alibi

242 2509 314 2565 ad
334 2510 486 2580 ipsos
508 2527 522 2565 :
545 2507 766 2564 Irritum
781 2511 980 2582 facitis,
1010 2511 1207 2582 inquit,
1232 2513 1442 2564 verbum
1461 2503 1582 2576 Dei,
1602 2517 1658 2562 ut
1677 2508 1844 2563 tradi-

242 2604 408 2659 tiones
432 2614 632 2658 vestras
657 2607 901 2659 statuatis
933 2603 1149 2675 (Matth.
1181 2603 1291 2674 xv).
1325 2603 1525 2672 Adjicit
1551 2616 1681 2656 vero
1705 2601 1845 2656 Deus

242 2697 300 2753 in
333 2697 522 2752 Exodo
553 2698 934 2767 superioribus
966 2697 1126 2753 dictis
1155 2696 1269 2752 haec
1296 2715 1310 2752 :
1356 2697 1446 2752 Sic
1477 2705 1650 2750 autem
1677 2711 1844 2749 come-

241 2792 374 2847 detis
396 2791 545 2847 illum
564 2793 786 2864 (agnum
807 2792 1086 2861 videlicet)
1110 2811 1122 2848 :
1155 2790 1181 2830 ά
1201 2793 1362 2847 lumbi
1382 2793 1535 2847 vestri
1551 2793 1839 2865 prwcincti,

244 2883 410 2958 252
439 2895 488 2939 et
521 2887 869 2941 calciamenta
910 2895 1078 2941 vestra
1106 2888 1159 2940 in
1189 2887 1410 2959 pedibus
1436 2889 1640 2956 vestris,
1675 2897 1721 2942 et
1752 2889 1842 2941 ba-

241 2979 346 3034 culi
367 2986 421 3033 in
445 2980 682 3035 manibus
700 2985 900 3049 vestris,
925 2990 971 3036 et
993 2981 1154 3035 edetis
1179 2990 1201 3018 ο
1226 2981 1360 3035 illud
1380 2983 1706 3052 festinanter.
1733 2980 1843 3034 Pa-

241 3073 368 3128 scha
388 3075 525 3128 enim
539 3083 614 3128 est
630 3072 846 3129 Domini
868 3074 1068 3149 (Exod.
1087 3074 1205 3146 xu).
1240 3075 1318 3132 De
1341 3075 1749 3145 calciamentis,
1786 3085 1841 3133 et

243 3167 459 3222 baculis
493 3165 511 3204 ί
548 3169 711 3240 longa
733 3169 870 3224 ratio
899 3176 985 3224 est
1004 3212 1018 3236 ,
1054 3184 1179 3239 qua:
1200 3169 1309 3223 alio
1338 3179 1584 3240 tempore
1605 3169 1841 3224 dissere-

1955 1963 2023 2003 nc
2055 1948 2206 2003 Ieulo
2247 1954 2436 2017 corde,
2474 1960 2525 2006 et
2567 1966 2665 2007 ore
2697 1952 2982 2023 languido,
3022 1951 3436 2010 Sacramentum
3461 1955 3569 2012 Do—

1951 2045 2140 2098 minici
2179 2045 2427 2115 corporis
2465 2060 2780 2114 sumamus,
2836 2055 2890 2102 et
2933 2048 3248 2118 sanguinis;
3301 2049 3394 2104 sed
3438 2065 3563 2105 cum

1951 2137 2578 2205 omniaviditateanimi,
2595 2139 2752 2211 quasi
2776 2154 2906 2195 vere
2931 2141 3243 2197 esurientes
3262 2185 3275 2207 ,
3303 2143 3565 2198 ctsitien-

1953 2241 2032 2286 tes
2052 2232 2349 2303 justitiam.
2379 2232 2724 2299 Beatienim,
2758 2233 2889 2289 dicit
2925 2234 3185 2290 Dominus
3223 2235 3420 2304 Jesus,
3472 2236 3564 2306 qui

1949 2331 2182 2386 esuriant
2232 2339 2280 2384 et
2320 2331 2505 2384 sitiunt
2531 2331 2835 2400 justitiam,
2884 2330 3007 2401 quia
3045 2330 3151 2401 ipsi
3185 2331 3565 2384 saturabuntur

1951 2421 2166 2494 (Matth.
2195 2422 2271 2493 v).
2295 2423 2646 2478 Concludens
2675 2432 2856 2478 autem
2890 2423 3166 2492 proposita
3196 2421 3386 2488 lectio,
3419 2437 3559 2491 prte-

1947 2517 2095 2570 clara
2123 2532 2242 2585 qua:
2271 2515 2514 2576 dixerat.
2562 2516 2668 2571 ﬁne
2697 2515 3055 2586 dignissimo,
3093 2516 3169 2570 ait
3195 2531 3206 2568 :
3243 2512 3453 2568 Pascha
3484 2523 3560 2568 est

1948 2611 2083 2662 enim
2135 2605 2349 2662 Domini
2404 2607 2610 2671 (Exod.
2661 2607 2798 2678 xu).
2835 2606 2861 2646 ¹ί
2904 2606 2948 2662 0
2987 2607 3211 2661 altitudo
3257 2607 3558 2660 divitiarum

1946 2702 2221 2770 sapientia:
2251 2712 2297 2754 et
2324 2684 2551 2756 scientia:
2591 2699 2690 2754 Dei
2748 2700 2931 2771 (Rom.
2986 2698 3098 2770 xi)!
3147 2697 3164 2735 ι
3212 2698 3422 2752 Pascha
3450 2697 3559 2767 est,

1947 2793 2170 2864 inquit,
2231 2793 2444 2848 Domini
2492 2811 2504 2848 :
2558 2792 2663 2848 hoc
2720 2802 2803 2848 est
2861 2793 3125 2847 transitus
3186 2791 3444 2855 Domini;
3488 2806 3557 2845 ue

1945 2887 2106 2960 243
2131 2896 2405 2943 terrenum
2437 2895 2591 2956 putes
2622 2887 2763 2956 quod
2788 2886 3012 2942 caeleste
3053 2885 3305 2940 etl‘eetmn
3333 2891 3417 2938 est
3455 2898 3554 2952 per

1945 2998 2068 3038 eum
2102 2983 2191 3052 qui
2229 2981 2422 3036 transit
2461 2983 2511 3035 in
2545 2981 2704 3046 illud,
2747 2989 2798 3034 et
2836 2979 2967 3035 fecit
2998 2978 3134 3033 illud
3165 2992 3323 3032 suum
3355 2991 3554 3045 corpus

1945 3084 1999 3131 et
2021 3077 2361 3146 sanguinem.
2399 3075 2530 3131 Nam
2565 3075 2708 3144 quod
2741 3090 2901 3142 supra
2926 3072 3262 3144 generaliter
3291 3068 3552 3139 exposui-

1945 3182 2067 3223 mus
2099 3168 2166 3222 de
2195 3167 2406 3222 edenda
2439 3182 2603 3221 carne
2633 3165 2754 3236 agni
2775 3207 2790 3230 ,
2823 3164 3134 3234 Specialiter
3163 3163 3217 3216 in
3248 3162 3546 3230 degustan-

246 3260 440 3316 tur.De
469 3261 863 3330 praecinctione
891 3261 1202 3317 lumborum
1223 3305 1236 3328 ,
1260 3261 1402 3333 quod
1429 3264 1744 3330 frequenter
1769 3274 1840 3318 8a
1872 3253 1918 3318 C
1948 3260 2032 3317 dis
2067 3261 2391 3318 servandum
2422 3271 2507 3316 est
2538 3259 2731 3313 iisdem
2765 3257 3040 3329 mysteriis
3075 3255 3373 3309 Dominicm
3411 3253 3546 3307 Pas-

243 3368 334 3408 me
363 3353 528 3409 latius
564 3353 769 3409 dictum
802 3363 918 3422 est,
966 3356 1208 3411 breviter
1239 3371 1388 3410 nunc
1418 3357 1654 3413 dicetur.
1690 3356 1846 3414 Scri-

243 3445 390 3501 bitur
411 3448 463 3500 in
481 3448 723 3502 Jeremia
749 3465 760 3501 :
797 3447 864 3502 Et
891 3459 946 3503 tu
967 3451 1224 3522 praecinge
1251 3449 1452 3504 lumbos
1476 3461 1609 3515 tuos,
1643 3461 1690 3507 et
1709 3454 1850 3508 dices

245 3543 312 3595 ad
339 3541 593 3612 papulunt
617 3539 838 3606 (Jerem.
870 3542 929 3615 ι).
959 3543 1026 3598 Ει
1046 3543 1112 3598 ad
1136 3553 1386 3600 sanctum
1409 3544 1541 3600 Job:
1576 3543 1850 3619 Prwcinge

247 3645 511 3706 tamquam
526 3635 602 3688 vir
615 3634 817 3690 lumbos
835 3647 952 3690 tuos
971 3652 989 3691 :
1019 3638 1348 3708 interrogabo
1361 3648 1532 3693 autem
1548 3649 1615 3705 te,
1633 3638 1716 3693 tuh
1733 3657 1848 3696 vero

246 3728 566 3798 respondeas
602 3727 753 3782 mihi.
802 3728 899 3784 Ubi
930 3748 1046 3784 eras
1073 3748 1188 3785 cum
1221 3748 1313 3802 ego
1351 3733 1624 3804 {nudarent
1657 3747 1846 3789 terram

247 3819 391 3896 (Job.
418 3837 656 3892 xxxvm,
695 3822 825 3895 xu)?
855 3836 908 3880 et
930 3826 1160 3895 reliqua.
1202 3826 1453 3898 Apostoli
1492 3844 1711 3899 quoque
1753 3846 1847 3884 au-

249 3921 405 3978 diunt
431 3941 444 3978 :
479 3922 600 3978 Sint
631 3923 792 3979 lumbi
821 3926 978 3980 vestri
1009 3928 1274 3998 praecincti
1301 3927 1456 4000 (Luc.
1487 3927 1589 3998 xu)
1618 3944 1632 3993 ;
1668 3937 1721 3982 et
1748 3941 1847 3981 cur

251 4091 507 4162 designat.
559 4088 649 4162 Ex
678 4089 798 4162 hac
837 4090 1131 4146 Gandentii
1173 4091 1449 4147 sententia
1493 4090 1711 4162 videtur
1751 4088 1846 4162 de-

253 4160 530 4232 sum—ptum
557 4161 688 4216 illud
715 4163 859 4229 quod
889 4162 1119 4218 habetur
1148 4163 1202 4217 in
1235 4163 1374 4218 libro
1399 4162 1464 4216 de
1490 4161 1744 4232 Essentia
1771 4160 1851 4213 Di-

250 4231 496 4306 viriitatis
517 4234 686 4306 (inter
704 4233 884 4302 Opera
910 4237 1206 4304 Augustino
1225 4235 1519 4302 adseripta,
1548 4232 1694 4306 edit.
1711 4231 1842 4306 Ben.

255 4315 296 4377 t.
336 4305 470 4371 VIII,
516 4302 763 4377 quisquis
812 4302 1028 4361 tandem
1080 4307 1225 4359 illius
1268 4307 1391 4377 libri
1433 4311 1622 4359 auctor
1658 4302 1843 4377 sit)in

254 4376 399 4432 hunc
433 4375 694 4431 modum:
727 4379 891 4432 Aliter
919 4379 1072 4442 pedes
1105 4377 1233 4431 Filii
1264 4376 1386 4443 Dei,
1419 4375 1708 4429 incarnatio
1731 4376 1844 4442 ejus

253 4449 590 4522 intelligitur,
616 4465 732 4520 qua!
751 4451 1011 4522 divinitati
1030 4451 1258 4522 subjecta
1280 4458 1377 4513 est,
1409 4459 1668 4522 tamquam
1692 4445 1849 4522 capiti

258 4519 447 4591 pedesf
473 4523 592 4574 Sive
624 4539 716 4591 pro
745 4538 805 4575 eo
832 4521 970 4592 quod
996 4523 1133 4576 circa
1162 4521 1317 4590 liuent
1338 4520 1515 4574 mundi
1543 4520 1659 4592 ipsa
1688 4519 1852 4592 incar-

258 4586 402 4646 natio
434 4597 575 4663 facta
602 4586 696 4650 est.
753 4586 902 4649 Sicut
938 4595 1072 4648 enim
1101 4586 1192 4663 per
1229 4603 1384 4659 caput
1423 4595 1499 4661 (ut
1529 4590 1723 4642 dictum
1752 4586 1849 4657 est)

261 4665 534 4733 divinitas,
561 4665 637 4736 ita
668 4683 759 4736 per
792 4666 945 4734 pedes
970 4666 1268 4736 figuraliter
1294 4663 1590 4736 humanitas
1618 4664 1732 4736 ejus
1761 4676 1853 4713 em-

261 4738 524 4807 primitur.
563 4733 685 4791 Vat.
721 4733 860 4805 duo,
897 4733 1030 4792 Urb.
1068 4746 1122 4792 et
1152 4737 1274 4790 cod.
1312 4733 1856 4803 Paulagatbi’legunt

263 4813 418 4878 pedes
449 4809 518 4862 ad
545 4808 1022 4877 incorporationem
1047 4825 1241 4862 sumas.

336 4889 361 4916 °
395 4881 520 4934 Mss.
555 4881 742 4944 codd.,
773 4897 876 4934 non
903 4877 1539 4948 comminuetis;etpaulo
1569 4885 1858 4946 post,quw

263 4964 435 5006 autem
465 4951 833 5021 superfuerint.
1384 4953 1397 4962 ⁵

337 5023 362 5062 δ
394 5023 595 5080 lterum
627 5025 753 5078 dicit
782 5038 879 5094 pro
907 5023 1039 5078 dixit
1095 5023 1148 5077 in
1183 5023 1311 5078 Mss.

340 5107 362 5134 °
396 5097 641 5165 Uterque
666 5092 812 5162 Vah,
842 5097 1122 5160 cuminum,
1161 5103 1366 5165 mutata
1397 5110 1428 5164 ῃ
1459 5092 1513 5147 in
1545 5110 1600 5157 u,
1635 5101 1691 5165 ut
1717 5104 1860 5165 sape

176 5216 178 5218 .
266 5167 383 5221 ﬁeri
435 5160 666 5223 Solebat.
716 5160 852 5222 Vide
891 5168 1141 5223 Cassiod.
1184 5160 1446 5235 Orthogr.
1485 5180 1606 5236 cap.
1660 5164 1684 5217 1
1719 5171 1773 5218 ει
1802 5160 1858 5216 4.

269 5238 414 5293 Vatt.
450 5238 728 5294 consentit
761 5239 900 5294 liber
924 5239 1270 5307 Pantagatbi.

336 5312 362 5347 ιί
393 5311 471 5366 Ita
501 5311 554 5366 in
584 5310 742 5366 editis
773 5320 828 5366 et
854 5327 986 5366 mss.
1029 5303 1277 5381 Lugduu.
1310 5309 1507 5373 editio,
1544 5306 1664 5363 Sint
1701 5303 1863 5359 lumbi

267 5386 443 5438 vestri.

309 5464 367 5579 ιο
399 5455 489 5511 Sic
534 5454 740 5510 habent
778 5469 910 5510 mss.
957 5464 1012 5510 et
1051 5453 1204 5509 editi.
1258 5451 1411 5508 Unus
1455 5466 1519 5504 ex
1564 5448 1861 5515 Vaticanis,

334 5545 439 5579 um.

265 5527 439 5584 illum.

345 5599 362 5638 ί
403 5601 456 5654 In
502 5601 663 5656 editis
708 5599 785 5654 sic
827 5599 1041 5668 legitur.
1086 5596 1210 5652 Mss.
1247 5609 1381 5652 vero
1411 5592 1566 5667 longa
1599 5593 1738 5647 ratio
1768 5602 1863 5661 est,

268 5671 375 5726 alio
406 5682 654 5742 tempore.
693 5670 858 5740 Infra,
893 5677 1050 5724 tract.

342 5755 368 5792 ε
396 5738 548 5800 Flor.
578 5755 633 5800 et
664 5745 807 5799 Vatt.
836 5738 964 5807 duo,
997 5741 1152 5796 latius
1177 5740 1317 5795 vobis
1348 5738 1546 5794 dictum
1570 5745 1663 5791 est.

343 5813 370 5886 'é
403 5816 534 5872 Mss.
567 5816 756 5883 codd.,
789 5825 854 5886 tu,
869 5829 988 5867 vero
1016 5811 1294 5886 responde.

349 5883 363 5922 ί
403 5885 548 5944 Flor.
582 5894 705 5945 cod.
735 5880 783 5945 et
818 5885 948 5942 Urb.
982 5880 1340 5943 restituerunt
1370 5883 1513 5940 hunc
1547 5883 1749 5947 locum,
1777 5880 1868 5952 qui

1950 3356 2122 3411 siouis
2152 3374 2164 3409 :
2199 3365 2254 3409 nt
2286 3369 2463 3424 neque
2503 3353 2724 3407 crudam
2757 3365 2976 3405 carnem
2999 3392 3014 3416 ,
3043 3348 3383 3418 crudumque
3413 3361 3546 3401 san-

1951 3453 2213 3523 guinem,
2256 3451 2396 3504 sicut
2434 3447 2690 3514 Judaeus,
2734 3461 2856 3501 esse
2895 3453 3081 3514 putes,
3119 3452 3173 3498 et
3206 3456 3430 3512 respuas
3470 3441 3551 3494 di-

1953 3563 2082 3604 cens
2120 3565 2133 3600 :
2168 3556 2206 3582 ιη
2244 3544 2516 3612 Quomodo
2559 3550 2721 3613 potest
2770 3542 2865 3595 iste
2890 3549 2917 3575 ιι
2972 3539 3098 3592 dare
3145 3551 3355 3590 curaeat
3407 3551 3556 3588 suam

1954 3643 2267 3698 manducare
2297 3638 2478 3710 (Joan.
2512 3637 2635 3709 v1)?
2675 3651 2851 3707 neque
2882 3635 2936 3689 in
2969 3634 3079 3688 olla
3109 3631 3292 3688 cordis
3324 3628 3507 3684 carnei
3533 3672 3548 3694 ,

1954 3735 2282 3791 humoribus
2310 3749 2408 3806 per
2440 3744 2687 3786 naturam
2719 3743 2937 3799 semper
2964 3725 3215 3794 obnoxii,
3251 3725 3427 3794 ipsum
3458 3722 3554 3777 de-

1954 3845 2157 3900 coquas
2177 3829 2588 3884 Sacramentqu
2620 3865 2635 3890 ,
2659 3825 2678 3844 ⁰
2707 3837 2997 3878 conunuue
3025 3819 3157 3874 illud
3177 3825 3248 3887 ",et
3276 3825 3554 3872 terrenum

1957 3939 2080 3980 esse
2110 3924 2468 3986 existimans;
2496 3919 2592 3976 sed
2625 3929 2682 3974 ut
2713 3934 2810 3989 per
2841 3919 3019 3988 ignem
3054 3914 3221 3970 divini
3249 3912 3473 3983 Spiritus
3501 3910 3554 3965 id

1957 4086 2156 4142 nedum
2191 4086 2243 4139 in
2279 4084 2464 4149 editis,
2508 4098 2698 4137 verum
2731 4081 2895 4136 etiam
2930 4081 2982 4134 in
3017 4093 3149 4149 mss.
3185 4077 3449 4149 mendose
3477 4075 3556 4130 le-

1952 4161 2114 4228 gebat
2157 4147 2470 4228 sacerdotali
2507 4170 2738 4225 genere;
2780 4161 2832 4204 at
2866 4153 2918 4205 in
2951 4151 3076 4205 cod.
3110 4148 3322 4203 Octavii
3353 4147 3553 4201 Panta-

1955 4226 2126 4301 gatbi,
2161 4226 2486 4301 sacerdotale
2502 4242 2682 4301 genus.

2032 4302 2044 4350 ι
2084 4288 2199 4355 Vox
2234 4299 2414 4352 steculi
2444 4288 2634 4350 devertit
2673 4297 2724 4346 in
2753 4293 2935 4357 editis,
2983 4306 3217 4360 eamque
3245 4288 3556 4344 addidimus

1954 4389 2020 4426 ex
2075 4372 2208 4427 Urb.
2265 4379 2316 4422 et
2367 4368 2510 4422 Vatt.
2557 4366 2804 4430 duobus;
2856 4363 3285 4418 occurritetiam
3322 4362 3375 4414 in
3409 4360 3554 4430 libro

1954 4440 2298 4512 Pantagathi,
2343 4439 2440 4494 sed
2475 4437 2690 4512 modico
2717 4438 2922 4512 librarii
2955 4436 3089 4489 vitio
3117 4448 3216 4504 pro
3242 4432 3422 4488 saeculi
3451 4429 3554 4483 ΛΞ-

1876 4535 1928 4596 D
1956 4524 2112 4624 99E"!
2134 4509 2344 4584 legitur
2370 4509 2564 4566 steculo
2595 4509 2835 4578 ,iggypu.

2085 4587 2279 4624 'l‘ntum
2308 4583 2413 4624 Ιιηρ
2437 4597 2608 4624 "gmw
2629 4583 2695 4624 ad
2725 4581 2835 4624 mm

2085 4575 2280 4641 Τοιῦιιι
2308 4583 2414 4638 hoc
2437 4597 2608 4649 usque
2629 4575 2856 4634 ad'tllud
2879 4627 2891 4648 ,
2926 4579 3102 4633 Nescit
3126 4575 3454 4630 mendacium
3470 4589 3561 4649 ve-

1958 4661 2108 4727 ritas,
2133 4656 2360 4726 protulit
2375 4645 2551 4727 Marca
2569 4645 3144 4727 Dissert.’deSacram.
3165 4645 3555 4727 ΔΕιιειιιιιῆειιίςες

1955 4731 2046 4801 qui
2081 4717 2232 4786 locus
2263 4744 2386 4801 cum
2422 4725 2560 4801 adeo
2592 4724 3009 4801 prteclarussit,
3041 4723 3239 4801 merito
3268 4721 3411 4775 hunc
3435 4717 3559 4771 Ser.

1959 4795 2174 4858 nionem
2205 4797 2573 4869 Scriptorihus
2615 4795 2819 4850 nostris
2849 4797 2914 4849 ad
2948 4795 3306 4869 asserendum
3339 4801 3394 4844 et
3433 4804 3558 4869 pro:

1960 4874 2305 4944 pugnandum
2333 4863 2707 4944 'Eucbaristia:
2741 4868 3100 4944 mysterium,
3145 4865 3384 4944 maximo
3417 4863 3555 4944 usui

1962 4935 2130 4999 luisse
2153 4944 2514 5000 indicavimus
2544 4941 2596 4996 in
2631 4935 2891 4994 Praeffad
2923 4935 3287 4994 Gaudentium
3320 4952 3375 4990 ιι.
3409 4935 3501 4990 10.

2039 5014 2056 5054 ι
2090 5017 2171 5070 Ex
2193 5016 2339 5069 Vatt.
2367 5027 2531 5067 unus:
2564 5010 2771 5066 Pascha
2793 5019 2866 5064 est
2891 5013 3047 5076 enim,
3081 5007 3337 5062 Dominus
3363 5008 3554 5078 inquit,

1961 5090 2016 5143 id
2043 5099 2135 5142 est.
2159 5087 2344 5142 Alter:
2375 5085 2582 5138 Pascha
2605 5093 2678 5136 est
2701 5083 2854 5144 enim,
2883 5081 3070 5150 inquit.
3105 5079 3336 5134 Domini.
3369 5077 3553 5133 Fler.:

1969 5160 2175 5215 Pascha
2202 5168 2293 5219 est,
2327 5158 2493 5226 inquit
2521 5153 2799 5226 Dominus.
2828 5153 2964 5226 god.
2993 5152 3310 5226 Pantagatbi
3336 5151 3556 5204 cmteris

1966 5234 2201 5288 melius:
2237 5222 2443 5282 Pascha
2472 5237 2566 5293 est,
2598 5225 2786 5291 inquit,
2821 5222 3055 5278 Domini.

2037 5313 2077 5339 ηι
2106 5302 2258 5358 Unus
2289 5315 2354 5354 ex
2380 5299 2521 5352 Vatt.
2558 5296 2828 5364 Quomodo
2857 5305 3046 5367 posset.

2037 5384 2065 5411 η
2091 5373 2412 5443 Lngdnnen.
2442 5363 2646 5443 editio,
2676 5367 2802 5421 dare
2828 5363 3034 5421 carnem
3059 5363 3302 5443 suamad
3324 5365 3556 5443 mandu-

1968 5434 2212 5500 canduni.
2242 5443 2490 5511 Reliqua:
2522 5441 2813 5504 editiones,
2841 5453 2904 5492 ac
2927 5454 3060 5493 mss.
3087 5437 3273 5501 codd.,
3300 5434 3425 5488 dare
3448 5452 3562 5488 car-

1969 5535 2084 5574 nem
2113 5533 2261 5571 suam
2285 5515 2614 5568 manducare.
3533 5545 3543 5554 .

2045 5598 2069 5625 °
2104 5587 2254 5644 Unus
2280 5603 2343 5641 ex
2377 5586 2518 5640 Vatt.
2546 5594 2599 5639 et
2625 5583 2795 5644 Flor.,
2829 5597 3100 5636 commune
3127 5581 3257 5633 illud
3289 5588 3563 5634 (sternunt.

1971 5662 2092 5718 Vat.
2122 5661 2283 5724 alter,
2309 5657 2460 5720 illud,
2489 5668 2533 5710 et
2566 5667 2861 5720 terrenum;
2887 5669 3007 5724 quae
3028 5653 3247 5720 quidem
3281 5651 3562 5706 verissima

1971 5745 2054 5790 εει
2085 5734 2264 5797 lectio,
2292 5741 2346 5784 et
2367 5729 2641 5784 consentit
2663 5727 2806 5798 quod
2837 5741 3000 5798 supra
3034 5724 3195 5798 dixit,
3229 5740 3292 5777 ne
3315 5733 3571 5798 terrenum

1973 5813 2123 5878 putes
2150 5795 2290 5874 quod
2315 5795 2780 5878 cwlegeqeifect'um
2823 5806 2916 5851 est.
2955 5795 3172 5878 lirium,
3203 5811 3473 5848 contmttne
3498 5797 3568 5850 il-

1976 5868 2065 5932 lud
2117 5868 2397 5950 terrenum.
2446 5868 2625 5942 Editi,
2672 5885 2939 5926 commune
2988 5868 3118 5924 illud
3169 5879 3566 5942 aedem-cnam.
