4070 6346
557 273 666 331 839

1649 279 1706 339 S.
1739 275 2122 341 GAUDENTII
2156 274 2415 347 BRIXIIE
2455 277 2761 347 EPISGOPI

3744 292 3845 363 86.

554 386 807 444 cll‘ectnm
839 390 981 463 quod
1012 393 1394 450 annuntiatum
1427 402 1545 464 est,
1580 391 1775 448 credas
1805 410 1816 445 :
1847 392 1977 464 quia
2004 390 2149 463 quod
2180 402 2235 468 Α
2272 394 2463 453 neﬁcia
2494 411 2588 451 sua
2634 413 2959 469 permanere
3004 402 3151 475 apud
3199 420 3322 473 nos,
3373 407 3552 467 νοιιιίι
3589 409 3798 469 anim;
3821 424 3843 453 ο

559 481 764 551 accipis
789 526 806 553 ,
835 500 1035 556 corpus
1065 496 1149 543 est
1178 488 1321 543 illius
1353 488 1508 557 panis
1534 485 1779 545 cmlestis
1804 527 1819 552 ,
1850 495 1905 543 et
1935 484 2158 557 sanguis

559 584 643 629 est
668 574 817 631 illius
859 592 1030 633 sacras
1057 578 1203 634 vitis.
1236 579 1370 634 Nam
1398 595 1519 637 cum
1552 594 1748 650 panem
1777 588 2156 639 consecratum

560 674 617 724 et
646 668 835 724 vinum
863 668 1144 743 discipulis
1170 672 1284 727 suis
1318 673 1645 744 porrigeret,
1676 671 1755 727 sic
1783 672 1859 726 ait
1893 689 1904 724 :
1936 669 2056 725 Hoc
2084 680 2159 726 est

564 777 755 833 corpus
791 779 958 818 meum
1002 781 1019 817 :
1060 762 1143 818 hic
1171 776 1243 819 est
1286 766 1497 835 sanguis
1535 780 1679 821 meus
1724 762 1945 837 (Matth.
1997 780 2155 831 xxvi;

560 851 692 913 Luc.
725 855 1222 927 xxn).Credamus,
1244 873 1450 930 quaeso.
1475 860 1562 914 cui
1591 857 1949 914 credidimus.
1975 857 2161 914 Nescit

564 948 911 1007 mendacium
942 954 1165 1008 veritas.
1214 950 1338 1009 Ideo
1364 968 1485 1007 cum
1514 952 1583 1009 de
1616 967 1850 1023 corpore
1876 966 1977 1008 suo
2005 965 2160 1007 matt-

561 1041 811 1099 ducando
840 1054 896 1100 et
924 1048 1187 1117 sanguine
1230 1061 1334 1102 suo
1376 1046 1614 1103 bibendo
1639 1046 1814 1103 turbis
1843 1047 2160 1118 loqueretur

562 1138 905 1207 Stupentibus
941 1156 1004 1195 ac
1036 1142 1479 1209 mussitantibus;
1509 1139 1687 1198 Durus
1715 1152 1789 1198 est
1836 1142 1917 1197 hic
1958 1159 2154 1212 sermo,

562 1238 609 1283 et
640 1231 755 1302 quis
783 1248 901 1289 eum
931 1241 1098 1305 potest
1141 1234 1325 1290 audire
1352 1232 1538 1308 (Joan.
1571 1251 1655 1303 vt,
1696 1234 1831 1307 6|)?
1860 1246 1915 1292 ut
1945 1236 2158 1293 abster—

560 1332 712 1393 geret
747 1338 843 1392 per
873 1325 1052 1396 ignem
1086 1328 1368 1384 cmleSIem
1404 1342 1497 1384 eas
1528 1328 1894 1401 cogitationes
1920 1342 2052 1401 qttas
2083 1325 2163 1385 vi-

563 1414 755 1470 tandas
784 1430 911 1473 esse
938 1418 1191 1491 priedixi,
1225 1422 1305 1476 sic
1335 1421 1535 1492 adjecit
1568 1439 1581 1477 :
1617 1420 1847 1495 Spiritus
1872 1432 1948 1479 est
1974 1423 2065 1496 qui
2093 1423 2164 1477 vi-

558 1508 749 1578 tii/ient,
783 1527 903 1564 nmn
932 1529 1057 1567 caro
1088 1512 1219 1569 nihil
1251 1515 1664 1584 prodestJ’erba
1691 1532 1808 1588 qua:
1836 1534 1931 1587 ego
1957 1514 2159 1570 locutus

556 1618 669 1656 sum
696 1602 853 1666 vobis,
886 1607 1103 1677 spiritus
1134 1617 1182 1661 et
1217 1610 1317 1662 vita
1351 1619 1469 1663 sunt
1498 1608 1683 1678 (lauti.
1717 1624 1799 1675 vr,
1830 1607 1947 1681 6-1).
1978 1607 2047 1663 Ει
2074 1608 2159 1662 id-

556 1696 707 1751 circo
734 1705 898 1767 caput
923 1698 1229 1755 divinitatis
1265 1701 1385 1772 ejus
1416 1716 1538 1757 cum
1577 1701 1808 1773 pedibus
1842 1702 2159 1771 incorpora-

2260 489 2508 558 pretioso
2529 493 2793 567 sanguine
2814 510 2915 552 suo
2938 498 3269 555 sanetilicari
3293 515 3394 573 per
3418 500 3712 574 imaginem
3735 521 3848 575 pro-

2260 583 2393 655 priae
2424 583 2732 655 Passionis;
2762 598 2816 644 et
2846 588 2969 645 ideo
2998 590 3283 665 discipulis
3313 594 3566 652 ﬁdelibus
3595 598 3845 670 mandat,

2259 694 2397 751 quos
2426 674 2454 716 ά
2482 680 2688 751 primos
2729 683 2994 742 Ecclesia:
3034 701 3148 743 suae
3173 689 3463 749 constituit
3496 691 3812 753 sacerdotes
3831 737 3846 764 ,

2262 782 2318 827 ut
2358 770 2731 833 indesinenter
2770 775 2872 831 ista
2914 777 3039 834 vita:
3068 787 3291 841 interna:
3329 783 3593 855 mysteria
3628 799 3848 851 exerce-

2260 873 2402 930 rent,
2431 880 2551 937 qua:
2579 881 2806 945 necesse
2831 878 2916 929 est
2936 886 2969 925 a
2994 872 3205 928 cunctis
3232 873 3725 945 sacerdotibusw
3744 877 3850 937 siu-

2258 957 2415 1029 gulas
2445 958 2610 1013 totius
2645 959 2795 1015 orbis
2824 960 3099 1020 Ecclesias
3122 964 3418 1035 celebrari,
3445 983 3730 1040 usquequo
3754 970 3851 1035 ite-

2263 1064 2380 1105 rum
2408 1046 2662 1107 Christus
2704 1051 2772 1107 de
2798 1054 2956 1110 caelis
2990 1054 3285 1125 adveoiat,
3328 1073 3436 1130 quo
3462 1068 3518 1116 et
3547 1060 3653 1133 ipsi
3678 1076 3852 1125 sacer-

2261 1142 2419 1197 dotes
2443 1184 2460 1209 ,
2492 1150 2547 1197 et
2587 1156 2779 1199 omnes
2819 1146 3029 1221 pariter
3066 1145 3307 1205 ﬁdelium
3344 1150 3556 1222 populi,
3586 1155 3856 1225 exemplar

2262 1234 2537 1293 Passionis
2575 1234 2776 1293 Christi
2801 1247 2927 1297 ante
2964 1240 3153 1298 oculos
3182 1241 3446 1301 habentes
3470 1245 3723 1318 quotidie
3746 1290 3762 1317 ,
3802 1257 3852 1305 et

2259 1339 2513 1402 gerentes
2536 1331 2586 1386 in
2611 1332 2863 1388 manibus
2884 1377 2899 1401 ,
2919 1348 3015 1392 ore
3036 1336 3198 1392 etiam
3221 1346 3504 1395 sumentes
3523 1355 3588 1395 ac
3603 1350 3851 1410 pectore,

2260 1424 2653 1496 redemptionis
2681 1435 2881 1482 nostra:
2907 1435 2931 1464 ο
2962 1426 3313 1499 indelebilem
3340 1435 3662 1488 memoriam
3689 1441 3856 1493 tenea-

2264 1531 2405 1583 mus,
2447 1528 2503 1573 et
2535 1526 2725 1573 contra
2765 1534 2979 1575 venena
3018 1520 3221 1578 diaboli
3264 1523 3478 1582 dulcem
3528 1525 3853 1583 medicinam

2262 1610 2583 1682 sempiterni
2628 1614 2907 1670 tutaminis
2950 1630 3392 1693 consequamur;
3439 1619 3582 1677 sicut
3628 1604 3855 1693 Spiritus

2263 1714 2486 1763 sanctus
2524 1706 2772 1762 hortatur
2803 1725 2817 1763 :
2873 1707 3091 1765 Gustata
3124 1718 3175 1767 et
3202 1712 3366 1767 videte
3402 1715 3653 1788 quoniam
3693 1718 3857 1772 suavis

560 1788 726 1844 tionis
784 1803 837 1846 et
894 1792 1247 1849 interioribus
1291 1794 1459 1850 simul
1504 1794 1763 1866 jubemur
1824 1794 2156 1851 manducare
2189 1808 2233 1877 β
2263 1811 2335 1857 ρει
2365 1800 2624 1858 Dominus
2665 1800 2782 1875 (Ps.
2815 1805 3031 1874 χχχιιι).
3078 1804 3236 1876 Quod
3281 1817 3465 1863 autem
3509 1809 3855 1866 Sacramenta

561 1887 870 1961 mysteriis,
906 1897 964 1944 ut
993 1890 1197 1961 pariter
1230 1892 1519 1962 universa,
1549 1892 2010 1964 quemadmodum
2043 1902 2157 1947 tra-

561 1981 673 2037 dita
702 1993 851 2051 sunt,
883 1983 1196 2051 credamus,
1226 2000 1332 2040 non
1366 1985 1726 2055 inl'riugentes
1748 2000 1811 2041 os
1834 1984 2004 2056 ipsius
2025 1983 2157 2040 illud

558 2075 947 2131 solidissimum
974 2096 987 2132 :
1022 2077 1140 2134 Hoc
1166 2088 1241 2133 est
1274 2096 1459 2151 corpus
1488 2095 1659 2135 meum
1688 2095 1703 2132 :
1732 2077 1815 2131 hic
1842 2087 1915 2133 est
1946 2076 2159 2152 sanguis

558 2164 703 2223 meus
722 2167 940 2240 (Matth.
968 2188 1088 2227 xxvi
1108 2188 1122 2238 ;
1144 2169 1273 2226 Luc.
1300 2169 1456 2243 χχιι).
1483 2174 1538 2229 Si
1558 2172 1686 2244 quid
1711 2182 1893 2227 autem
1920 2181 1943 2208 ⁸
1968 2187 2161 2242 super-

560 2260 726 2319 fuerit
754 2265 915 2320 etiam
948 2282 1091 2323 nunc
1122 2267 1176 2323 in
1210 2268 1641 2339 uniuscujusque
1668 2282 1855 2337 sensu,
1890 2265 2033 2339 quod
2060 2282 2159 2323 ex-

563 2355 838 2428 positione
875 2358 981 2413 ista
1013 2376 1121 2415 non
1164 2361 1413 2431 ceperit,
1448 2361 1648 2417 ardore
1680 2361 1803 2419 lidei
1834 2376 2158 2418 concreme-

557 2454 643 2504 tur
695 2469 706 2504 :
755 2454 1011 2523 quoniam
1063 2451 1201 2507 Deus
1250 2464 1428 2509 noster
1466 2453 1495 2492 ι)
1537 2455 1672 2527 ignis
1726 2471 2030 2509 consumens
2085 2464 2159 2509 est

558 2542 722 2616 (Heb.
774 2561 871 2613 ιιι,
924 2545 1046 2617 29),
1097 2562 1356 2617 purgans,
1404 2547 1686 2615 erudiens,
1739 2557 1796 2603 et
1847 2546 2161 2603 illuminans

555 2637 724 2692 corda
757 2646 942 2693 nostra
972 2638 1038 2695 ad
1068 2639 1486 2713 intelligentiam
1516 2639 1824 2696 divinorum
1846 2681 1860 2706 ,
1894 2648 1951 2694 ut
1976 2649 2032 2694 et
2076 2641 2160 2712 ip-

557 2732 673 2786 sius
713 2749 743 2786 a
784 2730 1010 2788 Christo
1062 2733 1297 2789 instituti
1344 2733 1599 2790 sacriﬁcii
1649 2732 1891 2790 caelestis
1937 2749 2157 2790 causam

556 2824 935 2896 rationemque
967 2841 1287 2894 noscamus,
1330 2826 1685 2884 inenarrabili
1714 2826 1861 2882 dono
1895 2826 2011 2899 ejus
2040 2828 2159 2887 sine

556 2912 665 2970 ﬁne
677 2920 877 2987 gratias
893 2917 1141 2973 relaturi.
1161 2917 1295 2974 Nam
1321 2919 1609 2975 vereistud
1633 2926 1719 2975 est
1745 2918 2157 2975 haereditarium

555 3021 756 3063 munus
800 3007 1139 3065 Testamenti
1178 3010 1298 3081 ejus
1328 3012 1474 3079 novi,
1522 3012 1665 3083 quod
1706 3012 1866 3067 nobis
1893 3028 1955 3067 ea
1997 3022 2159 3069 nocte

556 3117 662 3172 qua
692 3101 1007 3158 tradebatur
1035 3106 1471 3177 cruciligendus,
1502 3116 1777 3178 tamquam
1808 3105 2005 3178 pignus
2046 3121 2159 3162 suae

2261 1895 2514 1966 corporis
2543 1896 2660 1965 sui,
2709 1906 2761 1952 et
2785 1898 3102 1969 sanguinis,
3139 1900 3191 1954 in
3234 1899 3420 1971 specie
3458 1900 3616 1971 panis
3656 1910 3714 1957 et
3754 1902 3855 1963 viui

2262 1988 2543 2051 oli‘ercnda
2588 1990 2906 2058 constituit,
2948 1990 3150 2061 duplex
3194 1992 3335 2049 ratio
3374 2000 3477 2048 est.
3513 1993 3765 2050 Primum
3804 2004 3857 2053 ut

2263 2083 2641 2139 immaculatus
2674 2083 2765 2137 Dei
2812 2085 2999 2155 Agnus
3038 2082 3273 2141 hostiam
3312 2086 3575 2145 mundam
3607 2088 3859 2145 mundata

2262 2178 2461 2249 populo
2522 2176 2763 2231 traderet
2804 2176 3224 2246 celebrandam,
3272 2179 3396 2235 sine
3441 2179 3703 2248 ustione,
3747 2180 3855 2237 sine

2262 2272 2527 2340 sanguine
2555 2313 2569 2340 ,
2610 2271 2629 2311 ι
2672 2270 2791 2324 sine
2836 2268 3067 2339 brodio,
3115 2279 3139 2313 κ
3182 2269 3233 2325 id
3289 2278 3375 2327 est
3408 2272 3535 2342 jure
3574 2273 3853 2341 carnium,

2262 2374 2319 2419 et
2361 2379 2481 2434 quae
2518 2362 2771 2418 omnibus
2824 2361 2890 2416 ad
2933 2359 3274 2419 offerendum
3318 2372 3575 2434 prompta
3615 2372 3765 2421 esset
3800 2378 3857 2422 ac

2263 2455 2458 2512 facilis.
2492 2455 2700 2512 Deinde
2720 2455 2994 2525 quomodo
3023 2472 3216 2528 panem
3240 2456 3309 2517 de
3334 2458 3523 2514 multis
3547 2457 3717 2515 tritici
3743 2475 3857 2530 gra-

2264 2549 2350 2606 nis
2396 2550 2446 2606 in
2482 2551 2742 2621 pollinem
2775 2549 3013 2606 redactis
3043 2566 3140 2619 per
3167 2566 3360 2623 aquam
3390 2551 3590 2608 conlici
3620 2594 3635 2621 ,
3676 2560 3732 2608 et
3770 2566 3859 2622 per

2265 2647 2443 2718 ignem
2472 2661 2698 2702 necesse
2724 2653 2809 2699 cst
2836 2647 3240 2713 consummari;
3271 2647 3678 2703 rationabiliter
3710 2647 3762 2703 in
3796 2661 3856 2703 eo

2265 2740 2429 2810 ﬁgura
2455 2739 2717 2809 accipitur
2738 2739 2985 2809 corporis
3012 2738 3242 2801 Christi,
3266 2736 3294 2775 1|
3326 2754 3489 2810 quem
3522 2740 3776 2795 novimus
3796 2754 3857 2797 ex

2266 2828 2615 2888 multitudine
2657 2831 2829 2889 totius
2871 2830 3091 2885 humani
3128 2831 3348 2903 generis
3392 2848 3558 2887 unum
3596 2847 3721 2890 esse
3746 2846 3858 2890 eor-

2266 2940 2367 2993 pus
2423 2922 2717 2993 eﬁectum,
2788 2939 2886 2995 per
2938 2922 3119 2995 ignem
3187 2926 3359 2979 sancti
3427 2924 3669 2996 Spiritus
3730 2940 3856 2982 con-

2262 3026 2612 3073 summatum.
2668 3014 2683 3055 ί
2731 3016 2899 3072 Natus
2948 3027 3031 3072 est
3072 3018 3216 3073 enim
3262 3017 3329 3073 de
3375 3018 3588 3091 Spiritu
3630 3029 3855 3086 sancto;

2261 3118 2317 3163 et
2382 3111 2636 3179 quoniam
2701 3109 2782 3165 sic
2847 3123 2971 3163 eum
3035 3106 3265 3165 decebat
3344 3108 3578 3182 implere
3642 3125 3854 3167 onmem

555 3203 862 3270 praesentia:
904 3201 1217 3274 dereliquit.
1278 3205 1390 3261 Hoc
1428 3206 1557 3261 illud
1603 3217 1687 3262 est
1741 3206 1995 3263 viaticum
2024 3223 2152 3264 nos-
2178 3212 2222 3274 C
2256 3199 2737 3277 245justitiam,
2779 3216 2947 3272 aquas
2999 3198 3260 3269 Baptismi
3288 3209 3350 3256 ut
3398 3212 3756 3258 consecraret
3782 3203 3856 3263 iu-

552 3293 619 3347 tri
649 3293 882 3362 itineris,
907 3310 1016 3365 quo
1046 3297 1096 3349 in
1135 3296 1235 3352 hac
1264 3297 1351 3352 ria
1378 3298 1507 3353 vitae
1534 3298 1732 3353 aliumr
1760 3314 1823 3353 ac
1856 3300 2175 3367 nutrintur,

547 3390 725 3441 donec
764 3387 829 3442 ad
873 3389 1048 3456 ipsum
1081 3405 1377 3463 pergamus
1407 3391 1478 3447 de
1518 3394 1621 3448 hoc
1657 3395 1861 3448 saeculo
1888 3392 2155 3449 receden-

549 3488 666 3545 tes;
696 3480 837 3535 unde
856 3481 1069 3536 dicebat
1090 3485 1232 3539 idem
1262 3484 1562 3540 Dominus:
1584 3483 2157 3543 Nisimanducaveritis

549 3588 715 3625 nteam
738 3589 966 3639 carnem,
988 3584 1036 3627 et
1065 3574 1294 3630 biberitis
1316 3594 1483 3632 meum
1514 3576 1678 3653 244
1698 3580 2020 3649 sanguinem,
2055 3595 2157 3635 non

552 3661 750 3719 habetis
777 3666 930 3728 vitam
953 3666 1005 3719 in
1030 3666 1169 3721 vobis
1193 3666 1374 3737 (Joun.
1403 3673 1474 3743 \t)
1498 3674 1648 3741 ipsis.
1677 3670 1859 3728 Voluit
1887 3675 2032 3729 enim
2056 3673 2143 3729 be-

549 3826 693 3901 Cod.
717 3827 1055 3901 l’antegathi,
1089 3850 1357 3890 commune
1386 3835 1542 3901 illud,
1582 3844 1633 3891 et
1664 3843 1945 3890 terrenum.

622 3907 649 3937 ι
676 3900 734 3955 ln
776 3900 907 3958 mss.
952 3905 1126 3961 tribus
1151 3910 1339 3976 codd.,
1369 3900 1651 3973 superauit.
1679 3906 1772 3963 Sic
1808 3908 1974 3963 etiam
2002 3906 2146 3964 Gau-

553 3972 793 4052 dentius,
826 3992 988 4046 supra
1016 3994 1030 4032 :
1061 3981 1106 4034 si
1132 3997 1235 4052 qua
1264 3972 1628 4051 mysteriorum
1650 3983 2031 4052 superaverint.

624 4043 650 4083 δ
685 4044 803 4127 Eat.
836 4043 1085 4127 uterque,
1114 4043 1254 4127 ignis
1285 4043 1611 4127 comburens.
1648 4043 1787 4108 Urb.
1819 4067 2061 4123 quoque.

630 4127 651 4205 ξ
685 4115 836 4205 ξιονἶ
864 4115 988 4205 cod:
1018 4115 1081 4205 eti
1102 4115 1231 4205 U‘i‘b.
1265 4115 1853 4205 addunt-redemptos:

482 4256 488 4267 .
623 4188 661 4267 d_
684 4191 779 4248 Sic
823 4195 1019 4267 legitur
1060 4199 1111 4253 in
1171 4197 1316 4253 Vatt.
1372 4196 1608 4267 duobus,
1659 4188 1714 4252 et
1761 4192 1895 4252 Urb.
1956 4192 2143 4267 Editi,

554 4265 722 4330 male,
777 4264 970 4334 primos
1008 4282 1058 4325 et
1102 4271 1355 4327 Ecclesia:
1391 4285 1524 4328 suae.
1576 4264 1743 4325 Liber
1788 4266 2144 4338 l'antagatlti,

556 4339 747 4410 prunos
778 4339 1025 4398 Ecclesia:
1051 4359 1182 4400 suas.

629 4420 652 4448 °
686 4413 1066 4471 Restituernnt
1108 4415 1397 4473 lectionem
1441 4413 1590 4468 Flor.
1628 4410 1753 4467 eod.
1799 4420 1857 4467 et
1887 4408 2021 4468 Urb.
2067 4408 2146 4467 Ir-

556 4494 807 4558 repserat
848 4500 1084 4558 namque
1112 4498 1222 4541 tam
1251 4488 1305 4542 in
1347 4485 1617 4558 editiones
1650 4498 1814 4558 quam
1865 4486 1916 4539 in
1972 4496 2140 4558 mss.,

552 4553 820 4611 indelebili
847 4553 1117 4615 memoria.
1153 4558 1264 4615 Sed
1294 4559 1433 4613 liber
1463 4553 1790 4626 Patttagiathi
1822 4562 2029 4611 retinet
2055 4553 2144 4609 in-

555 4626 822 4699 delebitent
849 4634 1173 4685 memoriam.
1749 4692 1763 4699 _

635 4696 654 4737 ί
688 4699 895 4756 Novum
926 4704 1175 4758 vocabuli
1199 4717 1389 4769 genus,
1414 4698 1564 4771 quod
1596 4693 1830 4753 fortasse
1856 4693 2152 4771 nonintel-

555 4768 790 4843 ligentes
826 4764 1484 4843 librariisupposuerunt.
1522 4773 1650 4827 Sine
1679 4774 1856 4843 bronto
1886 4770 1940 4823 in
1973 4764 2148 4843 FlOr.,

558 4840 691 4897 Urb.
729 4851 786 4897 et
836 4846 978 4902 Vatt.
1028 4839 1262 4902 duobus.
1300 4845 1367 4899 Et
1399 4844 1622 4911 quidem
1653 4843 1767 4897 sine
1803 4839 1979 4895 bromo
2020 4840 2151 4910 legit

553 4911 715 4990 etiam
756 4914 899 4970 liber
944 4918 1159 4972 Octavii
1208 4915 1556 4985 Pautagatlti,
1598 4930 1627 4967 a
1664 4929 1770 4982 quo
1804 4913 1945 4990 _itc“nt
1996 4911 2152 4967 abest

548 4985 822 5059 glossema
870 5002 1146 5058 sequens,
1190 4989 1246 5043 id
1295 4998 1370 5043 est
1392 4984 1522 5059 jure
1568 4984 1824 5059 carnium:
1878 4984 2146 5049 Bromos,

550 5056 747 5136 Graiae
788 5054 1241 5136 ﬁpaiaac,_Pli_ttio
1273 5060 1369 5116 lib.
1397 5054 1541 5136 'xxtt.
1562 5073 1695 5136 cap.
1733 5054 1805 5111 ‘25
1826 5097 1840 5122 ,
1872 5072 2044 5111 semen
2074 5066 2148 5112 est

553 5129 752 5197 spicam
786 5129 1001 5201 ferentis
1035 5131 1242 5195 herbas,
1285 5132 1517 5187 nascitur
1553 5131 1689 5187 inter
1730 5137 1928 5199 segetes
1974 5144 2152 5187 aventu

555 5218 774 5270 genere;
806 5210 861 5257 et
888 5203 984 5259 lib.
1019 5219 1170 5268 xvnt,
1198 5220 1248 5260 c.
1291 5205 1371 5264 l-l.
1408 5203 1624 5258 Bromos
1650 5201 1810 5270 siligo
1836 5203 2148 5272 exceptitia;

557 5273 629 5326 ita
663 5282 721 5328 ut
756 5275 928 5329 hostia
959 5277 1070 5331 sine
1098 5277 1275 5333 brouto
1316 5276 1460 5332 idem
1492 5278 1565 5331 sit
1603 5272 1908 5331 Gaudentio
1938 5289 2001 5331 ac
2031 5275 2150 5329 sine

557 5345 879 5403 ulla‘aliena
913 5347 1182 5411 mixtura,
1217 5350 1364 5417 quod
1398 5348 1607 5413 optime
1636 5345 1897 5400 convenit
1930 5343 2147 5399 Eucha-

549 5418 741 5473 ristico
770 5420 929 5487 pani;
966 5421 1190 5487 proinde
1220 5436 1327 5474 non
1359 5421 1638 5474 immerito
1664 5419 1788 5488 quis
1816 5426 1993 5486 putet,
2036 5417 2150 5473 sine

554 5490 732 5545 (trama
762 5507 947 5546 veram
976 5507 1101 5548 esse
1131 5494 1421 5547 lectiOuem
1451 5506 1520 5547 ex
1548 5504 1823 5547 consensu
1857 5504 1992 5543 mss.

626 5562 827 5618 Vocem
861 5564 1098 5618 brodium
1129 5580 1197 5617 ex
1236 5563 1549 5618 Gaudentio
1590 5563 1934 5630 desumplatn
1958 5603 1975 5628 ,
2006 5557 2150 5615 inter

553 5631 757 5691 Italica
783 5635 984 5704 lingua:
1014 5636 1273 5704 Origines
1311 5638 1496 5690 retulit
1527 5636 1786 5690 llctavius
1827 5631 2146 5704 Ferrarius,

552 5721 620 5762 ac
652 5718 849 5773 praeter
870 5703 1001 5763 eum
1034 5709 1103 5762 de
1126 5703 1315 5761 Italica
1350 5708 1530 5776 lingua
1563 5709 1704 5762 inter
1726 5704 1911 5776 Gallos
1940 5703 2149 5773 optime

554 5770 785 5834 meritus
811 5776 1062 5850 {Egidius
1095 5778 1396 5848 Menagius.
1430 5770 1637 5850 Lingua
1669 5770 2042 5850 vero_ltali_ea,
2071 5778 2145 5833 uti

548 5848 869 5909 observavit
893 5847 1119 5923 Lipsius
1148 5849 1220 5913 de
1244 5847 1394 5913 recta
1425 5847 1768 5925 pronuntiat.
1797 5847 1916 5917 ut.
1948 5847 2149 5933 linguae

2174 4524 2228 4586 D

2258 3298 2523 3368 greditur,
2556 3303 2613 3350 et
2640 3293 2833 3351 exinde
2864 3294 3053 3365 plenus
3081 3292 3291 3364 Spiritu
3320 3304 3538 3365 sancto,
3571 3298 3665 3368 qui
3698 3312 3857 3368 super

2260 3405 2383 3445 eum
2426 3389 2674 3460 inﬁgura
2713 3388 2981 3444 columbae
3005 3388 3391 3459 descenderat,
3424 3406 3454 3444 a
3492 3389 3737 3449 Jordane
3778 3408 3856 3448 re-

2260 3482 2523 3556 greditur,
2568 3491 2802 3541 tcstante
2834 3481 3177 3554 Evangelista
3212 3500 3226 3535 :
3258 3481 3414 3537 Jesus
3465 3494 3643 3538 autem
3678 3483 3854 3556 plenus

2262 3578 2466 3649 Spiritu
2497 3588 2675 3632 sancto
2700 3592 2961 3651 regressus
2990 3586 3063 3630 est
3093 3576 3155 3629 ab
3176 3573 3410 3632 Iordane
3440 3576 3459 3647 (
3477 3575 3610 3633 Luc.
3641 3582 3742 3647 tv).
3779 3577 3857 3635 Si-

2257 3671 2461 3728 militer
2485 3668 2840 3742 etsanguinis
2866 3669 2983 3739 ejus
3016 3667 3029 3719 i
3068 3668 3252 3723 viuum
3304 3682 3372 3723 ex
3395 3669 3648 3741 pluribus
3666 3671 3850 3741 acinis,

2254 3849 2305 3889 c.
2336 3836 2405 3900 '5,
2437 3832 2585 3887 mille
2616 3844 2791 3904 annos
2822 3839 2952 3904 ante
2992 3828 3164 3904 ipsius
3196 3843 3370 3885 sevum
3402 3840 3555 3885 nata.
3588 3830 3850 3904 Equidem

2256 3905 2598 3976 pergaudeo,
2640 3903 2842 3976 Italicas
2866 3902 3078 3976 linguas
3098 3901 3210 3971 jam
3244 3913 3356 3976 tum
3386 3901 3733 3960 esordieritis
3772 3920 3852 3962 se»

2259 3975 2403 4032 mina
2433 3977 2577 4043 apud
2607 3975 2974 4032 Gaudentium
3010 3984 3256 4029 IIOSU‘UIII
3303 3975 3573 4040 inveniri;
3608 3978 3853 4044 quamvis

2250 4066 2356 4104 non
2383 4048 2505 4104 ideo
2530 4047 2723 4107 Latina
2749 4048 2954 4117 lingua,
2975 4046 3205 4116 ejusque
3224 4062 3358 4101 usus
3380 4045 3678 4105 Gaudentii
3701 4059 3853 4108 ωωιο

2248 4123 2472 4178 omnino
2495 4122 2607 4188 jam
2637 4119 2870 4175 desiisse
2897 4117 3167 4190 putandus
3191 4118 3299 4184 sit;
3331 4132 3456 4190 nam
3487 4122 3565 4175 ttti
3599 4119 3849 4177 animad-

2249 4194 2413 4249 vertit
2451 4194 2622 4249 Janus
2661 4188 2981 4262 Rutgersius
3018 4189 3115 4244 lib.
3156 4205 3317 4262 tvar.
3358 4188 3514 4245 Leot.
3556 4207 3609 4246 c.
3657 4193 3724 4249 15
3763 4194 3851 4247 :si

2246 4267 2387 4339 quod
2426 4263 2690 4339 vorbulum
2720 4258 2836 4339 ja'm
2878 4260 3167 4339 ittclinuntg
3202 4258 3378 4315 Latini
3417 4265 3676 4339 sermonis
3712 4263 3851 4337 puri-

2249 4332 2374 4401 tate,
2409 4354 2472 4391 ea:
2501 4332 2727 4391 alterius
2749 4335 2941 4407 linguae
2967 4334 3093 4405 faece
3124 4333 3378 4389 Romana:
3407 4332 3723 4407 adltwserit,
3748 4352 3848 4391 non

2249 4426 2313 4464 ea:
2342 4426 2399 4463 eo
2429 4411 2605 4463 statim
2647 4409 2881 4480 sequitur
2911 4407 3206 4480 universam
3246 4406 3524 4480 interiisse.
3560 4406 3847 4478 Vulgarcm

2255 4496 2415 4549 porro
2443 4482 2681 4551 linguam
2711 4478 2778 4535 ex
2806 4478 2998 4535 Latina
3030 4479 3173 4551 male
3197 4479 3582 4551 proauntiala,
3609 4487 3665 4533 et
3691 4494 3847 4549 prave

2253 4548 2566 4609 COnstt'ucta
2609 4564 2818 4615 ortam,
2854 4561 3019 4619 atque
3050 4548 3286 4619 exinde,
3326 4550 3632 4605 secundum
3673 4548 3851 4606 diver-

2253 4641 2368 4680 sam
2398 4627 2688 4692 regionum
2719 4634 2772 4679 et
2800 4621 3125 4694 populorum
3151 4620 3418 4694 indolem,
3441 4619 3504 4694 _i_n
3537 4622 3717 4678 varias
3741 4623 3851 4679 diu-

2253 4696 2394 4752 lecto
2412 4720 2421 4747 i
2441 4682 2695 4765 divisam,
2724 4682 2955 4750 insinuat
2978 4691 3320 4765 Footaniuus
3347 4682 3415 4747 de
3440 4682 3610 4751 liorta
3628 4693 3842 4758 Colon.,

2253 4768 2306 4823 in
2338 4766 2600 4839 append.,
2638 4784 2758 4839 pag.
2792 4768 2918 4830 352.
2962 4766 3089 4822 555.
3121 4764 3311 4822 Utrum
3347 4773 3523 4830 recte,
3557 4781 3625 4819 an
3657 4781 3845 4839 secus,

2251 4837 2485 4897 aliorum
2524 4837 2645 4897 esto
2672 4837 2976 4912 judicium;
3026 4851 3270 4912 necego
3301 4852 3643 4912 _magn_0pere
3683 4837 3848 4894 inter-

2251 4912 2423 4976 cedo,
2466 4913 2595 4983 quin
2636 4907 2838 4984 cuique
2877 4918 3040 4982 prout
3083 4908 3255 4973 lubet,
3300 4908 3403 4965 hac
3442 4907 3512 4969 de
3549 4922 3611 4967 re
3645 4912 3847 4967 sentire

2255 4983 2490 5039 liberum
2524 4988 2612 5039 sit.

2325 5065 2350 5104 ε
2388 5056 2615 5111 Videtur
2639 5058 2913 5126 glossema
2939 5055 3042 5110 hoc
3067 5070 3097 5109 ιι
3125 5048 3361 5110 librariis
3389 5044 3662 5109 additum.
3690 5046 3847 5111 Deest

2251 5142 2468 5199 quoque
2497 5128 2547 5183 in
2577 5144 2706 5183 mss.

2324 5195 2353 5237 ιι
2380 5194 2472 5255 Sic
2520 5198 2895 5255 cmerulandus
2934 5197 3224 5254 ridebatur
3262 5198 3490 5254 omnino
3534 5196 3625 5253 hic
3659 5194 3839 5259 locus,

2251 5270 2463 5328 etinusi
2495 5271 2567 5328 ita
2598 5275 2649 5328 in
2682 5271 2830 5327 Flor.
2866 5282 2923 5326 et
2948 5269 3084 5326 Urb.
3125 5287 3229 5324 non
3260 5279 3525 5326 exstaret.
3567 5266 3843 5326 Editiones

2252 5342 2463 5415 etVatt.
2492 5345 2599 5399 duo
2630 5344 3021 5415 praelerunlqui
3050 5343 3305 5397 novimus.

2330 5414 2344 5453 ί
2380 5412 2738 5473 Ιὶυιίιιίιιὶιιιιιε
2764 5412 2972 5486 integra
3005 5417 3108 5471 [ide
3136 5415 3427 5471 lectionem
3460 5414 3607 5470 Flor.
3636 5412 3843 5486 cod._et

2251 5487 2481 5543 duorum
2504 5488 2647 5544 Vatt.
2673 5488 2728 5542 lu
2752 5483 2914 5543 editis
2941 5488 3008 5541 ab
3031 5485 3115 5540 his
3132 5486 3312 5541 verbis
3340 5503 3514 5556 usque
3528 5486 3597 5542 ad
3618 5483 3747 5540 illud
3766 5484 3842 5539 Si-

2250 5561 2527 5618 militerita
2542 5563 2723 5619 omnia
2748 5560 2961 5637 inversa
2991 5574 3056 5614 ac
3080 5564 3397 5637 perturbata
3430 5568 3582 5637 sunt,
3603 5568 3839 5637 ut_nemo

2250 5645 2414 5701 queat
2464 5650 2652 5689 veram
2690 5631 3017 5686 sententiam
3068 5631 3317 5701 elicere;
3350 5637 3407 5684 at
3453 5630 3595 5701 liber
3639 5629 3838 5701 Octavii

2252 5699 2572 5778 Pantagathi
2608 5715 2818 5761 rectam
2854 5704 3146 5778 lectionem
3180 5700 3501 5778 prtelerens,
3532 5699 3841 5763 Florentino

2251 5786 2306 5833 et
2339 5774 2483 5832 Vati.
2516 5778 2728 5833 duobus
2759 5774 2996 5846 perluate
3023 5774 3324 5831 consentit.

2329 5851 2343 5901 i
2408 5851 2709 5907 Prazclarus
2760 5843 2835 5903 'D.
2889 5846 3178 5931 Augusnni
3231 5846 3426 5915 locus,
3471 5852 3639 5903 tract.
3686 5843 3757 5903 εδ
3787 5843 3838 5909 in
