4070 6346
551 317 657 376 863

1645 320 1704 377 S.
1745 317 2122 377 GAUDENTII
2164 323 2430 383 BRIXIE
2471 321 2779 382 EPISCOI‘I

3756 324 3853 384 864

549 436 807 504 nuntiet,
841 436 1041 508 quibus
1074 435 1192 493 ﬁeri
1230 435 1528 493 salubriter
1551 435 1708 507 jubet
1740 436 2022 492 instantia.
2055 437 2154 493 Ju-
2183 443 2234 503 Α
2260 447 2346 496 est
2376 441 2462 496 vel
2490 439 2732 509 cogitare
2758 480 2772 504 ,
2802 437 2946 509 quod
2985 437 3126 492 Deus
3146 479 3161 504 ,
3193 437 3286 508 qui
3334 450 3444 492 non
3476 437 3658 492 solum
3692 437 3859 494 bonus

555 530 710 586 dazos
737 538 866 585 tunc
894 531 948 585 in
976 529 1064 586 his
1114 529 1587 586 observationibus
1633 539 1900 586 secutura:
1946 531 2152 586 verita-

553 623 627 680 tis
655 623 850 679 umbra
877 622 1106 679 salvavit
1133 640 1147 677 :
1185 623 1498 694 signiﬁcans
1530 622 1737 700 pariter
1778 622 1926 694 quod
1957 638 2149 679 eorum

554 719 803 790 posteri,
834 717 1231 773 beneﬁciorum
1269 719 1622 773 immemores
1662 717 1971 774 divinorum
2005 762 2020 785 ,
2077 721 2158 790 ip-

556 827 678 868 sum
708 812 1089 868 advenientem
1117 811 1440 868 trucidaturi
1479 823 1666 868 essent
1693 855 1707 880 ,
1741 815 1895 883 cujus
1921 815 2022 870 sub
2042 794 2160 869 um-

555 904 652 960 bra
699 904 894 960 salvati
940 915 1087 958 sunt.
1122 904 1204 960 Ab
1237 904 1367 974 ipsis
1413 905 1561 960 enim
1605 903 1860 961 Christus
1909 906 1962 960 in
2014 906 2159 962 hunc

556 997 820 1053 mundum
868 997 1094 1052 veniens
1115 1038 1131 1063 ,
1165 997 1295 1051 sicut
1338 998 1444 1052 ovis
1470 998 1540 1051 ad
1570 999 1828 1052 victimam
1872 999 2056 1053 ductus
2084 1010 2159 1054 est

549 1087 687 1161 (Isa.
720 1089 873 1156 un);
905 1090 1061 1157 cujus
1089 1088 1224 1158 Λειιί
1249 1103 1347 1143 nos
1369 1091 1687 1161 sanguinem
1709 1092 1942 1162 (signum
1969 1091 2160 1147 videli-

550 1193 640 1239 cet
682 1179 984 1252 Passionis)
1022 1181 1100 1236 vel
1129 1181 1184 1236 iu
1209 1180 1422 1237 duobus
1455 1183 1706 1253 postibus
1734 1227 1748 1250 ,
1781 1198 1879 1238 seu
1913 1182 2020 1239 ﬁde
2055 1225 2070 1251 ,
2101 1196 2159 1240 et

555 1290 764 1347 opere,
798 1291 895 1331 seu
946 1274 1158 1341 corde,
1215 1286 1268 1330 et
1303 1291 1437 1343 ore;
1492 1286 1520 1315 ι
1563 1277 1646 1332 vel
1700 1277 1753 1331 in
1807 1277 2159 1333 Iimiuaribus

550 1368 820 1425 habentes
853 1380 1166 1425 nostrarum
1201 1368 1466 1426 frontium
1499 1371 1567 1425 ab
1610 1373 1760 1426 omni
1793 1371 2015 1427 incursu
2058 1387 2162 1427 sa:—

545 1463 752 1516 vientis
803 1461 979 1531 plaga:
1031 1462 1391 1532 protegimur.
1426 1462 1582 1530 Quod
1610 1473 1793 1518 autem
1826 1463 2042 1518 decima
2071 1464 2160 1520 die

549 1569 724 1626 agnus
794 1555 1098 1625 accipitur,
1182 1566 1236 1610 et
1307 1556 1714 1625 quartadecima
1788 1557 2156 1624 immolatur,

544 1646 574 1686 δ
610 1649 716 1704 hoc
762 1647 1060 1718 signiﬁcari
1095 1646 1395 1718 perspicio,
1429 1649 1554 1716 quia
1573 1647 1890 1702 Judazorum
1926 1649 2162 1719 populus

551 1733 756 1797 Filium
805 1741 898 1795 Dei
947 1740 1003 1795 in
1052 1739 1327 1811 Decalogo
1374 1740 1534 1811 Legis
1566 1752 1849 1812 acceptum
1885 1788 1898 1810 ,
1956 1752 2010 1797 et
2043 1751 2163 1812 post

2260 534 2551 604 etjustus,
2581 531 2678 587 sed
2723 533 2837 602 ipsa
2868 532 3085 587 bonitas
3113 540 3233 599 est,
3292 531 3310 569 τ
3369 543 3426 588 ει
3464 532 3585 602 ipsa
3610 533 3856 603 iustitia;

2257 627 2344 682 vel
2370 627 2560 698 jubeat
2591 625 2756 699 248
2804 624 3046 695 aliquid,
3097 625 3184 680 vel
3214 635 3371 696 cogat
3423 624 3582 694 ﬁeri,
3642 635 3665 672 Β
3716 624 3854 694 quod

2257 715 2456 776 factum
2509 724 2750 775 damnet.
2803 721 2881 774 An
2939 719 3174 775 fortasse
3231 730 3530 789 putamus,
3587 717 3618 753 ιι
3661 717 3787 789 quia
3815 719 3859 774 si

2261 814 2652 884 paenituissent
2683 812 2946 867 Israelita:
2971 854 2985 879 ,
3009 812 3171 866 aliter
3198 813 3552 881 omnipotens
3580 811 3750 866 Filius
3774 810 3864 866 Dei

2261 909 2475 963 salvare
2507 923 2615 961 non
2664 907 2912 976 potuerit
2957 905 3260 960 mundum?
3285 904 3414 971 Quis
3446 905 3584 957 enim
3637 902 3862 971 coquorit

2261 1019 2468 1057 sensum
2497 999 2713 1055 Domini
2744 1003 2767 1055 ἰ)
2798 1011 2888 1054 aut
2910 1001 3024 1067 quis
3051 1000 3384 1054 consiliarius
3411 1000 3528 1068 ejus
3567 999 3665 1069 fuit
3690 997 3859 1067 (Rom.

2264 1114 2313 1151 ιιι
2333 1142 2346 1164 ,
2377 1097 2468 1165 54)
2493 1097 2517 1150 ?
2543 1095 2844 1150 Considera
2879 1095 2933 1150 in
2971 1095 3265 1164 Evangelio
3292 1135 3306 1160 ,
3339 1093 3618 1162 quomodo
3646 1105 3862 1161 ess-pec-

2263 1191 2455 1246 laverit
2476 1191 2725 1244 Christus
2750 1189 3130 1260 paenitentiam
3159 1187 3481 1243 Judmorum
3507 1204 3520 1250 ;
3553 1186 3646 1240 ubi
3677 1198 3863 1256 expro-

2261 1284 2384 1340 brat
2425 1283 2744 1340 civitatibus
2783 1284 2834 1337 in
2865 1283 3066 1354 quibus
3095 1281 3253 1337 facta:
3286 1290 3414 1335 sunt
3463 1279 3720 1350 plurima:
3760 1282 3861 1333 vir-

2261 1386 2404 1433 tutes
2429 1378 2547 1448 ejus
2573 1419 2587 1444 ,
2621 1377 2765 1447 quod
2796 1391 2901 1431 nou
2933 1377 3142 1447 egerint
3171 1375 3550 1445 paenitentiam
3578 1391 3592 1428 :
3630 1371 3724 1427 Vae
3747 1371 3856 1439 tibi,

2265 1471 2476 1541 inquit,
2513 1469 2824 1524 Chorozaim
2851 1471 2872 1523 !
2901 1485 2978 1524 ua:
3023 1470 3116 1523 tibi
3146 1514 3159 1538 ,
3212 1465 3536 1522 Bethsaida!
3563 1465 3688 1537 quia
3735 1464 3778 1516 si
3811 1463 3860 1516 in

2267 1563 2408 1636 Tyro
2437 1571 2483 1618 et
2518 1563 2718 1619 Sidone
2759 1567 2909 1634 [ante
2951 1571 3119 1617 essent
3155 1562 3370 1616 virtutes
3409 1574 3527 1630 quer
3563 1559 3719 1628 facta
3754 1563 3861 1610 sunt

2264 1657 2318 1711 in
2347 1657 2514 1720 vobis,
2550 1657 2675 1710 olim
2707 1657 2881 1726 utique
2905 1657 2957 1709 in
2999 1655 3172 1709 cilicio
3201 1663 3249 1708 et
3284 1655 3456 1707 cinere
3493 1652 3731 1706 sedentes
3760 1664 3860 1718 pa:-

2266 1750 2537 1804 nitentiant
2567 1749 2808 1822 egissent.
2867 1746 3230 1802 Verumtamen
3266 1747 3378 1799 dico
3421 1743 3600 1798 vobis:
3633 1740 3774 1812 Tyro
3821 1747 3863 1794 et

555 1834 1096 1904 transmigrationem
1162 1833 1496 1906 Babyloais,
1528 1835 1706 1889 tsicttt
1766 1836 2030 1905 scriptum
2078 1847 2162 1891 est
2193 1859 2240 1920 Β
2269 1842 2460 1898 Sidoni
2497 1841 2759 1895 remissius
2801 1841 2896 1894 erit
2926 1841 2980 1893 in
3023 1840 3106 1894 die
3139 1839 3335 1911 judicii
3360 1880 3373 1901 ,
3405 1853 3564 1908 quant
3595 1835 3757 1888 robis.
3802 1831 3862 1886 Et

567 1926 789 1998 (Matth.
840 1928 880 1998 ι)
905 1968 920 1994 ,
954 1926 1361 1994 quartadecima
1389 1928 1752 1998 generatione
1800 1940 2114 1986 nascentem
2145 1975 2160 1998 ,

560 2020 934 2076 cruciﬁxurus
975 2031 1118 2076 esset
1165 2020 1233 2076 ad
1266 2037 1580 2092 veSperum.
1632 2024 1712 2078 Ad
1741 2040 2033 2093 vesperum
2065 2043 2162 2081 au-

562 2119 672 2166 tem
695 2154 709 2178 ,
743 2111 857 2168 sive
883 2111 1044 2183 hujus
1074 2113 1293 2181 mundi,
1322 2113 1445 2185 quia
1479 2116 1796 2172 novissimis
1824 2118 2164 2188 temporibus

564 2204 751 2260 saeculi
798 2220 989 2275 passus
1029 2215 1152 2272 est;
1187 2207 1301 2261 sive
1328 2208 1491 2262 etiam
1525 2209 1590 2263 ad
1623 2210 1792 2279 ipsius
1837 2211 1974 2266 Solis
2004 2227 2164 2267 occa-

561 2315 684 2356 sum
707 2341 723 2368 ,
754 2301 1012 2371 quoniam
1057 2301 1323 2356 cruciﬁxo
1355 2301 1589 2359 Domino
1618 2303 1820 2360 occidit
1851 2305 1954 2360 sol.
2002 2308 2164 2361 Meri-

561 2392 654 2448 die
704 2410 940 2466 namque
984 2396 1046 2450 ab
1075 2395 1204 2450 hora
1251 2406 1394 2451 sexta
1433 2397 1653 2452 tenebrae
1680 2402 1832 2470 facta:
1857 2410 1978 2454 sunt
2009 2417 2167 2473 super

563 2487 860 2542 universam
890 2498 1083 2543 terram
1133 2505 1294 2560 usque
1341 2488 1411 2542 ad
1459 2489 1644 2545 horam
1693 2508 1886 2545 nonam
1945 2492 2163 2562 (Matth.

563 2584 764 2650 xxvn).
808 2580 945 2648 Quid
979 2581 1155 2650 potuit
1203 2592 1460 2636 essetam
1505 2585 1838 2654 vesperum?
1869 2584 1979 2639 Nec
2030 2585 2166 2640 illttd

565 2670 806 2725 Otiosum
849 2683 1039 2740 putes,
1072 2671 1216 2741 quod
1250 2687 1373 2726 cum
1408 2674 1662 2742 superius
1695 2676 2021 2746 imperativo
2051 2691 2169 2732 mo-

565 2763 637 2818 do
663 2763 875 2818 dictum
924 2766 1032 2830 sit,
1064 2774 1269 2819 sumant
1299 2781 1438 2818 orem
1470 2783 1562 2834 per
1590 2768 1804 2834 domos,
1833 2769 1969 2822 infra
2025 2769 2169 2823 indi-

568 2856 747 2911 cativo
778 2856 943 2913 modo
976 2858 1396 2924 pronuntietur,
1428 2860 1661 2913 occident
1693 2877 1813 2914 eum
1839 2861 2004 2914 omnis
2033 2860 2170 2914 mul-

569 2952 738 3005 titudo
788 2968 1064 3026 synagoga:
1085 2952 1316 3021 ﬁliorum
1350 2950 1518 3006 Israel
1550 2963 1570 2991 ο
1597 2954 1664 3006 ad
1691 2970 1973 3020 respcram.
2010 2953 2165 3008 Occi-

563 3047 718 3115 ἄρηι,
747 3049 857 3114 ait;
893 3063 998 3103 non
1028 3090 1042 3114 ,
1077 3048 1337 3102 occidant.
1367 3048 1650 3119 Synagoga
1700 3049 1901 3118 quippe
1948 3047 2167 3104 Judaeu-

558 3154 679 3194 rum
707 3139 849 3210 quod
882 3151 1002 3195 erat
1047 3141 1349 3195 crudeliter
1399 3142 1637 3206 factura,
1674 3140 1998 3210 przedictum
2032 3150 2118 3194 est
2149 3158 2162 3204 ;

561 3250 696 3300 non,
727 3246 783 3289 ut
813 3235 965 3289 ﬁeret
994 3278 1008 3301 ,
1035 3234 1250 3304 jussum
1282 3243 1366 3288 est
1397 3251 1410 3288 :
1461 3230 1488 3269 ά
1536 3249 1638 3288 nec
1664 3233 1790 3288 ideo
1819 3231 2022 3287 factum
2050 3242 2160 3298 est,
2192 3267 2238 3329 C

562 3327 688 3396 quia
739 3325 1059 3395 praedictum
1089 3335 1228 3389 erat;
1257 3324 1353 3380 sed
1383 3323 1508 3379 ideo
1546 3325 1868 3395 prardictnm
1898 3335 2002 3390 est,
2038 3325 2163 3395 quia

560 3429 680 3475 erat
728 3419 1013 3487 futurum;
1049 3431 1107 3473 ιιι
1148 3418 1548 3488 przescicntiam
1601 3435 1752 3472 suam
1804 3419 1945 3473 Deus
1987 3418 2039 3472 in
2077 3417 2164 3472 his

559 3526 682 3582 quae
714 3527 811 3580 per
841 3513 1149 3567 libertatem
1182 3511 1397 3566 arbitrii
1431 3510 1717 3566 hominum
1763 3511 1942 3566 futura
1965 3522 2121 3566 erant
2149 3555 2163 3579 ,

560 3603 900 3660 ostenderet.
957 3604 1290 3658 Libertatem
1339 3603 1579 3658 diximus
1627 3603 1878 3670 arbitrii,
1911 3606 2036 3674 quia
2069 3620 2164 3657 vo-

566 3695 784 3752 luerunt
835 3696 1008 3753 Judaei
1037 3697 1214 3751 facere
1245 3697 1390 3766 quod
1444 3695 1719 3752 fecerunt:
1750 3708 1804 3752 et
1835 3699 2020 3767 utique
2059 3708 2080 3736 ε
2120 3699 2165 3752 si

565 3788 870 3844 noluissent
898 3833 911 3856 ,
948 3805 1052 3844 non
1087 3788 1367 3844 fecissent.
1415 3787 1580 3844 Certe
1611 3790 1844 3860 ingentis
1889 3790 2167 3861 sacrilegii

641 4011 668 4041 τι
706 4001 771 4055 1η
802 4003 1063 4058 liminibus
1113 4004 1295 4075 legunt
1347 4003 1518 4060 Vatic.
1582 4011 1814 4074 uterque
1840 4047 1854 4071 ,
1892 4003 2040 4059 Flor.
2098 4014 2154 4058 et

570 4073 736 4147 Urh.;
768 4078 858 4146 qni
901 4077 1145 4147 proiecto
1171 4073 1358 4131 'codd.
1393 4090 1697 4130 consensus
1733 4073 2029 4130 monuisse
2060 4075 2155 4130 de-

568 4146 759 4201 buerat
804 4146 968 4201 etiam
1019 4150 1069 4201 in
1123 4149 1292 4218 priori
1342 4147 1584 4202 editione
1635 4163 1731 4217 pro
1785 4148 2151 4216 liminaribus,

564 4218 708 4289 quod
741 4218 968 4275 barbare
995 4221 1200 4275 dictum
1220 4265 1235 4288 ,
1266 4220 1683 4289 supponendum
1715 4234 1840 4274 esse
1860 4219 2148 4274 liminibus.

563 4287 708 4344 Infra
729 4306 982 4362 quoque,
1007 4308 1172 4347 serm.
1201 4287 1234 4346 6
1263 4287 1387 4346 iuit.
1418 4291 1617 4356 habet,
1648 4294 1786 4361 quod
1813 4291 1946 4344 illud
1971 4290 2151 4358 limen,

563 4370 621 4414 et
647 4361 712 4414 ad
747 4363 839 4415 ﬁn.
866 4361 938 4416 'in
964 4365 1139 4418 limine
1190 4365 1373 4432 frontis
1401 4379 1418 4428 ;
1470 4379 1636 4428 quare
1665 4379 1692 4415 a
1726 4378 1858 4416 mss.
1920 4365 2158 4416 lectione

536 4449 668 4486 "non
703 4445 785 4487 est
834 4435 1227 4490 recedendum.
1275 4434 1409 4489 Cod.
1443 4434 1652 4489 Octavii
1696 4434 2018 4503 Pantagathi
2053 4449 2152 4504 pro

2270 1942 2323 1987 tu
2340 1977 2353 2000 ,
2377 1930 2767 2005 Capharnaum,
2793 1949 2909 2005 qua:
2935 1951 3095 2002 usque
3115 1934 3167 1986 in
3191 1931 3377 1987 coelum
3397 1931 3694 1998 extolleris,
3717 1943 3864 1997 usque

2265 2027 2318 2080 in
2351 2027 2612 2094 infernum
2644 2026 2988 2098 demet-geris,
3023 2026 3199 2094 inquit
3227 2043 3242 2090 ;
3270 2025 3393 2096 quia
3430 2027 3476 2078 si
3505 2024 3561 2076 in
3614 2021 3854 2076 Sodomis

2265 2121 2418 2186 facta:
2449 2118 2666 2188 fuissent
2701 2117 2914 2172 virtutes
2952 2133 3068 2187 qua:
3101 2118 3254 2185 {actae
3283 2124 3402 2170 sunt
3435 2116 3488 2168 in
3513 2125 3562 2169 te
3587 2157 3603 2181 ,
3637 2112 3855 2166 mansis-

2265 2219 2376 2263 sent
2399 2211 2570 2280 utique
2596 2226 2757 2281 usque
2785 2209 2839 2262 in
2875 2209 3181 2263 hodiernum
3221 2209 3390 2274 diem;
3421 2209 3512 2262 sed
3543 2215 3720 2260 tamen
3753 2205 3861 2258 dico

2267 2301 2438 2370 vobis,
2464 2303 2584 2373 quia
2617 2312 2764 2356 terra:
2787 2301 3141 2357 Sodomorum
3170 2289 3432 2356 remissius
3461 2301 3565 2356 erit
3601 2301 3655 2354 in
3688 2301 3772 2353 die
3784 2301 3868 2370 ju-

2269 2397 2396 2450 dicii
2426 2441 2439 2464 ,
2492 2414 2645 2468 quam
2713 2397 2854 2452 vobis
2905 2395 3139 2467 (Matth.
3188 2413 3281 2464 x1;
3336 2396 3464 2450 Luc.
3515 2397 3608 2466 ιι).
3652 2394 3667 2432 ί
3733 2395 3868 2449 Prte-

2268 2492 2501 2546 scientia
2551 2491 2772 2562 quidem
2809 2492 2906 2548 Dei
2936 2508 3043 2546 non
3090 2493 3338 2556 fallitur;
3371 2491 3468 2546 sed
3518 2506 3624 2546 nec
3671 2488 3868 2544 homini

2269 2598 2532 2638 concessa
2564 2585 2736 2638 semel
2781 2584 3084 2638 voluntatis
3115 2583 3335 2637 libertas
3383 2583 3670 2648 aufertur,
3705 2595 3770 2636 ne
3797 2578 3870 2634 ηις

2270 2675 2342 2731 hil
2379 2681 2390 2727 l
2433 2678 2500 2732 de
2527 2694 2592 2733 eo
2619 2677 2867 2746 judicare
2916 2677 3091 2747 possit
3138 2678 3228 2746 qui
3255 2677 3400 2731 liber
3452 2691 3565 2730 non
3616 2675 3782 2729 luerit
3819 2674 3868 2727 in

2269 2771 2501 2842 agendo.
2558 2772 2923 2826 Pertinaciam
2975 2770 3104 2824 mali
3163 2771 3390 2825 damnat
3437 2769 3589 2824 Deus
3647 2782 3870 2824 conver-

2269 2867 2482 2920 sionem
2532 2865 2847 2934 poeniteutis
2893 2863 3268 2932 amplectitur.
3312 2862 3421 2918 Sed
3467 2862 3625 2918 dicas
3662 2879 3675 2914 :
3714 2860 3869 2916 Num-

2271 2956 2397 3028 quid
2415 2957 2632 3011 mentiri
2657 2955 2677 2992 ιε
2699 2957 2878 3026 p0tuit
2902 2957 3062 3019 Deus,
3095 2957 3185 3026 qui
3207 2956 3456 3010 facturos
3473 2969 3570 3009 cos
3603 2953 3866 3024 praedixe-

2271 3051 2339 3103 rit
2380 3049 2528 3119 quod
2577 3049 2864 3105 fecerunt?
2893 3049 3110 3116 Quanta
3134 3050 3209 3102 sit
3239 3051 3411 3102 virtus
3456 3045 3869 3116 omllipuleltliill

2271 3143 2390 3208 ejus
2420 3144 2439 3184 l
2474 3158 2578 3197 non
2618 3144 2965 3212 assequimur
2990 3182 3005 3206 ,
3049 3141 3138 3211 qui
3170 3148 3316 3194 vocat
3361 3156 3424 3193 ea
3478 3155 3597 3209 qua!
3631 3154 3734 3192 non
3760 3145 3870 3191 sunt

2271 3245 2534 3304 tamquam
2578 3251 2694 3306 qua:
2735 3243 2851 3288 sunt
2880 3231 3064 3305 (Rom.
3093 3247 3181 3298 tv,
3218 3232 3331 3303 l7).
3366 3232 3585 3286 Mentiri
3619 3246 3746 3286 eum
3780 3245 3865 3300 pu-

2272 3335 2510 3382 taremus
2553 3327 2831 3397 potuisse,
2863 3325 2909 3379 si
2939 3340 3000 3379 ea
3032 3341 3152 3393 qum
3181 3324 3437 3393 ιιιεεάἰιιίι
3461 3365 3475 3389 ,
3509 3323 3739 3393 impleta
3768 3337 3867 3376 non

2268 3419 2520 3474 fuissent.
2553 3422 2694 3490 Ergo
2717 3427 2772 3475 et
2793 3418 3051 3474 Ninivitis
3075 3419 3339 3474 mentitus
3364 3419 3493 3472 est?
3532 3419 3686 3472 Dixit
3711 3418 3864 3485 enim,

2267 3514 2440 3567 adhuc
2470 3515 2740 3578 triduum,
2770 3524 2816 3567 et
2853 3510 3042 3566 Ninive
3074 3522 3114 3549 ω
3151 3523 3406 3567 evertetur
3435 3510 3625 3582 (lance
3650 3527 3744 3577 ιιι,
3771 3526 3863 3564 sec.

2271 3604 2438 3677 LXX)
2469 3623 2481 3658 :
2509 3615 2564 3661 et
2608 3621 2798 3661 eversa
2830 3621 2938 3660 non
2992 3614 3121 3669 est,
3153 3605 3277 3674 quia
3333 3605 3726 3673 ptnnitentiam
3769 3602 3868 3673 egit

2266 3698 2320 3753 in
2381 3699 2771 3769 praedicatione
2836 3697 3012 3754 Jonae.
3074 3707 3100 3733 υ
3171 3697 3280 3752 Sed
3339 3696 3615 3766 intellige.
3685 3698 3865 3753 Sermo

2269 3791 2365 3848 Dei
2414 3791 2621 3863 gladius
2674 3801 2761 3847 est
2815 3807 2878 3846 ex
2935 3801 3162 3861 utraque
3224 3799 3381 3860 parte
3420 3799 3618 3845 acutus
3676 3787 3862 3861 (Hebr.

2269 4003 2403 4057 illud
2422 4001 2647 4058 admisit
2671 4001 2720 4055 in
2747 3998 3307 4071 lcxtum;eodemque
3321 3999 3456 4055 vitio
3474 3999 3694 4054 laborat
3713 3998 3864 4054 etiam

2266 4075 2408 4130 liber
2439 4074 2783 4144 Fantagathi.

2337 4145 2364 4184 ¹ι
2403 4143 2777 4216 Pantagathus
2818 4145 2872 4199 in
2931 4145 3174 4215 margine
3219 4143 3589 4216 rescripserat
3637 4144 3760 4212 quin
3787 4144 3865 4216 si;

2267 4229 2323 4272 et
2352 4221 2402 4272 in
2435 4215 2626 4271 eodem
2672 4219 2811 4271 libro
2841 4217 2932 4270 ubi
2965 4219 3195 4272 inferius
3231 4215 3363 4271 editi
3407 4218 3609 4270 habent
3639 4233 3795 4287 usque
3818 4215 3865 4266 in

2267 4287 2574 4344 hodiernum
2621 4289 2790 4355 diem,
2832 4289 3030 4359 legitur
3081 4289 3152 4343 ibi
3207 4298 3418 4341 tantum
3467 4304 3636 4357 usque
3681 4289 3736 4340 in
3777 4288 3864 4340 lto-

2269 4361 2523 4416 diernum.

2341 4433 2356 4469 ί
2405 4434 2556 4486 llnnc
2583 4432 2757 4485 locum
2791 4431 3131 4501 designavit,
3173 4431 3267 4486 ubi
3295 4431 3365 4485 de
3393 4431 3749 4499 pnescientia
3780 4432 3862 4486 Dei

564 4506 830 4559 liminibus
867 4509 1022 4573 lapsu
1055 4507 1261 4560 librarii
1293 4504 1484 4559 scribit
1515 4505 1835 4570 luminibus;
1867 4505 1965 4560 sed
1991 4505 2152 4559 etiam
2183 4511 2237 4572 Ι)
2263 4505 2430 4559 verba
2483 4505 2718 4568 faciens,
2751 4505 3047 4558 nonnullos
3091 4519 3158 4558 ex
3187 4503 3445 4557 Patribns
3477 4503 3701 4566 laudat,
3735 4506 3866 4558 inter

569 4575 672 4631 hoc
704 4577 868 4630 modo
897 4581 1189 4646 genuinam
1217 4578 1507 4631 lectionem
1543 4579 1765 4631 asserit.

637 4650 663 4688 δ
707 4649 764 4720 lu
795 4664 926 4701 mss.
958 4651 1065 4703 haec
1095 4649 1404 4720 signiﬁcari.

644 4724 667 4752 ο
713 4719 952 4787 Uterque
996 4717 1160 4785 Vat,
1198 4717 1326 4774 Urb.
1371 4728 1425 4772 et
1459 4718 1711 4787 Lugdun.
1747 4718 1922 4774 editio
1948 4717 2016 4770 ad
2044 4733 2154 4771 ves-

569 4804 790 4856 perum,
823 4791 978 4844 sicuti
1028 4793 1191 4844 etiam
1224 4789 1563 4845 Gaudentius
1618 4791 1734 4859 ipse
1785 4789 1946 4858 paulo
1996 4801 2156 4842 antea

568 4874 674 4931 non
712 4875 815 4913 una
847 4861 983 4915 vice.
1017 4863 1158 4914 Vatt.
1203 4863 1333 4915 item
1365 4865 1540 4929 supra
1567 4875 1620 4916 et
1663 4860 1902 4915 Urbinas
1943 4875 2160 4931 quoque

565 4930 715 5001 istius
760 4930 914 4994 solis,
951 4947 1048 5001 pro
1078 4934 1281 4997 ipsius;
1311 4947 1434 5001 qua!
1471 4941 1590 4986 esto
1630 4933 1764 4992 levia
1795 4934 1905 4986 sint
1930 4974 1944 4995 ,
1969 4930 2159 4986 tamen

571 5000 827 5072 duximus
865 5000 971 5055 non
1002 5000 1496 5072 praetermittenda.

639 5069 666 5107 ἀ
707 5072 832 5126 llaec
864 5069 1050 5129 verba
1102 5074 1297 5129 desunt
1328 5077 1377 5128 iu
1413 5090 1543 5129 mss.
1571 5074 1702 5127 vitio
1732 5084 1883 5129 certe
1910 5073 2162 5128 librario-

569 5159 714 5208 rum,
747 5145 905 5198 aliter
951 5149 1094 5199 enim
1127 5148 1400 5201 sententia
1433 5163 1538 5200 non
1570 5157 1821 5211 constat;
1851 5161 1959 5217 qua
1999 5148 2160 5217 Culpa

573 5230 683 5270 non
709 5228 854 5271 caret
887 5219 1052 5272 etiam
1084 5219 1219 5273 liber
1261 5217 1472 5273 Octavii
1501 5219 1848 5286 Pantagathi.

642 5298 664 5323 ο
707 5289 800 5343 Sic
830 5286 1196 5343 Florentitms.
1253 5289 1396 5342 Vatt.
1446 5291 1555 5343 duo
1595 5298 1758 5352 atque
1785 5290 1913 5343 editi
1959 5290 2156 5342 voluis-

562 5368 693 5412 sent.
727 5360 883 5415 Male.
918 5363 976 5413 In
1010 5376 1112 5413 ms.
1137 5361 1472 5428 Pantagathit
1502 5363 1546 5413 si
1571 5360 1872 5431 (noluissent
1897 5379 1997 5413 non
2027 5363 2161 5431 [ece-

563 5440 721 5502 rant,
771 5445 825 5486 at
875 5433 1047 5501 ipsius
1096 5448 1255 5487 manu
1308 5435 1359 5484 in
1411 5429 1658 5502 margine
1707 5429 2035 5502 rescriptum
2078 5442 2164 5487 est

563 5501 812 5571 facerent.
1541 5501 1546 5502 ⁷
1662 5534 1671 5542 ο

644 5573 661 5611 ί
709 5574 851 5629 Vatt.
885 5574 996 5630 duo
1017 5616 1034 5642 ,
1067 5587 1114 5629 et
1159 5577 1213 5629 in
1258 5588 1416 5640 apere
1436 5572 1668 5643 justitia.

634 5655 659 5693 ις
699 5644 896 5701 Nescio
947 5649 1221 5717 quomodo
1257 5648 1364 5698 huc
1415 5645 1702 5717 irrepserit
1731 5645 1959 5717 verbum
1990 5645 2161 5698 admi-

560 5716 824 5790 rabiliter,
853 5714 996 5788 quod
1021 5720 1215 5790 legitur
1246 5720 1301 5772 in
1332 5730 1465 5771 mss.
1489 5714 1765 5790 Scriptum
1791 5726 1910 5790 erat
1931 5716 2164 5790 fortasse

561 5788 628 5861 ad
660 5804 812 5844 oram
847 5787 1052 5861 paginae
1077 5787 1152 5846 ab
1191 5791 1384 5861 aliquo
1407 5787 1541 5861 ,cui
1586 5797 1729 5861 totus
1756 5788 1842 5842 hic
1871 5787 2163 5861 Gaudentii

568 5858 720 5914 locus
775 5854 943 5917 valde'
984 5854 1305 5932 placuerat;
1355 5858 1482 5917 dein
1547 5859 1896 5915 librariorum
1951 5854 2165 5914 inscitia

2261 4589 2398 4644 quos
2421 4587 2474 4630 et
2495 4575 2856 4630 Gaudentium
2891 4576 3207 4630 Brixiauum
3230 4617 3243 4637 ,
3280 4575 3643 4628 doctissimus
3685 4589 3865 4629 auctor

2261 4646 2456 4713 Operis
2485 4647 2551 4701 de
2578 4647 2950 4702 Moderatione
2990 4648 3334 4718 ingeniorum
3388 4645 3661 4718 adversus
3707 4646 3867 4718 Joan-

2264 4733 2389 4843 I‘tlem
2421 4718 2828 4841 tPhereponnm
2851 4759 2866 4784 ,
2914 4719 3010 4774 lib.
3043 4717 3138 4786 ιιι,
3165 4733 3287 4788 cap.
3319 4718 3384 4784 7,
3436 4734 3490 4788 p.
3526 4717 3637 4773 ’585
3667 4764 3681 4787 ,
3741 4717 3862 4773 edit.

2313 4805 2414 4843 ene
2447 4829 2459 4842 .

2313 4799 2459 4844 enet.

2339 4864 2352 4909 ι
2407 4860 2555 4915 Flor.
2585 4861 2710 4916 cod.
2734 4861 2971 4933 judicari
2999 4904 3009 4921 ,
3043 4877 3166 4931 quae
3194 4861 3430 4915 fortasse
3481 4870 3567 4914 est
3611 4876 3740 4916 vera
3764 4861 3865 4917 lec-

2266 4934 2376 5002 tio,
2408 4935 2651 5001 mihique
2681 4935 2851 5002 inagis
2881 4933 3126 4996 arridet,
3170 4933 3292 4988 licet
3327 4943 3543 4987 mutare
3577 4935 3857 4988 noluerim.

2263 4999 2502 5129 .Ii’udicari
2534 4999 2682 5125 llegit
2733 4999 2895 5059 etiam
2928 5005 3054 5059 cod.
3104 5021 3206 5058 ms.
3241 5004 3333 5075 qui
3366 5005 3468 5058 fuit
3499 5006 3630 5058 olim
3662 5003 3860 5060 Octavii

2310 5085 2526 5129 antagat
2552 5090 2608 5126 Il.

2310 5085 2608 5128 antatzatht.

2405 5090 2430 5125 a
2597 5115 2608 5126 .

2633 5146 2916 5216 utriusque
2967 5146 3086 5202 Vat.
3137 5157 3192 5202 et
3235 5147 3362 5204 Urb.
3389 5193 3402 5218 ,
3437 5160 3642 5219 poterat
3677 5150 3814 5205 Deus
3838 5188 3852 5212 ,

2265 5218 2354 5286 qui
2386 5221 2616 5290 {acturos
2666 5235 2748 5272 eos
2798 5220 3156 5288 ριτεάἱέιρναι,
3189 5221 3384 5290 quibus
3435 5218 3652 5277 accedit
3705 5225 3857 5279 etiam

2266 5291 2390 5359 cod.
2437 5288 2781 5359 Pantagathi.

2345 5357 2363 5396 1
2407 5359 2564 5438 [tam
2590 5357 2722 5414 mss.
2762 5361 2902 5438 Editi
2925 5403 2938 5425 ,
2963 5363 3218 5416 mendose
3247 5407 3278 5438 ,Α
3305 5379 3415 5438 non
3464 5367 3852 5438 consequimur.

2337 5441 2379 5467 ηι
2403 5430 2738 5486 Subvertetur
2790 5436 2989 5487 habent
3018 5446 3149 5488 mss.
3182 5434 3374 5498 cotld.,'
3401 5437 3490 5490 cui
3528 5430 3744 5493 lectioni
3787 5436 3856 5491 la-

2269 5512 2358 5574 vet
2383 5501 2630 5572 Vulgata.
2662 5502 2734 5558 At
2779 5504 3020 5556 triduum
3056 5520 3218 5574 porro
3241 5551 3252 5571 ,
3286 5519 3341 5558 ut
3375 5507 3449 5559 ait
3480 5507 3856 5564 Gaudentius?

2269 5573 2362 5628 Sic
2391 5577 2638 5641 profecto
2681 5577 2866 5644 legunt
2910 5573 3074 5642 LXX,
3120 5586 3359 5645 Itemque
3407 5577 3745 5645 Augustinus
3773 5581 3852 5634 lib.

2269 5659 2397 5724 svnt
2422 5645 2761 5724 de_Civ:__Dei
2791 5661 2842 5724 ε.
3001 5647 3251 5724 \fulgataJ
3271 5665 3399 5702 vero
3445 5645 3622 5724 adhuc
3644 5653 3856 5724 quadra-

2269 5717 2414 5842 ginta
2452 5718 2584 5845 dies5.
2617 5717 2890 5773 Videndus
2931 5717 3193 5775 Melcliior
3212 5719 3393 5776 Canus
3431 5723 3500 5778 de
3537 5717 3852 5782 loc."l‘heol.

2295 5825 2308 5841 .
2341 5804 2423 5845 ιιι.
2454 5803 2502 5843 c.
2591 5832 2602 5843 .

2295 5825 2308 5841 ο
2341 5804 2423 5851 XI,
2454 5803 2502 5843 C.
2549 5803 2602 5845 5.

2345 5868 2368 5894 "
2409 5860 2466 5916 lu
2501 5875 2635 5919 mss.
2678 5861 2910 5933 intellige
2929 5863 3049 5933 quia
3080 5879 3243 5920 sermo
3276 5863 3393 5920 Dei.
