4070 6346
201 330 306 388 863

1104 324 1336 387 SEMIO
1371 325 1466 398 ill,
1508 323 1600 385 DE
1641 323 1854 387 EXODI
1890 314 2240 385 LECTIONE
2278 321 2607 385 TERTIUS.

3409 323 3520 384 866

201 444 300 515 ιν).
356 439 550 496 Ninive
617 439 780 496 aliter
835 441 1130 498 evertenda
1182 442 1363 499 fuerat
1386 485 1401 509 ,
1449 455 1505 499 et
1532 454 1557 480 ιι
1602 457 1792 498 eversa
1820 443 1872 502 Α
1897 444 2017 512 quia
2043 438 2196 494 Jestts
2226 451 2296 495 est
2326 440 2564 494 Christus
2589 434 2759 491 Filius
2791 433 2910 504 Dei,
2945 443 2993 491 et
3023 445 3078 492 ut
3099 437 3364 493 credentes
3388 481 3402 504 ,
3440 441 3518 492 vi-

201 544 283 590 est
334 536 515 590 aliter.
544 535 855 590 Evertenda
911 537 1083 591 luerat
1137 539 1354 592 excidio
1387 579 1401 603 ,
1449 539 1492 593 si
1548 553 1802 609 perman-

201 628 368 682 sisset
434 627 488 680 in
562 641 659 682 sua
716 629 1005 700 nequitia:
1091 629 1117 667 ι)
1188 646 1381 685 eversa
1449 640 1532 686 est
1601 629 1803 701 iniqui-

201 730 284 776 tas
309 718 476 792 249
503 719 654 789 ejus,
685 723 810 791 quia
846 722 1116 791 paenituit.
1169 723 1320 778 Sicut
1362 724 1517 778 distat
1565 724 1744 777 coelum
1776 740 1806 776 a

203 821 364 880 terra,
399 813 536 868 dicit
570 814 710 868 Deus
739 815 1069 882 hominibus,
1103 816 1178 869 ita
1215 816 1409 870 distant
1447 833 1626 869 sensus
1653 817 1752 869 mei
1776 831 1808 869 a

200 906 436 962 sensibus
480 908 690 974 vestris,
727 917 773 962 et
805 909 1136 980 cogitationes
1166 925 1292 964 mea:
1335 927 1366 963 a
1411 910 1807 982 cogitationibus

200 1000 380 1055 vestris
411 999 514 1071 (Is.
541 1001 656 1070 Lv).
687 1001 957 1071 Scriptum
987 1011 1070 1057 est
1102 1019 1115 1056 :
1168 1002 1370 1056 Altiora
1413 1013 1460 1056 te
1500 1019 1562 1055 ne
1586 1002 1804 1072 quanic-

202 1095 296 1161 ris,
327 1105 375 1148 et
404 1095 712 1148 sublimiora
757 1105 804 1148 te
831 1113 893 1149 ne
922 1104 1178 1150 scrutatus
1207 1096 1366 1166 fueris
1391 1112 1409 1162 ;
1453 1097 1642 1149 multos
1674 1095 1810 1148 enim

200 1185 562 1259 supplantavit
617 1188 843 1258 suspicio
875 1203 1048 1241 eorum
1078 1185 1279 1258 (Eccli.
1310 1203 1391 1253 tu,
1423 1186 1552 1257 Ἡ).
1591 1185 1809 1241 Justum

202 1277 388 1350 itaque
417 1290 437 1319 ο
474 1280 638 1335 crede
670 1279 984 1345 Dominum,
1032 1280 1376 1345 charissime,
1427 1289 1482 1336 et
1508 1295 1725 1346 verum,
1757 1285 1814 1335 et

201 1372 348 1442 pium
378 1371 434 1426 in
469 1372 733 1428 omnibus
760 1371 948 1439 dictis,
970 1382 1133 1444 atque
1153 1373 1416 1442 operibus
1438 1373 1577 1438 suis,
1606 1380 1666 1428 ut
1691 1388 1816 1442 per-

202 1465 404 1524 fectam
426 1467 750 1537 sapientiam
769 1467 1146 1536 consequaris.
1170 1466 1348 1540 Agnus
1362 1467 1507 1521 enim
1530 1469 1812 1539 perfectus,

200 1559 471 1614 masculus
495 1600 511 1624 ,
543 1559 720 1630 inquit
746 1601 761 1624 ,
792 1561 1064 1614 anniculus
1108 1560 1203 1614 erit
1233 1559 1374 1614 vobis
1404 1557 1622 1631 (Exod.
1657 1559 1809 1632 xu):

204 1663 262 1708 ut
294 1654 432 1708 nihil
460 1653 739 1710 mediocre
760 1654 826 1709 de
857 1653 1100 1725 perfecto
1121 1653 1350 1719 sentias,
1384 1654 1516 1708 nihil
1542 1653 1813 1708 inﬁrmum

205 1745 273 1802 de
302 1745 588 1814 masculo,
623 1747 757 1801 nihil
804 1746 872 1802 de
902 1747 1162 1802 anniculo
1191 1745 1574 1818 semiplenum.
1627 1747 1813 1803 Perfe-

203 1848 323 1895 ctus
351 1848 454 1905 est,
486 1839 610 1910 quia
638 1840 691 1892 in
723 1856 782 1893 eo
811 1838 1058 1893 habitavit
1087 1841 1251 1894 omnis
1271 1840 1540 1911 plenitudo
1569 1839 1816 1894 divinita—

205 1932 275 1986 tis
297 1932 645 2000 corporaliter
676 1934 692 2002 (
718 1929 920 1986 Coluss.
945 1948 982 1986 ιι
1004 1933 1047 2004 ).
1094 1932 1370 1987 Masculus
1402 1943 1486 1988 est
1507 1976 1520 1999 ,
1559 1931 1586 1970 (ί
1617 1936 1814 2004 quippe

205 2026 329 2097 quia
362 2027 445 2080 vir
473 2026 623 2080 nasci
651 2025 906 2096 dignatus
929 2037 1014 2082 est
1042 2041 1111 2081 ex
1139 2025 1381 2096 Virgine,
1416 2034 1472 2080 ut
1501 2028 1655 2082 sexui
1682 2028 1815 2082 utri-

207 2134 313 2191 que
342 2119 680 2175 consuleret.
716 2119 1018 2175 Anniculus
1053 2127 1138 2173 est
1165 2161 1179 2184 ,
1220 2119 1348 2190 quia
1390 2127 1514 2190 post
1551 2118 1682 2174 illud
1713 2120 1817 2174 Ba-

206 2212 464 2282 ptismum
503 2220 525 2248 °
559 2210 703 2280 quod
752 2227 853 2279 pro
893 2210 1133 2265 nobisin
1174 2209 1416 2266 Jordane
1468 2221 1812 2282 susceperat,

211 2303 234 2344 τ
266 2322 438 2376 usque
469 2305 540 2360 ad
588 2305 868 2360 Passionis
908 2319 1022 2360 suae
1070 2304 1211 2359 diem
1254 2305 1413 2358 unius
1447 2306 1571 2359 anni
1606 2315 1818 2376 tempus

206 2398 509 2470 impletur;
560 2408 616 2454 et
666 2414 727 2454 ea
772 2407 978 2452 tantum
1027 2398 1228 2468 scripta
1268 2407 1395 2451 sunt
1426 2397 1478 2452 in
1511 2399 1818 2470 Evangeliis

207 2509 328 2565 quae
360 2495 411 2548 in
442 2493 538 2548 illo
564 2508 710 2548 anno
741 2493 824 2548 vel
855 2493 1077 2559 docuit,
1128 2491 1215 2548 vel
1243 2490 1372 2547 fecit
1398 2533 1413 2559 ,
1461 2507 1563 2548 nec
1594 2494 1705 2563 ipsa
1740 2502 1819 2548 ta-

208 2603 334 2644 men
380 2587 586 2643 omnia.
641 2587 731 2643 Sic
774 2587 922 2642 enim
971 2585 1103 2640 dicit
1145 2585 1487 2656 Evangelista
1529 2585 1766 2641 Joannes
1801 2603 1814 2640 :

210 2682 385 2739 Multa
415 2683 628 2755 quidem
671 2692 720 2736 et
767 2681 874 2735 alia
920 2683 1069 2753 signa
1108 2682 1226 2753 fecit
1256 2680 1410 2734 Jesus
1456 2682 1510 2734 in
1549 2691 1820 2752 conspectu

210 2776 591 2844 discipulorum
620 2789 866 2836 suorum,
903 2782 928 2819 ε
955 2787 1145 2828 eorum
1175 2773 1374 2842 quippe
1403 2787 1538 2844 quos
1564 2783 1689 2845 post
1718 2774 1820 2829 Ba-

209 2868 469 2937 ptisninm
498 2865 756 2921 scribitur
781 2865 1012 2936 elegisse
1037 2906 1052 2930 ,
1101 2881 1218 2935 qua:
1256 2881 1356 2918 non
1383 2873 1502 2918 sunt
1536 2868 1726 2937 scripta
1765 2867 1819 2921 in

211 2957 308 3013 hoc
339 2961 472 3014 libro
513 2975 532 3013 :
576 2958 685 3012 hinc
713 2966 886 3012 autem
911 2958 1103 3027 scripta
1131 2965 1273 3023 sunt,
1302 2967 1356 3010 ut
1385 2955 1548 3028 250
1573 2958 1816 3027 credatis,

1907 543 2012 586 tant
2042 543 2286 587 aeternam
2317 531 2546 586 habeatis
2574 531 2627 584 in
2655 530 2857 584 nomine
2891 530 3002 599 ejus
3035 529 3054 601 (
3077 529 3238 584 Joau.
3267 547 3332 585 ιε
3364 530 3406 601 ).
3443 531 3522 588 De

1911 627 1993 680 his
2024 636 2211 683 autem
2242 643 2362 698 qua:
2393 637 2520 682 ante
2569 625 2716 680 illum
2751 626 2919 696 gessit
2947 641 3148 680 annum
3175 667 3191 691 ,
3244 625 3328 680 sic
3377 625 3522 683 idem

1909 720 2146 776 Joannes
2170 722 2221 774 in
2249 721 2538 789 postremis
2570 720 2917 776 sermonibus
2946 719 3075 776 libri
3097 730 3364 776 testatur:
3391 720 3532 779 Sunt

1909 822 2080 867 autem
2111 822 2159 867 et
2186 813 2349 866 multa
2380 814 2483 867 alia
2510 829 2626 884 qua:
2652 812 2772 883 fecit
2799 812 2955 868 Jesus
2982 830 3000 880 ;
3027 831 3143 887 qute
3166 816 3209 870 si
3238 815 3535 871 scribantur

1911 922 1999 976 per
2027 907 2233 977 singula
2259 947 2273 970 ,
2307 922 2396 960 nec
2441 907 2611 976 ipsum
2660 905 2886 961 arbitror
2921 908 3177 962 mundum
3209 925 3398 980 capere
3446 911 3552 966 eos

1911 997 2066 1053 libros
2094 1001 2180 1067 qui
2209 999 2556 1053 scriberentur
2585 997 2768 1072 (Joau.
2799 999 2935 1073 χχι).
2973 1001 3138 1058 Solus
3163 1001 3331 1072 plane
3360 1002 3534 1058 Lucas

1912 1091 2244 1163 evangelista
2278 1093 2600 1146 memoravit
2624 1093 2976 1161 prieteriens,
3014 1095 3162 1164 quod
3185 1093 3211 1131 ι·
3239 1095 3531 1153 duodecim

1912 1195 2175 1236 annorum
2207 1183 2497 1252 praedictus
2528 1184 2793 1240 Dominus
2823 1187 2985 1241 Jesus
3021 1186 3073 1241 in
3107 1187 3313 1259 templo
3337 1204 3527 1259 reper-

1914 1285 2002 1332 tus
2032 1277 2106 1330 sit
2136 1291 2164 1330 a
2201 1278 2541 1348 parentibus,
2571 1279 2768 1335 sedens
2795 1281 2845 1335 in
2881 1282 3061 1338 medio
3093 1283 3408 1350 doctorum,
3437 1301 3535 1344 au-

1914 1369 2070 1425 diens
2096 1386 2210 1435 eos,
2241 1379 2296 1425 et
2327 1370 2692 1444 interrogans,
2720 1375 2934 1444 etquod
2960 1375 3161 1432 dixerit
3181 1379 3531 1448 parentibus:

1920 1465 2060 1532 Quid
2088 1466 2396 1536 qumrebatis
2425 1483 2506 1521 me
2547 1469 2570 1520 ?
2615 1468 2918 1524 nesciebatis
2946 1473 3067 1541 quia
3096 1474 3148 1526 in
3179 1471 3259 1527 his
3286 1491 3401 1546 quae
3433 1473 3538 1529 Pa-

1917 1557 2009 1611 tris
2041 1560 2274 1612 meisunt
2301 1569 2499 1630 oportet
2535 1576 2611 1614 me
2640 1577 2749 1616 esse
2776 1562 2930 1632 (Luc.
2965 1563 3070 1637 tt)?
3120 1565 3217 1622 ilic
3249 1577 3336 1624 est
3357 1583 3537 1628 annus

1920 1648 2137 1703 Domini
2171 1661 2448 1720 acceptus,
2485 1669 2649 1720 quem
2686 1651 2698 1689 ί
2737 1670 2807 1709 ex
2854 1655 3006 1710 Isaite
3039 1657 3180 1713 libro
3206 1659 3275 1715 de
3303 1677 3536 1730 persona

1917 1755 2014 1794 sua
2047 1741 2314 1812 scriptum
2349 1743 2400 1797 in
2435 1760 2710 1814 synagoga
2739 1745 2926 1816 legens
2952 1747 3211 1805 Dominus
3233 1750 3396 1807 Jesus
3422 1755 3532 1811 ait:

1922 1832 2097 1888 Hodie
2140 1836 2351 1904 impleta
2398 1846 2470 1890 est
2522 1837 2630 1890 [uec
2675 1837 2952 1908 Scriptura
2997 1842 3049 1894 in
3093 1844 3306 1898 auribus
3359 1849 3539 1902 vestris

1921 1929 2074 1994 (Luc.
2110 1946 2182 1996 tv,
2210 1930 2324 2001 21).
2363 1931 2458 1986 Hic
2491 1941 2575 1986 est
2602 1948 2805 1998 annus,
2839 1939 2994 2003 cujus
3023 1950 3283 1992 coronam
3317 1939 3534 2010 (victo-

1921 2025 2105 2078 rialem
2154 2025 2352 2094 quippe
2398 2025 2666 2081 circulum
2713 2028 2979 2097 operibus
3027 2028 3288 2084 bonitatis
3331 2030 3538 2089 Christi

1921 2116 2379 2189 benedicendum)
2413 2117 2684 2188 Propheta
2717 2119 2873 2175 uetus
2905 2121 3174 2176 nuntiavit
3199 2123 3252 2178 in
3289 2125 3531 2194 psalmo:

1920 2208 2222 2279 Benedices,
2261 2211 2464 2282 inquit,
2499 2229 2743 2268 coronam
2783 2216 2909 2268 anni
2949 2215 3278 2288 benignitatis
3316 2229 3418 2274 tua:
3441 2264 3456 2288 ,
3484 2228 3535 2275 et

1921 2306 2092 2375 campi
2123 2305 2198 2357 tui
2220 2303 2555 2375 replebant-ur
2577 2305 2808 2360 ubertate
2830 2305 2949 2379 (Ps.
2978 2309 3125 2381 an')
3152 2328 3162 2363 :
3193 2309 3356 2366 corda
3379 2327 3532 2367 nem-

1922 2409 1990 2464 pe
2029 2395 2368 2450 credentinm
2404 2397 2756 2466 populorum,
2810 2409 3072 2469 percepto
3119 2403 3328 2458 semine
3373 2404 3530 2461 verbi

1920 2489 2065 2556 vitae,
2095 2489 2270 2545 fructu
2300 2491 2464 2546 etiam
2496 2475 2802 2546 centesimo
2829 2493 3232 2552 redundabunt.
3287 2497 3443 2564 Quod
3484 2498 3532 2555 si

1920 2581 1973 2636 in
2015 2597 2180 2638 cruce
2223 2584 2382 2638 simul
2433 2599 2555 2639 cum
2584 2583 2802 2639 Christo
2850 2587 3202 2656 pendentium
3255 2589 3528 2648 latronum

1921 2675 2107 2732 fractis
2155 2677 2446 2743 cruribus,
2494 2678 2618 2733 ideo
2665 2678 2969 2735 Salvatoris
3015 2697 3173 2737 crura
3208 2683 3374 2739 lracta
3420 2701 3528 2742 non

1926 2782 2072 2834 sunt,
2103 2773 2260 2828 sicuti
2290 2785 2511 2828 sanctus
2538 2774 2872 2843 evangelista
2893 2785 3151 2842 testatur;
3175 2788 3226 2830 ut
3254 2777 3532 2849 Scriptura

1926 2866 2244 2937 impleretur,
2268 2883 2382 2938 qua:
2402 2869 2476 2920 ait
2501 2883 2519 2921 :
2545 2865 2615 2922 0s
2635 2868 2650 2918 i
2692 2886 2795 2922 non
2815 2872 3167 2944 confringetur
3183 2888 3245 2927 ea:
3265 2891 3322 2928 eo
3347 2873 3533 2946 (Joan.

1927 2957 2060 3030 xix)
2101 2977 2112 3010 :
2162 2957 2350 3012 debuit
2384 2958 2539 3028 juxta
2573 2959 2886 3029 praedictam
2921 2961 3184 3019 rationem
3213 2965 3400 3037 Agnus
3428 2965 3532 3024 iste

282 3172 309 3202 α
348 3161 632 3218 Amiserat
662 3160 905 3230 leporem
941 3173 1159 3214 omnem
1210 3155 1492 3230 locusiste
1517 3156 1652 3211 vitio
1690 3173 1804 3211 ma-
1833 3157 1880 3222 C
1911 3155 2242 3230 clericorum.

211 3237 278 3293 lae
324 3227 830 3301 interpunctionis,
888 3245 1121 3298 eumque
1175 3227 1515 3283 restituimns
1563 3229 1807 3283 subsidio

209 3309 376 3364 unius
403 3306 526 3359 cod.
553 3304 762 3360 Oetavii
803 3301 1121 3372 Pantagathi
1144 3343 1158 3363 ,
1199 3301 1291 3368 qui
1324 3303 1474 3372 solus
1508 3302 1614 3372 hoc
1648 3301 1808 3354 modo

207 3391 361 3438 reete
389 3377 696 3444 distinguit.
733 3373 877 3428 Editi
913 3370 1194 3441 hucusque
1216 3372 1404 3439 inepte
1436 3370 1742 3426 habuerunt
1765 3380 1811 3426 et

208 3468 389 3508 eversa
415 3458 508 3502 est.
548 3448 710 3501 Aliter
740 3445 1010 3500 evertenda
1040 3445 1244 3514 fuerat:
1300 3455 1355 3496 at
1413 3454 1613 3510 puncto
1643 3445 1813 3498 inter-

207 3526 396 3596 posito
417 3564 432 3588 ,
461 3535 566 3574 vox
591 3519 742 3596 aliter
774 3519 824 3571 in
857 3518 1092 3596 alienam
1127 3515 1311 3596 sedem
1337 3515 1812 3596 trittiStltteta,_ele-

206 3586 427 3666 gantim'
462 3607 568 3645 non
620 3588 1026 3666 inodo,_sed_et
1074 3586 1454 3666 perspicuitati
1501 3587 1809 3666 ofﬁciebat,

209 3658 335 3738 ᾖιιω
387 3668 508 3718 loco
535 3678 639 3738 suo
689 3660 902 3738 reddita
946 3659 1122 3738 incum
1176 3658 1352 3738 ipsum
1385 3661 1637 3727 genuinm
1667 3659 1811 3738 puri-

208 3729 308 3794 tati
335 3747 502 3806 atque
546 3733 864 3806 integritati
883 3729 1139 3806 reddidit.
1166 3730 1306 3806 llaec
1324 3739 1515 3806 autem
1555 3730 1816 3806 emenda:

211 3814 322 3874 tio,
348 3800 601 3876 quamvis
646 3800 770 3871 apta
802 3803 940 3857 adeo
983 3817 1046 3856 ac
1076 3800 1283 3864 facilis,
1306 3800 1530 3876 ingerat
1560 3805 1612 3855 in
1644 3801 1814 3876 priori

211 3873 460 3936 editione
492 3877 801 3945 indaginem
848 3885 1089 3945 nostram
1111 3914 1126 3937 ,
1158 3873 1584 3945 conniventibus
1611 3873 1819 3942 pariter

212 3962 267 4007 et
300 3951 493 4005 vitium
528 3943 809 4002 tuentibus
835 3943 1174 4000 editionibus
1198 3944 1360 3998 simul
1390 3960 1454 3997 ac
1481 3960 1615 4002 mss.

279 4021 310 4060 δ
365 4021 598 4090 Egregie
643 4019 693 4072 in
723 4017 864 4070 hunc
895 4031 1122 4090 sensum
1148 4019 1285 4090 Aug.
1321 4016 1372 4068 in
1418 4031 1498 4090 ps.
1536 4032 1566 4070 ι.
1608 4032 1621 4068 :
1661 4015 1823 4090 _S_tetit

215 4085 438 4158 Ninive,
479 4085 546 4145 an
587 4106 757 4144 eversa
788 4097 859 4140 est
893 4087 1124 4140 Ninive?
1173 4085 1336 4158 sititer
1362 4087 1578 4158 quidem
1622 4087 1823 4138 videtur

215 4154 510 4220 hominibus
539 4203 553 4225 ,
585 4172 634 4215 et
674 4161 824 4212 aliter
864 4159 1028 4212 visum
1076 4166 1147 4210 est
1177 4154 1307 4210 Deo.
1353 4155 1466 4226 Ego
1496 4166 1666 4210 autem
1699 4166 1827 4222 puto‘

214 4234 690 4304 impletumrfuisse
728 4228 1174 4304 quodPropheta
1221 4229 1552 4304 prtedixerat.
1611 4228 1827 4304 Respice

254 4297 332 4362 ua:
355 4308 454 4374 [uit
493 4297 542 4357 Ν
550 4305 703 4368 inive,
735 4297 783 4356 et
812 4301 926 4356 vide
951 4297 1072 4370 quia
1100 4316 1270 4354 eversa
1296 4310 1388 4352 est.
1424 4297 1617 4355 Eversa
1639 4300 1692 4351 in
1717 4315 1826 4350 nta-

241 4397 292 4446 o,
325 4376 585 4446 aediﬁcata
625 4376 678 4428 in
705 4375 858 4427 bono.

291 4460 314 4489 ε
369 4440 569 4502 Deerat
616 4447 667 4500 in
715 4445 874 4500 editis
896 4459 998 4498 vox
1030 4443 1176 4498 crede
1202 4487 1216 4510 ,
1249 4441 1378 4497 licet
1404 4441 1470 4496 ad
1501 4440 1827 4496 lnlciendum

1990 3227 2008 3264 ί
2043 3227 2289 3308 [fuerunt
2315 3227 2366 3282 in
2400 3228 2500 3308 hac
2531 3230 2802 3308 sententia
2835 3233 3148 3308 complures
3191 3249 3254 3290 ex
3297 3237 3536 3308 antiquis

1917 3300 2192 3380 Pati-ibus,
2227 3299 2534 3380 prmsertim
2561 3303 2653 3380 qui
2679 3312 2908 3380 mortem
2930 3299 3142 3380 Christi
3155 3323 3297 3362 anno
3315 3299 3533 3380 quinto.

1914 3370 2130 3426 decimo
2160 3371 2370 3440 imperii
2394 3371 2596 3427 Tiberii
2618 3374 2848 3428 Cwsaris
2869 3375 3083 3430 duobus
3107 3370 3356 3433 Geminis
3377 3396 3527 3438 coss.

1915 3446 2303 3514 consignarunt
2330 3485 2344 3507 ,
2378 3458 2550 3512 eoque
2596 3445 2646 3497 in
2700 3461 2928 3500 numero
2958 3460 3254 3504 censentur
3275 3453 3532 3509 Clemens

1916 3514 2343 3591 Aﬁlexzindrinus,
2364 3514 2775 3591 ATertullianus,
2802 3516 3147 3591 (Lactantius,
3175 3527 3529 3591 Augustinus,

1917 3585 2305 3656 Hieronymus.
2353 3585 2492 3654 Quid
2526 3596 2717 3642 contra
2745 3589 2832 3642 alii
2865 3585 3140 3646 senserint
3169 3585 3351 3649 vidéo.
3396 3585 3538 3651 FeuJ-

1917 3657 2204 3733 ardentius
2235 3673 2345 3733 pra:
2369 3660 2585 3733 caeteris
2611 3662 2662 3714 in
2699 3669 2813 3733 not.
2847 3661 2914 3715 ad
2948 3662 3208 3719 lrenzeum
3243 3665 3278 3719 l.
3315 3681 3353 3732 l,
3386 3681 3437 3722 c.
3478 3668 3534 3733 1,

1919 3729 2052 3783 satis
2075 3729 2281 3784 fervide
2309 3730 2555 3801 protulit.
2589 3731 2928 3787 clarissimos
2958 3733 3170 3801 Patres,
3193 3729 3532 3794 Clementem

1921 3800 2803 3870 Alexandrinum,Tertu|liaiutm,
2828 3811 2884 3858 et
2900 3800 3262 3862 Gaudentium
3283 3821 3532 3866 nostrum

1923 3872 2012 3944 (de
2041 3873 2268 3942 reliquis
2297 3873 2458 3944 tacet)
2482 3873 2702 3946 fervore
2733 3875 3117 3946 disputationis
3144 3880 3368 3934 alterius
3399 3883 3530 3938 abs-

1925 3955 2180 4019 tractps,
2236 3961 2340 4019 non
2391 3945 3024 4019 satisanimadvertisse
3066 3949 3248 4005 locum
3305 3953 3534 4019 Irenwi,

1924 4031 2031 4083 quo
2061 4015 2406 4068 Valentinum
2437 4057 2450 4076 ,
2505 4015 2730 4084 ejusque
2771 4028 3107 4087 seetatores,
3153 4021 3384 4077 similem
3424 4015 3537 4080 fere

1924 4091 2250 4160 sententiam
2280 4095 2496 4160 secutos
2528 4089 2894 4160 reprehendit.
2951 4089 3209 4145 Poterant
3257 4093 3374 4147 haec
3415 4110 3539 4160 par-

1926 4157 2046 4228 cius
2087 4157 2260 4228 (pace
2289 4157 2414 4211 boni
2447 4158 2548 4211 viri
2577 4159 2781 4213 dictum
2812 4160 2920 4228 sit)
2953 4175 2981 4212 a
3026 4157 3536 4219 Feu-ardentio'hu—

1923 4226 2165 4297 jusmOdi
2196 4229 2330 4280 viris
2353 4228 2537 4297 objici.
2593 4229 2762 4283 Nobis
2795 4230 2881 4282 hic
2904 4226 3117 4284 tantum
3149 4236 3426 4288 monuis:e
3470 4236 3538 4288 li-

1930 4307 2052 4353 ceat
2076 4340 2089 4359 ,
2139 4298 2500 4353 Gaudentium
2536 4307 2779 4353 nostrum
2827 4300 2998 4354 videri
3038 4303 3156 4357 haec
3187 4321 3214 4356 a
3247 4303 3538 4359 Philastrio

1932 4377 2235 4442 mutuatum
2256 4411 2271 4436 ,
2295 4369 2395 4442 _qui
2425 4385 2547 4439 cap.
2578 4371 2679 4427 106
2698 4411 2712 4433 ,
2743 4370 2806 4424 de
2827 4372 2979 4425 annis
3009 4383 3059 4426 et
3089 4386 3314 4442 tempore
3346 4372 3540 4430 Christi

1933 4441 2011 4496 sic
2041 4441 2204 4516 habet
2235 4459 2248 4495 :
2284 4439 2538 4516 Dominus
2567 4443 2757 4516 quatit:
2787 4459 2888 4516 uno
2910 4459 3044 4497 anno
3072 4439 3322 4516 gessit,et
3347 4447 3544 4514 docuit,

216 4530 389 4578 totum
442 4517 803 4604 liunc.locqm
836 4517 1068 4604 omnino
1089 4513 1421 4604 necessaria.
1464 4513 1830 4604 Reposnlinlus
1861 4544 1908 4604 ο
1936 4515 2044 4604 hinc
2065 4513 2176 4568 sola
2203 4514 2442 4604 pra’cepit
2481 4511 2771 4596 conscribir‘
2802 4511 2944 4567 Nam
2969 4511 3092 4604 quq?
3107 4527 3225 4604 time
3257 4520 3396 4604 facta
3427 4511 3548 4600 sunt

217 4609 338 4650 eam
381 4607 448 4648 ex
481 4590 694 4644 duobus
727 4588 874 4642 Vatt.
921 4597 977 4643 et
1029 4586 1157 4642 Urb.
1203 4585 1562 4653 eamdemque
1607 4584 1831 4638 exhibet

217 4668 381 4722 etiam
421 4664 559 4715 liber
589 4659 796 4714 Octavii
847 4658 1163 4728 Pantagathi
1209 4658 1310 4711 hoc
1356 4657 1516 4710 modo
1555 4673 1570 4712 :
1617 4654 1830 4710 Iustum

215 4737 365 4791 crede
398 4733 585 4798 Deum,
613 4730 942 4796 charissime;
971 4732 1060 4802 qui
1085 4729 1280 4785 deinde
1309 4728 1360 4781 in
1389 4729 1636 4802 sequenti
1661 4743 1834 4780 anno-

217 4809 425 4863 tatione
453 4806 618 4859 habet
657 4822 667 4856 :
701 4805 889 4875 quippe
915 4799 1004 4874 qui
1033 4803 1109 4855 vir
1130 4807 1297 4873 fuerat
1331 4801 1474 4854 nasci
1498 4799 1741 4872 dignatus
1769 4815 1833 4853 ex

227 4878 461 4933 Vimine.

289 4898 662 5018 ἐιθιιινῖῗίιιυοίιιιθ
689 4946 813 5000 Vat.
835 4945 978 5018 Urb.
1009 4953 1063 5000 et
1105 4944 1255 5018 Flor.
1277 4944 1355 5018 sic
1385 4943 1580 5014 legitur
1606 4959 1618 4996 :
1643 4943 1833 5016 quippe

219 5024 307 5094 qui
337 5023 414 5094 vir
431 5014 601 5094 fuerat
630 5019 771 5073 nasci
809 5017 1054 5088 dignatus
1079 5033 1144 5071 ea:
1174 5014 1405 5094 Virgine.

294 5104 318 5131 ε
350 5086 683 5157 Βάριὶεηιιιηι
711 5086 1020 5144 rectocasn
1057 5104 1153 5154 pro
1184 5087 1482 5156 Baptismus
1533 5087 1704 5142 semel
1733 5086 1832 5140 ob-

221 5174 406 5224 servat
437 5163 598 5219 Voss.
631 5163 724 5218 lib.
751 5176 829 5220 tu.
877 5159 945 5214 de
973 5157 1134 5214 Vitiis
1164 5175 1331 5214 serui.
1359 5175 1410 5214 c.
1437 5159 1472 5213 ἓ
1495 5201 1508 5225 ,
1555 5159 1699 5229 quod
1751 5166 1833 5212 ta-

224 5254 348 5293 men
381 5235 596 5289 dubitat
622 5249 746 5290 esse
778 5230 980 5286 librarii
1007 5241 1270 5284 erratum.
1324 5231 1430 5286 Sed
1466 5243 1660 5301 praeter
1690 5231 1832 5284 hunc

226 5306 519 5365 Gaudentii
553 5305 758 5370 locum,
791 5303 884 5373 qui
916 5317 1046 5356 usus
1075 5312 1159 5356 est
1189 5311 1382 5356 neutro
1410 5318 1609 5372 genere
1632 5343 1646 5366 ,
1680 5303 1833 5357 inve-

226 5385 375 5435 nitur
407 5379 573 5432 etiam
599 5379 650 5431 iti
679 5378 909 5431 Decreto
941 5373 1214 5444 Anastasii
1241 5389 1392 5443 papm
1414 5374 1552 5444 apud
1585 5373 1830 5434 Agobar—

225 5452 377 5511 dum.
405 5450 474 5504 de
505 5449 748 5519 privileg.
777 5455 832 5502 et
854 5446 978 5519 jure
1011 5443 1296 5519 sacerdmii
1339 5443 1460 5519 cap.
1485 5445 1551 5498 17
1579 5461 1590 5496 :
1620 5445 1831 5519 Baptis-

227 5539 376 5578 mutn
391 5514 585 5576 sive-ab
612 5514 868 5586 adultero,
901 5514 978 5570 vel
1017 5533 1048 5568 a
1081 5517 1192 5585 fure
1223 5516 1378 5586 fuerit
1396 5515 1596 5577 datum,
1626 5516 1694 5566 ad
1712 5532 1831 5586 per-

231 5596 506 5662 cipientem
535 5609 720 5646 munus
749 5589 976 5662 pervenit
1014 5587 1290 5662 illibatum.
1341 5586 1580 5662 _Et_apud
1616 5587 1830 5662 Petrum

234 5656 479 5721 Damiani
515 5666 567 5717 in
601 5656 842 5731 libro'qui
877 5661 1182 5729 appellatur
1203 5656 1570 5720 Gratissimus,
1601 5672 1721 5726 cap.
1755 5659 1789 5714 9
1817 5675 1831 5713 :

232 5737 361 5792 Tria
389 5739 628 5808 profecto
647 5737 905 5808 prtecipua
938 5731 1276 5808 Sacramenta
1303 5731 1355 5784 in
1393 5731 1836 5808 sancta‘frequen-

231 5802 409 5862 tantur
429 5802 664 5862 Ecclesia
689 5823 706 5870 ;
731 5802 1066 5871 Baptismum
1090 5802 1344 5866 videlicet,
1376 5803 1606 5871 corporis
1633 5817 1833 5870 quoque

230 5889 279 5936 et
306 5880 578 5952 san—guinis
607 5877 866 5934 Dominici
896 5875 1121 5930 salutare
1146 5876 1475 5945 mysterium,
1502 5882 1549 5927 et
1576 5872 1832 5927 ordinatio

1936 4585 2000 4638 ab
2030 4601 2111 4648 eo,
2153 4602 2214 4637 ac
2245 4585 2385 4638 dicta
2413 4587 2598 4659 primis
2627 4586 2838 4659 triginta
2865 4589 3017 4640 anuis
3048 4585 3323 4659 (subaudi
3353 4590 3546 4657 scripta

1905 4703 1910 4708 .
1937 4674 2040 4730 non
2069 4659 2208 4726 sunt)
2239 4655 2523 4710 secundum
2550 4655 2752 4711 beatum
2781 4655 3068 4730 Joannem,
3108 4658 3198 4730 qui
3223 4655 3547 4714 diciHnu’n—

1937 4729 2062 4804 dum
2104 4745 2207 4783 non
2243 4744 2426 4797 capere
2471 4744 2638 4799 posse,
2685 4730 2730 4783 si
2770 4729 3008 4785 universa
3046 4729 3389 4787 scriberentur
3432 4747 3550 4804 quae

1963 4810 2148 4855 'ecerat.

1938 4803 2866 4959 [ffl‘ii.libronPantagathi.eorum
2898 4883 3240 4959 quippe'qttos
3280 4888 3394 4949 post
3439 4877 3544 4934 Ba-

1935 4943 2178 5012 ptismum
2211 4945 2266 4997 in
2289 4942 2563 5018 Scriptura
2591 4943 2738 5016 legis,
2771 4942 3290 5022 subaudi,'elegisse,'
3329 4959 3421 5008 aut
3452 4967 3542 5006 tto-

1936 5031 2095 5068 casse.

2010 5085 2034 5122 ιι
2084 5086 2220 5140 Male
2245 5087 2472 5142 omnino
2513 5087 2699 5152 legunt
2722 5089 3054 5158 exemplaria
3101 5093 3242 5148 edita
3273 5095 3544 5149 duodecim

1936 5174 2192 5212 annorum
2222 5157 2489 5224 prteditus.
2548 5157 2974 5215 Ettiendavimus
3003 5176 3182 5219 autem
3214 5181 3281 5220 ex
3309 5165 3456 5221 Flor.
3489 5174 3546 5221 et

1941 5229 2094 5308 Urb.,
2129 5232 2180 5308 in
2213 5231 2406 5308 quibus
2427 5229 2701 5308 duodecim
2716 5247 2980 5308 armorum
3014 5237 3337 5308 prwdictus;
3367 5239 3542 5308 iisque

1936 5301 2175 5372 concinit
2202 5299 2364 5354 etiam
2391 5300 2513 5355 cod.
2544 5301 2750 5356 Octavii
2782 5299 3122 5372 Pantaga'thi.

2017 5371 2030 5408 ί
2064 5373 2202 5448 Editi
2236 5387 2425 5426 omnes
2463 5389 2526 5427 ac
2555 5388 2723 5448 mss”
2752 5374 2816 5448 de
2845 5373 3004 5430 Isaia:
3043 5377 3191 5430 libro’
3216 5394 3280 5433 ex
3318 5393 3541 5448 persona

1936 5462 2052 5499 sua.
2101 5444 2333 5520 Prorsus
2370 5453 2637 5520 repugnat
2662 5445 2800 5520 illud
2831 5462 2897 5502 ea:
2932 5465 3150 5516 persona
3189 5444 3327 5513 sua,
3360 5452 3542 5520 itaque

1937 5515 2282 5590 reposuimus
2339 5531 2402 5569 ea:
2449 5513 2604 5590 [snite
2653 5513 2786 5571 libro
2829 5521 2894 5572 de
2924 5513 3144 5584 persona
3200 5537 3335 5584 sua,
3377 5513 3540 5590 quam

1937 5587 2376 5643 emendationem
2417 5587 2637 5644 cuilibet
2681 5590 2906 5645 cordato
2936 5591 3126 5645 lectori
3161 5587 3440 5658 probatam
3473 5595 3540 5650 iri

1937 5659 2285 5714 conlidimus.

2015 5729 2124 5807 i_ln
2155 5737 2390 5807 utroque
2419 5731 2540 5807 Vat.
2569 5746 2634 5787 ac
2657 5732 2831 5807 Florg
2862 5749 2966 5786 non
2989 5733 3354 5807 confringetis,
3378 5750 3539 5806 quam

1939 5802 2236 5876 lectionem
2260 5801 2427 5858 habet
2455 5804 2616 5858 etiam
2643 5803 2769 5859 cod.
2800 5801 3118 5876 Pantagatlii
3145 5846 3159 5873 ,
3194 5801 3260 5862 iit
3286 5801 3348 5864 et
3369 5801 3424 5863 in
3455 5823 3542 5867 se-

1939 5876 2126 5945 quenti
2150 5874 2301 5944 cujus
2329 5883 2401 5930 est
2435 5875 2599 5932 omnis
2627 5875 2810 5930 honor.
