4070 6346
251 302 356 360 875

1173 304 1409 365 SERMO
1453 307 1514 374 V,
1563 308 1647 364 DE
1691 306 1902 367 EXODI
1940 308 2282 370 LECTIONE
2320 310 2647 386 QUINTUS.

3460 342 3566 400 87l

249 418 368 483 sui,
399 416 487 471 vel
515 416 798 487 Spinarum
830 418 1097 475 resistunt
1125 421 1328 477 aculeis
1364 440 1376 475 :
1408 421 1479 476 ita
1508 421 1665 493 Legis
1692 423 1855 495 256
1880 434 1928 494 Α
1960 434 2103 481 terra
2151 427 2524 487 decernuntur
2569 450 2691 492 esse
2743 440 3004 497 solvenda
3039 461 3051 497 :
3086 459 3221 516 quas
3269 457 3447 509 tamen
3499 461 3570 515 ob

249 510 448 566 divina:
481 523 779 584 praecepta,
821 514 1019 584 quibus
1074 529 1293 584 gressus
1346 526 1653 571 nostrarum
1704 534 1859 571 men—

249 607 381 658 tium
414 606 629 661 munire
660 606 1027 677 praecipimur,
1060 619 1369 679 repugnant
1395 620 1451 663 et
1476 611 1712 679 serpenti
1743 609 1860 664 dia-

248 699 396 767 bolo,
431 711 488 757 ct
515 703 818 773 asperrimo
847 703 1105 774 Aquiloni
1139 703 1462 773 Gentilium,
1495 714 1551 761 ct
1572 705 1862 762 haeretico-

248 809 367 849 rum
433 794 673 865 undique
727 796 1214 867 compungentium
1274 799 1447 868 spinis
1499 813 1563 853 ac
1619 798 1858 854 tribulis.

247 888 572 958 Hujusmodi
607 904 737 960 ergo
767 889 1145 946 calciamentis
1175 891 1251 945 uti
1286 890 1551 947 debemus
1589 902 1863 963 quotquot

246 982 449 1053 pascha
496 982 845 1039 Dominicum
901 983 1265 1040 celebramus.
1312 982 1572 1050 Quoniam
1612 984 1756 1054 Lex,
1803 994 1862 1040 ut

245 1076 545 1145 Apostolus
590 1076 696 1142 ait,
744 1076 1034 1146 spiritualis
1070 1087 1147 1132 est
1178 1075 1359 1148 (Rom.
1394 1075 1513 1148 vn);
1544 1077 1611 1131 Et
1662 1076 1861 1147 pascha

243 1181 480 1226 nostrum
527 1172 825 1227 immolatus
862 1182 936 1227 est
978 1173 1214 1228 Christus
1243 1173 1287 1245 (l
1315 1173 1433 1228 Cor.
1466 1174 1543 1242 v).
1572 1174 1761 1244 Itaque
1806 1184 1861 1230 et

244 1266 411 1323 lumbi
456 1268 633 1324 nostri
686 1270 966 1340 praecincti
1013 1284 1134 1325 esse
1161 1269 1389 1335 debent,
1430 1280 1484 1323 et
1515 1269 1733 1323 calciati
1768 1285 1859 1339 pe-

242 1362 356 1418 des.
379 1362 522 1431 Quid
547 1363 691 1418 enim
712 1364 933 1434 prodest
961 1363 1190 1430 homini,
1217 1364 1261 1417 si
1290 1363 1462 1418 solam
1478 1364 1730 1433 corporis
1768 1363 1859 1417 ha-

243 1459 369 1515 beat
399 1460 745 1526 castitatem;
788 1468 843 1515 ct
892 1460 1163 1525 incautus,
1193 1467 1245 1513 et
1275 1469 1300 1497 ει
1328 1459 1448 1515 sine
1492 1459 1857 1515 instructione

242 1554 725 1611 calciamentorum
752 1554 1028 1624 chalium
1053 1597 1067 1620 ,
1113 1552 1276 1608 malis
1312 1554 1474 1607 fuerit
1518 1553 1855 1624 supradictis

241 1647 512 1703 obnoxius
546 1666 560 1705 :
594 1649 679 1703 vel
708 1648 853 1719 quod
900 1647 1148 1719 quotidie
1178 1647 1232 1701 in
1266 1663 1366 1702 usu
1414 1658 1497 1702 est
1549 1646 1737 1701 cordis
1770 1647 1853 1703 sui

240 1742 559 1799 calcaneum
602 1752 797 1813 patens
838 1743 1080 1813 prmbeat
1123 1741 1453 1797 comestioui
1490 1743 1852 1810 serpentum?

1960 533 2180 587 causas,
2197 523 2485 581 evidenter
2511 536 2594 582 est
2613 534 3013 601 exponendum.
3032 538 3303 605 Quamdiu
3329 546 3381 602 in
3406 548 3567 621 hujus

1964 616 2149 710 ste-culi
2167 617 2402 689 Atlgypto
2426 636 2845 697 conversamur,
2871 644 3089 702 Oportet
3113 652 3212 693 nos
3242 643 3441 710 pascha
3458 616 3564 699 Do-

1963 708 2094 762 mini
2125 710 2492 781 celebrantes,
2524 720 2895 779 calciamentis
2927 728 3003 782 uti
3036 708 3345 790 sanctarum
3375 736 3565 812 Scrip-

1964 806 2245 903 turarum;
2278 805 2405 876 quia
2437 819 2584 866 tutus
2611 829 2717 869 non
2754 826 2933 885 potest
2959 835 3082 877 esse
3108 840 3331 893 gressus
3358 805 3564 903 nOSter,

1964 893 2070 947 nisi
2111 897 2377 954 mandatis
2424 900 2719 959 Dominicis
2766 919 3108 982 contegatur,
3144 932 3432 993 uSquequo
3478 893 3563 980 in-I

1964 992 2170 1041 tremns
2240 988 2293 1043 in
2357 991 2506 1047 illam
2592 1008 2837 1055 sanctam
2904 988 3290 1073 promissionis
3339 988 3559 1073 terram

1963 1083 2273 1186 quaijustis
2302 1094 2389 1140 est
2423 1102 2747 1159 prmparata.
2799 1094 2949 1151 Beati
2989 1102 3132 1156 enim
3183 1106 3363 1175 mites,
3392 1112 3556 1186 257

1962 1177 2038 1228 ait
2064 1177 2324 1233 Dominus
2352 1179 2535 1250 Jesus,
2577 1188 2825 1254 quoniam
2861 1192 2962 1263 ipsi
3001 1197 3336 1265 possidebunt
3367 1177 3556 1261 (Sim—1t

1963 1266 2176 1338 (Matth.
2204 1271 2282 1343 v);
2318 1290 2426 1329 non
2455 1277 2643 1346 utique
2667 1281 2825 1337 istaut
2861 1293 3062 1342 terram
3086 1307 3247 1361 quam
3277 1300 3557 1364 possident

1962 1372 2303 1459 peccatores,
2338 1367 2433 1422 sed
2464 1370 2609 1425 illam
2643 1373 2696 1427 in
2727 1391 2829 1445 qua
2861 1394 2968 1434 non
3000 1395 3125 1438 sunt
3152 1388 3346 1459 spinae,
3369 1403 3425 1447 et
3458 1398 3555 1449 tri-

1962 1455 2071 1560 buli
2148 1459 2199 1560 in
2233 1476 2335 1530 qua
2366 1478 2471 1518 non
2496 1477 2621 1519 sunt
2655 1482 2963 1538 serpentes,
2995 1488 3045 1530 et
3074 1483 3274 1551 scorpii
3305 1455 3555 1560 :iquippc

1959 1548 2053 1604 ubi
2084 1550 2337 1607 diabolus
2368 1572 2490 1611 cum
2521 1562 2741 1617 caneris
2782 1563 3079 1625 immundis
3118 1548 3401 1641 spiritibus
3448 1548 3557 1639 non

1957 1643 2191 1700 accedit.
2210 1646 2325 1702 Erit
2350 1649 2495 1704 enim
2515 1661 2536 1687 ο
2567 1663 2693 1708 tunc
2724 1671 2827 1711 una
2850 1674 2973 1713 cum
2998 1662 3110 1717 suis
3136 1669 3467 1729 satellitibus
3496 1676 3551 1732 in

1959 1739 2083 1809 igne
2114 1751 2349 1840 aeterno,
2400 1760 2562 1840 quem
2606 1754 2823 1819 paravit
2866 1752 2883 1791 ί
2922 1755 3063 1811 Deus
3091 1759 3278 1831 utique
3306 1764 3551 1840 diabolo,

240 1841 298 1899 Si
349 1843 555 1913 cogitet
605 1843 768 1911 mala,
801 1842 845 1897 si
888 1842 1247 1912 concupiscat
1284 1840 1484 1904 aliena,
1517 1838 1543 1877 δ
1576 1841 1620 1894 si
1661 1840 1848 1896 dolum
1884 1835 1929 1894 B
1957 1835 2239 1905 Blangelis
2269 1838 2392 1907 ejus
2419 1838 2634 1910 (Matth.
2664 1846 2815 1917 xxv).
2846 1847 3123 1909 Habemus
3145 1865 3199 1909 et
3227 1867 3251 1904 ε
3283 1835 3554 1921 Joanne";

239 1937 563 2003 meditetur,
594 1936 640 1990 si
669 1937 877 1990 nutriat
906 1936 1064 2001 iram,
1098 1934 1142 1988 si
1176 1932 1465 1988 insidietur
1496 1933 1770 2001 proximo,
1804 1933 1848 1986 si

238 2028 530 2084 mendacio
570 2030 808 2094 studeat,
841 2029 888 2083 si
926 2027 1252 2083 comedatur
1290 2026 1482 2093 livore,
1517 2026 1560 2079 si
1601 2025 1850 2080 tabescat

238 2120 463 2183 invidia.
486 2123 529 2176 si
559 2132 826 2177 venenato
848 2138 946 2177 ore
969 2119 1218 2176 detrahat
1248 2120 1440 2185 bonis;
1465 2128 1519 2173 et
1546 2118 1671 2173 dum
1696 2134 1849 2173 men-

236 2215 390 2271 dacis
421 2226 441 2255 ο
477 2216 679 2286 lingurc
728 2214 937 2286 spiculo
978 2216 1225 2270 lacerare
1271 2213 1465 2267 nititur
1501 2210 1843 2280 innocentes,

237 2309 513 2365 morsibus
540 2311 873 2377 daemonum,
903 2310 996 2380 qui
1030 2325 1125 2379 per
1153 2308 1329 2379 ipsum
1379 2308 1695 2378 loquuntur,
1732 2308 1847 2377 ipse

236 2403 417 2473 potius
470 2404 738 2460 lanietur?
767 2403 911 2471 Quid
957 2403 1157 2473 profuit
1205 2401 1531 2472 prtecinctos
1589 2400 1849 2455 habuisse

235 2494 482 2563 lumbos,
513 2496 560 2551 si
591 2495 900 2551 divinorum
932 2495 1314 2551 mandatorum
1346 2494 1700 2550 calciamenta
1734 2509 1843 2549 non

234 2605 487 2659 servans,
521 2605 740 2663 gressus
768 2590 952 2647 cordis
977 2591 1054 2645 tui
1085 2589 1163 2660 (id
1189 2597 1274 2645 est
1304 2588 1498 2643 animae
1530 2598 1637 2643 tua:
1663 2584 1844 2658 bases)

192 2696 195 2698 ’
233 2684 635 2742 crudelissimae
665 2686 971 2742 concisioni
996 2684 1331 2741 tradideris?
1356 2683 1704 2739 Contrarium
1735 2682 1845 2737 for-

234 2778 377 2833 sitan
427 2779 677 2836 videatur
725 2781 1031 2851 aliquibus,
1078 2779 1223 2851 quod
1253 2794 1377 2835 cum
1421 2779 1509 2834 hic
1558 2789 1846 2848 tantopere

236 2872 497 2929 calciatos
541 2890 665 2930 esse
719 2874 921 2931 debere
960 2892 987 2927 a
1040 2875 1151 2930 Deo
1191 2874 1403 2943 jussum
1450 2873 1555 2939 sit,
1599 2871 1725 2927 alibi
1777 2871 1844 2927 ab

235 2965 430 3021 eodem
484 2967 719 3023 Domino
768 2968 880 3024 Deo
937 2968 1197 3037 jubeatur
1246 2976 1439 3022 sancto
1490 2964 1693 3037 Moysi,
1731 2962 1843 3020 etd

234 3069 426 3114 sancto
492 3061 661 3117 Josue
705 3077 719 3117 :
760 3061 921 3117 Solve
967 3060 1307 3115 calciamenta
1358 3060 1421 3114 de
1474 3059 1687 3130 pedibus
1743 3059 1844 3112 tuis

234 3150 433 3221 (Exod.
464 3169 559 3219 tu;
588 3152 706 3210 Jos.
731 3154 807 3225 v).
840 3153 1039 3226 Ingens
1068 3154 1290 3225 quidem
1318 3154 1459 3209 ratio
1486 3162 1591 3220 est,
1618 3161 1672 3207 et
1699 3151 1842 3207 mul-

1955 1926 2281 2023 Daptistam,
2312 1932 2403 2002 qui
2433 1932 2633 1990 dixerit
2662 1936 2731 1991 de
2774 1938 3067 1999 Salvatorc
3090 1947 3314 2005 humani
3342 1958 3562 2023 generis

1955 2021 2184 2076 Domino
2205 2022 2385 2078 Jesu:
2436 2024 2598 2097 Cujus
2623 2046 2717 2099 ego
2744 2048 2849 2086 non
2892 2051 3008 2089 sum
3062 2037 3275 2110 dignus,
3337 2021 3553 2118 inquit,

1951 2117 2231 2187 corrigiam
2256 2118 2718 2177 calciamentorum
2740 2128 2939 2184 solvere
2973 2131 3156 2202 (Joan.
3194 2136 3257 2208 ι).
3307 2117 3420 2197 Sed
3446 2145 3551 2200 alia

1950 2208 2002 2263 in
2029 2210 2255 2268 Christo
2289 2215 2429 2269 ratio
2460 2225 2568 2271 est.
2608 2216 2709 2273 llle
2757 2236 2865 2274 non
2912 2235 3139 2295 propter
3185 2245 3243 2285 se
3290 2234 3556 2294 calciatus

1950 2313 2055 2367 est,
2088 2304 2184 2359 sed
2223 2316 2453 2376 pr0pter
2477 2322 2610 2375 nos;
2644 2313 2901 2380 quoniam
2956 2327 3099 2372 terra
3129 2323 3402 2382 su5Iinere
3444 2345 3553 2386 non

1950 2406 2165 2467 poterat
2197 2400 2501 2469 majestatis
2533 2402 2653 2473 ejus
2700 2406 2842 2460 nuda
2878 2411 3131 2481 vestigia.
3179 2414 3550 2480 Calciamenta

1947 2505 2067 2546 cum
2089 2493 2241 2559 dicit,
2259 2510 2484 2564 gressus
2510 2499 2754 2554 ostendit
2776 2512 3088 2560 sanctarum
3109 2508 3546 2585 Scripturarum,

1947 2585 2143 2655 quibus
2170 2588 2439 2659 graditur,
2473 2599 2531 2645 et
2575 2592 2777 2649 circuit
2803 2592 2826 2631 ¹ι
2871 2599 3065 2653 notitia
3096 2602 3217 2671 ejus
3270 2608 3323 2659 in
3362 2624 3554 2668 omnes

1948 2682 2039 2751 qui
2074 2682 2324 2739 habitant
2352 2700 2519 2755 super
2548 2697 2771 2743 terram.
2793 2690 2857 2745 Et
2887 2692 3012 2748 ideo
3035 2696 3281 2756 Joannes
3310 2703 3555 2775 Baptista

1950 2774 2001 2828 in
2028 2775 2327 2848 Evangelio
2360 2788 2521 2849 negat
2547 2781 2638 2837 vel
2670 2782 2932 2839 idoneum
2964 2802 3023 2843 se
3048 2795 3283 2857 esse,\'cl
3305 2796 3549 2871 dignum,

1946 2869 2040 2938 qui
2069 2870 2246 2925 solvat
2270 2872 2560 2943 corrigiam
2609 2876 3096 2936 calciamentorum
3139 2886 3281 2955 ejus,
3320 2891 3373 2945 id
3418 2869 3548 2964 est,

1946 2976 2261 3018 sermonem
2281 2964 2400 3033 ejus
2426 2982 2439 3032 ;
2475 2966 2587 3022 sive
2616 2976 2677 3022 ut
2700 2970 2969 3028 cdisserat
2989 2990 3159 3032 unum
3183 2979 3250 3034 de
3280 2986 3553 3045 mandatis

1946 3058 2105 3129 ejus;
2135 3061 2251 3117 sive
2273 3071 2327 3116 ut
2357 3063 2565 3119 nudare
2594 3065 2793 3133 valeat,
2813 3079 2867 3122 et
2899 3070 3189 3128 evidenter
3204 3081 3496 3139 ostendere
3530 3086 3542 3122 ί

1948 3153 2165 3207 calciati
2196 3154 2374 3210 adhuc
2406 3156 2458 3210 in
2483 3156 2588 3212 isto
2628 3160 2829 3213 saeculo
2856 3160 3022 3217 Verbi
3082 3165 3175 3220 Dei
3236 3178 3546 3233 veneranda

232 3247 497 3317 tiplicium
543 3249 977 3319 propositionum
1033 3248 1356 3320 ambagibus
1412 3247 1832 3317 praestruenda:

1945 3246 2167 3316 veSIigia
2180 3287 2191 3299 .
2211 3247 2266 3300 Μ
2271 3248 2370 3302 cdo
2385 3250 2518 3302 enim
2540 3253 2910 3323 prﬁspeculum
2933 3256 3164 3312 videmus
3180 3261 3230 3314 in
3248 3266 3547 3337 wuigma.‘c,

230 3339 325 3394 sed
357 3339 481 3409 quia
514 3341 753 3396 brevitas
782 3342 1035 3413 congruit
1065 3349 1117 3397 et
1168 3340 1519 3411 przedicantis
1560 3339 1756 3405 labori,
1782 3347 1836 3393 et

229 3434 511 3489 memoriae
561 3434 859 3503 auditoris,
912 3435 1039 3490 nolo
1080 3450 1180 3490 vos
1229 3434 1439 3506 longius
1488 3432 1725 3488 trahere.
1756 3431 1835 3488 lbi

227 3525 468 3581 solvitur
493 3527 752 3597 quaestio,
801 3526 894 3582 ubi
941 3528 1301 3583 calciamenta
1355 3528 1663 3593 solvuntur,
1706 3528 1830 3582 dum

226 3622 412 3675 statim
426 3635 589 3676 causa
603 3621 893 3693 adjicitur:
914 3623 1086 3687 Solve,
1108 3622 1304 3692 inquit,
1320 3622 1658 3678 calciamenta
1676 3622 1739 3675 de
1752 3637 1833 3691 pe-

225 3716 375 3771 dibus
393 3717 522 3784 tuis;
548 3717 692 3772 locus
709 3718 841 3773 enim
858 3720 913 3772 in
930 3735 1030 3789 quo
1047 3728 1173 3785 stas,
1191 3727 1326 3780 terra
1343 3727 1522 3772 sancta
1539 3727 1611 3771 est
1624 3715 1824 3789 (Exod.

225 3826 311 3875 Ill;
346 3811 462 3866 Jos.
494 3813 569 3881 v).
594 3810 915 3868 Ostenditur
942 3829 1071 3884 ergo
1096 3822 1240 3868 terra
1270 3810 1514 3883 Egypti,
1550 3810 1639 3865 ubi
1671 3810 1829 3865 datur

222 3906 521 3977 praeceptio
553 3906 646 3960 illa
673 3908 949 3977 superior,
975 3916 1161 3963 sancta
1195 3922 1299 3961 non
1330 3921 1476 3973 esse,
1509 3914 1566 3960 et
1596 3904 1722 3960 ideo
1754 3904 1828 3958 ibi

220 3998 471 4055 habenda
516 3998 845 4056 mandantur
889 4000 1277 4065 calciamenta;
1312 4001 1366 4054 in
1414 4011 1597 4055 sancta
1648 4006 1826 4052 autem

295 4169 320 4196 υ
354 4158 533 4215 Editio
564 4158 762 4228 Lugd.,
798 4160 959 4223 male,
991 4159 1101 4213 sine
1127 4160 1532 4213 constructione.

292 4229 419 4285 l’lta
470 4232 594 4286 cod.
632 4232 779 4286 Flor.
815 4241 869 4287 et
913 4231 1045 4287 Urb.
1097 4232 1151 4285 lu
1203 4232 1363 4285 editis
1423 4233 1575 4284 deest
1604 4230 1825 4298 si;qurc

222 4312 404 4357 tamen
442 4304 703 4372 particula
738 4303 973 4359 habetur
998 4303 1160 4359 etiam
1214 4304 1264 4356 in
1310 4302 1455 4356 libro
1483 4300 1821 4368 Pantagathi.

294 4386 316 4413 ο
354 4375 409 4427 1η
460 4375 650 4429 tribus.
683 4392 844 4442 mss.,
872 4374 1065 4442 lingua:
1083 4373 1337 4446 spiculis;
1368 4384 1420 4429 et
1464 4373 1603 4428 hanc
1633 4372 1825 4428 lectio-

222 4463 347 4500 ncm
384 4446 548 4501 habet
577 4448 739 4501 etiam
776 4450 914 4503 liber
941 4446 1285 4515 Pantagathi.

1946 3340 2144 3411 inquit,
2187 3351 2308 3395 tunc
2332 3358 2447 3396 vero
2491 3342 2628 3411 facie
2669 3347 2736 3396 ad
2760 3345 2947 3413 [aciem
2994 3348 3037 3416 (Ι
3074 3350 3193 3404 Cor.
3243 3358 3404 3426 xm):
3459 3362 3547 3419 ubi

1943 3452 2046 3488 non
2077 3436 2173 3489 erit
2200 3436 2401 3505 aliquid
2432 3438 2691 3491 occultum
2737 3441 2877 3507 quod
2918 3457 3021 3495 non
3072 3448 3401 3517 revelabitur,
3449 3471 3540 3508 nec

1941 3526 2299 3583 absconditum
2325 3529 2466 3599 quod
2497 3546 2602 3584 non
2632 3531 2821 3585 scietur
2862 3532 3144 3607 (Matt/ix)
3168 3554 3181 3590 :
3209 3542 3429 3609 quando
3472 3547 3540 3601 ad

1940 3620 2089 3675 illum
2116 3620 2355 3675 futurum
2378 3621 2520 3677 diem
2542 3622 2739 3678 festum
2763 3624 3026 3681 Dominus
3041 3627 3201 3684 Jesus
3219 3630 3397 3703 (Joan.
3416 3641 3541 3707 vn),

1938 3730 2049 3769 non
2080 3714 2220 3771 sicut
2248 3718 2350 3770 sub
2378 3714 2698 3785 incredulis,
2739 3716 2751 3767 i
2792 3720 2947 3788 quasi
3000 3721 3053 3775 in
3085 3726 3308 3779 occulto
3338 3743 3537 3784 ascen-

1936 3809 2065 3873 det;
2101 3814 2195 3865 sed
2227 3810 2370 3867 sicut
2401 3811 2666 3883 scriptum
2693 3821 2812 3867 est:
2862 3812 3007 3870 Deus
3038 3817 3216 3887 palam
3263 3822 3446 3891 t'eniet,
3494 3836 3542 3879 et

1937 3901 2079 3957 Deus
2105 3915 2295 3970 noster,
2326 3913 2374 3957 et
2422 3922 2525 3959 non
2547 3904 2717 3959 silebit
2768 3906 2889 3977 (Ps.
2922 3908 3093 3977 xux).
3139 3910 3436 3981 Propterea
3487 3928 3543 3971 ct

1935 3996 2180 4068 Apostoli
2207 4000 2259 4053 in
2291 3999 2605 4070 Evangeliis
2633 3999 2763 4055 alibi
2794 4002 3158 4071 prohibentur
3180 4017 3403 4075 portare
3431 4014 3545 4069 cal~

1940 4156 2211 4212 editiones
2244 4171 2350 4229 non
2378 4155 2585 4229 habent
2612 4158 2671 4212 τὸ
2693 4158 2828 4227 ejus,
2858 4175 3019 4229 quam
3054 4163 3307 4218 vocnlam
3341 4168 3542 4225 retinet

1927 4229 2090 4282 etiam
2125 4229 2262 4282 liber
2284 4227 2623 4298 Pantagathi.

2011 4298 2022 4335 ί
2050 4299 2335 4375 Frequens
2366 4298 2482 4375 haec
2501 4300 2715 4375 locutio
2740 4302 2996 4375 cs_t_apud
3029 4302 3241 4370 Patres,
3267 4321 3371 4375 qua
3399 4308 3537 4364 Ver-

1930 4370 2056 4425 bum
2089 4371 2185 4426 Dei
2217 4385 2389 4443 carne
2421 4372 2670 4426 indutum
2713 4372 2992 4425 calciatum
3022 4370 3540 4443 appellabant.Am-

1932 4442 2293 4521 bro5.§ertii.
2326 4442 2473 4521 17in
2504 4460 2591 4521 ps.
2623 4458 2818 4507 cxvm,
2857 4445 2988 4521 edit.
3018 4444 3181 4499 FlOll.
3213 4456 3261 4521 Δι.
3311 4464 3387 4511 tv,
3413 4468 3537 4521 pug.

290 4517 315 4555 ἀ
340 4518 473 4609 Thes
510 4518 1026 4609 tttssztsanctqlesu
1058 4513 1224 4609 Nave,
1259 4519 1432 4609 iisque
1468 4515 1827 4609 c‘onsqnat'li—
1854 4550 1906 4609 D
2097 4513 2199 4609 Pe‘r
2225 4514 2618 4609 feriturinsigiJie
2638 4515 2985 4599 generationis
3012 4513 3540 4592 agnoscimus,jit.tia

216 4591 313 4647 bor
370 4591 721 4660 l‘antagathi;
762 4604 814 4647 et
859 4592 1087 4647 fortasse
1134 4592 1235 4645 hoc
1280 4588 1441 4646 mOdo
1487 4588 1824 4645 Gaudentius

217 4663 537 4730 scripserat,
599 4672 651 4716 at
714 4664 1056 4719 librariorum
1116 4664 1361 4725 inscitia,
1406 4663 1603 4732 quibus
1644 4675 1824 4732 (porro

216 4733 461 4806 igxzmnm
486 4744 601 4787 crat
624 4735 726 4791 hoc
756 4737 881 4792 item
916 4738 1137 4791 nomine
1166 4731 1611 4789 vocarisanctnm
1631 4731 1821 4806 losuc,

218 4801 417 4859 n'otiuri
442 4807 812 4873 appellatione
860 4809 935 4862 uti
986 4808 1196 4863 maluit.
1226 4806 1400 4860 Eccli.
1444 4820 1566 4860 XLVI
1598 4824 1608 4858 :
1644 4801 1824 4858 Fortis

216 4878 267 4950 in
291 4878 423 4931 bello
444 4874 597 4950 Jesus
626 4878 767 4931 Nare
789 4896 1052 4950 successor
1081 4879 1269 4950 Moysi.
1303 4878 1525 4950 llieron.
1554 4878 1823 4950 in_ic:tp.tt

215 4948 406 5003 Matth.
434 4948 601 5017 :Lege
629 4952 815 5004 librum
840 4949 966 5005 Jesu
996 4952 1095 5020 ﬁlii
1120 4948 1284 5005 Nare.
1321 4954 1456 5019 Aug.
1491 4949 1558 5003 dc
1581 4948 1699 5020 Civ.
1727 4949 1817 5004 lib.

214 5035 366 5084 xvm,
426 5036 542 5090 cap.
588 5023 641 5076 ll
676 5039 687 5076 :
725 5023 890 5091 Moysi
922 5019 1160 5077 successit
1208 5022 1358 5077 Jesus
1394 5021 1560 5075 Nave.
1614 5019 1823 5075 l’hilas-

215 5092 374 5160 trins,
408 5108 525 5161 cap.
560 5094 624 5145 l7
652 5111 662 5147 :
692 5093 756 5147 Et
784 5093 1007 5158 Josiam,
1036 5107 1082 5149 et
1120 5092 1298 5147 Jesunt
1350 5095 1517 5161 filium
1568 5092 1743 5158 Nave;
1768 5102 1820 5147 et

213 5177 333 5236 cap.
374 5164 445 5217 ‘27
480 5162 645 5236 :Al’ost
690 5166 860 5236 Moysi
903 5166 1306 5235 defunctionem,
1343 5166 1821 5235 succcssionemque

211 5232 339 5309 Jeiu
362 5236 463 5309 [itii
494 5234 657 5309 Nave.
692 5232 1031 5293 Gaudentius
1063 5239 1196 5307 ipse,
1235 5250 1303 5291 tr.
1341 5239 1397 5292 ll
1433 5256 1445 5291 :
1473 5236 1683 5309 Septem
1710 5232 1819 5290 (iic-

215 5308 306 5360 bus
332 5307 475 5376 ﬁlius
504 5306 668 5363 Nave.

288 5388 310 5415 θ
345 5379 436 5434 Sic
460 5382 804 5448 reposuimus
835 5398 901 5437 ex
934 5382 1181 5437 Floreat.
1215 5389 1272 5436 et
1299 5380 1431 5435 Urb.
1462 5396 1583 5435 cum
1614 5380 1668 5435 in
1700 5378 1817 5435 cdi-

214 5450 284 5505 tis
308 5452 590 5577 llegeretur
618 5462 764 5520 tum;
794 5455 891 5509 sed
926 5465 1049 5509 tunc
1072 5464 1157 5509 est
1184 5454 1347 5509 etiam
1374 5453 1426 5506 in
1460 5452 1583 5507 cod.
1619 5453 1818 5507 Panta-

214 5533 299 5577 ttat
326 5540 383 5576 Il.

211 5533 383 5593 gatltt.

290 5593 309 5632 ἲ
336 5593 486 5649 Flor.
507 5594 636 5668 Urb.
658 5606 711 5650 ct
734 5597 857 5652 cod.
883 5597 1235 5668 Pantagathi,
1262 5597 1436 5665 utique
1456 5597 1556 5666 ipsi
1580 5595 1810 5650 diabolo.

213 5664 530 5741 VattLduo,
569 5667 825 5722 Dominus
856 5672 1032 5738 utique
1058 5664 1155 5741 ipsi
1187 5664 1425 5741 diabolo.

288 5747 312 5785 8
344 5738 481 5812 Tres
508 5753 640 5791 mss.
676 5740 845 5812 codd.
898 5743 970 5795 ita
1006 5738 1194 5812 legunt
1226 5757 1237 5793 :
1295 5740 1560 5795 Habemus
1610 5748 1658 5794 et
1688 5757 1813 5793 san-

213 5818 355 5883 ctum
379 5809 636 5863 Joannem
668 5810 956 5883 Baptistain
985 5809 1195 5867 diafisse.

285 5880 313 5921 ιι
342 5883 436 5939 Sic
469 5892 581 5938 tres
610 5880 755 5938 mssf
780 5884 944 5939 codd.
975 5896 1029 5940 et
1058 5886 1235 5941 Paris.
1273 5885 1465 5943 editio.
1504 5884 1641 5941 Aliae
1690 5883 1811 5940 duae

662 5979 940 6039 l’s'rn0L.
992 5979 1137 6041 XX.

1931 4587 2065 4643 illud
2100 4605 2115 4641 :
2154 4585 2434 4662 Accingere
2456 4585 2699 4662 (gladium
2728 4585 3102 4662 tuunt__ct'rcun_t
3136 4594 3326 4657 feritur,
3357 4585 3538 4662 ῥητίνη-

1930 4662 2128 4715 tissime
2152 4677 2168 4722 ;
2199 4657 2675 4731 quo’signiﬁcatur,
2698 4657 2835 4731 quod
2866 4658 3039 4712 Filius
3065 4659 3182 4724 Del,
3208 4676 3325 4714 cum
3350 4657 3533 4721 seruet-

1928 4732 2101 4801 ipsum
2132 4729 2471 4805 exinanisset,
2508 4729 2657 4805 Verbi
2685 4730 2952 4784 accinctus
2985 4732 3327 4805 dicinittttent,
3360 4746 3409 4788 et
3448 4756 3536 4805 ge-

1927 4806 2249 4880 nerationem
2278 4803 2546 4880 calciatus
2590 4801 2895 4880 ltumqnam,
2928 4802 3194 4880 prodierit
3221 4822 3287 4859 ea:
3326 4801 3535 4880 Virgine

1928 4877 2167 4954 omnibus
2194 4874 2687 4954 daturussalulent.
2720 4875 2886 4945 Greg.
2924 4878 3070 4954 hom.
3093 4876 3138 4954 _7
3184 4878 3234 4930 in
3271 4874 3477 4954 Evarig.
3514 4904 3527 4940 :

1927 4946 2248 5025 Incarnatus
2278 4946 2533 5025 Dominus
2565 4948 2772 5025 veniens
2794 4948 2943 5018 quasi
2966 4950 3231 5004 ealciatus
3258 4946 3525 5025 apparuit,

1924 5021 2047 5089 quia
2068 5022 2119 5073 in
2144 5020 2527 5091 divinitatcsua
2556 5020 2831 5091 morticina
2851 5030 3043 5074 ucstra:
3064 5020 3415 5091 corruptionis
3443 5020 3527 5082 as;

1924 5092 2164 5167 sumpsit.
2198 5093 2263 5145 Et.
2290 5092 2454 5160 paulo
2484 5090 2621 5143 intra
2656 5109 2668 5143 :
2705 5089 2782 5167 In
2803 5088 3091 5167 Maurarum
3117 5088 3239 5167 ergo
3267 5094 3525 5155 Dominus

1925 5164 2489 5238 calciamentumsuum
2517 5179 2571 5214 se
2598 5164 2869 5238 extendere
2895 5166 3104 5238 asserit,
3134 5164 3256 5235 quia
3287 5170 3411 5222 dum
3434 5189 3525 5238 per

1925 5250 2127 5288 carnem
2152 5233 2401 5289 Gentibus
2430 5235 2673 5300 innotuit,
2708 5238 2854 5305 quasi
2882 5236 3112 5290 calciata
3142 5233 3211 5288 ad
3259 5255 3351 5291 nos
3390 5233 3523 5296 diri-

1920 5307 2058 5360 nitas
2088 5307 2237 5359 venit.

1997 5381 2011 5428 t
2048 5378 2137 5433 Sic
2155 5376 2569 5433 emcndavimus
2594 5377 2717 5434 freti
2742 5380 3064 5433 auctoritate
3087 5377 3218 5433 Urb.
3242 5389 3295 5433 ct
3326 5383 3525 5438 utrius-

1918 5465 2025 5520 que
2061 5449 2180 5503 Vat.
2212 5449 2440 5505 codicis.
2469 5448 2642 5515 Flor.,
2671 5452 2795 5521 quia
2818 5452 2872 5504 in
2907 5451 3109 5503 occulto
3137 5453 3400 5506 ascendet.
3454 5455 3511 5509 In

1922 5521 2084 5576 editis
2106 5530 2365 5590 corrupte
2394 5522 2699 5592 legebatur,
2740 5524 2862 5589 quia
2912 5524 2963 5574 in
3009 5522 3210 5575 occulto
3260 5527 3515 5582 ascendit.

1919 5592 2058 5665 God.
2090 5592 2433 5665 Pantagathi,
2463 5594 2612 5665 quasi
2634 5595 2687 5646 in
2714 5596 2913 5647 occulto
2936 5592 3399 5665 ascendel;quare
3430 5597 3519 5655 hic

1918 5664 2194 5734 discrepat
2222 5664 2445 5728 aFlor..
2467 5680 2632 5735 supra
2664 5680 2796 5720 vero
2824 5680 2851 5719 a
2882 5665 3051 5735 Vatt..
3091 5664 3221 5717 alibi
3251 5665 3318 5719 ah
3348 5666 3515 5724 Urbi-

1919 5746 2071 5803 nate;
2098 5735 2302 5793 idcirco
2329 5738 2397 5791 ab
2426 5734 2622 5792 horum
2647 5736 2809 5791 codd.
2831 5737 2980 5790 nullo
3012 5734 3361 5805 desumptum
3392 5755 3516 5800 esse

1919 5817 2156 5881 oportet,
2190 5809 2281 5880 qui
2310 5809 2379 5864 ab
2408 5810 2473 5866 iis
2506 5820 2610 5864 tam
2643 5823 2788 5877 sacpe
2810 5807 3084 5863 dissentit.

2899 5972 2979 6035 28
