4070 6346
536 280 642 337 879

1610 278 1671 335 S.
1712 272 2097 334 GAUDENTH
2138 270 2402 331 BRIXIE
2440 272 2753 335 EPISCOPI

3737 278 3833 337 880

529 392 716 448 nitatis
745 391 863 463 ejus
900 400 1177 460 extorres,
1212 390 1449 463 mgyptii
1481 389 1855 461 appellantur;
1889 404 2027 459 quos
2057 396 2135 444 ta-
2161 391 2215 452 Α
2241 384 2472 440 Satanas
2514 387 2797 443 insurrexit
2838 389 3092 445 adversus
3130 387 3392 462 seipsum,
3433 383 3464 427 Ῑι
3504 387 3700 446 divisus
3735 404 3830 459 est;

529 503 656 541 men
702 487 949 543 hortatur
993 487 1106 556 ipse
1152 486 1413 541 Dominus
1458 483 1522 538 ad
1572 483 1837 548 salutem,
1890 483 2077 539 dicens
2122 499 2136 538 :

531 577 675 633 Dum
715 580 911 635 habetis
941 581 1126 645 lucem,
1160 578 1353 634 credite
1380 579 1433 632 in
1462 576 1656 645 lucem,
1696 587 1750 631 ut
1780 578 1879 647 ﬁlii
1909 579 2037 633 lucis
2066 579 2140 632 si-

529 674 597 729 tis
626 672 808 745 (Joan.
858 672 979 743 xu).
1014 672 1202 743 Itaque
1256 680 1283 709 ⁸
1322 672 1369 727 si
1412 672 1715 725 voluntaria
1770 671 1902 727 lides
1959 680 2139 742 potest

531 780 629 821 eos
671 765 809 821 ﬁlios
856 765 992 821 lucis
1032 764 1272 830 efﬁcere,
1308 764 1410 819 hoc
1456 763 1597 834 quod
1646 764 1994 819 tenebrarum
2042 765 2137 820 lilii

526 868 681 929 sunt,
723 860 910 915 vitium
944 860 1240 915 voluntatis
1268 867 1374 923 est,
1409 874 1517 913 non
1549 870 1778 914 naturae.
1812 858 1980 915 Nocte
2006 873 2138 931 ergo

529 969 638 1023 qua
670 968 873 1025 corpus
901 954 1155 1008 exanime
1183 953 1500 1023 relinquens
1530 953 1583 1007 in
1620 967 1783 1007 cruce
1815 952 1911 1008 Dei
1940 952 2133 1021 Filius,

525 1045 749 1101 transiit
773 1061 897 1102 cum
924 1046 1107 1101 anima
1138 1046 1203 1101 ad
1228 1045 1526 1117 AEgyptum
1562 1046 1901 1112 inferiorem,
1932 1056 1986 1100 ut
2018 1046 2137 1100 ani-

529 1154 647 1195 mas
674 1140 726 1193 in
756 1137 971 1195 inferno
998 1138 1200 1210 positas
1227 1139 1505 1203 visitaret;
1534 1148 1663 1194 tunc
1690 1138 1817 1194 fecit
1838 1137 2133 1194 vindictam

525 1236 581 1289 in
619 1250 811 1290 omnes
848 1234 1157 1289 immundos
1185 1234 1411 1304 spiritus
1440 1232 1826 1305 IEgyptiorum
1857 1233 2012 1299 deos,
2046 1232 2133 1287 in—

526 1330 803 1386 teriit-iens
853 1329 905 1385 in
953 1328 1334 1400 primogenitis
1377 1328 1525 1383 vires
1560 1328 1892 1399 principatus
1920 1341 2130 1382 eorum.

522 1422 657 1478 Nam
688 1422 931 1478 Passioni
967 1422 1246 1491 proximus
1278 1420 1413 1476 dicit
1442 1421 1707 1476 Dominus
1736 1422 1899 1476 Jesus
1928 1437 1941 1473 :
1978 1418 2133 1474 Nunc

518 1516 779 1584 iudicium
814 1525 890 1570 est
917 1515 1074 1588 hujus
1102 1514 1303 1579 mundi,
1336 1530 1476 1567 nunc
1500 1512 1663 1584 hujus
1686 1512 1868 1567 mundi
1894 1513 2133 1585 princeps

519 1610 727 1681 ejicitur
752 1609 915 1680 foras.
941 1605 1009 1661 Et
1037 1624 1132 1677 ego
1153 1604 1181 1644 δ
1205 1622 1320 1661 cum
1346 1607 1602 1661 excitatus
1626 1607 1793 1677 fuero,
1824 1608 1999 1660 omnia
2025 1614 2133 1659 tra-

519 1699 645 1753 ham
670 1702 739 1753 ad
767 1716 846 1755 me
874 1702 1049 1768 ipsum
1080 1698 1261 1768 (Joan.
1296 1700 1418 1770 xu).
1469 1700 1763 1755 Revocavit
1798 1700 1981 1769 itaque
2014 1714 2131 1754 om-

2242 477 2361 544 hoc,
2392 479 2583 551 inquit,
2618 484 2787 553 facere
2811 500 2915 538 non
2943 492 3132 554 potest,
3163 492 3253 537 aut
3281 484 3442 553 ﬁnem
3470 484 3618 539 habet
3648 484 3827 558 (Marc.

2241 573 2346 643 tu).
2379 573 2486 629 Sed
2515 574 2722 645 utique,
2751 574 3059 631 charissimi
3078 618 3091 641 ,
3122 586 3414 648 percutere
3444 577 3557 632 vult
3583 580 3828 634 extermi-

2242 675 2402 722 nator
2430 666 2712 737 Hebraeos,
2746 668 2861 725 Deo
2892 670 3233 741 percutiente
3262 668 3573 743 Egyptios.
3594 669 3725 726 Nam
3751 688 3831 730 re-

2243 760 2591 817 tributionem
2623 762 2841 817 molitur
2872 764 2924 817 in
2954 777 3146 818 servos
3179 762 3295 831 Dei,
3324 763 3595 819 satellites
3621 778 3747 819 suos
3772 764 3833 820 ab

2240 868 2306 909 eo
2333 870 2622 925 percussos
2648 856 2968 929 indignans;
3003 859 3258 929 quoniam
3291 858 3546 914 diabolus
3576 868 3703 915 tunc
3731 874 3835 914 ma-

2238 947 2384 1003 xime
2417 947 2750 1017 accenditur,
2779 964 2902 1005 cum
2932 950 3310 1022 exstinguitur.
3340 950 3495 1006 Tunc
3522 950 3668 1005 enim
3692 951 3837 1007 saevit

2239 1038 2293 1092 in
2335 1038 2432 1095 Dei
2473 1038 2728 1106 famulos,
2771 1042 2990 1112 quando
3034 1043 3203 1112 prima
3244 1044 3417 1099 virtus
3448 1043 3568 1116 ejus
3603 1042 3619 1081 ί
3650 1044 3704 1100 in
3734 1044 3839 1116 pri-

2240 1132 2531 1203 mogenitis
2547 1134 2837 1200 occiditur,
2860 1135 2987 1190 dum
3015 1138 3102 1192 vel
3125 1135 3508 1207 idololatriam,
3539 1136 3627 1192 vel
3658 1152 3838 1208 super-

2238 1223 2553 1293 stitionem,
2596 1227 2684 1282 vel
2731 1236 2961 1284 caeteros
3007 1229 3333 1301 principales
3378 1246 3598 1287 errores
3644 1233 3837 1288 da'mo-

2238 1331 2365 1370 uum
2410 1320 2423 1367 ι
2477 1317 2621 1375 Deus
2664 1319 2931 1391 disperdit
2960 1337 3025 1378 ex
3069 1324 3247 1377 nobis.
3282 1324 3422 1379 Dicit
3451 1324 3599 1380 enim
3626 1324 3718 1381 ille
3747 1341 3834 1382 ne-

2236 1408 2536 1479 quissimus
2583 1427 2931 1469 murmurans
2970 1425 3158 1470 contra
3211 1416 3380 1472 Deum
3434 1436 3447 1471 :
3500 1416 3582 1472 Tu
3628 1428 3839 1489 propter

2236 1501 2498 1559 Hebraeos
2520 1513 2642 1560 tuos
2665 1508 2904 1576 percutis
2928 1524 3082 1565 meos
3112 1507 3421 1581 Egyptios,
3450 1519 3505 1567 et
3532 1525 3636 1582 ego
3667 1516 3698 1558 ιι
3728 1526 3840 1582 pro.

2236 1604 2359 1666 pter
2387 1595 2669 1670 Egyptios
2707 1615 2861 1656 meos
2903 1616 3235 1673 persequar,
3276 1612 3330 1659 et
3365 1604 3694 1660 iuterliciam
3743 1605 3839 1662 He-

2234 1690 2413 1746 brteos
2455 1701 2596 1749 tuos.
2632 1694 2764 1750 Nam
2783 1696 2919 1751 dixit
2962 1698 3235 1764 inimicus,
3280 1715 3595 1772 persequens
3616 1717 3839 1773 compre-

519 1811 646 1852 nem
686 1805 994 1852 creaturam
1041 1811 1195 1851 suam
1240 1796 1307 1850 ad
1349 1810 1410 1851 se
1446 1796 1707 1851 Dominus
1743 1794 1922 1863 Jesus,
1967 1810 2125 1864 quam
2159 1810 2208 1871 Β
2235 1788 2503 1845 [tendam1
2530 1791 2731 1859 pariter
2757 1793 2952 1860 spolia,
2979 1792 3187 1865 replebo
3217 1795 3452 1849 animam
3474 1811 3666 1862 meam,
3687 1797 3840 1853 inter-

521 1892 625 1948 sibi
659 1903 680 1929 ο
710 1891 1038 1963 iniquissimi
1070 1901 1425 1962 usurpatores
1454 1890 1761 1945 divinitatis
1798 1889 1994 1944 rebelli
2019 1888 2131 1959 spi-

520 1986 632 2040 ritu
674 1985 1079 2055 manciparant;
1125 1994 1185 2038 ut
1232 1984 1402 2053 ipsius
1442 1983 1635 2039 ditioni
1673 1983 1918 2053 subjeCta
1948 1988 2135 2037 essent

517 2080 723 2147 omnia,
751 2094 845 2147 per
865 2093 1023 2149 quem
1049 2077 1188 2133 facta
1210 2086 1337 2132 sunt
1364 2076 1650 2142 universa;
1677 2084 1732 2130 et
1764 2075 1857 2147 qui
1897 2074 2132 2145 protexit

522 2169 549 2207 ά
596 2171 757 2243 262
800 2185 863 2225 ac
906 2178 1154 2241 proteget
1182 2168 1470 2224 credentes
1499 2169 1550 2223 in
1583 2183 1643 2224 se
1672 2185 1701 2222 a
1732 2167 1889 2239 plaga
1919 2166 2129 2222 contri-

519 2266 709 2332 tionis,
745 2280 841 2334 per
870 2264 1082 2336 signum
1110 2263 1303 2333 (crucis
1332 2277 1466 2327 suae,
1501 2277 1625 2317 cum
1655 2262 1857 2317 dicitur
1888 2278 1900 2315 :
1937 2258 2005 2313 Et
2033 2260 2130 2314 erit

517 2357 658 2412 vobis
687 2358 899 2430 sanguis
926 2359 979 2410 in
1011 2358 1161 2430 signo
1193 2367 1215 2393 ε
1244 2358 1297 2411 in
1323 2356 1561 2410 domibus
1595 2373 1611 2408 :
1644 2372 1731 2410 vos
1759 2356 1905 2410 eritis
1932 2354 2001 2409 ibi
2032 2370 2049 2407 :
2082 2362 2127 2409 et

518 2449 700 2503 videbo
740 2450 1067 2521 sanguinem,
1100 2458 1147 2502 et
1174 2458 1443 2521 protegam
1468 2464 1553 2502 vos
1580 2445 1781 2520 (Exod.
1812 2446 1933 2513 xu).
1969 2445 2129 2514 Quae-

517 2545 748 2601 rendum
798 2553 1001 2611 tamen,
1051 2544 1371 2615 priusquam
1420 2550 1767 2598 transeamus
1810 2542 1878 2596 ad
1927 2549 2129 2596 caetera

519 2656 643 2709 quo:
672 2652 996 2709 sequuntur,
1027 2640 1303 2709 quomodo
1333 2638 1502 2705 dicat,
1544 2636 1829 2710 Protegam
1855 2653 1942 2691 vos
1972 2634 2128 2706 quasi

518 2733 588 2788 ab
618 2733 727 2788 alio
755 2732 1197 2788 'exterminatore
1227 2749 1240 2785 :
1272 2738 1327 2787 et
1356 2731 1558 2787 iterum
1600 2730 1835 2801 Moyses,
1872 2728 2130 2784 Transibit

519 2824 777 2882 Dominus
820 2835 1108 2897 percutere,
1151 2825 1249 2892 ait,
1282 2824 1355 2879 1E
1360 2826 1583 2899 gyptios,
1617 2835 1663 2879 et
1693 2825 1880 2880 videbit
1909 2825 2126 2897 sangui-

521 2936 638 2975 nem
678 2921 733 2974 in
771 2918 982 2987 limine,
1013 2928 1059 2973 et
1091 2920 1144 2974 in
1176 2918 1402 2989 utrisque
1441 2918 1691 2988 postibus,
1724 2929 1768 2972 et
1800 2917 2131 2989 pertransibit

520 3014 712 3067 ostium
740 3011 941 3085 (Exod.
975 3013 1095 3082 xu).
1136 3010 1278 3079 Quid
1311 3025 1444 3081 ergo
1471 3012 1594 3066 est?
1627 3010 1888 3065 Dominus
1918 3010 2133 3066 transiit

518 3117 808 3179 percutere
838 3107 1129 3180 Egyptios
1158 3107 1213 3161 in
1244 3121 1408 3161 manu
1439 3105 1922 3161 exterminatoris?
1947 3104 2126 3160 Absit.

2236 1879 2410 1949 ﬁciam
2461 1882 2621 1953 263
2673 1883 2849 1954 gladio
2890 1901 3026 1956 meo,
3089 1885 3454 1942 dominabitur
3498 1905 3687 1944 manus
3731 1906 3839 1945 mea

2238 1973 2437 2046 (Exod.
2466 1992 2555 2043 xv,
2586 1977 2642 2048 9)
2669 1996 2680 2032 :
2706 1980 2801 2034 sed
2826 1978 3125 2036 frustratur
3146 1980 3267 2051 ejus
3291 1981 3607 2050 minacitas,
3634 1984 3679 2039 si
3707 1999 3838 2055 prte-

2235 2079 2395 2138 cepto
2442 2070 2681 2141 Domini,
2727 2087 2835 2143 quo
2874 2088 2976 2129 nos
3022 2083 3167 2130 tutos
3197 2088 3321 2131 esse
3358 2092 3521 2146 posse
3543 2087 3581 2114 ω
3612 2092 3838 2149 ρτωωο-

2234 2162 2374 2227 nuit,
2399 2164 2652 2234 gnaviter
2666 2180 2978 2236 pareamus.
3013 2166 3293 2239 Adjicitur
3318 2171 3496 2237 enim,
3518 2183 3567 2226 et
3587 2173 3837 2227 custodies

2230 2271 2514 2311 sermonem
2540 2256 2679 2312 hunc
2726 2259 3017 2333 legitimum
3050 2261 3140 2315 tibi
3172 2263 3274 2333 ipsi
3303 2273 3353 2319 et
3380 2264 3509 2333 ﬁliis
3549 2266 3653 2320 tuis
3687 2281 3838 2337 usque

2229 2346 2287 2402 in
2314 2358 2567 2404 azternum
2590 2350 2791 2423 (Exod.
2818 2368 2915 2419 xu,
2940 2353 3035 2423 24)
3070 2354 3317 2411 :scilicet
3351 2366 3409 2411 ut
3434 2372 3657 2428 semper
3686 2359 3836 2414 solli-

2230 2440 2323 2495 citi
2346 2441 2516 2497 simus
2548 2442 2748 2513 pascha
2776 2444 2996 2500 Domini
3040 2446 3286 2516 legitimo
3309 2448 3495 2504 studio
3520 2450 3835 2518 celebrare,

2230 2542 2287 2589 et
2308 2534 2597 2605 vigilanter
2627 2536 2808 2594 facere
2836 2552 2899 2594 ea
2930 2554 3052 2610 qua:
3073 2540 3233 2597 nobis
3261 2550 3540 2613 praecepta
3577 2552 3742 2612 sunt,
3773 2559 3837 2601 ne

2230 2640 2334 2697 per
2381 2638 2752 2699 contemptum
2799 2641 3086 2699 nostrum,
3129 2642 3230 2689 aut
3261 2635 3655 2707 negligentiam
3710 2653 3834 2693 nos-

2230 2731 2392 2790 tram,
2439 2727 2837 2783 exterminatur
2883 2727 3090 2784 aditum
3127 2731 3418 2801 grassandi
3452 2733 3716 2804 reperiat,
3745 2733 3833 2789 Dei

2232 2822 2564 2890 protectoris
2621 2823 2851 2879 tuitione
2897 2834 3175 2882 cessante.
3209 2823 3294 2882 Sit
3334 2841 3466 2899 ergo
3498 2829 3835 2900 unusquiqne

2231 2921 2479 2968 nostrum
2506 2914 2561 2970 in
2591 2923 2748 2986 parte
2788 2915 3032 2985 Domini,
3078 2919 3170 2990 qui
3206 2920 3477 2989 percussit
3513 2920 3833 2994 Egyptios;

2234 3003 2309 3060 sit
2343 3006 2613 3073 Israelita,
2648 3009 2818 3065 Deum
2847 3026 3067 3083 semper
3090 3020 3276 3069 mente
3305 3012 3605 3083 aspiciens,
3631 3022 3692 3070 ut
3718 3029 3834 3086 pro-

2238 3110 2459 3174 tegatur
2509 3119 2537 3156 a
2584 3103 2736 3175 plaga
2786 3106 3258 3164 exterminatoris.
3307 3109 3554 3179 Habeat,
3594 3112 3836 3183 quinimo

518 3202 654 3258 Nam
683 3210 805 3272 post
839 3201 1093 3272 pusillum
1124 3199 1254 3255 dicit
1289 3217 1303 3255 :
1339 3197 1407 3252 Et
1435 3216 1540 3253 non
1569 3197 1794 3252 dimittet
1821 3198 2133 3254 extermina—
2157 3201 2204 3265 ο
2239 3195 2538 3250 habeamus
2572 3196 2626 3250 in
2664 3197 2911 3267 utrisque
2944 3199 3196 3268 postibus
3222 3242 3238 3267 ,
3280 3200 3499 3258 scilicet
3546 3203 3601 3258 in
3650 3204 3832 3270 corde,

520 3306 681 3351 torem
711 3297 907 3352 intrare
934 3296 989 3350 in
1017 3294 1201 3350 domos
1228 3306 1439 3349 vestras.
1474 3294 1531 3351 Si
1561 3294 1678 3364 ipse
1711 3295 1967 3364 percutit,
1995 3309 2131 3365 quo-

518 3391 684 3447 modo
726 3390 941 3457 dicitur,
988 3406 1091 3443 non
1134 3388 1358 3442 dimittet
1403 3388 1599 3442 intrare
1638 3388 2133 3442 exterminatorent?

516 3483 634 3538 Hoc
662 3484 842 3554 itaque
875 3483 928 3537 in
959 3490 1110 3536 textu
1137 3481 1307 3551 ipsius
1338 3481 1589 3537 lectionis
1618 3479 1903 3547 sollicitus,
1931 3480 2129 3547 lector,

516 3576 829 3642 considera,
869 3573 1015 3645 quod
1056 3574 1146 3629 ubi
1175 3573 1307 3628 dicit
1350 3571 1369 3611 ί
1414 3574 1622 3642 percuti
1663 3572 1975 3645 Aigyptios,
2017 3589 2127 3629 non

520 3667 674 3733 dicit,
716 3668 786 3722 ab
830 3667 1257 3722 exterminatore
1288 3684 1300 3720 :
1338 3666 1426 3721 ubi
1465 3678 1649 3721 autem
1677 3665 1832 3733 dicit,
1865 3666 2127 3723 Hebraeos

517 3758 884 3830 protegendos
908 3759 1000 3829 qui
1026 3758 1301 3829 percussit
1328 3757 1640 3829 Egyptios,
1673 3768 1698 3804 κ
1725 3757 1821 3813 sed
1850 3760 1917 3814 ab
1947 3768 2131 3815 exter-

519 3851 831 3907 minatoris.
868 3850 1273 3905 Exterminator
1298 3858 1485 3906 autem
1520 3866 1627 3904 non
1661 3850 1895 3920 percutit
1919 3850 2129 3925 Egyp-

523 3945 654 4016 tios,
688 3960 919 4017 quorum
948 3944 1156 4001 amicus
1185 3952 1242 4000 et
1269 3944 1526 4015 princeps
1554 3955 1674 4009 est;
1704 3944 1984 4015 quoniam,
2017 3946 2128 4002 sic-

519 4040 597 4094 uti
640 4039 713 4094 ait
754 4039 1012 4096 Dominus
1060 4041 1114 4094 in
1158 4038 1457 4110 Evangelio
1507 4037 1673 4093 Marci
1717 4037 2052 4108 beatissimi,
2084 4040 2129 4095 si

597 4208 621 4234 ἰ
653 4197 745 4254 Sic
770 4197 1053 4268 legendum
1078 4212 1200 4253 esse
1223 4197 1407 4253 docuit
1433 4210 1738 4252 consensus
1764 4210 1898 4251 mss.
1930 4212 2031 4267 pro
2060 4212 2125 4251 eo

524 4271 735 4340 quodin
767 4272 926 4325 editis
943 4272 1282 4336 occurrebat,
1312 4269 1592 4324 voluntatis
1621 4268 1785 4337 ﬁdes;
1817 4284 1979 4338 quam
2010 4269 2125 4324 lec-

522 4346 724 4414 tionem
753 4343 979 4414 abrogat
1009 4343 1178 4398 etiam
1206 4341 1689 4410 cod.Pantagatbi,
1716 4342 2009 4410 praeferens
2038 4357 2129 4394 vo—

527 4411 760 4469 luntaria
792 4411 941 4484 ﬁdes.

599 4485 624 4523 ι’
658 4486 713 4542 1η
744 4486 918 4542 tribus
951 4500 1081 4542 mss.
1109 4495 1165 4541 et
1193 4485 1335 4541 libro
1363 4484 1705 4556 Pantagatbi,
1734 4500 1848 4539 cum
1874 4484 2133 4539 exaltatus

527 4561 676 4631 fuero
710 4576 743 4611 a
770 4567 927 4613 terra.

604 4642 624 4668 ο
669 4631 804 4686 Tres
835 4646 968 4685 mss.
995 4629 1181 4698 codd.,
1219 4630 1518 4699 nequissimi
1549 4637 1907 4698 usurpatores.

530 4772 572 4830 Ρ
597 4700 623 4738 ά
669 4703 1096 4826 Mss.h_quatuor,
1144 4698 1385 4774 protegit,
1412 4701 1610 4771 quibus
1637 4699 1963 4770 sulfragatur
2006 4698 2131 4754 cod.

577 4784 792 4830 antaaat
835 4790 872 4828 ι.

577 4784 872 4828 antaaatm.

606 4790 995 4911 3|§%§;fl,lbrb.
1021 4844 1232 4900 etVatt.
1259 4843 1397 4911 duo,
1426 4845 1477 4896 in
1500 4842 1736 4896 domibus
1762 4842 1813 4896 in
1835 4843 2018 4913 quibus
2046 4859 2131 4896 vos

528 4918 704 4981 eritis;
748 4917 1050 4986 eodemque
1078 4915 1239 4970 modo
1265 4915 1388 4971 cod.
1423 4914 1762 4984 Pantagatbi,
1795 4915 1882 4968 cui
1916 4914 2131 4970 lectioni

529 4989 679 5043 favet
712 4988 960 5059 Vulgata.

610 5061 627 5099 τ
658 5061 745 5116 Sic
765 5056 875 5115 tres
896 5076 1025 5114 mss.
1052 5059 1331 5114 Editiones
1352 5059 1604 5129 legebant
1624 5059 1907 5127 percutiam
1926 5056 2131 5131 {Egyp-

527 5135 667 5199 tios;
705 5141 762 5187 at
801 5132 999 5203 percuti
1038 5130 1319 5203 [Egyptios
1356 5132 1516 5186 habet
1559 5131 1721 5187 etiam
1750 5132 1888 5188 liber
1926 5129 2127 5185 Panta-

568 5206 705 5261 albi.

528 5221 943 5352 ειὶῖςςῗῦιῖὴηοοᾶ.
969 5284 1024 5352 et
1057 5276 1225 5352 Lugd.
1254 5275 1441 5352 editio,
1465 5276 1969 5352 ab_e.'cterminatore,
1995 5294 2130 5352 quo-

529 5350 695 5405 :nodo
728 5349 890 5404 habet
919 5349 1083 5404 etiam
1115 5348 1238 5401 cod.
1272 5347 1608 5417 Pantagathi.

603 5420 631 5460 ιι
672 5424 760 5478 Sic
794 5421 948 5476 editi.
993 5420 1048 5474 In
1079 5429 1314 5491 quatuor
1354 5434 1485 5472 mss.
1530 5430 1584 5473 et
1616 5420 1751 5493 libro
1783 5422 2123 5493 Pantagathi,

528 5494 722 5549 divisus
753 5502 846 5561 est,
876 5493 1063 5563 inquit,
1095 5501 1233 5545 stare
1260 5507 1361 5544 non
1393 5500 1577 5559 potest,
1611 5492 1766 5561 finem
1791 5492 1964 5549 habet.

586 5565 601 5603 ί
624 5568 818 5622 lterum
834 5564 1139 5637 primouatis
1155 5563 1356 5637 habent
1369 5576 1524 5637 mss;
1545 5570 1599 5617 et
1620 5564 1777 5637 paulo
1793 5578 1927 5634 post.
1942 5609 1955 5631 ,
1975 5566 2122 5621 Flor.

526 5648 581 5693 et
606 5637 739 5695 Urb.
772 5634 871 5705 pro
884 5635 963 5690 vel
981 5635 1357 5700 idololatriam,
1377 5634 1462 5709 uel
1478 5635 1913 5709 superstitionem,
1942 5640 2126 5709 legunt

528 5712 604 5764 vel
621 5710 893 5781 ydolatria:
919 5709 1353 5781 superstitionem.
1381 5704 1547 5760 Liber
1579 5706 1918 5778 Pantagathi,
1952 5704 2124 5764 idola-

526 5783 639 5834 trite
668 5780 1099 5849 superstitionem.

600 5852 614 5905 i
657 5848 792 5909 'l‘res
819 5851 1110 5921 editiones,
1141 5850 1308 5917 male,
1337 5848 1619 5921 disperdet.

2231 3300 2286 3347 et
2316 3290 2369 3344 in
2402 3306 2518 3356 ore,
2543 3291 2838 3348 salutarem
2881 3293 3098 3349 Domini
3129 3294 3471 3353 Passionem.
3502 3298 3832 3365 Quomodo?

2230 3384 2370 3440 sicut
2392 3383 2551 3440 docet
2581 3384 2875 3455 Apostolus
2908 3404 2923 3442 :
2966 3386 3134 3442 Corde
3162 3390 3396 3444 creditur
3423 3391 3493 3444 ad
3508 3391 3786 3457 justitiam
3813 3431 3830 3459 ,

2231 3494 2319 3533 ore
2344 3487 2517 3534 autem
2556 3479 2814 3551 confessio
2843 3482 2903 3550 ﬁt
2933 3480 2988 3535 in
3030 3482 3252 3537 salutem
3275 3482 3462 3555 (Rom.
3498 3484 3580 3553 ι).
3623 3484 3834 3541 Habea-

2232 3588 2357 3629 mus
2380 3584 2407 3611 ιι
2430 3584 2485 3630 et
2514 3575 2567 3630 in
2594 3575 2783 3631 limine
2806 3575 3004 3631 frontis
3029 3578 3246 3647 signum
3272 3578 3558 3649 sanguinis
3587 3580 3752 3651 Agni,
3782 3590 3836 3636 ut

2233 3683 2342 3724 non
2384 3670 2530 3724 sinat
2568 3670 3062 3726 exterminatorem
3105 3671 3251 3727 Deus
3299 3672 3530 3729 introire
3573 3672 3643 3728 ad
3688 3689 3831 3729 nos:

2230 3775 2410 3832 neque
2449 3761 2595 3818 enim
2628 3762 2975 3818 solummodo
3016 3771 3149 3819 tunc
3179 3764 3326 3820 istud
3354 3764 3563 3822 factum
3610 3777 3696 3823 est
3752 3766 3835 3824 vel

2227 3851 2284 3909 in
2316 3852 2544 3909 historia
2574 3854 2865 3924 Legis,vel
2884 3855 2937 3910 in
2959 3865 3205 3928 tempore
3235 3856 3419 3913 crucis
3445 3857 3661 3913 Domini
3682 3858 3833 3926 Jesu,

2231 3946 2327 4003 sed
2366 3956 2421 4001 et
2452 3964 2596 4004 nunc
2626 3963 2846 4019 semper
2871 3949 3013 4006 Deus
3056 3950 3204 4006 ultor
3244 3952 3435 4024 populi
3474 3953 3561 4008 sui
3607 3954 3832 4024 perculit

2229 4043 2517 4118 [Egyptios
2556 4062 2570 4099 :
2604 4061 2826 4118 semper
2867 4046 3267 4103 exterminator
3318 4047 3577 4104 diabolus
3632 4049 3835 4106 intrare

2303 4198 2332 4280 ιε
2371 4201 2462 4280 Si_c
2509 4202 2868 4280 mss._codd._
2908 4202 3053 4258 Editi
3100 4217 3232 4280 vero
3278 4214 3489 4280 prapter
3533 4206 3835 4280 zEgyptios.

2230 4272 2369 4329 Huic
2406 4274 2801 4330 Gaudentianre
2856 4274 3296 4345 interpretationi
3343 4272 3573 4334 obstare
3613 4272 3835 4337 Videtur

2230 4346 2386 4401 locus
2412 4345 2541 4414 Sap.
2573 4362 2730 4412 xvut,
2760 4346 2849 4413 15,
2879 4346 2965 4415 16,
3007 4347 3096 4403 ubi
3144 4347 3321 4402 innuit
3375 4351 3833 4407 exterminatarem

2235 4416 2406 4495 [uisse
2448 4434 2478 4471 a
2508 4419 2619 4474 Deo
2669 4417 2895 4473 missum
2943 4418 3009 4495 ad
3066 4418 3478 4495 percutiendos
3508 4422 3831 4495 Egyptios:

2242 4488 2930 4564 Omnipotenssermotuus
2960 4490 3026 4564 de
3054 4492 3184 4547 ctelo
3219 4508 3250 4544 a
3291 4493 3557 4563 regalibus
3579 4488 3832 4564 's'edibus,

2241 4562 2404 4637 durus
2434 4561 2720 4637 debellator
2739 4603 2754 4628 ,
2784 4562 2837 4615 in
2884 4562 3108 4637 mediam
3139 4561 3464 4619 exterminii
3494 4576 3693 4621 terram
3716 4561 3835 4637 pro;

2239 4631 2418 4687 silivit.
2453 4632 2845 4687 Exterminator
2875 4634 3081 4704 pariter
3107 4644 3334 4706 vocatur
3370 4637 3461 4706 qui
3496 4631 3737 4705 perdidit
3780 4642 3831 4696 in

2238 4706 2461 4781 deserto
2478 4715 2897 4781 murmurantes
2924 4716 3113 4761 contra
3144 4705 3453 4781 Dominum.
3477 4708 3691 4765 .Iuditb.
3717 4728 3827 4781 VIII,

2234 4775 2308 4849 25
2339 4794 2349 4829 :
2388 4775 2487 4842 Qui
2509 4778 2879 4849 imprOperium
2916 4778 3342 4833 murmurationis
3371 4796 3483 4835 sua:
3513 4791 3701 4837 contra
3726 4775 3830 4838 ι)οέ

2234 4848 2435 4901 minam
2460 4848 2810 4920 protulerunt,
2838 4851 3163 4904 exterminati
3184 4860 3308 4905 sunt
3337 4849 3401 4903 ab
3429 4854 3829 4911 exterminata-

2234 4933 2315 4973 re.
2346 4920 2417 4995 Et
2441 4918 2468 4973 l‘
2488 4918 2616 4974 Cor.
2637 4938 2683 4995 Ax
2708 4937 2720 4974 :
2751 4920 3132 4995 Sicutquidam
3155 4938 3332 4977 eorunt
3357 4936 3829 4995 murmuraverunt,

2233 5001 2282 5045 et
2307 4992 2565 5061 perierunt
2591 4993 2653 5045 ab
2685 4992 3137 5050 exterminatore.

2316 5060 2343 5143 ξ.
2363 5063 2453 5117 Sic
2475 5062 2977 5143 editi:_Flo_r.,Ut;b.
3007 5074 3061 5120 et
3086 5065 3371 5143 Vatt.du9,
3396 5068 3827 5143 partiborspolia,

2233 5134 2432 5203 quibus
2462 5135 2683 5215 accedit
2726 5136 2863 5192 liber
2886 5136 3248 5215 fantagathi.
3274 5134 3639 5215 ﬁaudentius
3668 5134 3829 5215 ’ψιοὲ

2232 5222 2373 5283 μεθ-ι
2416 5215 2573 5283 tract.
2622 5208 2708 5276 12,
2757 5208 2992 5283 partibor
3035 5208 3228 5278 spolia.
3274 5210 3501 5283 Vulgata
3543 5208 3731 5271 editio'
3767 5229 3828 5271 ac

2233 5276 2399 5341 LXX,
2428 5276 2656 5331 dividam
2678 5276 2868 5350 spatia.

2302 5358 2341 5386 τη
2375 5351 2801 5407 Emendavimus
2829 5354 3009 5409 locum
3033 5351 3175 5409 hunc
3198 5368 3262 5409 ex
3296 5353 3401 5411 [ide
3426 5355 3559 5413 Urb.
3593 5367 3649 5413 et
3680 5358 3824 5416 Vatt.

2229 5420 2388 5477 codd.
2418 5421 2713 5497 Parisiens.
2740 5424 2908 5480 editio
2930 5424 3059 5496 legit
3079 5428 3395 5497 prtemonui,
3420 5429 3583 5485 male.
3609 5430 3822 5497 Colon.,

2230 5495 2517 5573 prteritonui
2562 5496 2808 5567 graviter,
2863 5495 3121 5573 deterius.
3175 5495 3822 5573 _l.ugdun.,__prtemonui,

2228 5566 2450 5639 graviter
2497 5566 2805 5639 pereamus,
2857 5569 3113 5639 pessime.
3174 5566 3303 5624 Mss.
3363 5566 3529 5628 codd;
3589 5566 3822 5629 concinit

2226 5637 2381 5712 liber
2415 5636 2627 5712 Octavii
2679 5636 3019 5712 Pantagatlti.

2301 5717 2329 5745 ιι
2356 5708 2682 5789 addidimus
2724 5708 3051 5781 particulam
3102 5712 3511 5785 coniunctionis
3552 5732 3619 5772 ex
3662 5732 3815 5789 mss.,

2228 5795 2350 5852 quae
2380 5783 2432 5836 in
2466 5782 2623 5839 editis
2647 5782 2821 5838 deest.
