4070 6346
209 381 307 439 881

1094 382 1329 439 SEBMO
1369 381 1485 452 VII,
1527 382 1619 439 DE
1660 383 1875 444 EXODI
1910 382 2256 443 LECTIONE
2298 386 2663 446 SEPTIMUS.

3418 395 3527 454 88%

212 500 263 557 in
288 498 483 555 domos
510 498 879 556 lsraelitarum
911 499 1101 556 nititur
1129 500 1359 572 cupiens
1389 514 1490 556 eos
1518 499 1811 555 occidere:
1841 504 1895 566 Α
1920 500 2065 555 enim
2085 499 2330 568 Iudaeus,
2360 501 2503 557 Filio
2526 503 2621 559 Dei
2648 504 2786 576 (Deo
2812 514 2866 561 et
2889 503 3121 578 homini)
3152 508 3299 563 velut
3325 510 3535 568 homini

212 609 431 666 semper
461 595 559 650 Dei
588 594 762 650 Filius
797 604 977 651 tuetur
1018 609 1171 663 suos,
1218 605 1273 650 et
1312 595 1551 666 protegit
1576 608 1694 662 eos,
1725 594 1816 649 ubi

214 686 431 758 signum
456 701 571 743 sua:
600 687 875 743 Passionis
896 687 1233 759 cognoverit.
1257 687 1361 756 Ipsi
1382 686 1556 759 gloria
1577 701 1697 742 cum
1720 685 1823 741 Pa-

218 796 319 854 tre,
342 794 399 843 et
426 801 551 843 cum
578 786 784 859 Spiritu
814 796 1006 842 sancto
1034 800 1133 856 per
1163 784 1347 840 omnia
1372 783 1598 839 saicula.
1621 784 1819 840 Amen.

787 902 1056 965 SERMO
1096 902 1240 981 Vit,

501 1045 587 1088 DE
618 1044 817 1090 EXODI
847 1044 1164 1090 LECTIONE
1196 1044 1533 1090 SEPTIMUS.
1571 1050 1583 1059 '

290 1151 564 1208 Discussis
623 1151 984 1209 validioribus
1046 1151 1427 1209 mandatorum
1483 1150 1825 1222 paschalium

221 1245 509 1311 membris,
541 1254 652 1302 tres
690 1246 870 1301 adhuc
908 1245 1245 1317 superfuisse
1288 1246 1356 1302 de
1403 1246 1684 1317 proposita
1718 1246 1828 1301 lec-

221 1337 369 1395 tione
418 1338 595 1396 Exodi
641 1340 895 1411 species,
943 1340 1033 1395 die
1086 1340 1344 1396 hesterno
1403 1338 1757 1410 praediximus
1809 1355 1823 1393 :

220 1445 450 1501 quarum
520 1432 754 1501 primam
830 1432 900 1488 de
967 1432 1353 1488 interiectione
1422 1430 1827 1501 primitivorum

222 1520 465 1596 Egypti,
490 1525 696 1594 statim,
719 1534 882 1595 prout
904 1525 1205 1595 potuimus,
1236 1524 1580 1595 interpretati
1606 1540 1825 1590 sumus;

221 1615 354 1673 duas
381 1632 528 1673 nunc
555 1617 806 1674 residuas
852 1617 919 1674 de
950 1617 1323 1689 prohibitione
1359 1617 1639 1681 fermenti,
1674 1625 1729 1672 et
1758 1615 1829 1673 de

222 1721 432 1785 septem
465 1712 659 1770 diebus
695 1727 1043 1786 azymorum,
1071 1713 1287 1769 Domini
1314 1715 1487 1785 gratia
1522 1714 1822 1783 largiente,

225 1809 589 1883 proponimus
642 1808 1045 1880 explanandas.
1092 1808 1300 1880 Septem
1349 1808 1550 1878 diebus,
1608 1809 1825 1879 inquit,

222 1921 410 1976 azyma
458 1904 623 1958 edetis

226 2000 541 2071 fermentum
563 1997 626 2051 de
648 1995 888 2051 domibus
922 1997 1102 2051 vestris
1135 2012 1155 2051 :
1192 1997 1357 2050 omnis
1386 1998 1470 2066 qui
1504 1994 1667 2067 264
1690 2010 1839 2047 man-

227 2092 495 2146 ducaverit
528 2089 836 2161 fermentum
873 2107 905 2143 a
932 2089 1102 2161 primo
1142 2089 1228 2143 die
1265 2104 1428 2159 usque
1463 2089 1519 2142 in
1562 2086 1837 2159 septimum

228 2184 387 2250 diem,
415 2182 444 2222 δ
478 2184 729 2253 disperiet
769 2182 945 2237 anima
990 2182 1137 2237 illius
1169 2198 1231 2238 ex
1262 2181 1432 2236 Israel
1470 2180 1671 2252 (Exod.
1714 2183 1835 2251 ιιι).

230 2275 632 2333 Ηωιθιὶοοιιιιιι
675 2284 925 2331 veterum
964 2274 1182 2346 quidam
1207 2317 1221 2339 ,
1254 2290 1319 2330 ex
1353 2274 1554 2346 quibus
1586 2284 1715 2330 sunt
1757 2277 1841 2330 iii-

229 2388 397 2429 sanus
424 2372 693 2438 Marcion,
726 2381 781 2427 et
807 2370 1164 2426 exsecrabilis
1188 2369 1542 2437 Manichacus,
1573 2373 1838 2441 quoniam

231 2466 426 2539 Spiritu
454 2466 665 2523 erroris
694 2465 907 2522 inducti
932 2464 1249 2536 Scripturas
1270 2480 1462 2521 omnes
1482 2465 1687 2521 veteris
1710 2465 1841 2521 Tes-

231 2562 460 2618 tamenti
522 2559 866 2632 respuendas
913 2575 1037 2617 esse
1084 2560 1464 2626 contendunt;
1525 2576 1624 2631 per
1672 2561 1841 2615 multa

232 2658 641 2730 Scripturarum
665 2656 927 2727 capitula,
961 2656 1127 2712 Deum
1161 2656 1325 2727 Legis
1365 2655 1605 2726 antiqua:
1637 2657 1841 2711 malum

230 2763 504 2809 conantur
553 2766 845 2817 asserere,
891 2752 1047 2822 quasi
1093 2759 1189 2805 aut
1232 2750 1371 2805 alius
1418 2751 1489 2805 sit
1534 2750 1676 2806 Deus
1718 2750 1842 2805 novi

232 2844 581 2901 Testamenti
610 2859 775 2916 quam
808 2843 899 2915 qui
933 2860 1000 2899 ex
1038 2842 1182 2913 Lege
1216 2847 1405 2914 utique
1450 2843 1846 2913 prtennntiatus

232 2937 485 3005 advenit,
532 2945 629 2992 aut
654 2937 711 2992 in
751 2936 1165 3007 comparatione
1194 2936 1451 2992 bonitatis
1502 2936 1621 3002 Dei,
1654 2936 1847 3006 aliquis

236 3030 480 3101 legitime
508 3030 685 3085 bonus
708 3043 832 3085 esse
870 3029 1083 3100 possit:
1114 3043 1236 3083 cum
1264 3028 1347 3084 vel
1381 3029 1595 3099 Angeli,
1634 3028 1718 3083 vel
1750 3027 1848 3083 bo-

237 3124 414 3181 mines
462 3122 590 3180 hinc
632 3122 840 3180 habere
861 3121 1176 3194 iudicentur
1221 3122 1447 3194 aliquod
1495 3121 1845 3193 participium

238 3215 527 3283 bonitatis,
560 3216 607 3271 si
630 3217 836 3274 bonum
861 3215 1035 3271 Deum
1066 3216 1268 3284 sciant,
1294 3214 1543 3281 adorent,
1577 3230 1849 3270 veneren-

1925 602 2133 650 tantum
2160 595 2399 663 cuidam,
2428 613 2560 652 sane
2593 598 2736 655 bono
2765 598 3004 667 doctori,
3032 602 3245 657 dixerat
3279 620 3292 657 :
3330 603 3535 678 Magis-

1922 696 1999 741 ter
2046 687 2194 750 bone,
2226 689 2353 756 quid
2398 692 2613 760 faciam,
2660 700 2715 745 ut
2756 694 2916 747 vitam
2954 706 3197 750 aeternam
3228 698 3528 767 possideam

1924 778 2150 850 (Ibid.)?
2171 781 2237 835 Et
2263 782 2469 838 idcirco
2497 785 2761 841 Dominus
2787 786 2855 842 ad
2889 787 3064 855 illum,
3088 789 3215 859 quid
3246 806 3328 845 me
3374 790 3531 857 dicis,

1924 874 2023 938 nit,
2068 873 2306 930 bonum?
2334 892 2481 930 nemo
2523 876 2709 944 bonus,
2755 881 2858 934 nisi
2900 897 3036 935 unus
3063 879 3228 937 Deus.
3275 881 3427 939 Unus
3449 889 3537 940 est

1926 966 2075 1023 enim
2104 968 2247 1022 Deus
2270 968 2362 1024 ubi
2403 970 2635 1026 Deitatis
2660 972 2809 1027 nulla
2834 972 3036 1030 divisio
3063 984 3166 1031 est.
3211 975 3316 1032 Per
3344 993 3539 1035 omnes

1926 1056 2096 1113 libros
2126 1072 2434 1116 sanctarum
2463 1062 2895 1133 Scripturarum,
2918 1074 2975 1122 et
3002 1067 3215 1123 Patrem
3241 1068 3435 1135 Deum,
3481 1081 3539 1127 et

1928 1150 2127 1207 Filium
2155 1153 2348 1221 Deum,
2391 1166 2445 1210 et
2472 1156 2738 1226 Spiritum
2768 1166 3015 1214 sanctum
3050 1160 3220 1216 Deum
3270 1163 3537 1234 legimus,

1931 1259 2039 1299 non
2063 1246 2219 1310 deos,
2241 1247 2365 1316 quia
2388 1246 2523 1303 deos
2549 1265 2655 1304 non
2685 1249 2817 1305 sinit
2836 1250 2945 1306 dici
2968 1251 3163 1307 Unitas
3192 1254 3538 1325 majestatis;

1929 1346 2013 1393 est
2052 1340 2197 1393 enim
2239 1341 2354 1396 sola
2404 1342 2457 1396 in
2490 1342 2759 1399 Trinitate
2812 1361 3171 1415 personarum
3224 1349 3539 1419 distinctio,

1932 1446 2041 1486 non
2060 1443 2271 1488 naturae
2294 1434 2606 1490 diversitas.
2625 1436 2780 1505 Quod
2815 1439 2861 1493 si
2881 1439 3120 1519 Marcion
3140 1450 3195 1497 et
3215 1443 3545 1500 Manicharus

1933 1527 2267 1583 meruissent
2290 1529 2600 1599 advertere,
2634 1547 2927 1601 numquam
2960 1534 3207 1605 profecto
3253 1537 3547 1607 dixissent,

1933 1638 2103 1677 unum
2141 1623 2359 1694 quidem
2400 1624 2566 1679 Deum
2606 1628 2732 1680 novi
2766 1626 3103 1685 Testamenti
3138 1631 3545 1702 bonum,alinm

1931 1728 2063 1769 vero
2078 1715 2300 1781 malum,
2324 1717 2414 1785 qui
2435 1732 2531 1787 per
2550 1718 2749 1788 Legem
2770 1726 3007 1776 veterem
3031 1723 3100 1777 sit
3120 1723 3353 1780 locutus.
3379 1725 3396 1763 ί
3415 1730 3549 1784 Ausi

1933 1817 2060 1863 sunt
2091 1818 2145 1864 et
2182 1809 2237 1864 in
2280 1810 2589 1881 supradicta
2628 1811 2771 1883 Lege
2800 1828 3113 1885 azymorum
3139 1816 3456 1875 adscribere
3496 1825 3548 1876 ei

682 1920 700 1957 :
745 1920 777 1955 a
826 1902 994 1972 primo
1032 1911 1201 1957 autem
1250 1902 1334 1957 die
1362 1910 1387 1938 ⁸
1418 1901 1825 1957 exterminabitis
1855 1912 1905 1974 Β
1930 1903 2216 1967 saevitiam,
2239 1904 2508 1971 dicentes,
2535 1905 2771 1960 hominis
2798 1908 3033 1962 animam
3054 1908 3295 1980 disperdi
3323 1921 3552 1983 propter

1939 1996 2101 2068 265
2135 1995 2462 2052 fermentum
2498 1998 2653 2067 panis
2682 2044 2695 2067 ,
2729 2013 2838 2068 quo
2867 1999 3001 2054 nihil
3051 2003 3223 2071 possit
3266 2017 3391 2059 esse
3423 2020 3551 2060 cru-

1938 2089 2140 2145 delius.
2168 2089 2449 2145 Vecordes
2474 2092 2620 2146 enim
2646 2107 2755 2146 non
2784 2092 3208 2161 intellexerunt,
3231 2096 3317 2151 vel
3340 2108 3549 2167 quanta

1941 2195 2088 2239 esset
2130 2184 2182 2238 in
2236 2184 2492 2239 mandato
2526 2184 2769 2253 utilitas,
2806 2186 2893 2241 vel
2922 2188 3066 2256 quod
3104 2188 3249 2244 Deus
3280 2190 3546 2261 majorem

1942 2291 2162 2332 causam
2199 2285 2328 2332 tunc
2362 2278 2667 2333 ulciscendi
2706 2278 2936 2347 haheat,
2964 2282 3011 2335 si
3044 2281 3097 2335 in
3130 2283 3340 2353 exiguis
3387 2285 3552 2341 rebus

1945 2369 2064 2443 (ubi
2107 2370 2253 2425 nulla
2283 2369 2581 2427 difficultas
2610 2380 2694 2426 est
2724 2372 3081 2443 observandi)
3113 2376 3386 2445 pervicaci
3436 2387 3555 2432 tan-

1946 2473 2058 2520 tum
2085 2464 2280 2535 spiritu
2311 2474 2719 2521 contemnatur.
2739 2465 2978 2522 Facilius
3006 2470 3370 2524 necessitatis
3395 2472 3551 2542 igno-

1944 2560 2049 2615 scit
2078 2560 2220 2616 Deus
2247 2576 2407 2632 quam
2443 2561 2881 2632 praesumptioni.
2915 2562 3166 2633 Denique
3199 2574 3398 2620 sancto
3449 2567 3553 2620 [ia-

1944 2652 2035 2707 vid
2070 2668 2177 2707 non
2202 2654 2501 2723 imputatur
2533 2652 2601 2707 ad
2632 2662 2948 2723 peccatum,
2981 2653 3126 2724 quod
3150 2654 3202 2709 in
3225 2656 3555 2713 necessitate

1947 2747 2109 2804 famis
2134 2749 2468 2804 constitutus
2493 2748 2913 2804 manducaverit
2940 2758 3162 2806 sanctos
3196 2766 3388 2821 panes,
3414 2768 3554 2823 quos

1947 2860 2059 2900 non
2083 2845 2281 2900 licebat
2308 2844 2641 2899 manducare
2664 2843 2769 2898 nisi
2792 2843 2924 2899 solis
2948 2843 3333 2900 sacerdotibus
3356 2845 3396 2916 (I
3418 2845 3550 2917 Reg.

1951 2937 2093 3009 ni).
2124 2939 2219 2992 llic
2246 2954 2376 2993 vero
2424 2937 2741 3001 videamus,
2774 2937 2905 3006 quid
2965 2937 3141 3007 potuit
3199 2938 3550 2994 necessitatis

1949 3031 2291 3088 incumbere.
2326 3030 2493 3087 Jussit
2538 3030 2685 3085 Deus
2713 3029 2977 3084 lsraelitis
3027 3038 3084 3083 ut
3113 3038 3322 3100 septem
3358 3030 3554 3085 diebus

1951 3125 2203 3196 pascliie,
2257 3124 2644 3179 fermentatum
2706 3121 2810 3176 sibi
2867 3137 3061 3191 panem
3127 3137 3236 3177 non
3308 3123 3554 3178 facerent

1952 3217 2154 3292 (Exod.
2187 3216 2309 3288 xii).
2345 3217 2401 3273 Si
2428 3217 2813 3271 fermentatum
2847 3214 2965 3270 fieri
2988 3215 3247 3285 jussisset
3270 3261 3283 3281 ,
3317 3216 3554 3287 diligen-

240 3320 355 3379 tur,
408 3326 473 3366 ac
522 3310 790 3383 diligant;
838 3310 1169 3383 perhibente
1215 3311 1447 3366 Domino
1490 3310 1616 3366 Jesu
1641 3352 1655 3376 ,
1696 3309 1841 3381 quod
1872 3314 1918 3379 C
1950 3312 2021 3368 tia
2056 3311 2166 3367 illic
2192 3310 2503 3366 necessaria
2534 3308 2741 3377 fuerat,
2775 3324 2842 3363 ne
2875 3308 3132 3363 deesset:
3163 3307 3309 3378 quod
3346 3308 3513 3375 jussit
3541 3355 3555 3378 ,

245 3415 266 3443 ε
301 3405 470 3459 bonus
505 3403 663 3459 homo
699 3404 763 3459 de
796 3403 930 3458 bono
973 3403 1219 3458 thesauro
1263 3404 1435 3458 cordis
1483 3403 1569 3458 sui
1610 3404 1845 3474 proferat

241 3498 378 3553 bona
407 3496 625 3568 (Matth.
660 3497 776 3567 xu).
802 3492 829 3533 ἀ
859 3496 968 3553 Sed
1000 3496 1143 3551 Deus
1189 3495 1284 3551 Dei
1316 3496 1509 3563 Filius,
1541 3495 1839 3567 perfectam

240 3590 543 3648 bonitatem
565 3605 691 3646 cum
713 3590 896 3658 Patre,
921 3599 975 3645 et
992 3589 1198 3661 Spiritu
1230 3600 1422 3645 saucio
1455 3589 1767 3660 possidens,
1794 3598 1850 3645 et

241 3700 403 3742 uuam
455 3687 636 3741 sciens
682 3700 806 3741 esse
848 3684 1147 3741 bonitatem
1175 3685 1477 3753 Trinitatis,
1510 3686 1651 3742 sicut
1682 3702 1844 3742 unam

240 3783 629 3847 divinitatem;
658 3781 881 3852 indigne
907 3782 1053 3846 tulit,
1086 3783 1289 3837 bonum
1313 3784 1548 3854 sejiixta
1575 3782 1847 3839 conditio-

242 3896 367 3937 nem
391 3878 711 3935 creabilium
738 3878 1012 3935 bonorum
1038 3879 1362 3948 nuncupari,
1387 3879 1566 3933 etaii:
1598 3878 1737 3945 Quid
1768 3894 1847 3932 me

238 3973 371 4029 dicis
392 3973 584 4027 bonum
616 3970 834 4043 (Matth.
884 3973 1042 4044 xix)?
1079 3974 1194 4027 lloc
1231 3982 1315 4027 est
1348 3990 1361 4025 ε
1394 3972 1531 4027 Nolo
1567 3974 1717 4027 dicas
1748 3972 1847 4026 bo-

242 4083 395 4133 num,
435 4081 597 4137 quem
640 4066 858 4131 neseis;
889 4066 1027 4121 scito
1078 4066 1255 4135 prius,
1289 4074 1311 4101 ο
1337 4065 1427 4135 qui
1458 4067 1581 4131 sim,
1625 4076 1675 4119 et
1721 4079 1844 4118 cum

246 4160 414 4217 Deum
439 4175 627 4216 verum
650 4160 995 4230 cngnoveris,
1017 4160 1321 4229 amplector
1356 4169 1411 4211 ut
1438 4158 1591 4214 dicas
1621 4159 1842 4223 bonum,

244 4255 369 4327 quia
408 4271 559 4309 nemo
600 4256 789 4321 bonus,
835 4253 936 4309 nisi
962 4269 1097 4307 unus
1144 4251 1285 4306 Deus
1324 4250 1545 4325 (Matth.
1582 4251 1722 4322 six).
1756 4250 1850 4306 Ille

319 4427 345 4455 ι
376 4416 525 4472 Vatt.
552 4414 682 4482 duo,
711 4412 1137 4469 exterminabitur
1177 4412 1501 4481 fermentum.
1544 4408 1605 4464 In
1632 4408 1848 4482 Kalen-

248 4489 404 4545 dario
432 4481 674 4544 Judaico'
703 4487 791 4541 die
833 4486 1235 4555 deciinaquarta
1269 4483 1470 4536 mensis
1518 4481 1683 4555 libih,
1729 4481 1849 4534 sive

248 4562 416 4619 Nisan
470 4582 483 4617 :
541 4559 784 4625 Pascha,
831 4553 1197 4613 exterminatio
1239 4555 1495 4622 fermenti.
1531 4553 1706 4621 Hujus
1747 4568 1849 4606 au-

254 4646 358 4689 tem
390 4630 862 4687 exterininationis
889 4639 1124 4700 quatuor
1157 4636 1315 4681 erant
1344 4626 1568 4700 gradus,
1604 4638 1847 4700 nempe:

252 4704 583 4775 Expurgatio
611 4702 869 4773 fermenti,
898 4696 1167 4775 inquisitio
1199 4698 1461 4775 fermenti,
1490 4696 1851 4775 exterminatio

254 4766 520 4851 fernienvti,
580 4766 633 4851 et
686 4766 978 4851 exsecratio
1019 4766 1277 4841 feriiieiiti.
1328 4768 1542 4824 Videsis
1605 4766 1857 4824 Buxtorf.

252 4846 460 4923 Syiiag.
492 4846 618 4902 Jud.
653 4861 775 4923 c_ap.
808 4846 892 4923 l_7.

326 4920 353 4960 ι’
383 4912 534 4977 Unus
561 4933 625 4973 ex
657 4912 799 4973 Vati.
825 4918 1063 4984 itemque
1093 4915 1364 4980 Florent.,
1408 4914 1701 4984 disperiat;
1731 4912 1854 4967 cod.

259 5008 395 5048 vero
437 4989 651 5050 Octavii
691 4989 1036 5057 Pantagatlii,
1068 4988 1331 5058 dispereat
1361 4987 1538 5040 anima
1584 4985 1701 5039 illa.
1734 4984 1861 5058 lizec

260 5074 442 5122 autem
482 5078 639 5132 pinna
677 5061 869 5116 eadem
900 5070 983 5116 est
1027 5057 1187 5129 quam
1218 5060 1580 5132 comminatus
1629 5065 1713 5111 est
1755 5057 1862 5109 Do-

262 5140 444 5195 minus
466 5129 941 5190 circumcisionem
968 5131 1395 5203 negligentibus,
1428 5129 1566 5186 Gen.
1605 5144 1745 5190 xvii,
1770 5142 1861 5203 vo-

261 5221 527 5275 catiirque
558 5207 747 5261 animm
774 5206 965 5260 excisio
984 5200 1299 5275 ex'fsraele;
1328 5203 1510 5271 dequo
1531 5218 1707 5275 quani
1716 5200 1865 5255 varie

264 5273 504 5338 sentiant
536 5282 863 5347 interpretes
893 5277 1014 5332 vide
1053 5276 1192 5346 apud
1242 5274 1591 5347 Constantin.
1630 5273 1869 5347 l‘Empe—

269 5370 418 5419 reiir,
453 5355 505 5406 in
533 5360 646 5405 not.
682 5344 748 5403 ad
776 5349 1067 5416 Bertram.,
1090 5344 1163 5401 de
1191 5348 1333 5419 lien.
1352 5347 1520 5419 llehr.
1540 5346 1637 5399 lib.
1658 5362 1701 5419 i,
1728 5360 1779 5419 c_.
1803 5344 1869 5407 2;

269 5416 567 5488 Godnvin”
598 5423 633 5476 l.
669 5437 749 5487 iii,
802 5437 852 5476 c.
902 5422 957 5486 4,
992 5435 1134 5474 vers.
1176 5419 1262 5472 l9.
1315 5416 1522 5474 Prioris
1559 5417 1724 5472 verba
1752 5416 1873 5469 1ιίιιο

270 5505 401 5572 sunt
433 5514 446 5551 :
470 5494 732 5572 (Theologi
757 5493 1009 5572 nostriut
1040 5492 1325 5572 plurim-um
1364 5491 1663 5572 eiectionem
1691 5505 1717 5542 e
1740 5496 1873 5572 coetu

271 5568 529 5624 Ecclesiw
561 5584 623 5621 ac
651 5561 887 5636 fidelium
925 5565 1028 5618 ista
1058 5561 1254 5636 phrasi
1280 5561 1546 5630 designari
1577 5567 1875 5636 autumant.

277 5640 565 5696 Pauciores
610 5630 933 5710 supplicium
973 5635 1200 5710 capitale
1237 5634 1337 5687 hnc
1374 5630 1791 5710 reuocant._Ego_
1822 5632 1876 5683 in

277 5716 375 5769 hac
421 5702 688 5775 varietate,
716 5702 921 5763 'eorum
971 5702 1277 5761 sententiam
1334 5706 1545 5758 minime
1599 5702 1880 5757 absurdam

281 5788 446 5841 sentio
491 5784 579 5855 qui
621 5790 833 5855 mortem
855 5791 1234 5855 priematuram
1268 5775 1879 5855 indicari__arbitra_ntur.

356 5865 380 5896 ι
412 5846 726 5925 Adjecimus
755 5853 820 5925 ίτὸ
847 5852 1013 5925 bonus
1042 5866 1108 5906 ex
1141 5864 1300 5917 mss.,
1336 5848 1621 5925 inquibus
1651 5846 1886 5925 habetur

285 5930 420 6001 quo}
453 5917 615 5982 burim
654 5926 718 5981 de
747 5924 878 5979 bono
911 5922 1172 5992 thesauro,
1205 5936 1366 5993 quem
1398 5917 1453 5973 iii
1498 5919 1719 5977 modum
1762 5917 1887 5986 legit

1950 3403 2177 3460 desidire
2230 3410 2346 3467 est,
2399 3416 2508 3457 non
2556 3400 2785 3455 laboris.
2836 3400 3236 3471 Negligentiam
3267 3400 3460 3471 jubet,
3498 3411 3561 3458 ut

1950 3497 2322 3554 obedientiam
2356 3496 2585 3566 probet;
2616 3502 2673 3550 et
2698 3509 2805 3549 non
2833 3493 2913 3549 vis
2936 3503 2996 3550 ut
3015 3494 3239 3551 damnet
3268 3495 3416 3550 illam
3448 3496 3562 3550 ani-

1952 3608 2095 3647 niam
2120 3605 2241 3662 quae
2270 3588 2614 3661 diligentiam
2647 3586 3087 3643 commodaverit.
3115 3597 3175 3643 ut
3201 3595 3517 3642 contemnat
3536 3588 3561 3640 2

1951 3688 2063 3746 Sed
2106 3688 2219 3758 jam
2270 3685 2585 3752 videamus,
2617 3683 2791 3751 llqtiae
2841 3682 3008 3738 fuerit
3041 3682 3093 3737 in
3142 3682 3260 3753 ipsa
3310 3696 3557 3751 przecep-

1954 3784 2103 3839 tione
2143 3781 2397 3837 utilitatis
2450 3780 2589 3834 ratio
2618 3778 2702 3833 vel
2734 3777 2942 3833 Judaeis
2990 3776 3357 3833 liistorialiter
3387 3792 3564 3847 usque

1949 3876 2015 3931 ad
2040 3874 2243 3931 Christi
2274 3873 2629 3943 praesentiam
2650 3914 2665 3937 ,
2698 3870 2784 3926 vel
2829 3871 2989 3926 nobis
3031 3869 3197 3926 hodie
3227 3885 3349 3941 qua:
3379 3868 3561 3925 aedifi—

1949 3971 2093 4025 catio
2121 3968 2360 4036 siijuxta
2390 3965 2804 4036 intelligentiam
2837 3964 3206 4035 spiritualem.
3234 3963 3363 4018 Filii
3397 3964 3566 4019 Israel

1950 4079 2073 4118 cuin
2124 4070 2512 4132 premerentur
2544 4060 2601 4115 in
2632 4059 2872 4130 Egypto
2915 4060 3179 4129 gravibus
3230 4059 3566 4127 captivitatis

1955 4156 2204 4226 injuriis,
2269 4163 2555 4226 gementes
2622 4153 3096 4222 proclamaverunt
3146 4150 3215 4204 atl
3276 4151 3564 4205 Dominum

1958 4250 2128 4304 Deum
2177 4258 2239 4302 ut
2291 4262 2386 4302 eos
2414 4246 2632 4315 eripere
2662 4244 2983 4314 dignaretur
3016 4240 3217 4313 (Exod.
3251 4241 3356 4312 ιιι).
3388 4241 3569 4309 Elegit

1957 4404 2121 4462 etiam
2162 4404 2284 4460 eod.
2334 4401 2681 4472 Pautagatbi.
2723 4401 2893 4464 Editi,
2926 4397 3067 4467 quod
3120 4398 3273 4451 homo
3324 4398 3389 4451 de
3436 4398 3569 4472 bona

1960 4480 2226 4533 thesauro.
2267 4467 2583 4532 Lectioném
2633 4489 2661 4526 a
2712 4474 2876 4527 nobis
2930 4472 3137 4527 editam
3194 4476 3377 4522 tiietiir
3440 4467 3575 4522 Vul-

1958 4561 2180 4679 8aflaSic
2229 4622 2405 4689 Flor.,
2453 4617 2592 4675 Urb.
2630 4626 2686 4689 et
2714 4615 2839 4671 cod.
2888 4611 3236 4689 Pantagathi.
3274 4610 3392 4667 Duo
3422 4610 3570 4689 Yatt.

1964 4711 2123 4764 vero,
2176 4694 2285 4751 Sed
2332 4683 2610 4764 Qbiiiinus.
2646 4688 2835 4744 Lectio
2884 4687 3195 4743 editionum
3230 4695 3351 4739 erat
3405 4703 3419 4740 :
3471 4683 3579 4739 Sed

1884 4745 1939 4805 1)
1968 4745 2123 4823 died;
2146 4745 2291 4822 (13;.-
2322 4745 2520 4820 Filius.

2044 4852 2067 4877 ο
2102 4839 2246 4894 Editi
2279 4838 2529 4909 legebant
2551 4835 2641 4905 qui
2672 4851 2806 4889 sum.

2047 4911 2066 4948 ί
2102 4912 2156 4965 In
2215 4903 2375 4975 mss;
2427 4903 2571 4963 Ausi
2594 4918 2715 4961 sunt
2754 4907 2893 4961 enim
2944 4914 3013 4971 et,
3066 4918 3227 4974 quam
3279 4903 3576 4959 lectionem

1972 4981 2141 5037 habet
2183 4984 2346 5037 etiam
2388 4982 2508 5035 eod.
2556 4978 2898 5042 Pantagathi.
2958 4977 3177 5032 Poterat
3209 4987 3393 5030 autem
3429 4986 3580 5032 totus

1974 5056 2059 5108 liic
2089 5052 2379 5109 Gaudentii
2408 5053 2559 5105 locus
2589 5050 2823 5118 proferri
2853 5050 2917 5103 ad
2952 5048 3331 5103 illustrandum
3358 5047 3575 5103 Philas-

1974 5126 2164 5191 trium,
2197 5126 2286 5180 tibi
2328 5124 2437 5193 agit
2481 5124 2546 5175 de
2574 5122 2850 5176 Marcione
2881 5130 2935 5175 et
2978 5120 3315 5193 Manieliteis,
3345 5134 3465 5188 cap.
3499 5118 3573 5173 45

1972 5207 2027 5253 et
2054 5198 2150 5260 6i;
2202 5192 2416 5267 pleniUs
2470 5195 2613 5249 enim
2664 5204 2721 5267 et
2767 5192 3077 5267 distinctius
3124 5204 3577 5267 eorutqerrores

1973 5259 2430 5340 expliczit',prout
2488 5266 2797 5321 monuimus
2827 5265 3010 5340 etiam
3065 5265 3119 5319 in
3170 5262 3463 5333 Spicilegio
3507 5259 3577 5316 ad

1975 5336 2129 5397 notas
2159 5336 2416 5403 Fabricii,
2446 5351 2631 5406 supra,
2664 5353 2785 5409 pag.
2817 5336 2942 5392 175.

2050 5424 2074 5461 8
2117 5411 2263 5468 Vati.
2297 5402 2427 5478 duo,
2457 5402 2678 5482 ignoscit
2706 5402 2985 5464 Dominus.
3017 5407 3181 5482 Liber
3211 5402 3534 5482 Pantagatlii
3556 5445 3573 5469 ,

1977 5484 2201 5557 ignoscit
2228 5475 2583 5557 Deusalﬂditi,
2608 5482 2843 5557 ignoscat
2869 5495 2887 5543 ;
2910 5490 2964 5535 et
2988 5478 3152 5557 paulo
3182 5491 3347 5557 supra
3368 5475 3471 5557 _ubi
3497 5476 3577 5531 le-

1981 5546 2125 5628 g'itur
2158 5554 2409 5623 pervicaci
2436 5546 2650 5628 ιαιιιιιιιι⁷
2665 5554 2877 5623 spiritu,
2908 5550 3032 5628 c_od.
3063 5546 3381 5628 Pantagathi
3414 5561 3577 5628 repo-

1985 5618 2062 5684 ἶιίι
2089 5618 2344 5701 pervicaci
2363 5637 2531 5680 tamen
2551 5618 2763 5693 spiritu,
2792 5622 2936 5694 quod
2961 5621 3148 5692 procul
3172 5618 3339 5702 dubio
3358 5618 3579 5701 melius.

2058 5699 2083 5736 ιι
2125 5700 2215 5755 Sic
2236 5698 2384 5755 Vatt.
2414 5700 2544 5755 duo.
2568 5707 2623 5753 et
2641 5699 2772 5753 liber
2795 5694 3149 5755 Pantagathi;
3176 5708 3228 5745 ιιι
3255 5689 3440 5755 editis,
3463 5706 3579 5755 qua:

2372 5740 2384 5753 .
2414 5707 2544 5753 duo.
2568 5707 2623 5753 et
2641 5707 2772 5753 liber
2796 5707 3149 5753 Pantagatui;
3176 5708 3228 5745 ιιι
3255 5707 3440 5753 editis,
3463 5707 3530 5753 qu

2058 5700 2095 5736 ιτ
2125 5700 2215 5756 Sic
2236 5700 2384 5755 Vatt.
2414 5700 2544 5765 duo,
2568 5707 2623 5753 et
2641 5700 2772 5753 liber
2796 5700 3149 5763 Pantagatlii;
3176 5700 3228 5745 in
3255 5700 3440 5757 editis,
3463 5706 3580 5763 qua:

1983 5777 2176 5842 fuerat,
2211 5781 2267 5827 et
2316 5772 2479 5840 paulo
2513 5783 2633 5841 post
2666 5770 3009 5838 reposuimus
3031 5779 3147 5842 quae
3195 5761 3473 5842 wdi/jratio
3517 5762 3586 5816 sit

1989 5833 2055 5901 ex
2100 5833 2253 5911 mss.,
2291 5833 2416 5899 licet
2442 5833 2667 5900 verbum
2691 5833 2757 5894 sit
2784 5854 2889 5892 non
2916 5844 3094 5892 exstet
3120 5836 3174 5889 in
3202 5833 3405 5904 editis._
