4070 6346
535 322 638 376 887

1613 319 1666 375 S.
1709 315 2090 374 GAUDENTII
2127 314 2390 372 BRIXIE
2431 315 2743 375 EPISCOPI

3725 319 3821 372 888

529 435 599 490 ad
633 434 991 492 feStivitatem
1018 435 1352 506 nuptiarum,
1390 435 1443 490 id
1474 445 1558 490 est
1590 433 1644 490 in
1667 434 1830 489 domo
1852 436 2124 506 epulatio-
2151 432 2203 494 A
2232 431 2356 488 facti
2386 433 2750 491 historialiter
2778 451 3144 507 exponamus.
3191 435 3317 492 Ideo
3345 436 3664 508 nuptiarum
3691 436 3822 493 cele-

536 531 642 599 nis,
675 531 947 602 quispiam
979 541 1228 586 nostrum
1267 545 1372 586 non
1416 530 1535 586 sine
1559 530 1780 586 ratione
1818 533 2127 589 mirabitur.

537 624 836 680 Enimvero
861 665 877 691 ,
923 623 1236 680 charissimi
1264 665 1278 688 ,
1329 637 1469 693 pene
1497 622 1680 678 omnis
1702 623 2128 695 Evangeliorum

537 726 720 774 textus
746 760 762 785 ,
812 718 1105 774 Dominum
1133 716 1410 773 Christum
1441 719 1581 774 inter
1622 719 1874 774 homines
1903 734 2133 777 conver-

537 823 750 869 santem
777 812 1086 883 desperatis
1114 812 1282 868 rebus
1317 827 1482 883 Opem
1526 813 1828 868 contulisse
1869 815 2129 883 insinuat,

534 915 592 962 et
622 921 785 976 quam
815 905 1050 961 maxime
1077 906 1402 962 meroribus
1424 905 1670 963 adfuisse
1695 924 1709 960 :
1740 906 1866 963 dum
1886 907 2132 980 blasphe-

538 1012 754 1058 tnantes
781 1001 1002 1057 Judaaos
1031 1003 1308 1072 increpat,
1341 1001 1469 1056 dum
1501 1001 1726 1057 Scribas
1749 1011 1801 1057 et
1824 1002 2134 1058 Pharisteos

533 1095 796 1165 fallacim,
831 1097 976 1162 doli,
1025 1095 1268 1150 avaritic
1303 1110 1459 1164 reos,
1485 1097 1850 1168 vanitatisque
1881 1098 2132 1169 coarguit

531 1189 689 1261 (Luc.
722 1191 827 1260 x1);
883 1190 1010 1244 dum
1045 1189 1360 1246 civitatibus
1393 1189 1688 1260 exprobrat
1714 1189 2034 1259 incredulis,
2066 1206 2132 1246 ac

535 1287 779 1341 minatur
824 1285 1041 1356 (Matth.
1084 1286 1192 1358 xi);
1239 1286 1364 1341 dum
1401 1287 1626 1367 Spiritus
1658 1289 2132 1355 torquetimmun-

533 1380 632 1434 dos
654 1378 807 1450 (Luc.
837 1381 974 1451 vtu),
1003 1389 1102 1434 utﬂ
1129 1380 1346 1452 imagini
1374 1397 1486 1436 sua:
1510 1382 1796 1451 captivatte
1820 1381 2125 1447 subveniat,

531 1483 587 1528 et
631 1474 886 1544 expulsis
923 1475 1215 1531 daemoniis
1256 1475 1573 1531 salubritati
1615 1478 1877 1532 restituat
1916 1487 2132 1532 tuentes

531 1566 958 1634 obsessas;dutn
989 1567 1245 1638 leprosos
1279 1568 1655 1638 supplicantes
1684 1570 1948 1625 emundat
1971 1569 2124 1643 (Luc.

532 1660 701 1734 xvii);
734 1662 862 1717 dum
911 1661 1284 1732 paralyticos,
1340 1663 1545 1734 linguae
1577 1665 1749 1719 solius
1787 1681 1892 1736 qua
1931 1679 2132 1735 preca-

533 1765 729 1811 rentur
755 1755 1006 1812 viventes
1041 1756 1249 1823 ofﬁcio,
1284 1759 1554 1812 reformat
1599 1760 1802 1828 potius,
1836 1774 1999 1826 quam
2033 1774 2127 1814 cu-

2237 530 2490 586 britatem
2543 545 2649 587 non
2700 545 3029 602 aspernatur
3059 531 3348 601 Christus,
3394 542 3454 588 ut
3485 531 3738 588 eumdem
3769 548 3822 589 se

2235 637 2359 678 esse
2391 631 2628 678 testetur
2659 624 2852 690 Deum,
2900 627 2990 696 qui
3034 625 3103 681 de
3151 625 3282 680 limo
3323 635 3486 681 terra:
3516 624 3822 696 tiguraverit

2235 716 2302 772 ab
2347 717 2504 771 initio
2546 718 2720 772 virum
2768 729 2826 774 et
2857 718 3118 774 feminam
3151 762 3164 785 ,
3215 719 3528 790 iisdemque
3559 718 3823 773 licentiam

2238 808 2488 864 tribuerit
2516 809 2882 881 conjugalem,
2901 811 3094 867 dicens
3119 831 3130 866 :
3165 813 3392 867 Crescite
3443 821 3490 865 et
3512 810 3824 882 multiplica-

2235 906 2403 971 mini,
2461 915 2506 960 et
2553 905 2763 974 implete
2801 917 2993 962 terram
3025 906 3179 980 (Gen.
3214 908 3278 980 t).
3330 909 3489 976 Quod
3520 907 3827 963 Manichaais

2237 997 2466 1068 perditis
2503 998 2642 1054 adeo
2667 1000 2924 1070 displicet
2951 1002 3356 1069 constitutum;
3390 1003 3590 1071 quibus
3623 1017 3724 1073 ego
3764 1002 3828 1058 ub

2236 1092 2636 1148 immunditiam
2678 1109 2829 1148 suam
2863 1106 2992 1165 puto
3027 1111 3133 1151 non
3159 1096 3346 1167 utique
3377 1112 3493 1151 rem
3531 1096 3826 1163 nuptialem

2233 1185 2548 1255 displicere,
2607 1185 2625 1224 τ
2670 1187 2768 1243 sed
2809 1187 3020 1258 legem,
3061 1205 3183 1260 qua:
3226 1206 3331 1244 non
3368 1190 3572 1245 inultas
3601 1188 3824 1245 feminas

2235 1280 2330 1334 uni
2360 1279 2502 1345 viro,
2549 1297 2728 1352 neque
2766 1297 2926 1338 unam
2961 1283 3220 1338 feminam
3253 1284 3443 1338 multis
3475 1284 3636 1352 viris,
3681 1292 3704 1329 ε
3736 1282 3825 1338 sed

2233 1389 2395 1428 uuam
2430 1373 2688 1430 feminam
2737 1377 2830 1431 uni
2873 1377 2994 1432 viro
3047 1377 3350 1448 conjungit.
3422 1376 3631 1432 Nolunt
3686 1377 3823 1432 enim

2234 1466 2421 1522 vivere
2470 1467 2574 1536 ipsi
2630 1469 3011 1523 exsecrabiles
3060 1469 3342 1524 Manicha‘i
3389 1470 3550 1540 juxta
3601 1470 3824 1539 apostoli

2233 1558 2385 1614 Pauli
2416 1559 2725 1616 doctrinam
2745 1604 2758 1628 ,
2813 1573 2872 1617 ut
2919 1565 3276 1634 unusquisque
3304 1581 3456 1618 suam
3487 1580 3706 1618 uxorem
3733 1564 3824 1616 ha-

2230 1650 2362 1716 beat,
2387 1661 2432 1706 et
2467 1671 2784 1726 nnaquteque
2811 1672 2963 1710 suum
2991 1657 3159 1710 uirum
3187 1655 3233 1728 (Ι
3255 1655 3375 1710 Cor.
3402 1656 3518 1728 vlt).
3547 1656 3824 1712 Benediin

2230 1761 2362 1816 ergo
2389 1747 2531 1817 quod
2555 1749 2919 1804 consuluerat
2947 1764 2978 1804 a
3003 1751 3304 1820 primordio
3340 1749 3653 1822 legitimum
3676 1749 3824 1805 Chri-

531 1861 618 1906 ηι
646 1849 865 1922 (Manu,
892 1849 1004 1922 1x);
1038 1850 1168 1904 dum
1205 1861 1533 1922 tempestate
1565 1853 1734 1906 ιιι-πίε
1766 1852 2125 1922 periclitanti.
2156 1844 2202 1904 B
2229 1850 2346 1896 stus
2377 1842 2716 1914 cOnjugium,
2741 1844 2870 1898 dum
2904 1860 3134 1915 pergere
3161 1845 3226 1900 ad
3268 1846 3486 1916 nuptias
3515 1860 3629 1900 non
3659 1846 3825 1900 renuit

532 1946 658 2010 bus,
697 1947 816 2015 ipse
846 1960 1012 2016 super
1043 1960 1211 2016 aquas
1253 1945 1562 2012 ambulans,
1596 1960 1826 2002 securus
1857 1945 2130 2015 tranquil-

531 2039 676 2094 lator
705 2037 973 2094 adventat
1005 2035 1222 2108 (Matth.
1257 2035 1390 2108 xw);
1424 2036 1554 2092 dum
1589 2037 1670 2092 vel
1698 2037 1924 2092 cmeatis
1951 2037 2128 2093 oculis

529 2132 740 2188 donum
773 2131 911 2188 lucis
950 2132 1168 2187 amissae
1215 2131 1594 2202 redintegrat,
1646 2132 1730 2186 vel
1775 2148 1805 2185 a
1837 2131 2128 2187 nativitate

530 2223 694 2280 caecis
725 2239 926 2280 novum
960 2224 1146 2280 lumen
1186 2223 1428 2280 infundit
1475 2222 1632 2296 (Luc.
1669 2239 1819 2289 xvtu;
1859 2223 2018 2278 Joan.
2048 2240 2123 2289 is;

532 2318 726 2374 Matth.
763 2318 863 2383 ix);
897 2318 1026 2373 dum
1059 2319 1205 2374 inter
1243 2327 1472 2374 moestas
1515 2317 1900 2388 argrotantium
1937 2316 2127 2372 turbas

531 2411 787 2470 medendi
819 2413 1030 2484 peritus
1075 2412 1333 2477 adsistit;
1385 2411 1512 2467 dum
1546 2411 1731 2467 luctus
1756 2410 1937 2465 varios
1963 2410 2128 2465 obse-

525 2505 798 2562 crantium
829 2514 1116 2576 parentum
1149 2505 1428 2571 dimovet,
1479 2505 1562 2560 vel
1593 2505 1900 2559 morientes
1930 2519 2124 2558 eorum

526 2599 728 2656 charos
777 2599 995 2654 sanitati
1049 2599 1372 2664 restituens,
1410 2598 1495 2654 vel
1527 2609 1776 2653 mortuos
1808 2596 1934 2651 vita:
1966 2594 2122 2670 (Luc.

524 2708 595 2747 vn
627 2709 641 2757 ;
668 2691 830 2759 Joan,
865 2694 964 2762 ιι).
1000 2692 1078 2747 Ad
1121 2691 1227 2747 hoc
1261 2693 1410 2748 enim
1442 2691 1617 2747 Filius
1645 2691 1772 2757 Dei,
1808 2691 1930 2746 sine
1963 2689 2121 2745 initio

528 2787 697 2850 Deus,
733 2785 787 2839 in
820 2783 928 2839 fine
955 2783 1142 2840 saeculi
1173 2784 1392 2840 initium
1425 2785 1608 2839 carnis
1636 2783 1872 2854 sumpsit
1903 2798 1975 2839 ex
2000 2781 2125 2838 Vir-

529 2879 688 2950 gine,
733 2887 790 2934 et
822 2879 965 2934 inter
1004 2879 1257 2934 homines
1289 2877 1611 2934 conversari
1639 2879 1892 2950 dignatus
1921 2888 2031 2944 est,
2066 2885 2124 2931 ut

530 2975 658 3030 huic
681 2974 888 3031 mundo
914 2983 1263 3029 succurreret
1290 2973 1578 3045 pereunti;
1608 2973 1892 3044 quoniam,
1919 2983 1975 3026 ut
2008 2974 2125 3043 ipse

524 3069 643 3136 ait,
681 3083 783 3122 non
815 3076 924 3120 erat
953 3083 1084 3137 opus
1109 3067 1253 3120 sanis
1279 3066 1500 3132 medico,
1533 3066 1623 3120 sed
1651 3064 1787 3120 ntale
1811 3065 2120 3120 habentibus

524 3162 750 3237 (Matth.
778 3164 885 3234 ix).
914 3161 1154 3220 Medicus
1181 3161 1330 3217 enim
1351 3161 1744 3216 mmsﬁtudinis
1763 3161 1988 3216 domum
2021 3178 2120 3231 po-

2235 1934 2500 1991 invitatus
2535 1955 2549 1992 :
2581 1947 2636 1992 et
2665 1948 2843 1993 tamen
2869 1936 3240 2006 virginitatem
3270 1939 3461 1994 docuit
3487 1954 3616 1994 esse
3642 1938 3822 1993 melio-

2233 2045 2373 2097 rem,
2406 2031 2533 2085 dlllll
2577 2031 2749 2101 magis
2789 2047 2885 2103 per
2915 2048 3036 2088 eam
3068 2033 3224 2089 nasci
3257 2033 3537 2104 dignatur.
3577 2032 3825 2088 Probavit

2231 2134 2477 2180 sanctam
2507 2124 2783 2197 Virginem
2813 2142 2970 2182 suum
3001 2143 3126 2182 esse
3143 2127 3488 2182 domicilium
3517 2122 3714 2190 Deus,ll
3741 2125 3822 2180 ubi

2227 2219 2482 2275 Columen
2515 2221 2742 2292 pudoris
2767 2231 3090 2293 perpetuum
3119 2231 3298 2278 servet
3346 2223 3653 2293 ingressus.
3703 2220 3822 2275 dum

2229 2313 2351 2368 sine
2381 2313 2718 2371 detrimento
2746 2316 3079 2388 integritatis
3102 2326 3365 2372 maternae
3391 2318 3662 2384 nascitur,
3707 2318 3818 2371 sine

2227 2407 2544 2478 corruptela
2577 2420 2898 2480 conceptus.
2921 2409 3154 2481 Ideoque
3177 2426 3268 2466 vas
3293 2409 3820 2481 clectionisAposto-

2230 2501 2336 2568 lus,
2357 2503 2425 2556 ad
2451 2503 2594 2558 istud
2616 2503 2819 2558 bonum
2849 2504 2993 2574 quod
3018 2515 3349 2559 consecutus
3368 2504 3568 2572 fuerat,
3593 2516 3817 2561 caeteros

2229 2594 2520 2664 invitabat,
2551 2597 2742 2652 dicens
2775 2597 3015 2667 innuptis
3047 2612 3059 2648 :
3091 2596 3297 2652 Bonum
3315 2608 3385 2652 est
3417 2599 3526 2652 illis
3548 2599 3594 2653 si
3617 2601 3694 2652 sic
3713 2617 3819 2671 per-

2229 2691 2536 2754 manserint,
2569 2693 2700 2746 sicut
2741 2709 2834 2762 ego
2860 2691 2901 2764 (1
2935 2691 3056 2746 Cor.
3087 2695 3205 2764 vn).
3257 2693 3522 2762 Exemplo
3553 2693 3822 2750 felicitatis

2227 2782 2504 2852 hortatur,
2528 2801 2635 2840 non
2669 2785 2805 2855 legis
2831 2794 3104 2856 potestate
3131 2786 3455 2856 compellit,
3492 2787 3558 2840 tle
3612 2788 3823 2858 uirgini-

2227 2878 2338 2942 bus,
2367 2877 2646 2947 inquiens,
2679 2888 2997 2950 praeceptum
3026 2877 3240 2932 Domini
3270 2896 3369 2933 non
3405 2879 3608 2936 habeo:
3651 2880 3819 2933 consi-

2228 2973 2355 3026 lium
2380 2982 2550 3028 autem
2584 2974 2682 3040 do,
2717 2973 2867 3043 quasi
2888 2973 3302 3029 misericordiam
3333 2983 3646 3029 consecutus
3667 2991 3699 3027 a
3719 2971 3823 3027 Do-

2227 3065 2398 3132 mino,
2443 3077 2497 3118 ut
2552 3066 2649 3119 sim
2690 3065 2894 3136 ﬁdelis;
2936 3067 3056 3136 quia
3107 3068 3309 3139 expedit
3352 3068 3553 3122 homini
3598 3069 3675 3122 sic
3723 3085 3823 3122 esse

2225 3156 2442 3229 (Ibid.).
2461 3159 2530 3214 Ει
2551 3171 2673 3230 post
2691 3160 2908 3230 longam
2934 3160 3291 3216 munitionem
3311 3203 3324 3226 ,
3362 3176 3468 3230 qua
3489 3162 3821 3216 castimonia:

524 3257 1052 3329 tius,quamlzctitia:
1077 3255 1902 3327 ingrediconsuevit.Autcnim
1928 3257 2121 3311 vulue-
2146 3237 2192 3300 (ἶ
2229 3253 2622 3310 beatitudinem
2654 3255 2958 3310 conditioni
2994 3256 3235 3326 prmtulit
3285 3257 3623 3326 nuptiarum,
3658 3255 3670 3293 ί
3707 3272 3822 3312 sen-

522 3367 642 3405 rum
674 3349 867 3407 dolore
901 3349 1128 3405 afﬂictis
1157 3348 1502 3405 necessarius
1527 3357 1634 3414 est,
1673 3357 1768 3403 aut
1791 3348 1817 3386 δ
1841 3348 2124 3419 a-gritudi-

521 3445 608 3499 nis
640 3444 834 3500 morbo
863 3443 1266 3509 laborantibus,
1305 3455 1325 3480 ο
1360 3451 1453 3498 aut
1480 3443 1629 3498 lenta
1677 3444 1951 3498 viscerum
1996 3443 2122 3499 tabe

521 3540 793 3605 defectis;
843 3539 970 3610 quia
1001 3539 1200 3595 medici
1234 3537 1474 3594 officium
1501 3539 1842 3608 prosperitas
1884 3553 1992 3592 non
2034 3553 2121 3593 re-

519 3632 708 3704 quirit.
751 3631 894 3700 Quid
915 3641 999 3688 est
1022 3647 1174 3702 ergo,
1203 3633 1345 3702 quod
1377 3633 1482 3686 ista
1507 3632 1785 3703 Evangelii
1804 3632 1968 3687 lectio
1999 3648 2121 3702 qua:

518 3723 687 3780 hodie
741 3725 970 3780 recitata
1021 3735 1145 3787 est,
1201 3724 1489 3778 festivitati
1528 3725 1755 3794 nuptiali
1805 3724 2122 3782 interfuisse

522 3815 813 3872 Dominum
873 3817 1128 3888 perhibet
1197 3817 1512 3884 invitatum,
1573 3817 1678 3871 nisi
1729 3818 1874 3888 quod
1938 3819 2012 3874 ibi
2035 3821 2116 3874 vi-

522 3926 694 3979 num,
753 3911 806 3966 id
838 3910 1128 3983 estgvirtus
1179 3911 1388 3966 laetitiae
1435 3911 1766 3981 Spiritualis,
1816 3911 2117 3979 defecerat,

517 4014 575 4060 et
625 4006 958 4076 languebant
997 4005 1025 4042 ἀ
1075 4006 1383 4061 sitientium
1438 4007 1796 4062 convivarum
1847 4022 1944 4061 ora
2002 4008 2117 4062 vini

517 4099 859 4155 itctiticantis
887 4101 1097 4170 inopia;
1143 4101 1403 4170 quoniam
1438 4105 1613 4154 vinum
1642 4100 1874 4170 lwtiﬁcat
1912 4116 2000 4153 cor
2027 4101 2122 4153 ho-

516 4193 693 4259 minis,
745 4204 802 4248 ut
824 4193 900 4248 ait
929 4193 1205 4261 Propheta
1230 4192 1349 4264 (Ps.
1379 4196 1518 4266 cm).
1571 4193 1734 4265 270
1782 4193 1887 4248 Sed
1937 4197 2117 4263 prius-

517 4299 678 4356 quam
715 4294 737 4321 θ
771 4285 1074 4356 spiritalem
1122 4285 1408 4340 scientiam
1453 4287 1795 4351 revolemus,
1843 4285 2115 4342 rationem

512 4427 798 4486 Urbinate.
847 4422 1202 4480 Festivitatem
1249 4425 1563 4494 nuptiarum,
1595 4422 1680 4478 hic
1730 4440 1760 4479 a
1801 4423 2107 4483 Gaudentio

2229 3347 2400 3402 tentia
2437 3356 2714 3417 postrema
2747 3349 3059 3403 conclusit:
3096 3347 3270 3422 Igitur
3288 3361 3334 3402 et
3363 3350 3376 3399 i
3411 3351 3503 3420 qui
3530 3350 3620 3403 dat
3666 3351 3820 3420 virgi-

2228 3455 2340 3493 nem
2365 3458 2515 3494 suam
2544 3443 2752 3510 nuptui,
2783 3442 2908 3496 bene
2935 3444 3098 3511 facit;
3129 3453 3175 3496 et
3219 3443 3310 3514 qui
3340 3460 3444 3497 non
3483 3443 3596 3513 dat,
3647 3443 3822 3498 melius

2225 3534 2352 3604 facit
2379 3534 2423 3604 (l
2451 3535 2570 3590 Cor.
2601 3552 2694 3602 vn,
2718 3537 2833 3607 38).
2870 3536 3027 3605 Quod
3055 3552 3156 3608 ego
3177 3537 3419 3593 arbitror
3442 3555 3550 3594 non
3585 3537 3821 3608 parenti-

2225 3626 2324 3681 bus
2363 3628 2636 3698 virginum
2661 3629 2834 3686 fuisse
2867 3645 2895 3684 a
2930 3631 3090 3685 beato
3119 3631 3389 3702 Apostolo
3409 3631 3647 3700 dictum,
3691 3646 3822 3704 quos

2226 3731 2442 3775 Constat
2502 3721 2701 3777 alienae
2754 3723 3053 3779 voluntatis
3111 3725 3341 3779 arbitrio
3397 3727 3674 3782 dominari
3723 3743 3822 3781 non

2228 3830 2420 3886 posse;
2447 3816 2543 3872 sed
2573 3817 2866 3890 unicuique
2896 3820 3104 3875 homini
3137 3829 3246 3874 tam
3277 3821 3420 3885 viro,
3453 3837 3619 3891 quam
3683 3820 3827 3876 femi-

2227 3926 2335 3982 nae,
2364 3911 2646 3982 cptionem
2676 3913 2844 3970 fuisse
2871 3914 2940 3968 ab
2970 3916 3163 3970 eodem
3209 3926 3408 3970 sancto
3455 3917 3824 3986 propositam,

2227 4013 2282 4056 ut
2319 4002 2582 4074 virginem
2613 4020 2766 4060 suam
2803 4008 2930 4079 (hoc
2961 4018 3045 4062 est
3069 4022 3295 4064 carnem
3326 4024 3508 4075 suam,
3559 4009 3825 4079 virginem

2230 4101 2436 4172 natam)
2466 4112 2558 4157 aut
2591 4104 3223 4174 integritaticonservet,
3250 4104 3539 4160 meliorem
3587 4115 3793 4175 partem
3815 4149 3827 4170 ,

2229 4191 2570 4266 liberamque
2594 4197 2804 4266 eligens
2829 4240 2842 4261 ,
2879 4207 2972 4250 aut
3003 4197 3186 4268 agnita
3240 4195 3586 4264 conditione,
3642 4200 3826 4269 nuptni

2225 4303 2369 4354 eam,
2398 4289 2444 4342 si
2472 4305 2532 4345 se
2562 4306 2668 4346 nou
2688 4292 2957 4358 continet,
2990 4291 3479 4361 tradat.,Parentes
3506 4304 3714 4361 autem,
3746 4295 3823 4348 vel

2295 4429 2312 4469 τ
2356 4432 2412 4487 lu
2445 4449 2548 4489 ms.
2575 4435 2897 4522 [fatitagatlii
2931 4439 3012 4494 sic
3037 4439 3274 4522 legitur:
3307 4443 3396 4522 sed
3421 4443 3612 4522 legent.
3646 4442 3826 4522 began

514 4501 626 4584 dici
651 4496 857 4584 notavit
881 4497 1088 4584 Savaro
1111 4493 1649 4584 a‘d‘bI‘idonium,olib.
1681 4511 1842 4578 thep.
1876 4499 1932 4564 5,
1961 4501 2114 4584 simi-

2230 4521 2337 4574 quae
2367 4523 2469 4559 non
2502 4509 2694 4584 multas
2709 4493 2942 4584 feminas
2973 4512 3062 4564 uni
3086 4493 3215 4575 uiro,
3248 4513 3335 4566 sed
3367 4493 3530 4567 unain
3559 4493 3823 4584 feminina,

511 4573 733 4639 lemque
752 4569 931 4623 locum
968 4567 1200 4639 protulit
1226 4564 1411 4633 Optati
1442 4577 1496 4639 et
1525 4564 1903 4636 Sidoniifqua
1960 4571 2012 4626 in
2045 4574 2116 4629 si-

511 4637 867 4764 gniliécatione
892 4638 1187 4707 festiuitatis
1211 4639 1437 4694 verbum
1466 4637 1720 4694 festivum
1771 4641 1845 4694 ait
1893 4657 2018 4700 esse
2065 4656 2119 4700 et

515 4712 626 4764 lani
672 4727 783 4764 um.

513 4712 783 4770 lenidum.

571 4729 872 4858 ἓξὲξῐέᾙὶιὶ
907 4780 1114 4858 pariter
1161 4796 1226 4837 ac
1249 4796 1426 4858 mss;
1477 4790 1534 4836 at
1580 4782 1703 4858 cod.
1756 4783 2111 4858 Pantagathi,

509 4854 734 4933 imagini
777 4853 1298 4933 sute_c_apt_ivitatem;
1323 4853 1556 4910 fortasse
1596 4853 1885 4924 legendum
1921 4853 2110 4933 (magi;

510 4927 593 4980 nis
620 4941 728 4996 sine
758 4926 1063 4996 captivitati.

584 4997 612 5036 ι)
655 4995 815 5070 νδιιίε
837 4997 979 5070 duo,
1004 4998 1393 5070 wgritutlinum.

586 5081 608 5110 ε
653 5070 744 5124 Sic
774 5069 919 5125 Vatt.
949 5068 1081 5141 duo,
1111 5069 1259 5141 Flor.
1312 5080 1367 5126 et
1418 5068 1576 5138 Urb.,
1627 5074 1824 5141 quibus
1867 5077 2111 5132 concinit

510 5144 653 5199 liber
681 5140 1022 5212 Pantagathi.
1063 5139 1268 5196 Dicitur
1309 5155 1490 5198 autem
1543 5139 1675 5198 satis
1725 5144 1918 5200 Latine
1971 5148 2108 5202 lenta

505 5218 898 5287 uiscerumitabe
923 5213 1159 5287 defectis,
1187 5229 1284 5284 pro
1320 5214 1700 5284 deﬁcientibus,
1724 5226 1783 5270 ut
1813 5217 1955 5287 apud
2001 5217 2110 5272 Co-

507 5288 638 5343 lum.
665 5288 732 5342 de
762 5286 837 5340 Re
862 5293 998 5339 rust.
1035 5285 1129 5340 lib.
1148 5304 1198 5353 v,
1231 5303 1280 5341 c.
1306 5287 1340 5341 6
1371 5304 1382 5340 :
1412 5286 1658 5340 Arborem
1685 5290 1828 5342 senio
1851 5285 2104 5351 defectam

503 5359 728 5423 tollere;
757 5367 812 5414 et
840 5357 1069 5425 Quintil.
1104 5358 1305 5430 lib.ttl,
1337 5372 1461 5427 cap.
1493 5359 1566 5430 8;
1599 5358 1828 5429 Obsessi,
1858 5369 1903 5412 et
1934 5360 2104 5430 impa-

503 5447 606 5493 res,
639 5439 688 5484 et
717 5447 875 5500 aqua,
900 5429 1117 5501 ciboque
1142 5429 1350 5500 defecti.
1399 5427 1694 5486 Salvianus
1723 5427 1965 5501 queque,
2001 5427 2098 5490 lib.

503 5517 537 5556 ν
574 5503 640 5557 de
680 5501 926 5557 Gubern.
962 5501 1058 5556 Dei
1093 5519 1106 5554 :
1145 5501 1206 5558 Si
1237 5503 1446 5570 quando
1488 5503 1703 5570 defectis
1742 5503 1955 5557 urbibus
2002 5507 2101 5559 mi-

504 5574 740 5628 nuendas
779 5574 832 5627 in
887 5572 1062 5643 aliqua
1111 5573 1412 5627 tributarias
1442 5573 1769 5643 functiones,
1823 5583 2102 5643 potestates

503 5659 729 5718 summie
761 5645 1185 5718 existimaverint.
1229 5643 1513 5718 Editioues
1551 5646 1791 5702 absurde
1821 5647 2093 5718 legebant,

503 5714 661 5786 longa
683 5716 934 5771 viscerum
957 5717 1071 5769 tabe
1091 5716 1328 5770 desertis.

574 5785 604 5823 ιῙ
627 5787 684 5858 In
714 5802 871 5858 mss.,
903 5787 1189 5858 sitientium
1219 5787 1380 5858 turba:
1401 5797 1721 5858 vocatorum.

575 5865 600 5894 ⁸
628 5849 716 5915 Sic
748 5849 894 5913 Vatt.
916 5858 1024 5913 duo
1041 5857 1247 5914 etUrb.
1281 5857 1404 5917 Ed..
1425 5853 1780 5929 spiritualium
1799 5862 2091 5920 scientiam.

2229 4591 2421 4655 vertun
2454 4580 2661 4655 excidit
2709 4581 2939 4637 librario
2977 4584 3130 4639 κὼλον
3172 4600 3335 4654 neque
3371 4580 3568 4655 unam'
3582 4588 3825 4655 feminam

2225 4649 2422 4723 multis
2457 4653 2619 4717 viris;
2677 4666 2848 4722 quare
2907 4649 3261 4723 prantulitntts'
3307 4654 3475 4711 aliam
3537 4649 3822 4713 lectionem

2221 4734 2342 4788 quae
2375 4722 2593 4792 plenior
2619 4733 2723 4792 est,
2761 4722 3094 4797 fulcit’urque
3127 4741 3406 4783 consensu
3439 4728 3742 4785 editionum
3771 4740 3822 4785 et

2221 4807 2354 4847 lllSS.

2292 4865 2318 4905 ⁸
2360 4864 2733 4939 Expunximus
2760 4872 2820 4927 τὸ
2845 4870 3022 4939 etiam,
3057 4885 3177 4925 cum
3207 4889 3312 4924 non
3345 4870 3620 4927 habeatur
3649 4873 3700 4927 in
3727 4879 3821 4929 tri-

2220 4934 2320 5015 ltus
2355 4934 2483 5015 mss.
2508 4938 2568 5015 lu
2597 4939 2780 5015 editis,
2819 4934 3022 5015 inepte,
3055 4943 3144 4998 ted
3169 4945 3326 4996 etiam
3353 4959 3515 4997 unam
3548 4947 3811 5015 feminam.

2216 5007 2454 5086 ponsule
2505 5011 2568 5064 Ι).
2600 5007 2832 5081 AuguSt.
2856 5007 2938 5086 de
2970 5007 3214 5086 moribus
3248 5015 3488 5086 Manich.
3523 5007 3647 5086 c'ap.
3681 5019 3746 5073 l8
3769 5030 3818 5073 et

2214 5078 2304 5202 τέ),
2340 5081 2432 5134 ubi
2463 5096 2569 5136 non
2602 5078 2770 5152 pauca
2803 5084 2868 5139 ad
2905 5085 3293 5142 illustrandum
3341 5085 3492 5143 hunc
3533 5078 3817 5145 Gaudentii

2271 5166 2416 5202 cum.

2235 5163 2416 5205 οευιη.

2287 5218 2311 5301 ξι
2346 5221 2543 5277 Lumen
2570 5227 2786 5301 pudoris
2811 5229 2998 5298 legunt
3020 5238 3131 5285 tres
3163 5232 3462 5288 editiones.
3491 5231 3644 5288 Flor.
3671 5234 3812 5301 cod.,

2212 5292 2731 5378 columenpudoris;
2773 5292 3118 5378 cui'lectioni
3172 5306 3455 5378 vulgatam
3501 5292 3817 5372 posthabui;

2211 5379 2364 5442 unus;
2390 5367 2514 5422 dein
2535 5369 2772 5425 columen
2795 5375 3010 5442 pudoris
3044 5367 3356 5431 inveniuius
3384 5367 3554 5432 etiam
3590 5380 3640 5432 in
3676 5379 3811 5438 libro

2211 5434 2551 5508 Pauthagati.

2287 5509 2300 5544 ί
2339 5508 2395 5590 In
2434 5511 2577 5590 γρηὶ.
2621 5513 2858 5590 duobus,
2889 5519 3197 5571 sententiam
3227 5529 3490 5590 postremo
3517 5525 3807 5590 conclusit;

2205 5586 2260 5632 at
2286 5581 2409 5662 cod.
2447 5582 2791 5662 Pantagathi,
2820 5591 3073 5644 sententia
3120 5581 3382 5659 posiremo
3425 5595 3703 5649 conclusit.

2281 5652 2296 5738 Ii
2331 5651 2480 5738 Unus
2503 5673 2570 5711 ex
2595 5651 2882 5738 V'attq'qui
2908 5662 2996 5738 dat
3025 5651 3380 5738 virginitatem
3427 5681 3623 5731 suam;
3667 5667 3804 5738 quod

2201 5723 2424 5867 (vl-idetrr
2467 5723 2814 5802 suppositum
2845 5748 2874 5788 a
2931 5723 3180 5802 librario,
3211 5745 3438 5808 propter
3471 5752 3537 5794 ea
3570 5723 3696 5810 qua;
3723 5754 3805 5795 se-

2243 5812 2350 5852 uun
2382 5814 2465 5853 ur.

2243 5812 2465 5853 llllllllll'.
