4070 6346
497 310 528 378 8
577 311 591 376 l

1577 306 1634 361 s.
1679 301 2055 374 GAUDENTII
2095 301 2354 375 nemo
2398 302 2707 366 FPISCOPI

3693 305 3788 361 893

495 421 624 488 Jesu
673 421 885 496 Christi,
936 421 1022 492 qui
1067 437 1152 490 vos
1198 423 1389 486 vocavit
1434 422 1500 482 ad
1556 420 1820 491 gratiam,
1891 419 2096 492 faciatis

2223 439 2322 495 lies
2350 450 2434 496 est
2455 441 2554 501 sub
2580 442 2769 499 Gratia
2797 443 3121 500 Saluatoris.
3149 442 3174 483 ἀ
3206 445 3262 501 In
3290 462 3400 515 quo
3431 445 3519 499 die
3551 444 3790 514 Sponsus

501 515 545 597 (l
560 513 765 590 Coras).
778 515 898 597 Ipse
911 517 996 584 cui
1009 531 1058 572 m
1074 526 1127 584 et
1154 515 1440 588 prieteritis
1458 513 1694 586 peccatis
1709 512 2095 582 indiligentiam

498 593 710 676 tribuit,
741 593 1126 676 et'emendatze
1155 607 1277 668 vitae
1309 607 1523 690 pra‘mia
1545 605 1851 675 pollicetur.
1887 605 1992 662 Sed
2015 605 2100 666 his

502 715 598 771 pro
616 701 887 769 communi
907 700 1270 766 aediﬁcatione
1285 699 1564 754 nmralitcr
1581 701 1867 770 expositis,
1881 699 1992 770 jam
2010 716 2097 756 ve:

501 795 595 854 nio
627 794 691 854 ad
718 795 1020 866 promissas
1063 794 1357 864 allegorias
1401 791 1570 864 ipsius
1605 793 1950 864 Evangelii-ae
1991 795 2100 862 Iec-_

502 889 690 954 tionis.
725 887 790 942 Et
816 887 941 942 licet
967 887 1032 948 ad
1061 887 1503 956 exulanationem
1535 889 1918 958 mysteriorum
1944 886 2100 946 Chri-

501 981 571 1042 sti
604 980 860 1049 idoneum
895 995 980 1048 me
1004 995 1127 1034 esse
1155 993 1261 1034 neu
1294 979 1555 1046 arbitrer,
1585 983 1672 1052 qui
1707 982 1940 1044 necdum
1989 998 2101 1038 nte-

503 1089 626 1140 rear
652 1072 954 1128 beatissimi
1006 1071 1158 1140 Pauli
1195 1072 1580 1140 auctoritatem
1633 1090 1969 1144 praesumere
2013 1077 2096 1133 tli-

501 1166 677 1222 centis
710 1166 1004 1238 :quoniam
1039 1166 1299 1230 loquimur
1323 1183 1424 1222 non
1463 1167 1704 1230 indoctis
1743 1169 1986 1234 humatur
2016 1187 2101 1226 sa-

502 1261 710 1331 pientiw
737 1259 920 1337 verbis,
949 1260 1038 1322 sed
1075 1262 1126 1314 in
1152 1261 1389 1316 doctrina
1410 1261 1645 1331 spiritus,
1677 1271 1703 1299 ⁸
1744 1263 2100 1333 spiritualibus

500 1351 805 1426 spiritatalia
828 1362 1181 1424 comparantes
1209 1351 1250 1422 (Ι
1269 1353 1388 1408 Cor.
1410 1355 1494 1425 tt);
1519 1355 1770 1410 desidem
1786 1365 1967 1418 tamen
1990 1353 2100 1420 es;b

501 1459 562 1498 ea
584 1444 752 1510 divini
774 1443 1055 1514 Evangelii
1088 1445 1322 1502 lectione
1343 1447 1632 1504 caelestem
1654 1449 1812 1506 vobis
1837 1457 1998 1519 atque
2015 1465 2101 1508 πτ

501 1552 718 1604 canam,
739 1547 899 1608 prout
921 1538 1184 1594 Dominus
1211 1539 1394 1610 largiri
1417 1539 1752 1610 dignabitur,
1792 1543 2101 1612 intelligen-

503 1629 630 1684 tiam
651 1630 917 1700 revelare.
942 1631 1106 1696 Paulo
1131 1632 1436 1701 antecnim,
1461 1633 1588 1688 dum
1614 1635 1874 1708 propositi
1897 1651 2105 1692 sermo-

505 1722 590 1776 nis
635 1723 965 1794 principium
1009 1724 1277 1792 disserui,
1325 1742 1543 1784 causam
1590 1730 1835 1800 pandens
1882 1742 2104 1802 propter

2203 531 2318 602 ipse
2346 535 2616 601 cmlestis,
2648 547 2863 591 amator
2903 537 3208 592 animarum
3241 538 3585 594 credentium
3621 537 3794 592 Domi-

2203 639 2306 680 nus
2321 627 2500 692 Jesus,
2518 642 2778 697 sponsam
2804 629 2906 685 sibi
2929 647 2994 684 ex
3017 630 3282 685 Gentibus
3302 629 3592 700 conjunxit
3615 630 3794 684 Eccle-

2201 719 2361 785 siam,
2413 719 2497 773 cui
2548 721 2810 774 annulum
2843 722 3116 792 signaculi
3150 721 3259 786 sui,
3310 731 3368 778 et
3411 709 3638 777 inaures
3672 721 3793 776 iidel

2203 810 2473 870 tribueret
2513 821 2786 883 pretiosas
2816 818 2957 888 (nam
2983 816 3114 886 ﬁdes
3144 834 3208 871 ea:
3229 819 3440 881 auditu,
3465 817 3678 871 auditus
3710 834 3799 871 au-

2201 913 2303 958 tem
2328 922 2420 974 per
2447 906 2656 960 verbum
2678 906 2770 962 Dei
2795 907 2976 979 (Rom.
3009 908 3087 982 Χ),
3119 910 3383 965 videlicet
3415 909 3652 974 Filium;
3679 911 3799 979 quia

2201 996 2255 1050 in
2279 999 2664 1070 principioerat
2701 998 2941 1064 Verbum,
2966 1013 3012 1056 et
3046 1002 3266 1058 Verbum
3293 1014 3402 1058 erat
3440 1004 3586 1075 apud
3620 1002 3798 1069 Deum,

2203 1101 2249 1144 et
2269 1091 2405 1146 Deus
2420 1092 2768 1152 eratVerbum
2789 1093 2971 1166 [Ιοαη.
2999 1094 3096 1169 ι]).
3127 1107 3150 1134 θ
3177 1098 3264 1152 oui
3287 1112 3511 1166 sponsae
3541 1096 3685 1152 idem
3709 1096 3799 1153 Dei

2206 1183 2377 1250 Filius
2405 1186 2546 1241 Deus
2578 1187 2841 1254 Verbum,
2873 1204 3039 1244 aurea
3068 1205 3287 1261 quoque
3317 1191 3554 1246 donaret
3582 1189 3801 1246 dextra-

2205 1277 2299 1346 lia,
2328 1279 2690 1348 probabilium
2717 1282 2919 1352 quippe
2948 1298 3202 1350 operttm,
3235 1283 3671 1354 dextrorumque
3708 1282 3806 1338 lac-

2206 1381 2414 1438 torum,
2468 1388 2567 1427 nec
2617 1376 2919 1429 nonetiam
2963 1384 3161 1430 caetera
3193 1376 3514 1446 singillatim
3564 1376 3802 1447 pretiosa

2208 1466 2430 1521 monilia
2463 1467 2774 1538 largiretur,
2806 1484 2928 1538 quae
2951 1469 3316 1539 spiritualium
3340 1479 3468 1524 sunt
3490 1481 3805 1526 ornamenta

2207 1563 2491 1616 virtutum.
2547 1562 2611 1618 [Et
2657 1573 2713 1616 ut
2741 1577 3072 1633 agnosceres
3104 1564 3263 1618 tertia
3299 1563 3401 1618 hac
3428 1565 3521 1620 die
3553 1565 3809 1634 spiritua-

2211 1657 2292 1712 les
2344 1658 2475 1710 istas
2505 1671 2534 1711 a
2577 1655 2796 1712 Christo
2829 1658 3047 1727 nuptias
3079 1658 3132 1712 in
3186 1657 3344 1728 plebe
3371 1659 3616 1729 gentium
3664 1659 3805 1713 cele-

2215 1750 2386 1818 brari,
2440 1765 2548 1804 non
2595 1751 2648 1806 in
2680 1750 2867 1805 Iudaea
2903 1751 3059 1818 ﬁunt,
3095 1751 3192 1806 sed
3237 1753 3290 1805 in
3341 1753 3491 1805 Cana
3535 1752 3804 1807 Galilzete:

507 1817 847 1926 ‘i'l‘”“.27§
870 1817 1126 1926 δίηνξξῑοξ
1155 1821 1274 1926 ξξενὶι
1298 1823 1558 1882 invitatus
1589 1823 1654 1882 ad
1678 1828 1891 1894 nuptias
1913 1866 1927 1892 ,
1957 1834 2104 1882 tran-.
2142 1815 2182 1876 Β
2211 1815 2600 1915 quod'prteter
2630 1846 3006 1901 testimonium
3035 1815 3212 1900 sancti
3244 1845 3401 1900 Isaia:
3437 1844 3542 1918 (Is.
3575 1846 3680 1913 rx),
3719 1843 3805 1926 qui

509 1913 697 1978 scendi
750 1915 817 1966 ad
869 1913 1282 1986 prtetlicabilem
1330 1917 1662 1986 virginitatis
1715 1919 2107 1976 conservanda

511 2015 826 2076 tractatum,
871 2007 1055 2074 ibique
1092 2007 1492 2079 aliquantulum
1528 2010 1717 2066 videor
1758 2011 2105 2070 itntnoratus.

512 2098 665 2170 Nunc
721 2109 903 2156 autem
980 2103 1258 2182 rrp'icabn
1303 2104 1473 2173 ipsam
1533 2105 1908 2166 narrationem
1966 2105 2108 2174 beati

508 2196 884 2268 evangelistam
912 2207 969 2256 ut
1003 2199 1346 2270 intellectum
1379 2201 2112 2274 spiritualemopportunius

510 2288 854 2360 requiramus
899 2291 951 2346 in
979 2290 1188 2346 verbis.
1226 2291 1289 2346 Et
1321 2292 1405 2350 die
1443 2294 1621 2359 tertia,
1670 2292 1869 2364 inquit,
1914 2293 2114 2364 nuptiw

513 2379 705 2450 ﬁebant
746 2382 798 2436 in
825 2377 969 2442 Cana
998 2382 1274 2440 Galilatw:
1305 2394 1354 2438 et
1387 2387 1456 2439 ibi
1483 2397 1592 2442 erat
1626 2396 1786 2443 mater
1815 2384 1970 2442 Jesu.
2011 2386 2113 2448 Vo-

517 2484 661 2528 catus
685 2485 757 2530 est
787 2485 960 2530 autem
992 2484 1040 2530 et
1074 2473 1254 2548 Iesus,
1287 2489 1335 2531 et
1363 2477 1611 2548 discipuli
1639 2483 1750 2552 ejus
1777 2478 1847 2534 ad
1879 2480 2112 2553 nuptias.

522 2565 583 2620 Et
617 2567 789 2619 viuum
824 2585 926 2642 non
948 2566 1226 2635 habebant,
1254 2579 1275 2606 ο
1302 2571 1549 2641 quoniam
1578 2580 1986 2626 consummatum
2007 2582 2115 2642 erat

517 2661 693 2726 vinum
722 2663 1023 2732 nuptiarum
1050 2661 1230 2736 (Joan.
1263 2666 1342 2736 tl).
1395 2665 1589 2724 Veram
1619 2668 1695 2722 rei
1733 2677 1903 2740 gesta:
1945 2667 2116 2732 bisto-

518 2753 678 2822 riam,
707 2763 766 2808 ut
797 2757 1068 2824 oportuit,
1114 2767 1539 2828 cognoscentes,
1583 2759 1693 2828 jam
1726 2761 1852 2831 quis
1895 2761 1998 2828 iste
2045 2761 2114 2832 sit

521 2846 640 2900 dies
699 2849 920 2912 tertius,
962 2847 1015 2902 in
1075 2864 1186 2919 quo
1241 2849 1397 2905 lacu.-
1444 2853 1649 2921 nuptia:
1710 2863 2112 2921 memorantur,

521 2939 884 3010 spiritualiter
933 2956 1297 3011 exponamus.
1381 2945 1506 2999 Dies
1569 2946 1706 3001 lucis
1749 2957 1854 3012 est,
1914 2948 2118 3012 fratres

523 3033 876 3101 charissimi;
936 3046 988 3089 et
1021 3036 1144 3090 ideo
1178 3038 1470 3108 praeceptis-
1502 3038 1742 3118 Domini,
1801 3042 1888 3114 qqi
1922 3057 2114 3118 verum

522 3127 708 3184 lumen
732 3138 837 3196 est,
888 3131 1205 3199 aequissime
1261 3144 1631 3204 comparatur,
1695 3113 1935 3194 testante
1983 3113 2118 3194 Pro;

2211 1938 2488 1995 Galilzeam
2505 1939 2762 1995 Gentium
2784 1944 3133 2012 memoravit,
3151 1959 3216 1998 ex
3249 1941 3714 2012 interpretatione
3736 1943 3808 2012 ip-

2213 2050 2399 2087 sorum
2418 2035 2697 2090 nominum
2715 2036 2918 2090 clarius
2940 2035 3467 2109 ostendetur.274
3483 2034 3806 2091 t(Ianaenim

2214 2127 2740 2197 possessiodicitur;
2783 2141 2837 2183 et.
2864 2129 3089 2185 Galilaza
3126 2130 3209 2184 vel
3250 2130 3530 2194 volubilis,
3568 2130 3653 2183 vel
3694 2140 3809 2184 rcta

2217 2234 2576 2292 nuncupatur,
2603 2239 2667 2276 ex
2695 2222 2926 2277 llebraao
2947 2223 3306 2293 interpretata
3330 2237 3607 2277 sermone.
3633 2232 3657 2269 ε
3678 2222 3811 2276 Con-

2215 2325 2319 2370 stat
2355 2328 2534 2369 autem
2587 2317 2849 2385 populum
2906 2315 3162 2372 Gentium
3211 2333 3276 2371 ex
3339 2332 3532 2371 errore
3590 2316 3810 2370 itlolula.

2219 2407 2356 2472 trioa.
2388 2407 2440 2461 in
2464 2424 2627 2478 quem
2664 2409 2835 2462 fuerat
2864 2409 2995 2463 olim
3029 2408 3342 2476 devolutus,
3373 2425 3522 2464 nunc
3545 2408 3612 2464 ad
3646 2409 3812 2463 chris-

2219 2502 2379 2556 tiana:
2426 2502 2673 2554 veritatis
2719 2503 2924 2557 enltnm
2955 2499 3292 2561 llceleritate
3345 2511 3480 2556 rotae
3529 2501 3810 2569 cujusdam

2218 2596 2850 2666 properarecurrentis.
2898 2594 3051 2651 Unde
3076 2595 3244 2650 etiam
3276 2595 3591 2665 ﬁguraliter
3620 2597 3812 2650 cecinit

2220 2689 2492 2759 propheta
2524 2687 2690 2742 Dmid
2746 2690 2956 2743 locutus
2983 2689 3047 2741 ad
3092 2689 3293 2744 Deum:
3332 2687 3449 2741 Vox
3493 2687 3713 2741 tonitrui
3741 2689 3813 2740 tui

2218 2783 2271 2838 in
2298 2797 2411 2837 rem
2446 2782 2565 2852 (Ps.
2596 2782 2806 2852 Lsxvt).
2862 2782 3104 2836 Intonuit
3133 2783 3278 2837 enim
3304 2797 3335 2836 e
3372 2781 3517 2836 caelo
3555 2779 3724 2847 Deus,
3763 2789 3813 2835 et

2219 2878 2536 2933 Altissimus
2563 2877 2715 2932 dedit
2748 2893 2936 2932 vocem
2967 2893 3144 2946 sttain,
3175 2877 3396 2930 dicens:
3425 2875 3527 2930 llic
3549 2887 3625 2929 est
3647 2875 3813 2929 Filius

2219 2988 2361 3025 meus
2394 2970 2640 3040 dilectus,
2674 2971 2725 3022 in
2754 2985 2855 3037 quo
2880 2967 3002 3020 mihi
3034 2967 3159 3022 bene
3184 2968 3364 3032 placui
3399 2984 3417 3021 :
3467 2966 3611 3020 hunc
3645 2965 3815 3020 audite

2220 3061 2415 3134 (Matth
2452 3060 2607 3132 xvn).
2642 3058 2811 3131 Cujus
2846 3059 3072 3116 tonitrni
3106 3075 3206 3112 vos
3240 3059 3412 3118 lueret
3460 3059 3516 3114 in
3559 3057 3816 3124 cordibus

2226 3157 2397 3226 plebis
2430 3156 2612 3226 hujus,
2657 3170 2780 3225 qua:
2820 3168 2888 3208 es
2911 3153 3100 3221 gentili
3133 3152 3530 3220 superstitione
3564 3152 3632 3206 ad
3663 3151 3816 3206 ﬁdem

526 3224 690 3296 pheta
721 3245 734 3281 :
787 3224 1116 3293 Praeceptum
1196 3228 1406 3283 Domini
1463 3230 1701 3285 lucidum
1728 3274 1742 3297 ,
1806 3231 2115 3288 illuminans
2145 3205 2188 3266 Ο
2229 3205 2440 3302 homini
2469 3205 2617 3308 1:35“,
2654 3205 2926 3315 tamquam
2960 3251 3074 3298 rota
3108 3257 3362 3308 currens,
3396 3243 3670 3296 velociter
3697 3256 3817 3308 pro.

530 3324 708 3374 oculos
763 3321 881 3392 (Ps.
910 3324 1086 3395 xvnt).
1152 3322 1220 3378 Et
1245 3323 1373 3378 alibi
1412 3326 1607 3382 iterum
1638 3345 1648 3380 :
1686 3327 1962 3394 Quomodo
1996 3328 2113 3400 lux,

534 3415 745 3486 inquit,
829 3419 1076 3472 ntandata
1127 3429 1215 3470 tua
1256 3435 1413 3488 super
1454 3432 1642 3474 terram
1711 3421 1920 3493 (Prov,
1991 3439 2043 3478 v1
2074 3426 2112 3494 ).

528 3507 683 3564 Unde
718 3511 853 3564 bene
897 3510 1148 3565 Salvator
1204 3511 1463 3566 Dominus
1510 3514 1861 3588 admonebat,
1898 3517 1950 3570 in
1999 3518 2119 3571 luco

525 3617 648 3657 esse
677 3603 1090 3670 atnlntlandntn,
1118 3603 1304 3658 dicens
1332 3623 1344 3659 :
1377 3605 1530 3671 Quod
1559 3607 1604 3659 si
1647 3609 1762 3676 quis
1794 3610 2022 3670 anthulut
2065 3612 2119 3663 in

525 3695 626 3763 die,
655 3715 755 3750 non
789 3697 1026 3764 omndtt,
1050 3699 1174 3770 quia
1207 3699 1364 3752 (arma
1392 3701 1569 3753 mundi
1593 3703 1750 3772 hujus
1783 3703 1913 3755 videt
1936 3703 2120 3772 (Joan.

525 3790 626 3862 st).
662 3789 804 3846 Vere
833 3789 981 3844 enim
1012 3793 1056 3846 si
1085 3793 1208 3861 quis
1235 3793 1600 3848 ambulaverit
1631 3793 1682 3848 in
1716 3795 1838 3854 luce
1870 3810 2126 3867 praecep.

528 3895 705 3938 torum
743 3885 857 3952 Dei,
895 3883 1178 3940 oll'endete
1209 3901 1552 3956 nequaquam
1599 3899 1800 3957 potest.
1852 3891 1977 3946 Dies
2021 3892 2124 3947 ita-

525 3995 634 4050 que
682 3980 780 4033 luit
827 3980 877 4035 in
925 3979 1182 4036 mandato
1213 3982 1444 4051 primus,
1491 3983 1558 4036 ab
1609 3984 1780 4038 Adam
1835 4001 2010 4056 usque
2060 3988 2127 4043 ad

528 4073 1074 4147 Moysentsccundus
1100 4075 1223 4132 dies
1248 4075 1347 4136 iuit
1378 4078 1480 4132 sub
1511 4078 1655 4150 Lege
1684 4080 1854 4150 Moysi
1884 4101 1894 4136 :
1930 4086 2126 4144 tertius

604 4365 628 4392 τι
660 4353 808 4418 Vatt.
839 4353 998 4426 codd.
1031 4363 1347 4410 constanter
1375 4354 1613 4410 retinent
1634 4353 1954 4426 spiritalibus
1975 4355 2131 4426 spiri-

526 4427 680 4501 talia,
709 4427 853 4501 sicut
884 4425 1029 4501 infra
1064 4429 1385 4501 intellectum
1415 4425 1756 4501 spiritalem;
1790 4425 1964 4501 iisque
1995 4425 2129 4486 eun-

530 4491 686 4568 sonai
712 4491 851 4561 liber
883 4498 1223 4570 Pantagatbi,
1283 4498 1426 4569 quod
1458 4491 1766 4566 monuimus
1810 4491 1974 4566 etiam
2040 4515 2134 4565 su:

534 4588 629 4642 pra
657 4570 722 4638 ad
756 4581 914 4638 tract.
949 4571 1003 4636 9,
1038 4586 1158 4641 pag.
1188 4571 1313 4627 259.

604 4642 633 4680 ⁸³
662 4641 812 4698 Mss”
846 4659 909 4696 ea:
930 4641 1124 4696 eadem.

604 4659 633 4680 υ
663 4659 812 4707 διεδ..
846 4659 909 4696 ea:
930 4659 1124 4696 eaaem.

604 4711 626 4738 °
663 4715 1022 4769 ltetldidimns
1066 4714 1169 4766 boc
1201 4713 1321 4766 loco
1355 4711 1653 4770 leutionem
1687 4711 1839 4778 Flor.
1887 4725 1946 4768 et
1993 4717 2129 4767 duo-

531 4801 650 4842 rum
686 4785 830 4841 Vatt.
865 4786 1166 4853 Irrepserat
1195 4783 1342 4839 enim
1371 4800 1656 4853 perperam
1686 4774 2054 4852 interrogatio
2078 4786 2129 4840 in
2159 4774 2208 4834 D

531 4855 865 4926 exemplaria
899 4856 1069 4920 edita,
1103 4871 1224 4926 quae
1256 4856 1337 4909 sie
1364 4855 1657 4926 legebant_:_
1691 4854 1964 4920 Quomodo
2004 4873 2127 4912 ton-

535 4921 797 4999 sumptam
847 4935 954 4999 erat
1006 4921 1178 4980 riuum
1211 4921 1562 4998 nuptiarum?
1619 4921 1809 4978 Verum
1853 4930 1926 4982 rei
1975 4936 2131 4999 gesta:

534 4997 826 5053 Instat-iam.
871 4997 1058 5064 Itaque
1091 5009 1238 5053 totus
1265 4997 1402 5052 ordo
1431 4999 1796 5070 perturbatus
1823 5012 1874 5053 et
1908 4997 2132 5070 corrup-

539 5081 622 5127 tus
651 5080 799 5131 erat;
829 5085 952 5123 nam
975 5070 1044 5124 de
1079 5071 1355 5142 proposita
1381 5071 1682 5137 quaestione
1716 5069 2008 5132 videbatur
2023 5082 2134 5126 sta-

538 5144 633 5197 tim
675 5142 740 5196 ad
775 5144 933 5195 aliam
962 5141 1222 5197 transire.
1259 5142 1404 5196 llanc
1435 5152 1612 5204 autem
1647 5157 1769 5200 esse
1799 5158 1984 5210 veram
2021 5146 2132 5199 Icc-

541 5216 744 5270 tionem
793 5215 908 5284 ipse
956 5229 1173 5283 quoque
1203 5213 1541 5274 Gaudentius
1601 5214 1802 5278 indicat
1851 5217 1919 5272 ad
1968 5217 2128 5278 linem

541 5295 822 5350 tractatus,
847 5285 936 5340 ubi
963 5293 1135 5340 totum
1172 5286 1352 5341 locum
1385 5287 1564 5342 tlennu
1596 5302 1902 5354 exponens,
1936 5291 2015 5342 sic
2059 5289 2135 5344 le-

539 5360 617 5428 git
643 5358 1098 5430 quemadmodnm
1131 5357 1422 5412 edidimus.
1457 5358 1512 5414 In
1540 5373 1672 5412 mss.
1703 5370 1938 5428 quatuor
1969 5359 2137 5415 babe-

541 5442 631 5487 tur
673 5432 836 5486 etiam
863 5430 1185 5502 vei-autgesti
1217 5430 1529 5494 historiam;
1576 5431 1672 5486 sed
1721 5445 1820 5486 nos
1861 5431 2133 5494 vulgatam

543 5502 840 5558 lectionem
881 5503 1262 5570 pra-tulimus;
1301 5516 1462 5569 porro
1502 5519 1672 5556 verum
1705 5505 1834 5570 gesti
1863 5502 2139 5557 historiam

545 5573 767 5647 pra-fert
797 5575 933 5647 liber
963 5589 1180 5644 quoque
1209 5573 1419 5628 Octavii
1450 5573 1806 5647 Pantagatbi;
1844 5577 1956 5628 imo
1988 5573 2136 5630 Gau-

547 5645 770 5701 dentius
822 5646 961 5716 ipse,
1013 5647 1171 5700 initio
1222 5645 1495 5702 sermonis
1542 5649 1856 5716 sequentis,
1913 5650 2142 5717 primunt

541 5722 698 5790 juxta
721 5719 991 5778 historiam
1021 5719 1186 5790 gesti;
1219 5730 1270 5772 et
1299 5720 1445 5772 circa
1483 5717 1741 5783 medium,
1769 5721 2035 5789 ministros
2050 5735 2145 5778 att:

553 5801 652 5862 tesu
673 5807 787 5862 una
808 5792 925 5848 illos
957 5791 1238 5846 secundum
1263 5791 1340 5862 rei
1365 5800 1583 5862 gestum.

620 5858 644 5896 ἀ
672 5861 746 5916 lla
771 5864 1116 5932 reposuimus
1140 5880 1202 5916 cx
1239 5858 1387 5916 Flor'.
1419 5861 1586 5931 Editi,
1609 5862 1663 5924 in
1687 5880 1786 5934 quo
1810 5863 1988 5918 hodie.

2229 3340 2461 3410 peravit.
2515 3339 2688 3406 Quam
2734 3339 2801 3388 ob
2844 3351 3061 3391 causam
3106 3337 3267 3389 etiam
3303 3336 3491 3390 beatos
3535 3335 3820 3404 Apostolus

2227 3435 2392 3504 digne
2423 3417 2756 3496 arbitramur
2784 3449 2811 3486 a
2846 3431 3068 3486 Christo
3112 3431 3256 3485 lilios
3298 3431 3526 3490 touitrni
3562 3429 3573 3468 ί
3607 3446 3818 3488 nuncn-

2231 3539 2385 3598 patos
2414 3526 2608 3598 (Marc.
2635 3527 2740 3592 tu),
2792 3525 3126 3594 Boanerges.
3170 3522 3303 3578 Nam
3356 3523 3592 3593 legimm
3625 3524 3734 3578 alio
3771 3523 3822 3577 in

2229 3623 2352 3676 loco
2387 3619 2693 3691 Evangelii,
2739 3618 3006 3689 quosdam
3051 3633 3114 3671 ex
3150 3616 3416 3672 Gentibus
3446 3616 3824 3679 desiderantes

2226 3716 2666 3785 appropinquare
2689 3711 2931 3778 Christo,
2956 3712 3164 3774 aditum
3197 3712 3466 3778 qumsisse
3493 3728 3591 3780 per
3614 3721 3827 3782 aposto-

2227 3808 2338 3863 lum
2373 3809 2704 3878 Philippum,
2737 3808 2828 3878 qni
2861 3815 2976 3861 erat
3003 3823 3029 3858 a
3057 3805 3351 3861 Bethsaida
3400 3804 3654 3860 Galilma:
3699 3805 3828 3860 civi-

2227 3912 2367 3968 tate;
2400 3913 2456 3956 ut
2480 3903 2700 3973 Opinor,
2736 3901 3111 3956 familiaritate
3136 3900 3381 3955 conlisos
3416 3920 3428 3955 :
3467 3899 3713 3966 Domine,
3749 3903 3829 3956 in-

2229 3997 2448 4070 quiunt,
2495 3995 2730 4056 volumus
2769 3995 2951 4056 Jesum
2994 3995 3188 4050 ridere.
3226 3993 3380 4052 Venit
3430 3993 3740 4066 Philippus,
3789 4002 3832 4059 et

2230 4091 2358 4146 dicit
2392 4089 2658 4144 Andrete:
2713 4089 2948 4143 Andreas
2977 4097 3026 4142 et
3069 4087 3353 4160 Philippus
3393 4088 3615 4152 eadunt,
3662 4097 3708 4142 et
3757 4087 3834 4140 di-

2311 4355 2564 4410 cPlacnit
2615 4353 2732 4410 lure
2781 4351 2945 4408 lectio
2990 4367 3056 4410 ex
3101 4351 3276 4414 tribus
3324 4368 3461 4418 mss.
3504 4353 3827 4424 desumpta.

2236 4426 2402 4490 Editi,
2425 4429 2745 4496 depravate,
2775 4427 2922 4496 cujus
2946 4441 3167 4494 sponsus
3190 4424 3324 4490 idem
3356 4423 3456 4486 Dei
3493 4423 3667 4488 Filius
3696 4423 3827 4482 Deus

2242 4497 2497 4565 Verbum;
2529 4509 2584 4554 at
2617 4498 2861 4556 clauSuIa
2905 4497 3300 4562 distinctionis,
3347 4512 3452 4550 seu
3491 4500 3834 4566 parenthesis

2239 4569 2411 4626 [initio
2445 4569 2774 4638 transposita
2809 4570 3005 4638 vilium
3047 4577 3100 4638 ct
3141 4567 3543 4638 obscuritatem
3577 4581 3829 4638 auxerat.

2237 4641 2331 4714 Cui
2360 4657 2572 4714 sponsa:
2589 4635 2723 4714 idem
2753 4637 2852 4714 Dei
2878 4637 3052 4694 Filius
3077 4635 3213 4714 Deus
3248 4636 3474 4714 Verbum
3501 4642 3709 4710 alisque
3733 4635 3833 4698 ulla

2236 4711 2608 4768 distinctionis
2635 4713 2881 4767 clausula
2917 4713 3047 4782 legit
3072 4713 3200 4767 cod.
3237 4725 3338 4765 tns.
3379 4711 3726 4781 Pantagatbi.

2312 4783 2328 4822 ί
2355 4786 2592 4840 Consule
2628 4785 2782 4840 llier.
2816 4785 2866 4844 in
2895 4783 2986 4838 lib.
3012 4783 3080 4837 de
3109 4782 3268 4838 Nom.
3305 4783 3567 4850 llebraie.
3605 4785 3730 4840 llzuc
3758 4785 3835 4840 in-

2235 4856 2570 4926 terpretandi
2622 4857 2787 4922 ratio,
2822 4855 2890 4912 ab
2931 4855 3280 4926 etymologiis
3331 4857 3523 4924 petita,
3560 4856 3835 4922 nonnullis

2237 4929 2397 4982 valde
2420 4927 2730 4995 ἀίειιιίειιὶῑς
2757 4943 2878 4997 qua:
2902 4936 3082 4982 tamen
3110 4941 3169 4981 se
3202 4942 3526 4999 inagnortnn
3557 4930 3836 4992 nominum

2235 5001 2500 5064 exemplo
2530 5013 2579 5054 el
2614 4999 2942 5058 auctoritate
2974 5009 3181 5064 tuetur,

2308 5081 2332 5116 ξς
2385 5071 2768 5138 Εηιιϊεδὶιιιυδ
2823 5071 3112 5126 lectionem
3166 5065 3313 5134 για.
3367 5072 3535 5126 codd.
3591 5085 3647 5130 et
3701 5071 3832 5132 Urb.

2235 5160 2467 5213 quorum
2503 5141 2754 5208 subsidio
2813 5152 2958 5198 totus
2995 5142 3082 5196 hic
3133 5142 3288 5208 locus
3335 5161 3439 5208 non
3477 5161 3670 5216 parum
3705 5144 3840 5201 iudi-

2235 5217 2418 5286 gt‘ilﬂi.

2312 5285 2336 5323 ¹ι
2371 5282 2460 5343 Sic
2490 5286 2634 5341 Vatt.
2683 5285 2842 5342 codd.
2875 5296 2924 5340 et
2959 5282 3093 5348 Urb.
3131 5285 3269 5346 [illiti
3315 5296 3528 5350 autem,
3577 5291 3839 5346 celeritate

2241 5369 2370 5430 τοίῳ
2412 5357 2991 5430 cttjusdaut_wrt'rn'is
3040 5374 3093 5412 se
3127 5373 3446 5429 privum-are.
3501 5361 3670 5425 Male;
3721 5375 3839 5426 nam

2243 5428 2549 5506 paulopost
2577 5428 2759 5484 subdit
2791 5437 3054 5506 (quiquam
3084 5438 3196 5484 t'ota
3230 5447 3444 5498 currms
3465 5435 3832 5506 uelociterpro-

2247 5504 2474 5571 perarit;
2502 5517 2566 5556 ex
2598 5519 2705 5570 quo
2737 5502 2870 5554 satis
2902 5509 3120 5566 etnistat
3148 5517 3397 5570 qna-nant
3432 5505 3502 5560 sit
3529 5522 3656 5568 vera
3688 5502 3839 5566 lectio

2248 5575 2530 5643 prtesentis
2562 5574 2690 5638 loci,
2717 5587 2946 5645 eantque
2979 5583 3163 5638 tuetur
3199 5574 3361 5630 etiam
3405 5577 3656 5645 optimus
3705 5578 3834 5633 liber

2249 5646 2455 5702 Octavii
2488 5643 2826 5714 Pantagatbi.

2333 5718 2346 5756 ί
2383 5719 2438 5774 In
2488 5731 2894 5790 qnatuor_ntss.
2930 5725 3282 5786 nuncupatos,
3312 5719 3449 5788 quod
3496 5722 3693 5786 dicitur
3736 5719 3837 5775 lic-

2252 5791 2388 5845 brwo
2428 5787 2681 5856 sermone,
2718 5787 3034 5861 Boanerges,
3071 5798 3231 5858 prout
3275 5787 3333 5844 et
3361 5791 3413 5850 in
3457 5792 3602 5859 libro
3651 5793 3840 5852 Panta-

2253 5862 2423 5934 gatlti.
