4070 6346
1119 322 1356 380 SEllMO
1397 322 1535 389 VIII,
1577 321 1667 378 DE
1706 319 2076 377 EVANGBIJI
2118 318 2454 376 LEC’I‘IONE
2497 319 2775 378 PRIMUS.

3505 327 3612 382 8114

299 472 422 516 cunt
443 461 748 516 eadlesum
771 459 956 535 (Joan.
990 462 1112 532 xu).
1131 459 1224 518 llis
1246 461 1528 522 eobzrreut
1554 473 1778 528 ea,qute
1798 470 1898 511 sne
1927 436 1973 497 Α
2004 471 2176 530 autem
2203 459 2328 530 exiit
2353 460 2476 513 inde
2497 471 2542 514 et
2573 459 2697 514 abiit
2727 460 2778 513 in
2801 456 3094 514 (lalilteam.
3140 458 3264 531 Ipse
3293 461 3434 515 enim
3456 453 3611 518 Jesus

299 557 351 612 in
384 556 529 620 loco,
562 565 622 611 ut.
651 557 901 612 meminit
935 555 1166 612 dilectio
1201 565 1410 619 vestra,
1448 552 1759 608 minutatim
1790 551 1902 605 dis-

295 648 462 715 serui,
493 649 584 703 ubi
611 647 904 708 confestim
937 648 1203 704 Dominus
1233 648 1444 718 legatos
1484 646 1738 702 Gentium
1774 660 1898 713 grao

298 742 538 806 tulanter
562 741 929 813 amplectens,
964 751 1018 797 et
1051 741 1104 797 in
1137 741 1326 812 paucis
1357 739 1713 795 credentibus
1738 737 1897 796 ﬁdem

297 836 610 908 praevidens
656 836 1147 892 innumerabilium
1181 835 1508 906 populorum
1534 876 1547 898 ,
1584 833 1721 889 dixit
1752 836 1900 901 Apo-

295 929 451 985 stoIis
470 929 652 985 :Veuit
675 930 808 985 liora
837 940 894 986 ut
917 931 1244 1003 gloriﬁcatur
1271 928 1446 985 Filius
1470 929 1894 1001 hominis(Joan.

294 1024 410 1090 xu).
470 1023 534 1079 Et
569 1033 694 1094 post
727 1039 922 1094 pauca,
968 1039 1155 1080 vocem
1191 1035 1520 1080 convertens
1551 1024 1618 1077 ad
1651 1024 1892 1092 Patrem,

295 1118 501 1188 inquit:
540 1117 722 1183 Pater,
765 1119 1012 1189 glori/ica
1041 1136 1226 1173 nomen
1265 1127 1431 1173 tuum.
1475 1120 1766 1188 Statimque
1801 1133 1898 1171 vos:

292 1213 357 1266 de
384 1211 512 1265 coelo
553 1212 762 1266 veniens
809 1213 917 1266 ait:
956 1222 1002 1265 et
1027 1212 1346 1283 gloriﬁcavi,
1392 1223 1437 1266 et
1493 1212 1681 1266 iterum
1729 1210 1894 1280 glori-

294 1304 479 1366 ﬁcabo.
529 1303 704 1371 Quam
753 1320 940 1364 vocem
977 1306 1071 1361 Dei
1125 1305 1303 1361 Patris
1342 1305 1370 1344 ι)
1411 1305 1894 1361 circumstantium

289 1395 599 1451 Iudaeorum
662 1396 820 1453 turba
880 1397 1133 1465 audiens,
1196 1397 1263 1452 de
1327 1398 1569 1454 excelsis
1626 1396 1893 1454 calorum

289 1488 509 1544 sedibus
583 1489 966 1561 resultantem.
1022 1491 1286 1546 t0nitrum
1348 1502 1523 1562 putat,
1577 1492 1700 1562 quia
1773 1505 1895 1545 ver-

293 1581 354 1635 ba
406 1597 514 1635 non
560 1583 913 1654 assequitur:
964 1584 1197 1654 pepulus
1225 1584 1394 1649 enim,
1430 1583 1734 1640 secundum
1771 1597 1892 1652 pro-

292 1672 536 1744 phetiam
568 1677 746 1740 sancti
780 1675 937 1731 Isaia:
968 1675 1072 1746 (Is.
1108 1676 1207 1749 vt),
1266 1692 1401 1733 aure
1437 1677 1672 1732 audiens
1700 1685 1753 1736 ct
1782 1690 1889 1738 oon

290 1769 539 1832 audiens.
566 1786 763 1826 sonum
803 1771 1182 1830 tantummodo
1205 1771 1409 1826 divinae
1441 1771 1592 1826 vocis
1619 1770 1885 1833 audierat,

2005 553 2350 606 testimonium
2379 553 2664 622 perhibuit,
2698 551 2893 622 inquit,
2918 551 3043 621 quia
3068 551 3320 624 prapheta
3351 553 3402 607 in
3436 557 3607 626 patria

2002 661 2099 698 sua
2131 645 2375 698 honorem
2417 661 2516 697 non
2541 643 2714 698 habet.
2759 642 2887 697 Cum
2920 652 3094 698 autem
3122 642 3338 698 venisset
3382 644 3434 698 iu
3465 643 3609 699 Gali-

2002 740 2173 806 laeam,
2208 740 2401 811 inquit,
2430 748 2761 811 susceperunt
2795 755 2914 792 eum
2947 736 3178 802 Galilaai,
3214 735 3336 792 visis
3365 739 3604 794 omnibus

2001 834 2165 903 signis
2189 850 2300 904 ante
2322 833 2442 903 fecit
2470 831 2842 904 Hierosolymis
2866 833 2916 884 in
2941 832 3023 884 die
3043 835 3172 902 festo
3193 848 3212 886 :
3247 840 3296 884 et
3334 831 3434 902 ipsi
3465 832 3600 884 enim

2003 939 2246 982 venerant
2295 929 2346 981 in
2392 928 2525 981 diem
2555 931 2766 999 festum.
2823 924 2971 980 Venit
3002 942 3144 999 ergo,
3179 925 3377 996 inquit,
3411 925 3600 980 iterum

2002 1023 2055 1075 in
2083 1020 2226 1073 Cana
2248 1018 2507 1088 Caliltete,
2539 1019 2627 1073 ubi
2650 1019 2771 1091 fecit
2794 1020 2857 1072 de
2880 1035 3014 1089 aqua
3037 1020 3232 1072 vinum.
3268 1018 3398 1072 Erat
3426 1028 3601 1073 autem

2001 1114 2214 1184 quidam
2242 1114 2472 1190 regulus,
2518 1115 2672 1185 cujus
2703 1113 2847 1181 ﬁlius
2877 1114 3247 1184 inﬁrmabatur
3278 1113 3331 1167 in
3359 1110 3600 1185 Caphar-

2002 1228 2180 1265 naum.
2237 1209 2341 1263 Hic
2370 1227 2484 1263 eum
2513 1209 2744 1263 audisset
2773 1210 2896 1279 quia
2925 1208 3083 1263 Jesus
3113 1209 3324 1263 advenit
3350 1225 3380 1261 a
3407 1205 3599 1263 Judtea

2000 1304 2052 1357 in
2081 1300 2374 1367 Galilteam,
2405 1301 2533 1355 abiit
2558 1301 2625 1355 ad
2654 1317 2790 1367 eum,
2834 1310 2885 1354 et
2925 1299 3145 1372 rogabat
3182 1309 3238 1354 ut
3265 1299 3597 1354 descenderet

2000 1405 2046 1450 et
2090 1404 2298 1450 sanaret
2339 1396 2504 1466 ﬁlium
2534 1399 2646 1467 ejus
2690 1396 3024 1464 incipientem
3075 1396 3208 1448 mori
3249 1392 3443 1464 (Ibid.,
3474 1395 3594 1462 ⁸15).

1999 1495 2167 1558 (ῥυείη
2205 1490 2385 1545 statim
2420 1490 2621 1546 virtute
2661 1491 2932 1546 sermonis
2963 1492 3082 1560 sui,
3119 1503 3394 1561 tamquam
3426 1490 3599 1546 medi-

1997 1599 2091 1640 cus
2113 1585 2379 1651 ccclesiis,
2404 1598 2525 1638 cum
2549 1594 2803 1640 sanasset
2824 1584 3136 1650 absentem,
3166 1586 3350 1640 taliter
3372 1595 3596 1640 sanctus

1997 1677 2327 1746 evangelista
2360 1676 2667 1732 conclusit:
2717 1676 2836 1731 Hoc
2863 1677 3050 1731 iterum
3078 1677 3359 1732 secundum
3387 1679 3592 1749 signum

1997 1771 2115 1840 fecit
2139 1767 2320 1831 Iesus,
2368 1786 2481 1823 eum
2512 1770 2724 1824 venisset
2751 1786 2782 1823 α
2811 1767 3000 1824 Judtea
3027 1771 3077 1822 in
3103 1759 3376 1824 Gali/team
3403 1769 3592 1839 (lbid.,

287 1860 406 1916 sine
443 1861 728 1918 intellectu
761 1877 1102 1918 sermonum.
1147 1863 1381 1933 Ideoque
1404 1865 1672 1920 Dominus
1697 1877 1717 1901 ε
1746 1875 1797 1918 et
1835 1865 1886 1919 in
1923 1840 1968 1904 Β
1995 1864 2108 1934 54).
2164 1865 2302 1935 Ergo
2345 1874 2404 1918 ut
2443 1863 2508 1916 ad
2536 1864 3046 1933 interpretationem
3083 1861 3386 1927 nominum,
3428 1861 3598 1916 ratio-

289 1954 596 2024 Evangelio
627 1956 696 2010 ad
729 1971 944 2023 omnes,
989 1968 1044 2012 et
1076 1958 1127 2012 in
1159 1957 1488 2030 Apocalypsi
1528 1967 1651 2028 post
1682 1958 1889 2013 doctri-

284 2065 406 2104 nam
440 2050 602 2122 Q75
630 2049 912 2106 ctelestem
938 2093 952 2116 ,
1005 2051 1243 2106 clamat:
1287 2051 1390 2117 Qui
1419 2050 1568 2105 habet
1598 2066 1752 2105 aures
1791 2068 1890 2105 au-

284 2144 482 2213 diendi,
510 2145 693 2199 audiat
717 2142 872 2213 (Luc.
902 2160 1031 2210 vui;
1067 2144 1228 2215 Apoc.
1260 2143 1400 2216 xm).
1430 2145 1668 2200 Noverat
1689 2144 1886 2215 quippe

284 2238 557 2293 universis
600 2239 782 2298 inesse
814 2252 997 2300 aures,
1031 2237 1127 2293 sed
1163 2255 1267 2295 non
1300 2238 1555 2292 omnibus
1582 2237 1840 2292 audiendi
1867 2255 1880 2292 :

283 2345 462 2400 neque
504 2330 648 2386 enim
682 2331 1090 2400 computahitur
1121 2329 1343 2385 audisse
1380 2331 1470 2400 qui
1501 2329 1686 2384 cordis
1718 2331 1886 2386 behe-

283 2425 474 2478 tudine
516 2425 779 2492 obtusus,
827 2423 956 2495 quid
991 2424 1194 2479 attdivit
1228 2423 1462 2492 ignorat.
1509 2424 1756 2494 Apostoli
1788 2439 1882 2477 au-

282 2525 411 2578 tem,
446 2526 499 2570 et
540 2531 637 2585 per
683 2516 980 2587 Apostolus
1019 2516 1085 2571 ad
1141 2518 1300 2572 (idem
1330 2517 1535 2571 Christi
1569 2527 1879 2583 currentes,

277 2610 367 2678 qui
392 2608 658 2664 audiendi
686 2609 961 2667 habebant
991 2625 1176 2677 aures,
1222 2621 1539 2664 meruerunt
1579 2611 1882 2677 intelligere

275 2701 463 2756 divina
497 2700 716 2770 eloquia
742 2744 755 2764 ,
811 2717 909 2771 pro
940 2703 1312 2772 magnitudine
1338 2703 1446 2767 sui,
1481 2705 1622 2758 sicut
1654 2705 1706 2756 in
1736 2705 1882 2773 Apo-

273 2796 488 2866 calypsi
518 2797 750 2866 legimus
773 2795 959 2868 (Apoc.
989 2813 1058 2861 tv,
1090 2813 1160 2864 vt,
1190 2813 1300 2862 VIII,
1330 2802 1413 2864 ι),
1453 2797 1707 2851 touitruis
1730 2813 1881 2851 eom-

278 2902 506 2957 parata;
541 2890 984 2958 uti-.tutloquitlem
1018 2890 1164 2960 digni
1199 2891 1368 2946 habiti
1403 2903 1550 2957 sunt,
1586 2891 1652 2946 ad
1678 2892 1879 2946 saluta-

275 3000 390 3037 rem
438 2983 686 3039 notitiam
720 2985 834 3039 veri
863 2986 997 3050 atis,
1048 2996 1277 3053 paterno
1310 2985 1626 3040 tesﬁmouio
1657 2987 1878 3041 caelitus

272 3075 501 3131 erudiri.
527 3077 670 3130 Cana
695 3086 878 3132 autem
908 3094 1068 3148 parva
1093 3079 1285 3133 civitas
1307 3083 1465 3134 estin
1490 3079 1710 3135 Galilata
1738 3079 1879 3134 Gen-

273 3173 444 3239 tium,
489 3171 539 3228 iu
585 3173 744 3238 cujus
793 3172 1038 3228 Galila'u:
1079 3175 1320 3242 partibus
1353 3175 1453 3228 sita
1489 3184 1652 3229 estet
1682 3175 1875 3228 cii-itas

271 3265 684 3336 Capharnaum,
712 3267 801 3320 ubi
831 3267 1021 3321 beatus
1047 3269 1385 3336 evangelista
1411 3268 1697 3323 Matthazus
1719 3268 1875 3323 Clui-

271 3370 419 3414 stum
456 3370 686 3414 testatur
719 3360 998 3416 habitasse
1033 3361 1270 3417 dicens:
1303 3361 1435 3416 Cum
1470 3365 1693 3416 audisset
1721 3362 1874 3416 Jcsus

270 3453 394 3522 quia
414 3451 652 3506 Joannes
684 3454 906 3506 traditus
937 3464 1031 3515 est,
1067 3456 1274 3508 secessit
1302 3456 1351 3508 in
1378 3454 1686 3522 tia/illrum;
1721 3464 1766 3507 et
1796 3472 1876 3510 re—

270 3545 396 3599 licta
427 3545 633 3598 civitate
681 3542 949 3608 Nazareth
989 3544 1206 3611 (Matth.
1250 3553 1354 3617 tv),
1404 3549 1629 3600 alterius
1662 3549 1876 3602 scilicet

271 3638 544 3703 Galilaeu',
593 3640 761 3704 venit,
813 3639 1025 3708 inquit,
1070 3649 1116 3693 et
1147 3639 1396 3695 habitavit
1426 3639 1450 3678 (1
1477 3641 1868 3710 Capharnaum,

271 3743 592 3796 maritimum
612 3744 857 3815 Oppidum
873 3743 925 3796 in
942 3743 1410 3812 ﬁnibuslabulon,
1433 3754 1479 3796 el
1506 3743 1870 3809 Nrphthalim;

271 3853 332 3898 ut
363 3843 764 3914 adimpleretur
801 3843 942 3912 quod
976 3859 1070 3911 per
1097 3842 1286 3897 Isaiam
1318 3843 1632 3924 prophetam
1663 3844 1868 3899 dit-tum

269 3950 423 3992 erat:
476 3935 637 3992 Terra
662 3935 923 4001 Zabulon,
960 3945 1006 3989 et
1038 3947 1171 3990 terra
1200 3935 1564 4007 Nephtholim,
1600 3938 1679 3990 ria
1712 3938 1870 3991 maris

270 4048 417 4093 trans
443 4036 734 4091 Iordanem
764 4035 1003 4091 Galilazte
1034 4035 1298 4089 Gentium.
1351 4037 1584 4108 Populus
1616 4038 1702 4106 qui
1730 4039 1872 4092 sede-

270 4141 356 4194 bat
383 4137 706 4210 intenebris,
741 4135 907 4211 lucem
927 4137 1050 4191 vidit
1070 4153 1311 4207 magnam
1333 4153 1351 4190 :
1381 4138 1531 4207 etqui
1553 4139 1796 4193 sedebant
1815 4121 1869 4194 in

267 4230 479 4302 regione
507 4239 554 4284 et
579 4229 980 4298 umbrarum-tis,
1008 4229 1102 4283 lux
1117 4237 1315 4296 ortaest
1335 4228 1557 4297 illis(ls.
1576 4230 1674 4303 ιιι).
1702 4231 1868 4286 Joan-

268 4311 364 4390 nes
393 4349 614 4419 quoque
646 4333 984 4410 evangelista
1016 4331 1370 4402 beatissimus
1400 4344 1690 4406 memorat,
1721 4335 1864 4422 quod

268 4437 532 4512 Dominus
555 4436 716 4504 ,lesus
738 4436 1022 4508 reliquerit
1055 4445 1262 4502 terram
1289 4434 1556 4506 indutam,
1592 4446 1646 4500 et
1672 4438 1868 4512 abierit

263 4542 461 4598 iterum
487 4542 540 4594 in
560 4539 860 4596 Galilaeam.
900 4537 1182 4608 Oportebat
1201 4548 1373 4592 autem
1396 4540 1638 4606 transire,
1662 4540 1860 4610 inquit,

262 4643 415 4712 illum
436 4660 528 4716 per
542 4641 843 4698 Samariam
867 4640 1146 4710 (JoanJV,
1170 4640 1251 4712 4),
1281 4641 1370 4698 ubi
1395 4658 1518 4708 eum
1547 4656 1708 4698 causa
1742 4660 1860 4698 mu-
1893 4636 1946 4697 D

260 4746 807 4820 lierisSantaritztnzn,
824 4744 1218 4828 aliqttallliSper
1234 4743 1287 4800 in
1305 4743 1424 4823 ipso
1443 4745 1674 4815 transitu
1693 4761 1867 4810 remo-

259 4860 438 4906 ratum
458 4849 800 4916 describens,
817 4858 1224 4919 consequenter
1243 4847 1473 4917 adjecit:
1505 4846 1630 4904 Post
1649 4849 1867 4908 biduum

331 4999 357 5044 ’1
386 4990 446 5046 111
469 4989 595 5044 cod.
639 4987 964 5058 Pantagatbi
993 4987 1194 5058 legitur
1218 5005 1230 5042 :
1265 4989 1445 5043 dicunt
1476 4989 1546 5043 ad
1565 4988 1766 5052 Iesum.
1803 5002 1849 5048 et

258 5071 447 5118 ctrtera
477 5061 558 5115 his
583 5060 936 5133 eohterentia;
977 5059 1197 5133 deinde,
1231 5077 1348 5132 qute
1391 5078 1486 5116 suo
1511 5063 1566 5115 in
1615 5064 1750 5133 loco,
1795 5075 1851 5120 ut

261 5133 489 5189 meminit
514 5132 722 5187 dilectio
750 5140 936 5201 vestra,
970 5131 1266 5203 minutatim
1291 5133 1536 5199 disserui,
1576 5131 1852 5203 quomodo

261 5207 492 5261 habetur
533 5207 698 5260 etiam
744 5204 796 5259 in
828 5204 1011 5259 editis.
1075 5202 1153 5256 Ex
1201 5204 1282 5256 bis
1324 5202 1613 5261 Gaudentii
1670 5209 1853 5268 verbis

259 5287 448 5347 aperte
476 5277 644 5347 liquet
686 5273 1118 5347 nonnullosejus
1160 5282 1429 5347 tractatus
1472 5278 1846 5344 intercidisse,

255 5345 399 5417 quod
432 5345 677 5404 nonnum
709 5349 870 5402 etiam
900 5345 1054 5411 alibi,
1086 5353 1248 5400 tract.
1286 5346 1373 5410 14,
1412 5348 1562 5414 inil.,
1599 5360 1651 5404 ct
1684 5351 1850 5407 Prtef.

256 5427 320 5474 at‘l
355 5420 746 5485 Gaudentium,
775 5438 829 5478 tt.
858 5418 942 5474 l9.

325 5492 352 5530 ιι
376 5493 464 5546 Sic
495 5490 648 5546 Flor.
681 5491 805 5546 cod.
835 5499 890 5545 et
922 5489 1226 5543 Parisicus.
1257 5489 1450 5543 editio.
1484 5491 1620 5546 Alia:
1649 5494 1854 5552 editio—

255 5580 372 5627 nes,
428 5563 746 5618 (Iulouiens.
780 5563 1008 5634 quippe,
1063 5571 1119 5614 et
1167 5561 1362 5630 Lugtl.,
1414 5563 1852 5622 circumdantium

251 5635 579 5690 Jutltcorunt.

325 5719 347 5745 α
387 5707 546 5761 Deest
593 5707 645 5760 in
700 5704 863 5764 editis
905 5703 1167 5772 particula
1210 5704 1640 5776 coniunctionis,
1684 5725 1848 5779 quant

252 5778 555 5842 adiecimus
582 5793 646 5832 ex
680 5791 814 5832 mss.

325 5847 352 5885 δ
384 5848 555 5914 Flor.,
585 5847 950 5921 (Tapharnaum
974 5848 1286 5904 maritimam
1310 5850 1361 5903 in
1377 5850 1568 5919 ﬁnibus
1582 5849 1846 5911 Zabut'on.

1995 1971 2232 2026 nemque
2262 1957 2541 2026 tiguralem
2577 1957 2833 2022 redeam;
2867 1955 2919 2010 in
2955 1956 3099 2010 Caua
3131 1954 3393 2021 Galilzca-,
3430 1954 3484 2009 id
3512 1961 3597 2009 est

1992 2052 2042 2106 in
2069 2053 2424 2124 possessione
2452 2053 2733 2122 Gentium,
2770 2051 3084 2122 Spirituales
3109 2051 3211 2105 sub
3233 2049 3433 2106 Christi
3458 2065 3598 2122 pra:-

1988 2147 2166 2200 sentia
2201 2144 2402 2216 nuptize
2433 2146 2810 2200 celebrantur.
2863 2155 2886 2182 °
2910 2143 3185 2214 Propheta
3211 2160 3278 2198 ex
3313 2143 3431 2214 ejus
3462 2159 3592 2214 per-

1988 2255 2121 2294 sona
2169 2240 2432 2310 loquente
2458 2239 2524 2294 ad
2559 2239 2864 2294 Ecclesiam
2900 2238 2953 2292 in
2986 2236 3232 2292 Canticis
3261 2238 3424 2312 276
3449 2237 3595 2292 Can-

1988 2333 2253 2389 ticorum:
2295 2334 2422 2388 Veni
2447 2351 2480 2387 a
2507 2332 2957 2402 Libano,sponsa:
2984 2332 3100 2385 veni
3125 2349 3156 2384 a
3186 2331 3385 2385 Libano
3411 2331 3586 2404 (Cant.

1985 2427 2059 2500 tv)
2090 2449 2104 2492 ,-
2134 2428 2184 2482 id
2208 2439 2288 2482 est
2313 2444 2338 2480 a
2368 2427 2771 2482 thurillcatioue
2795 2426 2882 2481 illa
2911 2426 3124 2498 gentili.
3160 2425 3292 2480 Nam
3318 2425 3585 2481 Libanum

1988 2521 2110 2577 tbus
2135 2523 2566 2592 interpretamur
2589 2537 2659 2578 ex
2687 2535 2891 2591 διείρεο,
2925 2520 3068 2593 quod
3097 2520 3236 2590 magi
3263 2519 3342 2574 illi
3365 2535 3431 2575 ex
3453 2518 3592 2575 Gen-

1986 2616 2186 2672 tilitate
2215 2619 2499 2672 venientes
2531 2617 2750 2692 (Matth.
2773 2615 2855 2689 tt).
2889 2615 3110 2671 Chiisto
3143 2615 3318 2686 potius
3351 2614 3589 2681 oll‘eren-

1985 2711 2110 2764 dum
2135 2725 2259 2766 esse
2282 2712 2658 2767 crediderunt.
2693 2711 2934 2766 Libanus
2955 2710 3192 2780 denique
3216 2718 3267 2765 et
3289 2725 3444 2765 mons
3467 2724 3590 2766 esse

1982 2803 2191 2859 arduus
2231 2805 2373 2875 apud
2420 2805 2709 2861 Pbmnices
2751 2803 3028 2872 cernitur,
3075 2803 3310 2874 superbo
3358 2802 3588 2873 imperio

1983 2897 2236 2952 Gentium
2289 2907 2673 2967 comparatus:
2728 2896 2871 2950 unde
2919 2896 3004 2950 vel
3056 2895 3295 2959 maxime
3332 2891 3350 2932 ί
3385 2907 3586 2963 sponsa

1983 3003 2242 3047 evocatur
2277 2994 2551 3059 Ecclesia,
2591 2993 2821 3048 audiens
2855 3006 3042 3046 vocem
3073 2987 3270 3045 Christi
3314 2989 3584 3054 dicentis:

1988 3083 2120 3138 Veni
2160 3103 2189 3137 (ι
2222 3083 2439 3149 Libano,
2474 3102 2663 3156 sponsa
2687 3099 2706 3137 :
2751 3086 2865 3136 veni
2894 3101 2925 3136 a
2951 3081 3151 3135 Libano
3176 3079 3351 3154 (Cant.
3378 3079 3453 3151 tv)
3481 3097 3496 3145 ;
3530 3079 3584 3134 id

1982 3186 2065 3230 est
2099 3179 2310 3244 venies,
2357 3186 2409 3230 et
2437 3177 2698 3232 transibis
2729 3176 2797 3230 ab
2827 3176 2978 3229 ittitio
3011 3174 3132 3229 lttlei
3153 3218 3167 3241 ,
3199 3175 3365 3244 rapite
3389 3172 3578 3238 Sanir,

1981 3281 2026 3325 et
2059 3270 2283 3325 Hermon
2311 3288 2328 3324 :
2381 3281 2404 3317 Β
2435 3280 2478 3326 et
2510 3288 2538 3322 (ι
2570 3269 2726 3323 cubili
2753 3269 2988 3334 leonum,
3030 3285 3062 3322 ιι
3091 3267 3344 3322 montibus
3372 3265 3580 3337 leopar-

1981 3365 2200 3431 dorum;
2233 3365 2449 3421 scilicet
2475 3375 2531 3418 ttt
2566 3363 2840 3417 horrentis
2868 3361 3199 3416 idololatriae
3233 3359 3400 3415 silvas
3427 3360 3582 3414 dese-

1984 3480 2129 3527 rens,
2153 3461 2435 3517 etstahula
2458 3461 2777 3516 immanium
2806 3459 3067 3519 ferarum,
3095 3455 3578 3526 tlzrmonuntquip-

1981 3573 2046 3624 pe
2070 3553 2294 3616 cubilia,
2319 3554 2728 3623 derelinquens,
2755 3550 2820 3605 ad
2847 3548 3349 3632 ontuipotentisDei
3370 3547 3574 3614 cultum

1979 3659 2253 3721 prOpcret,
2288 3649 2512 3720 ejusque
2537 3647 2936 3718 conplectatur
2963 3645 3123 3700 (idem
3148 3644 3236 3714 qui
3265 3658 3384 3698 eam
3409 3642 3576 3696 divini

1975 3744 2178 3797 amoris
2217 3743 2386 3812 gratia
2430 3756 2686 3810 Sponsam
2723 3755 2925 3795 Voeare
2955 3739 3238 3808 dignatur.
3290 3735 3396 3793 Sed
3428 3735 3578 3791 dicat

1975 3837 2210 3906 aliquis:
2255 3836 2310 3890 Si
2343 3835 2489 3890 Deus
2511 3878 2524 3900 ,
2561 3835 2712 3904 juxta
2746 3831 2997 3903 Apestoli
3029 3831 3368 3895 doetrinam,
3401 3845 3577 3883 omnes

1974 3928 2204 3983 homines
2228 3929 2335 3984 vult
2364 3929 2534 3982 salvos
2564 3911 2699 3998 ﬁeri,
2722 3937 2771 3980 et
2792 3926 2861 3980 ad
2885 3927 3122 3980 natitiam
3149 3925 3379 3979 veritatis
3408 3923 3577 3976 venire

1973 4021 2016 4092 (I
2038 4020 2180 4075 Tim.
2209 4021 2265 4090 ιι)
2291 4037 2304 4084 ;
2341 4038 2438 4075 cur
2460 4020 2601 4090 apud
2626 4021 2834 4076 Gentes
2865 4020 3208 4089 potiSsimunt
3240 4021 3290 4072 in
3321 4032 3576 4072 consum-

1973 4116 2215 4168 matione
2254 4113 2439 4167 sinettli
2481 4113 2601 4166 ista:
2644 4112 2917 4167 salutares
2947 4111 3152 4179 nuptiae
3193 4111 3570 4179 celebrantur,

1971 4212 2030 4260 et
2070 4204 2369 4274 snperioris
2408 4203 2509 4258 teri
2560 4203 2743 4273 plebes
2779 4203 2966 4257 divino
2996 4219 3102 4256 nou
3141 4211 3270 4256 sunt
3305 4201 3574 4271 copulatas

1971 4299 2262 4370 conjugio?
2283 4297 2577 4354 Ostendam
2604 4299 2722 4360 tibi,
2755 4295 3133 4364 dilectissime,
3165 4305 3218 4350 et
3243 4295 3420 4365 ipsum
3447 4308 3577 4364 pro-

1973 4391 2267 4460 toplastum
2309 4387 2483 4443 Adam
2522 4387 2728 4443 divina:
2761 4386 3118 4442 familiaritati
3153 4385 3322 4441 luisse
3349 4384 3579 4454 conjun-

1970 4491 2144 4550 ctum,
2187 4483 2462 4553 perceptis
2493 4480 2562 4535 ab
2594 4482 2714 4553 ipso
2742 4493 2950 4550 sponso
2982 4478 3236 4549 imaginis
3265 4477 3465 4532 divina:
3495 4475 3579 4528 in-

1972 4577 2234 4650 signibus,
2261 4575 2566 4645 sapienti-.e,
2595 4586 2651 4632 et
2675 4573 3012 4648 intellectus,
3039 4573 3273 4644 vita-que
3299 4578 3579 4654 perpetua:

1971 4672 2336 4738 ornamentis.
2369 4670 2477 4736 Sed
2504 4683 2794 4744 postquam.
2821 4669 3172 4738 lenocinante
3196 4667 3421 4740 diabolo
3444 4664 3582 4739 lides

1967 4776 2054 4822 est
2097 4764 2401 4824 adulterata
2437 4765 2677 4822 mandati
2707 4807 2721 4828 ,
2772 4765 3157 4821 immortalitas
3195 4765 3400 4835 pariter-
3449 4777 3574 4818 cum

1970 4857 2453 4917 hlibertatedivinl
2471 4862 2679 4918 amoris
2703 4861 2886 4916 ablata
2907 4876 3026 4916 eat:
3064 4861 3158 4916 fuit
3187 4870 3368 4916 tamen
3393 4874 3570 4938 usque

1959 4995 2112 5070 linus
2145 5013 2364 5066 quoque
2393 5013 2458 5054 ex
2492 4998 2638 5054 Vatt.
2671 5008 2726 5053 et
2755 4999 2881 5054 cod.
2909 4999 3252 5070 Paulagathi.
3287 5000 3379 5058 Sic
3403 5001 3572 5057 etiam

1962 5067 2185 5142 Vulgata
2216 5086 2226 5120 :
2263 5071 2506 5142 habitavit
2533 5071 2589 5124 in
2621 5070 2991 5142 Capharnaum
3014 5067 3298 5126 maritima.

2033 5144 2055 5172 ε
2087 5140 2168 5217 Ita
2193 5157 2270 5217 es
2291 5140 2438 5195 Vatt.
2481 5157 2660 5197 unus:
2689 5140 2860 5217 alter1
2890 5143 3174 5217 Prophetia
3204 5161 3266 5198 ra:
3303 5148 3414 5217 ejus
3448 5161 3568 5212 per-

1957 5227 2106 5288 sona.
2133 5212 2271 5288 Editi
2294 5223 2496 5288 autem,
2523 5223 2801 5288 corrupte,
2822 5213 3110 5288 Prophetia
3130 5227 3176 5268 et
3195 5220 3307 5288 ejus
3320 5212 3563 5284 persona.

2036 5281 2054 5321 ί
2095 5286 2166 5338 Ita
2201 5283 2346 5338 Flor.
2378 5285 2499 5337 cod.
2540 5281 2817 5340 Iﬁtlitioues
2849 5286 2971 5341 dua}
3000 5316 3026 5352 ,τ
3057 5281 3246 5353 sponsa
3275 5281 3384 5341 btet:
3410 5302 3562 5340 voca-

1960 5364 2044 5428 tur
2067 5355 2332 5428 Ecclesia;
2363 5355 2457 5410 sed
2480 5357 2645 5411 lectio
2668 5370 2854 5412 nostra
2877 5362 2982 5412 111111
2998 5369 3050 5412 to
3067 5360 3280 5422 melior,
3299 5368 3347 5411 et
3364 5359 3560 5428 aptior.

1966 5426 2107 5480 Edit.
2138 5426 2337 5491 Paris.,
2366 5445 2558 5496 sponsa
2579 5429 2686 5484 ha'c
2708 5442 2949 5484 evocatur
2971 5429 3228 5485 Ecclesia.
3261 5426 3564 5484 GudJPan-

1967 5499 2192 5572 tagatbi,
2227 5498 2334 5553 hcet:
2365 5517 2554 5572 sponsa
2579 5511 2818 5555 evocatur
2853 5501 3101 5556 Ecclesia.

2037 5580 2061 5616 κ
2096 5570 2597 5660 ῌεεηιαιιξιιὸἱιίραξ
2627 5574 2853 5660 leonum;
2872 5572 3097 5660 "V‘ersio‘
3122 5572 3350 5660 Aquila}
3385 5595 3557 5630 κατοι-

1962 5645 2224 5719 κητηρίου,
2252 5642 2547 5698 habitacula
2569 5645 2797 5698 leonum.
2829 5643 2994 5709 LXX,
3018 5660 3048 5696 a
3079 5644 3308 5698 latibulis
3330 5642 3560 5702 leonum.

2038 5713 2064 5752 ιι
2097 5719 2172 5769 Ita
2204 5714 2485 5784 hucusque
2509 5716 2767 5786 legerunt
2796 5727 2902 5769 tam
2929 5716 3058 5770 editi
3080 5731 3239 5786 quam
3264 5732 3425 5780 nis-5.,
3459 5720 3566 5786 uti-

1961 5801 2070 5856 que
2098 5787 2273 5850 male;
2302 5787 2396 5842 sed
2425 5790 2475 5841 iu
2505 5787 2642 5841 libro
2671 5787 2989 5853 Pantagatbi
3013 5805 3109 5857 pro
3132 5787 3385 5854 libertate,
3417 5791 3560 5855 quod

1960 5859 2185 5914 verbum
2211 5858 2282 5915 ibi
2306 5860 2456 5929 prius
2480 5858 2825 5926 occurrebat,
2851 5859 3026 5930 ipsius
3049 5860 3372 5931 Pantagatbi
3394 5878 3558 5919 manu
