4070 6346
454 262 561 355 sas
1524 292 1586 349 s.
1625 284 2005 347 causam"
2045 282 2310 343 enixus
2352 283 2665 341 EPISCOPI
3642 281 3749 343 sos

452 416 522 473 ad
559 413 823 471 ἀηυνίυῐη
845 457 859 483 θ
904 421 960 469 εί
990 425 1163 484 usque
1191 409 1261 466 ad
1294 409 1469 481 ipsam
1505 407 1735 479 Legem:
1758 404 2045 479 .jusmwm
2075 402 2129 465 Α
2152 422 2296 481 diata
2335 423 2650 481 Judaaorum
2674 425 2857 496 plebe,
2888 432 3073 481 nostra
3105 437 3172 478 ex
3198 421 3469 479 Gentibus
3521 421 3753 478 sumitur

450 506 817 583 quorumdam
845 505 1124 563 redivivus
1149 518 1304 559 amor
1327 516 1455 574 erga
1490 500 1683 567 Deum,
1716 506 1772 554 et
1796 496 1892 552 Dei
1922 510 2048 590 erga
2154 517 2210 575 iu
2265 518 2576 589 coniugium
2626 519 2781 590 plebs
2817 540 2832 576 ε
2870 517 2889 559 τ
2958 516 3166 573 γοωὺο
3211 516 3359 573 enim
3406 532 3512 570 non
3561 514 3753 583 plebem

455 617 660 676 Danaos
701 611 923 657 δθηθίοε
964 599 1260 656 reforma”
1306 594 1651 695 εοῖξξυξκδίίο*
1690 591 1892 695 vel“?
1924 589 2051 695 quia
2157 629 2343 680 meam,
2400 613 2600 687 plebem
2629 589 2855 680 meam;
2901 624 2950 668 et
3008 629 3110 668 non
3170 612 3455 678 dilectam,
3517 609 3759 665 dilectam

457 705 661 769 praeter
684 710 839 751 raros
869 707 1135 765 quosque,
1170 700 1227 746 ut
1256 688 1511 761 praedixi,
1544 695 1787 753 sanctos,
1821 684 2055 740 fornica-

2212 708 2318 763 lsee
2349 684 2432 777 nl.
2460 708 2801 765 Prmdixerat
2830 708 3092 763 Dominus
3118 722 3216 777 per
3242 706 3579 776 Pmphetam
3606 718 3761 773 sane,

458 790 620 847 batur
653 789 833 845 omnis
865 797 1007 843 terra
1036 801 1064 839 a
1096 785 1349 851 Domino,
1392 793 1449 840 et
1478 798 1679 839 vesana
1709 780 1936 838 libidine
1968 780 2054 834 in-
2159 799 2417 870 quoniam
2449 799 2629 871 primo
2655 799 2743 856 die
2798 800 2901 855 sub
2932 800 3213 867 mandato,
3260 807 3317 853 et
3364 795 3614 853 secundo
3663 796 3766 852 sub

459 899 718 943 numeros
743 884 850 940 sibi
882 882 1156 938 idolorum
1188 880 1322 936 deos
1348 878 1629 951 generatio
1657 876 1893 932 humana
1925 888 2059 930 con—
2162 890 2327 961 Lege,
2359 892 2681 960 celebmm,
2734 902 2793 947 ιη
2838 892 3093 963 exposui,
3128 892 3336 962 nuptiae
3372 890 3610 947 meum.
3641 888 3770 947 meo

452 981 734 1054 junxerat,
767 979 933 1049 elegit
957 978 1225 1033 continuo
1252 974 1396 1031 Deus
1422 983 1447 1011 τι
1470 974 1697 1044 stirpem
1727 971 1858 1042 justi
1890 969 2060 1025 semi—

2212 992 2393 1042 t'nctus
2425 988 2767 1059 evangelista
2803 1003 2912 1044 non
2937 988 3189 1043 absolute
3217 986 3317 1055 ait,
3350 985 3439 1040 die
3459 986 3614 1039 tertia
3641 1001 3774 1053 nup—

464 1074 550 1130 nis
567 1070 832 1136 Abrahae;
861 1081 916 1125 et
943 1068 1219 1137 legitimas
1234 1065 1637 1136 conjunCtionis
1658 1062 1871 1119 tabulas
1894 1058 2062 1131 digito
2169 1081 2257 1135 me
2286 1078 2522 1150 ﬁebam;
2562 1058 2658 1137 sed
2690 1081 3080 1151 conjunctione
3107 1080 3402 1151 pmpnsim
3434 1078 3699 1149 loquitur,
3726 1087 3773 1132 α

467 1181 565 1223 suo
581 1163 943 1236 prmscriptas,
964 1163 1105 1217 inter
1125 1176 1185 1216 se
1210 1170 1263 1216 et
1280 1160 1428 1214 illam
1450 1157 1685 1228 plebem,
1708 1154 1881 1228 Moysi
1899 1153 2061 1209 mini-

2212 1176 2255 1229 ic
2287 1176 2441 1230 tertia
2472 1178 2665 1248 nuptiw
2720 1178 2915 1247 ﬁebant
2968 1177 3023 1231 in
3077 1176 3220 1232 Cana
3258 1175 3544 1231 Galiltete:
3582 1184 3633 1229 et
3666 1182 3776 1230 erat

466 1269 583 1315 stro
607 1257 839 1312 firmavit
860 1254 1058 1329 (Exod.
1077 1253 1196 1324 xx).
1216 1251 1430 1308 Exinde
1458 1250 1550 1306 illa
1570 1248 1723 1322 plebs
1736 1247 1919 1304 divina
1936 1261 2067 1317 pra:-

2212 1277 2331 1323 mter
2350 1267 2479 1321 Jesu
2509 1247 2579 1321 ibi
2608 1266 2791 1341 (Joan.
2828 1267 2932 1340 ιι).
2964 1267 3109 1324 Ubi?
3141 1269 3332 1339 utique
3360 1267 3503 1337 apud
3533 1266 3771 1334 Gentes;

472 1347 1357 1424 οθβωεοηοῖβίθηενθίδίωθυηάδ
1380 1341 2071 1418 ννοιεειιιιοιοτυιιι,εωρῖι
2172 1376 2296 1415 nam
2342 1360 2555 1415 beatam
2604 1361 2832 1417 Mariam
2857 1369 3072 1417 constat
3099 1360 3169 1415 de
3203 1369 3367 1431 gente
3418 1359 3776 1415 Mnabitarum

472 1452 607 1515 Deo.
639 1462 659 1489 ο
680 1452 836 1521 cujus
851 1449 1103 1520 capulam
1119 1457 1418 1518 meruerat,
1451 1460 1574 1502 esse
1595 1443 1933 1500 charissima.
1960 1438 2069 1495 Sed

2214 1471 2241 1509 ι
2270 1462 2447 1509 matre
2471 1454 2711 1511 traxisse
2742 1454 3037 1526 originem.
3088 1453 3227 1508 Boos
3254 1454 3400 1509 enim
3430 1454 3612 1527 genuit
3644 1452 3781 1507 Obed

472 1545 634 1620 277
668 1558 928 1615 processu
961 1541 1250 1612 temporis,
1284 1540 1510 1595 nimium
1536 1538 1639 1594 sibi
1663 1537 1728 1592 de
1758 1536 1853 1591 Dei
1884 1548 2073 1590 amore
2176 1563 2241 1602 ea:
2288 1544 2456 1613 Ruth,
2486 1547 2674 1617 utique
2703 1546 2795 1601 illa
2830 1546 3066 1601 muliere
3090 1544 3408 1601 Moabitide.
3446 1545 3594 1599 Obed
3619 1554 3782 1598 autem

472 1652 831 1709 praesumens,
865 1651 965 1706 per
987 1634 1213 1691 delicias
1250 1632 1316 1687 ad
1348 1631 1619 1687 luxuriam
1660 1627 1988 1694 declinavit,
2018 1636 2074 1682 et
2177 1637 3069 1713 2⁷89εηαίιιεδεεε[εεεεσεηηη
3088 1638 3256 1693 David
3277 1655 3451 1710 regem
3471 1638 3694 1709 (Μαηιι,
3716 1635 3782 1708 ι);

479 1728 952 1804 Ρθνίυκυτῖθηιθά
972 1724 1861 1798 οοιιιθηιριιιηι,τθδεηίοηθιηίιιιθ
1890 1736 2077 1793 PFO“!-
2182 1732 2252 1787 de
2275 1732 2432 1803 cujus
2488 1731 2707 1789 semine
2754 1732 2998 1787 nascitur
3039 1731 3269 1801 Ioseph,
3316 1731 3403 1785 cui
3457 1730 3784 1800 desponsata

485 1823 594 1895 ρίις
619 1824 805 1895 ίιειίιυθ
828 1822 1117 1878 Verbera“
1131 1831 1216 1877 εει
1235 1830 1291 1877 εί
1313 1820 1653 1891 ΐτθαιιθιιιετ,
1673 1814 2077 1888 θινπῖθνίιιιοά
2111 1822 2159 1882 Β
2188 1827 2340 1897 virgo
2372 1826 2540 1880 Maria
2572 1825 2852 1899 (ejusdem
2881 1827 3081 1897 quippe
3110 1825 3309 1888 tribus,
3343 1823 3471 1893 quia
3495 1822 3658 1879 aliter
3680 1836 3787 1877 non

485 1914 774 1971 adulteriis
827 1914 1188 1969 succubuerit
1212 1912 1513 1968 idolorum.
1541 1911 1676 1967 Nam
1707 1928 1853 1983 saepe
1874 1910 2079 1982 gladio,
2187 1918 2427 1989 licebat)
2458 1934 2580 1988 qua:
2602 1919 2791 1990 genuit
2817 1918 3026 1985 Jesum,
3059 1919 3150 1989 qui
3182 1917 3384 1974 dicitur
3413 1917 3688 1973 Christus.
3712 1914 3789 1971 lbi

485 2024 632 2080 ⁵³³1³8
655 2008 955 2080 οθρῑίνίιείί
984 2018 1070 2065 εει
1103 2008 1325 2075 "adita.
1356 2006 1476 2074 58d.
1500 2008 1641 2063 δὶευῐ
1683 2008 1950 2077 scripuli!)
1974 2014 2079 2073 εει,
2187 2026 2319 2081 ergo
2370 2020 2492 2067 erat
2523 2020 2696 2066 mater
2715 2011 2847 2067 .lesu
2878 2030 2891 2067 :
2924 2023 3136 2067 uocatus
3158 2020 3229 2065 est
3252 2020 3427 2065 autem
3468 2018 3515 2064 et
3546 2007 3720 2077 Jesus,
3744 2017 3791 2063 et

492 2103 667 2159 noluit
696 2102 943 2172 recipere
997 2101 1344 2173 disciplinam
1378 2116 1393 2167 ;
1428 2112 1650 2171 propter
1680 2099 1823 2171 quod
1850 2097 1917 2153 ad
1963 2113 2083 2153 eam

495 2196 641 2253 Deus
682 2197 925 2268 loquitur
953 2211 1054 2269 per
1105 2197 1430 2267 Prophetam
1464 2214 1479 2253 :
1532 2194 1657 2251 Non
1703 2194 1962 2250 vocaberis
2000 2192 2084 2248 ul-

492 2298 573 2367 tra
597 2289 772 2344 mollis
799 2298 847 2343 et
874 2290 1100 2343 delicata
1132 2304 1152 2344 .°
1202 2288 1293 2344 sed
1336 2288 1480 2355 sede,
1518 2289 1710 2360 inquit,
1759 2288 1814 2343 in
1855 2298 2011 2356 terra,
2042 2294 2089 2341 et

495 2382 670 2454 accipe
698 2381 909 2449 molam,
944 2392 990 2437 et
1022 2382 1156 2436 male
1180 2381 1198 2452 (
1224 2381 1297 2436 Is.
1327 2397 1469 2436 ιινιι
1491 2382 1534 2453 ).
1572 2382 1639 2437 Et
1667 2382 1794 2453 quid
1830 2388 1949 2451 post
1976 2381 2093 2435 haec

494 2473 725 2529 omnia?
757 2474 1114 2547 Apparebunt,
1146 2474 1242 2539 ait,
1294 2473 1572 2547 opprobria
1632 2484 1745 2528 tua.
1796 2474 1863 2529 Et
1893 2474 2092 2529 iterum

500 2568 861 2639 conqueritur
892 2567 962 2623 de
1007 2582 1072 2622 ea
1107 2568 1369 2623 Dominus
1401 2567 1541 2637 apud
1572 2567 1901 2638 Prophetam
1932 2586 1945 2622 :
1996 2565 2093 2620 Vi-

504 2660 647 2728 disti,
682 2660 879 2731 inquit,
912 2676 1029 2731 qua:
1058 2662 1178 2731 fecit
1201 2660 1330 2715 mihi
1358 2660 1610 2715 habitatio
1660 2662 1841 2717 domus
1880 2660 2098 2716 Israel?

506 2752 633 2806 abiit
684 2768 839 2822 super
868 2768 1071 2808 onmem
1097 2764 1321 2808 montem
1365 2752 1647 2820 excelsum,
1676 2765 1724 2809 et
1747 2756 1926 2809 subtus
1950 2771 2098 2808 omne

507 2848 705 2918 lignum
744 2862 1098 2913 nemorosum,
1132 2856 1182 2902 et
1215 2847 1481 2918 fornicata
1526 2858 1602 2903 est
1653 2846 1762 2902 illic
1807 2849 1862 2902 in
1901 2848 2055 2902 idolis
2079 2863 2098 2902 :

508 2934 537 2975 ά
599 2947 644 2993 et
688 2938 1067 3005 maechabutur,
1125 2939 1330 3011 inquit,
1389 2941 1589 3014 lignum
1636 2950 1684 2995 et
1731 2940 1978 3014 lapidem.
2034 2940 2099 2996 Et

506 3034 640 3101 dixi,
672 3044 946 3107 postquam
986 3035 1099 3091 htec
1151 3039 1325 3091 antniit
1364 3038 1624 3109 fornicata
1668 3047 1782 3092 est:
1826 3036 2102 3091 Revertere

506 3130 576 3185 ad
621 3146 701 3183 me
729 3146 748 3184 :
774 3138 821 3184 et
852 3146 956 3184 non
989 3140 1061 3185 est
1091 3147 1357 3187 conversa.
1412 3129 1479 3184 Et
1525 3132 1699 3185 dimisi
1742 3148 1876 3198 eam,
1910 3140 1953 3185 et
1985 3131 2103 3185 dedi

2192 2104 2436 2176 discipuli
2460 2105 2572 2175 eius
2601 2104 2670 2159 ad
2700 2105 2914 2175 nuptias
2945 2103 3143 2175 (Joan.
3180 2103 3273 2171 tt).
3301 2101 3557 2173 Magnum
3592 2109 3793 2172 myste-

2195 2198 2339 2254 rium
2398 2197 2815 2269 pictatisllpse
2873 2200 2961 2268 qui
3009 2211 3247 2269 sponsus
3311 2204 3419 2264 est,
3496 2195 3789 2251 invitatur:

2197 2291 2459 2346 invitatur
2489 2301 2669 2347 autem
2720 2291 2947 2346 vocibus
2998 2288 3396 2362 Prophetarum
3443 2288 3516 2343 ita
3566 2301 3793 2358 precan-

2198 2388 2332 2443 tium
2360 2404 2373 2440 :
2408 2386 2647 2452 Domine,
2682 2386 2875 2441 inclina
2907 2384 3063 2440 caelos
3096 2396 3232 2454 tuos,
3282 2393 3331 2440 et
3377 2382 3634 2437 descende
3662 2379 3790 2451 (Ps.

2197 2497 2367 2538 cxutt
2395 2481 2437 2553 ).
2472 2480 2543 2536 Et
2573 2482 2809 2537 iterum:
2844 2480 3033 2535 Excita
3059 2480 3344 2552 potentiam
3373 2488 3540 2545 tuam,
3578 2485 3629 2531 et
3662 2477 3793 2541 veni,

2200 2586 2255 2630 ut
2284 2574 2456 2629 salvos
2485 2575 2651 2647 facias
2694 2592 2786 2629 nos
2811 2574 2827 2648 (
2857 2573 2950 2629 Ps.
2983 2588 3149 2629 Lxstx
3172 2572 3215 2645 ).
3249 2572 3315 2627 Et
3340 2570 3426 2627 his
3458 2570 3647 2627 multa:
3673 2576 3796 2625 sunt

2201 2670 2481 2726 orationes
2511 2662 2834 2726 consimiles
2878 2668 3200 2739 suppliciter
3251 2666 3613 2723 invitantinm
3670 2665 3797 2721 Pro-

2204 2764 2515 2834 phetarum.
2564 2762 2872 2817 lnvitantur
2893 2761 3061 2816 etiam
3091 2758 3268 2815 sancti
3295 2774 3401 2815 una
3432 2774 3559 2814 cum
3588 2755 3797 2813 Christo

2203 2855 2478 2925 discipuli,
2506 2855 2653 2911 velut
2673 2853 2834 2909 amici
2851 2853 3039 2909 ﬁdeles
3061 2852 3307 2924 ejusdem
3326 2851 3513 2923 sponsi
3537 2850 3793 2919 caelestis,

2204 2964 2327 3004 cum
2356 2947 2552 3002 dicitur
2582 2962 2682 3016 per
2708 2946 3033 3015 Prophetam
3062 2963 3075 3000 :
3112 2944 3233 2999 Non
3266 2954 3388 2999 sunt
3435 2945 3675 3014 loquela,
3710 2959 3798 2999 ne-

2205 3056 2304 3113 que
2332 3055 2610 3103 sermones,
2657 3055 2882 3107 quantm
2930 3055 3033 3092 non
3085 3038 3372 3091 audiantur
3420 3054 3567 3092 voces
3627 3053 3798 3091 eorum

2210 3132 2353 3204 (Ps.
2385 3130 2576 3203 svnt).
2615 3130 2751 3186 Nam
2802 3130 3008 3201 Spiritu
3055 3138 3248 3185 sancto
3296 3128 3491 3199 repleti
3552 3126 3795 3200 (Act.t),

506 3225 553 3280 ei
579 3225 808 3280 libellum
839 3224 1046 3295 repudii
1070 3226 1087 3295 (
1109 3223 1218 3280 Jer.
1248 3226 1370 3296 ιιι).
1403 3225 1718 3296 Fugiamus,
1750 3225 2004 3293 obsecro,
2039 3224 2106 3280 ab
2132 3226 2176 3288 C
2210 3226 2415 3299 linguis
2443 3235 2600 3283 erant
2627 3226 2902 3281 variarum
2934 3224 3188 3281 Gentium
3221 3224 3479 3279 ιοουιυιοῑ,
3517 3222 3673 3279 unde
3699 3223 3801 3292 spi-

509 3319 694 3388 idolis,
730 3330 754 3358 ε
805 3336 872 3375 ne
917 3319 1189 3391 repudiati
1230 3320 1489 3375 similiter
1537 3335 1846 3376 mereamur
1896 3317 2109 3373 audire.

510 3414 683 3482 Quem
738 3424 917 3469 tamen
968 3412 1244 3483 acceperit
1291 3412 1481 3469 .ludzca
1530 3414 1684 3484 plebs
1724 3412 1969 3468 libellum
2027 3426 2111 3465 rc-

513 3507 685 3578 pudii,
720 3505 1010 3562 audiamus
1042 3523 1056 3561 :
1085 3505 1407 3573 Jerusalem,
1432 3504 1748 3572 Jerusalem,
1778 3520 1893 3575 qua:
1923 3502 2112 3557 occidis

514 3598 829 3673 PrOphetas,
860 3610 910 3655 et
937 3600 1143 3673 lapidas
1172 3616 1264 3655 eos
1284 3602 1375 3672 qui
1406 3601 1475 3655 ad
1500 3610 1545 3655 te
1569 3601 1870 3667 mittuntur,
1915 3601 2112 3668 quoties

512 3693 654 3745 volui
692 3708 1007 3763 congregare
1050 3692 1190 3761 ﬁlios
1240 3700 1376 3760 tuos,
1432 3692 1563 3747 sicut
1607 3690 1807 3764 gallina
1834 3700 2112 3762 congregat

514 3786 687 3857 pullos
738 3802 859 3839 suas
914 3785 1008 3839 sub
1037 3783 1171 3853 alas,
1220 3794 1268 3838 et
1317 3783 1586 3839 noluisti?
1633 3782 1767 3839 Ecce
1796 3784 2113 3855 relinquetur

515 3880 653 3934 vobis
690 3881 875 3935 domus
904 3889 1069 3957 uestra
1098 3880 1302 3934 deserta
1336 3878 1565 3952 (Matth.
1603 3895 1734 3935 χχιιι
1756 3880 1797 3949 ).
1828 3880 1959 3936 Post
1988 3896 2113 3950 pas-

514 3975 728 4031 sionem
769 3990 989 4046 quoque
1037 3974 1253 4030 Domini
1309 3974 1523 4045 plenior
1556 3974 1768 4031 libellus
1800 3973 2015 4044 repudii
2046 3974 2114 4028 ab

512 4070 794 4139 Apostolis
823 4068 983 4125 datur
1008 4070 1311 4142 Synagogue
1338 4070 1674 4135 Judzeorum,
1710 4084 1834 4125 cum
1869 4069 2072 4126 dicitur
2100 4088 2111 4123 :

523 4164 681 4222 Vobis
707 4164 977 4237 Oportebat
1004 4166 1228 4237 primum
1250 4166 1558 4221 annuntiari
1592 4167 1804 4221 uerbum
1851 4165 1948 4219 Dei
1975 4182 1995 4220 :
2024 4167 2117 4221 sed

516 4264 763 4335 quoniam
804 4262 1069 4336 repulistis
1093 4262 1249 4329 illud,
1307 4270 1355 4316 et
1406 4262 1648 4333 indignos
1698 4276 1787 4316 uos
1830 4260 2116 4334 judicastis

516 4368 711 4414 teterna
738 4357 865 4422 vita,
890 4373 1005 4412 ecce
1028 4357 1374 4411 convertimur
1416 4357 1486 4409 ad
1528 4353 1737 4424 Gentes,
1789 4356 1923 4410 sicut
1969 4372 2119 4409 mau-

521 4450 701 4505 dntum
723 4460 799 4506 est
839 4450 983 4505 nobis
1011 4452 1029 4519 (
1055 4450 1172 4505 Act.
1203 4465 1300 4505 xui
1326 4447 1369 4520 ).
1413 4450 1639 4505 Deserta
1668 4450 1833 4520 igitur
1861 4464 1927 4505 ac
1955 4465 2114 4520 repu-

2209 3324 2348 3380 ritus
2378 3320 2719 3394 prophetalis
2744 3335 2808 3375 ea
2836 3335 2959 3391 qua:
2993 3318 3369 3374 indubitanter
3411 3316 3596 3373 futura
3626 3325 3799 3383 erant,

2210 3418 2366 3489 quasi
2394 3418 2505 3486 jam
2554 3417 2693 3472 iacta
2748 3415 3137 3486 pronuntians,
3182 3412 3441 3468 addidit:
3491 3412 3560 3466 In
3613 3427 3801 3467 onmem

2211 3524 2401 3569 terram
2426 3513 2577 3569 exivit
2598 3529 2755 3567 sonus
2783 3527 2981 3579 eorum,
3013 3520 3062 3564 et
3086 3511 3140 3563 in
3157 3510 3285 3579 ﬁnes
3312 3508 3452 3562 orbis
3485 3516 3637 3562 teme
3661 3508 3803 3561 verba

2211 3624 2387 3665 eorum
2415 3610 2433 3677 (
2458 3606 2547 3661 Ps.
2577 3621 2713 3661 xvnt
2738 3604 2776 3675 ).
2812 3605 2875 3659 Et
2896 3612 2956 3658 ut
2986 3603 3304 3658 ostenderet
3330 3602 3557 3667 clarius,
3606 3600 3701 3671 qui
3727 3616 3805 3655 cs-

2210 3706 2337 3756 sent
2367 3699 2477 3761 isti,
2504 3707 2558 3750 et
2590 3698 2747 3766 cujus
2774 3703 2961 3751 essent
2988 3708 3295 3764 praacones,
3331 3692 3534 3763 adjecit
3566 3711 3581 3745 :
3624 3689 3691 3745 In
3712 3690 3808 3745 sole

2215 3792 2385 3864 posuit
2427 3789 2815 3845 tabernaculum
2839 3804 2992 3843 suum
3022 3805 3040 3843 :
3073 3796 3118 3842 et
3159 3789 3273 3859 ipse
3297 3796 3566 3856 tamquam
3598 3801 3808 3855 sponsus

2218 3883 2499 3957 procedens
2532 3883 2593 3937 de
2620 3881 2851 3935 thalamo
2880 3896 2994 3935 suo.
3026 3877 3233 3934 Deinde
3278 3878 3532 3949 sequitur
3585 3890 3809 3947 evange-

2218 3980 2355 4034 lista:
2406 3976 2654 4031 narratio
2686 3992 2700 4029 :
2739 3973 2804 4029 Et
2836 3974 3012 4028 vinum
3064 3989 3167 4026 non
3208 3970 3464 4025 habebant
3499 3967 3695 4043 (Joan.
3732 3965 3807 4037 tt).

2218 4075 2372 4145 Quod
2422 4080 2860 4129 consummatum
2920 4078 3037 4124 erat
3066 4066 3250 4121 vinum
3299 4066 3642 4136 nuptiarum,
3693 4061 3808 4132 quia

2219 4170 2406 4225 vinum
2462 4165 2631 4220 sancti
2683 4163 2918 4232 Spiritus
2956 4174 3065 4215 non
3117 4160 3385 4216 haberent
3443 4158 3651 4214 Gentes
3700 4154 3807 4211 evi-

2220 4265 2413 4321 denter
2438 4259 2727 4330 expressit.
2757 4255 2913 4326 Quod
2960 4260 3144 4311 autem
3192 4253 3347 4321 dicit,
3414 4253 3538 4324 quia
3588 4266 3815 4307 consum-

2223 4365 2417 4412 matum
2471 4362 2580 4409 erat
2649 4352 2823 4406 vinum
2868 4350 3221 4418 nuptiarum,’
3256 4348 3310 4403 id
3365 4357 3451 4404 est
3500 4346 3815 4408 defecerat;

2226 4462 2251 4500 ε
2279 4466 2384 4505 non
2416 4446 2669 4503 absolute
2715 4444 2885 4511 dixit,
2916 4452 2974 4499 ut
3024 4453 3079 4498 tu
3130 4442 3325 4499 credas
3356 4441 3447 4497 his
3474 4441 3705 4497 forsitan
3735 4438 3819 4494 de-

521 4613 818 4683 repositum
856 4622 940 4666 est
978 4610 1301 4683 liberalitate.
1350 4608 1510 4663 Certa
1541 4616 1727 4683 autem
1754 4605 1993 4683 _0t_nniu0
2022 4615 2105 4683 est
2139 4609 2189 4668 Ι)
2283 4602 2309 4641 ἀ
2339 4603 2439 4683 Sic_
2474 4616 2633 4664 mss.,
2658 4614 2756 4683 pro
2785 4612 2851 4683 eo
2868 4597 3025 4683 quod
3063 4597 3116 4652 in
3150 4597 3313 4683 editis
3362 4595 3810 4683 habettir‘npror-

523 4677 869 4749 emendatio;
903 4698 1011 4736 non
1032 4683 1179 4736 enim
1205 4682 1431 4735 libertas
1455 4679 1619 4745 periit
1642 4677 1798 4733 nobis
1819 4677 2103 4749 lapsu_pri-

523 4758 595 4811 mi
630 4747 889 4824 parentis,
920 4755 1015 4809 sed
1048 4753 1246 4807 divina:
1276 4751 1616 4824 liberalitatis
1645 4748 1885 4824 insignia
1909 4763 1937 4800 a
1967 4747 2112 4802 Gau—

526 4819 713 4884 dentio
743 4826 902 4895 paulo
934 4834 1063 4878 ante
1094 4835 1414 4878 enumerata
1440 4864 1455 4886 ,
1493 4821 1765 4889 sapientia:
1796 4819 1997 4895 quippe
2023 4860 2037 4881 ,
2068 4828 2116 4895 et

525 4890 817 4954 intellectus
844 4942 859 4965 ,
901 4898 1119 4967 ritwque
1157 4904 1420 4964 perpetua:
1444 4901 1772 4961 ornamenta,
1810 4890 2118 4945 miseranda

528 4972 619 5027 illa
646 4980 856 5039 jactura
892 4970 1189 5037 perierunt.

607 5033 811 5100 ﬂlinus
832 5033 906 5096 δι’
928 5039 1092 5105 Vatt.,
1123 5041 1333 5108 stirpem
1356 5037 1702 5110 justissimam
1724 5034 1933 5090 seminis
1955 5033 2121 5088 Abra-

532 5115 650 5171 hce:
678 5115 837 5177 alter,
870 5114 1079 5182 stirpem
1111 5112 1234 5179 justi
1261 5112 1453 5166 scilicet
1478 5110 1714 5164 Abralue.

608 5187 633 5226 ι’
665 5188 757 5243 Sic
790 5185 933 5240 Vatt.
967 5179 1077 5238 duo
1106 5192 1163 5238 et
1192 5183 1407 5248 Urbiu.,
1452 5198 1554 5238 nec
1590 5182 1754 5237 aliter
1782 5181 2009 5236 omnino
2043 5179 2121 5233 lc-

533 5261 771 5332 gendum
796 5268 917 5321 est.
960 5265 1267 5332 Clllllﬂltllllﬁ
1292 5255 1741 5332 _l_o_cus_loqu_atu_r
1781 5254 1851 5332 de
1892 5267 2118 5323 sponsa,

531 5326 784 5404 coningio
837 5339 893 5386 et
945 5330 1164 5404 nuptiis.
1228 5326 1371 5382 Editi
1426 5326 1661 5382 absurde
1706 5326 1910 5381 habent
1946 5332 2122 5404 secuta

532 5396 677 5478 prole
697 5396 1034 5478 iunctorum!
1052 5401 1203 5478 llaiic
1219 5406 1484 5478 porronct
1508 5410 1829 5478 sequentem
1861 5396 2124 5478 emenda-

537 5470 739 5536 tionem
775 5476 1000 5531 exhibet
1022 5473 1186 5528 etiam
1218 5471 1358 5525 liber
1391 5470 1602 5525 Octavii
1630 5470 1977 5541 Pantagathi.

611 5564 632 5590 ο
668 5552 732 5606 Et
763 5549 849 5603 hic
873 5558 1382 5620 quoquemagnum
1416 5542 1699 5620 insederat
1720 5544 1937 5620 vitium,

1982 5538 2127 5611 quod

533 5611 943 5683 emendavimus
967 5611 1031 5675 es
1067 5611 1233 5673 Florf
1253 5614 1383 5671 Urb.
1413 5624 1468 5670 et
1491 5613 1636 5670 Vati.
1669 5614 1901 5671 duobus.
1935 5614 1988 5668 ln
2013 5611 2130 5667 cdi-

535 5697 627 5763 tis,
661 5693 917 5765 pessime,
949 5695 1101 5765 cujus
1120 5686 1372 5765 poculum
1400 5684 1509 5741 Deo
1540 5697 1822 5765 meruerat.
1857 5687 1957 5765 Eat
1986 5698 2131 5739 nunc

2214 4691 2308 4731 sus
2338 4676 2499 4741 male,
2548 4666 2946 4724 machinabatur
2975 4669 3198 4742 lignum,
3224 4678 3270 4723 et
3290 4669 3540 4740 lapidem.
3595 4666 3815 4742 vulgata

2217 4748 2407 4811 editio,
2457 4734 2716 4799 moecham
2738 4750 2814 4795 est
2836 4758 2951 4796 cum
2985 4734 3256 4813 ldpide,let
3301 4734 3420 4795 cum
3454 4741 3617 4811 ligno.
3664 4734 3812 4804 LXX,

2220 4819 2473 4875 mcechata
2500 4825 2573 4871 est
2610 4815 2835 4886 lignum,
2861 4824 2907 4867 et
2956 4813 3206 4884 lapidem.

2298 4900 2321 4928 θ
2350 4891 2484 4944 Tres
2518 4881 2793 4942 editinnes
2845 4881 3169 4939 constanter
3199 4884 3277 4938 sic
3320 4884 3510 4953 legunt
3551 4900 3565 4947 ;
3604 4881 3818 4947 ideoque

2227 4973 2441 5019 mutare
2473 4958 2769 5013 noluimus.
2799 4956 2930 5010 Mss.
2957 4955 3177 5020 melius,
3206 4972 3270 5010 ne
3298 4952 3569 5027 repudiari
3601 4952 3820 5008 similittr

2229 5048 2544 5089 mercamur.
2580 5030 2743 5095 Quem
2770 5035 2970 5081 tamen.

2300 5105 2320 5144 ΐ
2366 5106 2544 5160 Locus
2565 5103 2707 5155 Osee
2735 5100 2820 5153 hic
2844 5098 3188 5171 designatus,
3219 5099 3298 5153 sic
3318 5098 3489 5154 habet
3514 5116 3527 5151 :
3575 5096 3640 5151 Et
3666 5097 3816 5171 dicunt

2224 5195 2327 5233 non
2376 5175 2571 5247 papula
2601 5169 3016 5247 meo.__populus
3049 5188 3193 5225 meus
3217 5180 3353 5247 es__tu
3382 5188 3398 5223 :
3444 5180 3492 5225 et
3516 5171 3637 5247 ipse
3664 5169 3819 5247 dicet:

2227 5237 2535 5305 Deus'meus
2557 5253 2700 5297 estu.
2738 5240 2934 5314 verum
2966 5245 3017 5298 in
3049 5260 3137 5314 ep.
3171 5244 3235 5297 ad
3270 5244 3427 5297 llom.
3461 5237 3661 5308 ικζὲὄ,
3698 5237 3816 5314 idem

2227 5318 2600 5377 testimonium
2654 5312 2933 5381 profertur
2990 5309 3098 5370 hoc
3145 5315 3308 5370 modo
3355 5332 3369 5368 :
3422 5313 3572 5369 Sicut
3610 5315 3665 5366 in
3711 5309 3818 5363 Osee

2226 5395 2392 5448 dicit:
2444 5386 2655 5444 Vocabo
2686 5401 2795 5457 non
2824 5386 3021 5457 plebem
3066 5404 3253 5456 meam,
3292 5386 3491 5457 plebem
3524 5400 3694 5457 meam
3718 5390 3818 5457 ;_et

2228 5484 2335 5519 non
2386 5464 2662 5526 dilectam,
2720 5453 2987 5512 dilectam.
3058 5453 3300 5514 Videtur
3337 5456 3678 5513 Gaudentius
3738 5453 3817 5507 dc-

2232 5535 2541 5606 sumpsisse
2576 5546 2642 5585 ex
2682 5541 2830 5606 novo
2860 5528 3239 5606 Testamento.

2310 5612 2335 5651 κ
2366 5598 2575 5662 Mendis
2623 5598 2871 5670 scatebat
2904 5601 2993 5657 hic
3025 5603 3179 5658 locus
3222 5604 3275 5657 in
3308 5602 3498 5664 editis,
3545 5614 3708 5670 quem
3733 5611 3817 5670 ire.

2236 5680 2590 5738 formavimus
2622 5688 2690 5730 ex
2720 5669 2871 5727 Flor.
2906 5683 2963 5729 et
2982 5673 3129 5730 Vatt.
3156 5674 3403 5740 duobus;
3438 5680 3499 5729 ut
3518 5669 3574 5727 et
3594 5669 3815 5741 proxime

531 5757 749 5845 aliquis,
780 5757 1026 5845 uindicat:
1055 5757 1293 5818 otiosum
1319 5774 1454 5832 esse,
1480 5766 1655 5814 totum
1711 5757 1859 5814 hunc
1888 5758 2132 5813 laborem
2238 5761 2581 5823 sequentem.

537 5836 863 5894 emendandi
893 5845 961 5895 ex
990 5848 1123 5891 mss:
