4070 6346
228 264 319 322 897
1011 261 1247 322 διπηιΜο
1288 261 1381 331 IX,
1423 262 1511 319 DE
1549 259 1927 320 EVANGELII
1969 254 2311 319 LECTIONE
2355 254 2742 320 SECUNDUS.
3408 258 3517 318 898

226 382 413 439 iecisse
441 380 641 453 quibus
685 381 872 441 adhuc
893 381 1080 438 datum
1121 398 1229 439 non
1260 383 1457 438 fuerat.
1511 382 1622 438 Nec
1675 381 1817 436 enim
1846 382 1899 444 Α
1926 391 2133 453 rumpet
2179 380 2326 437 enim
2378 380 2552 434 vinum
2582 392 2773 432 navum
2826 383 2968 431 utres
3014 380 3225 442 remes,
3268 380 3317 429 et
3348 373 3528 429 vinum

225 475 371 545 dixit,
405 475 668 548 defecerat
695 477 766 532 eis
793 477 971 531 uinum
1024 478 1347 549 nuptiarum,
1392 475 1509 541 scd,
1544 475 1819 531 defecisse
1924 472 2242 541 e/fundetur,
2299 482 2346 527 et
2397 482 2535 526 utres
2586 472 2827 542 peribunt
2881 467 3086 541 (Mare.
3134 485 3207 532 tt;
3264 467 3393 523 Luc.
3426 467 3523 536 v).

226 569 597 625 tantummodo
626 570 719 637 ait,
757 569 941 625 vinum
968 572 1321 640 nuptiarum;
1356 581 1629 642 tamquam
1662 571 1707 625 si
1740 569 1822 623 di-
1925 561 1949 601 ἀ
1983 563 2265 620 Custodite
2295 562 2459 635 igitur
2487 562 2795 633 regenerati
2828 559 3070 616 hominis
3124 560 3389 631 integram
3425 575 3527 614 no-

227 670 367 718 ceret
416 662 686 732 nuptiale.
744 662 1104 733 ;Quapmpter
1166 662 1435 719 defecisse
1498 662 1822 733 intelligitur
1927 658 2171 725 vitalem,
2200 668 2257 713 et
2288 666 2311 694 ο
2342 656 2573 713 cmleste
2601 656 2788 711 vinum
2818 655 2871 710 in
2900 654 3099 711 vestris
3138 653 3356 710 utribus
3395 668 3529 709 con-

226 754 993 824 vinnnt,nonaistarum,sed
1016 756 1443 827 prmcedentium
1469 755 1819 826 nuptiarum;
1926 762 2164 818 servate,
2203 761 2261 807 ut
2300 765 2398 807 vos
2426 751 2539 822 ipsa
2584 750 2721 807 ﬁdes
2771 749 3044 806 custodita
3095 758 3391 806 conservet
3431 766 3532 822 per

228 846 498 904 deiecerat
526 849 671 904 enim
698 849 942 919 nuptiale
965 850 1151 904 vinum
1174 848 1415 919 Spiritus
1442 847 1685 916 sancti,b
1710 862 1826 904 ces-
1927 846 2267 902 Salvatorem
2320 844 2539 917 generis
2592 844 2817 899 humani
2860 844 3138 900 Christum
3188 844 3374 901 Jesum
3426 845 3533 901 Do-

229 940 470 998 santibus
511 941 803 1012 Pr0phetis
851 943 945 1012 qui
1004 942 1451 1000 ministraverant
1509 943 1561 997 in
1624 942 1825 1013 populo
1928 940 2133 996 minum
2168 940 2341 995 Deum
2373 948 2644 1006 nostrum,
2686 944 3007 1010 regnantem
3055 952 3179 994 cum
3244 937 3432 1007 Patre,
3479 946 3538 994 et

229 1033 558 1092 Judaeorum.
588 1033 795 1091 Omnes
818 1036 963 1091 enim
1016 1034 1327 1105 Pr0phetaa,
1367 1043 1424 1090 et
1471 1039 1606 1102 Lex,
1649 1047 1825 1106 usque
1927 1046 2052 1088 cum
2085 1032 2292 1103 Spiritu
2340 1041 2554 1098 sancto,
2588 1040 2719 1088 ante
2751 1032 2957 1097 omnia,
3003 1040 3057 1089 et
3083 1046 3250 1101 nunc,
3293 1041 3351 1089 et
3390 1047 3539 1089 sent-

232 1125 294 1183 ad
322 1125 593 1183 Joannem
655 1125 1159 1197 prOphetaverunt;
1205 1140 1307 1181 nec
1364 1136 1483 1181 erat
1537 1125 1825 1197 quisquam
1929 1142 2048 1198 per,
2074 1136 2129 1183 ct
2156 1128 2209 1182 in
2238 1137 2431 1183 cuncta
2466 1128 2689 1184 saecula.
2742 1126 2759 1167 ί
2813 1126 3012 1186 Amen.

234 1222 316 1293 qui
336 1221 608 1292 Spirituali
641 1221 765 1278 vino
785 1221 994 1278 Gentes
1020 1230 1215 1292 potare
1236 1220 1519 1277 sufﬁceret
1541 1221 1823 1278 sitientes:

233 1314 319 1370 sed
358 1313 785 1385 exspectabatur
816 1314 1081 1368 Dominus
1129 1312 1317 1380 Jesus,
1371 1313 1463 1384 qui
1510 1327 1651 1369 novo
1697 1312 1828 1369 vino

232 1418 377 1466 utres
406 1423 505 1480 per
542 1408 882 1479 Baptismnm
931 1422 1105 1464 novos
1163 1408 1440 1478 impleret.
1467 1407 1603 1464 Nam
1633 1416 1826 1476 vetera,

232 1501 422 1572 inquit,
474 1502 797 1557 transierunt
845 1516 865 1556 :
933 1518 1047 1556 ecce
1098 1505 1241 1573 facta
1293 1510 1416 1555 sunt
1471 1501 1643 1556 omnia
1694 1516 1829 1557 nova

233 1593 460 1666 (Matth.
495 1610 594 1661 ix;
644 1593 690 1649 ll
730 1593 855 1649 Cor.
898 1592 998 1666 v).
1052 1593 1146 1650 Sic
1174 1605 1355 1649 tamen
1386 1594 1524 1649 facta
1555 1604 1684 1650 sunt
1709 1609 1830 1648 om.
2006 1585 2430 1656 Explanavimus
2462 1586 2722 1645 hesterno
2768 1589 2859 1646 die
2904 1589 3161 1647 charitati
3222 1602 3426 1650 vestra:
3468 1608 3539 1651 ex

234 1690 316 1744 nia
348 1704 512 1755 nova,
555 1698 615 1743 ut
653 1688 808 1759 origo
847 1698 1095 1744 maneret
1124 1703 1189 1744 ex
1221 1686 1417 1753 veteri,
1454 1703 1578 1743 cum
1619 1702 1726 1743 non
1755 1702 1826 1744 ex
1935 1679 2174 1736 lectione
2202 1681 2518 1751 evangelica
2559 1698 2681 1753 quae
2718 1683 3064 1741 Salvatorem
3117 1698 3364 1745 nostrum
3412 1705 3539 1761 per-

233 1783 397 1840 nihilo
427 1782 639 1845 vinum,
699 1781 795 1837 sed
845 1797 912 1837 ex
959 1783 1185 1852 antiquo
1237 1796 1393 1851 aqua:
1422 1782 1667 1852 gignitur
1713 1781 1831 1837 ele-
1863 1774 2092 1847 Bhibet
2121 1775 2190 1833 de
2234 1792 2374 1847 aqua
2429 1777 2618 1834 vinum
2666 1779 2869 1837 fecisse
2908 1780 2962 1836 in
3021 1784 3252 1852 nuptiis,
3301 1784 3541 1855 primum

234 1886 433 1935 mento.
462 1875 575 1932 Nec
605 1876 771 1949 2'79
794 1875 989 1947 Legem
1012 1875 1210 1931 litterae
1232 1874 1519 1931 existimes
1541 1891 1664 1931 esse
1692 1886 1831 1931 Iem-
1932 1871 2089 1943 juxta
2113 1872 2402 1929 historiam
2424 1875 2584 1945 gesti,
2610 1890 2773 1945 quam
2799 1876 2870 1931 ob
2900 1892 3122 1932 causam
3157 1876 3239 1934 ire
3283 1877 3543 1950 dignatus

234 1972 492 2037 nendam,
526 1970 675 2026 unde
702 1969 941 2041 Spiritus
971 1978 1218 2034 sanctus,
1245 1968 1376 2025 Jesu
1402 1979 1687 2041 operante,
1740 1985 1836 2039 per
1937 1967 2049 2022 sit:
2082 1966 2282 2022 deinde
2310 1967 2614 2022 secundum
2658 1969 2961 2038 Spiritalem
3000 1969 3250 2027 caelestis
3289 1971 3543 2043 mysterii

234 2062 752 2121 ﬁdelesiministros
783 2061 1067 2129 hauritur;
1096 2069 1153 2117 et
1180 2061 1383 2118 idcirco
1414 2062 1468 2118 in
1493 2063 1696 2119 diluvio
1739 2078 1836 2119 an-
1939 2059 2306 2126 intellectum,
2335 2071 2359 2109 ε
2386 2060 2515 2133 quid
2550 2061 2865 2129 essetdies,
2913 2073 2968 2120 et
3015 2064 3139 2135 quis
3184 2065 3351 2138 280
3392 2074 3545 2122 esset

236 2157 385 2228 tiquo
418 2157 674 2212 homines
707 2155 1017 2225 perierunt,
1059 2166 1111 2210 et
1163 2170 1308 2211 nunc
1349 2156 1403 2210 in
1445 2155 1722 2227 Baptismo
1750 2171 1836 2213 re-
1939 2155 2150 2225 primus
2178 2154 2319 2221 dies,
2352 2156 2442 2226 qui
2478 2155 2789 2223 secundus,
2845 2158 2937 2228 qui
2991 2159 3204 2228 tertius,
3251 2174 3372 2230 qum
3404 2175 3545 2230 nup-

234 2257 570 2314 nascuntur;
602 2252 730 2321 quia
761 2250 940 2303 littera
992 2248 1208 2316 occidit,
1240 2249 1459 2321 spiritus
1489 2262 1667 2304 autem
1710 2251 1837 2304 viri-
1943 2247 2140 2303 tiarum
2185 2246 2350 2316 ratio,
2403 2248 2494 2319 qui
2546 2264 2786 2319 Sponsus
2841 2250 2932 2306 ille
2983 2259 3162 2317 esset,
3214 2267 3409 2323 quaeve
3450 2252 3542 2307 illa

238 2344 357 2415 ﬂeat
384 2343 469 2416 (ll
502 2341 626 2398 Cor.
653 2341 767 2414 nt).
823 2342 953 2399 Sola
977 2342 1177 2413 quippe
1221 2342 1483 2399 interﬁcit
1533 2344 1733 2406 littera.
1784 2354 1840 2402 et
1940 2358 2165 2414 sponsa,
2205 2342 2297 2415 qui
2331 2342 2484 2400 locus
2509 2343 2601 2399 ubi
2629 2341 2885 2401 ﬁebanth
2912 2344 3020 2401 illa:
3042 2346 3269 2416 nuptize,
3314 2354 3371 2402 et
3392 2345 3544 2417 quod

238 2435 444 2507 Spiritu
492 2443 687 2491 sancto
730 2443 1031 2506 temperata
1059 2443 1371 2505 regenerat.
1415 2436 1629 2493 Perisse
1657 2448 1838 2493 autem
1945 2450 2053 2491 non
2084 2436 2278 2508 prima:
2308 2436 2417 2491 illa:
2450 2438 2654 2507 nuptiae
2686 2438 2845 2493 facta:
2901 2440 3038 2505 sint,
3085 2450 3142 2495 et
3182 2440 3546 2510 quamobrem

236 2537 451 2585 constat
483 2528 535 2583 in
568 2528 664 2583 illo
690 2526 898 2583 diluvio
926 2542 1121 2583 omnes
1143 2528 1317 2599 ipsius
1347 2530 1612 2598 temporis
1659 2529 1839 2585 homi-
1942 2528 2018 2586 ibi
2048 2529 2221 2587 fuisse
2245 2530 2390 2587 dicta
2416 2530 2491 2586 sit
2520 2530 2691 2588 Mater
2734 2531 2957 2589 Domini
2998 2532 3165 2589 Jesu:
3207 2534 3409 2591 deinde
3445 2549 3547 2591 cur

235 2640 370 2692 nes,
401 2632 604 2695 prteter
629 2637 727 2679 eos
755 2624 844 2694 qui
888 2622 1029 2678 intra
1077 2624 1273 2679 Arcam
1325 2622 1494 2695 (Gen.
1530 2641 1601 2681 vn
1626 2624 1668 2698 ),
1722 2641 1842 2698 qua.
1945 2623 2063 2695 ipse
2091 2638 2328 2693 Sponsus
2367 2623 2638 2679 invitetur
2685 2624 2752 2679 ad
2800 2626 3038 2695 nuptias,
3090 2626 3175 2683 vel
3228 2644 3258 2681 a
3309 2626 3547 2699 quibus;

236 2728 425 2793 typum
474 2717 700 2789 gerebat
728 2716 1007 2783 Ecclesiae,
1056 2716 1288 2787 reperiri
1332 2728 1673 2775 meruerunt.
1705 2720 1840 2776 Nam
1946 2718 2221 2788 quomodo
2245 2717 2408 2774 etiam
2441 2716 2699 2788 discipuli
2727 2717 3305 2788 pariterinvitentur:
3350 2720 3552 2777 deinde

234 2812 493 2868 similiter
518 2810 682 2867 etiam
708 2825 856 2866 nunc
884 2810 1110 2867 omnino
1140 2812 1277 2866 salvi
1301 2826 1425 2868 esse
1448 2829 1555 2870 non
1584 2822 1846 2885 poterunt
1947 2811 2078 2883 quid
2104 2821 2255 2869 esset
2284 2811 2418 2868 illud
2440 2812 2629 2867 vinum
2662 2813 2806 2884 quod
2845 2829 2949 2869 non
2983 2813 3280 2883 habebant,
3325 2826 3379 2871 et
3427 2830 3551 2885 qua:

236 2904 326 2976 qui
360 2903 430 2959 ab
459 2902 764 2974 apostolica
803 2901 907 2958 ﬁde
942 2911 999 2958 et
1042 2902 1112 2957 ab
1145 2903 1392 2959 Ecclesia
1432 2906 1699 2962 catholica
1730 2908 1847 2963 fue-
1949 2903 2113 2959 fuerit
2168 2904 2278 2959 vini
2325 2903 2587 2975 nuptialis
2634 2904 2913 2973 defectio;
2990 2916 3044 2963 ct
3084 2907 3549 2978 quemadmodum

234 3001 345 3057 rint
374 2998 567 3055 alieni.
594 2997 853 3053 Elaboret
880 3012 1015 3069 ergo
1032 2997 1182 3053 omni
1210 2998 1391 3054 studio
1417 3010 1438 3038 ο
1469 3004 1847 3073 unusquisque
1956 2995 2275 3070 irepudiata
2305 3000 2377 3053 ob
2397 2999 2720 3055 idololatria:
2747 3001 3080 3057 adulterium
3110 3003 3273 3072 plebe
3296 3003 3549 3070 Iudaica,

236 3106 485 3152 vestrum
520 3108 843 3165 permanere
867 3092 920 3147 in
938 3092 1104 3148 domo
1134 3092 1657 3163 Domini,exerccns
1679 3112 1846 3168 Opera
1953 3090 2203 3147 Ecclesia
2257 3090 2512 3148 Gentium
2555 3092 2747 3147 divino
2795 3094 2960 3150 fuerit
3020 3096 3192 3151 amori
3239 3097 3553 3166 conjuncta.

237 3198 521 3261 percepta:
544 3187 736 3258 gratia:
766 3200 1031 3256 congrua.
1063 3184 1293 3256 Oportet
1330 3186 1497 3256 enim,
1550 3188 1604 3243 in
1645 3204 1844 3245 novum
1875 3182 1922 3247 C
1956 3182 2111 3239 Unde
2141 3184 2443 3239 cavendum
2475 3185 2634 3241 nobis
2657 3184 2804 3254 est,i
2840 3186 3209 3258 omnigenere
3225 3186 3554 3257 charissimi,

2518 1306 2789 1370 SERMO
2831 1308 2949 1383 IX,

2146 1450 2228 1493 DE
2264 1451 2606 1495 EVANGELII
2641 1452 2953 1497 LECTIONE
2978 1451 3328 1499 SECUNDUS.

237 3291 469 3339 renatos
515 3279 791 3335 hominem
820 3292 851 3333 a
882 3277 1127 3349 peccatis
1167 3276 1417 3348 pristinis
1460 3280 1572 3350 jam
1627 3297 1845 3340 cavere.

238 3361 511 3442 Servate,
545 3388 755 3444 quaeso,
800 3382 951 3429 utres
1001 3386 1196 3440 novos,
1242 3372 1536 3443 ne0phyti;
1578 3391 1646 3432 ne
1688 3378 1853 3433 vitam

238 3480 496 3529 veterem
520 3474 859 3538 repetentes,
884 3465 1075 3521 vinum
1106 3479 1309 3521 novum
1326 3466 1558 3538 disrupti
1584 3469 1853 3538 perdatis;

320 3658 347 3687 α
389 3647 590 3704 Totum
630 3644 732 3701 hoc
759 3645 915 3702 deest
954 3644 1021 3719 in;
1055 3644 1245 3711 editis,
1284 3647 1377 3718 qui
1416 3646 1495 3703 sic
1538 3648 1744 3719 legunt,
1770 3649 1852 3703 in-

246 3719 508 3791 telligitur
552 3719 749 3792 vinum,
801 3734 905 3771 non
943 3718 1079 3792 enim
1119 3720 1352 3792 nuptiale
1384 3718 1609 3792 quinum;
1653 3730 1856 3792 quanto

249 3789 380 3850 loci'
403 3792 566 3859 hujus
598 3790 949 3856 detrimento,
977 3789 1151 3844 lector
1186 3789 1344 3845 facile
1374 3789 1858 3859 judicabitIPorro

250 3866 308 3923 in
361 3865 470 3919 hoc
500 3864 937 3932 supplementum
998 3860 1147 3932 Flor.
1197 3871 1253 3917 et
1285 3861 1431 3918 Vatt.
1483 3864 1698 3919 duobus
1737 3879 1860 3921 con-

252 3938 429 3996 sentit
468 3931 631 3990 etiam
664 3934 802 3987 liber
838 3931 1049 3988 Octavii
1086 3932 1428 4003 Pantagathi.

326 4007 357 4047 ι)
398 4006 551 4063 Flor.
601 4014 656 4061 et
699 4003 847 4078 vat}.
879 4006 1011 4070 duo,
1044 4005 1357 4078 cessantibus
1391 4008 1509 4077 jam
1554 4004 1856 4078 PrOpltetie,

256 4079 607 4155 proutetiam
637 4076 771 4155 cod._
792 4075 1137 4155 Pantagathi.

338 4164 361 4192 ε
391 4150 487 4208 Sic
508 4164 642 4204 mss.
671 4148 860 4214 codd.;
888 4147 1020 4203 editi
1045 4161 1196 4217 vero,
1224 4148 1576 4218 unusquisque
1602 4158 1861 4216 nostrum;

261 4236 319 4283 et
340 4227 507 4295 paulo
529 4230 654 4292 post
678 4221 925 4295 mss.,4in
948 4235 1136 4295 novum
1162 4228 1383 4295 renatas
1429 4220 1681 4295 homines,
1718 4223 1861 4291 quod

263 4290 453 4354 tamen
475 4290 739 4364 adoptare
767 4292 1069 4347 noluimus.
1115 4290 1279 4347 Liber
1328 4290 1672 4363 Pantagathi,
1707 4290 1862 4347 utro-

262 4370 434 4441 bique
454 4374 624 4433 recte,
652 4364 1007 4435 unusquisque
1026 4370 1285 4430 vestrum;
1317 4371 1395 4430 ct,
1417 4366 1471 4417 in
1496 4380 1687 4417 novum
1713 4381 1867 4419 rena-

267 4440 653 4519 tos/ignauam.
747 4506 789 4519 ῃ
834 4514 869 4519 Α
955 4506 967 4519 _
1244 4516 1253 4519 _
1304 4506 1363 4519 ,η
1500 4506 1512 4519 ,
1562 4516 1570 4519 Α
1763 4507 1830 4519 η,
1893 4457 1948 4519 D

340 4511 367 4550 ἀ
401 4510 722 4567 Lectionem
747 4506 894 4563 Vatt.
936 4506 1169 4563 duorum
1204 4516 1259 4563 et
1304 4506 1453 4563 Flor.
1500 4506 1709 4577 integra
1758 4507 1867 4564 ﬁde

268 4582 674 4656 capressimus,
722 4594 980 4656 quorum
1002 4595 1120 4656 ope_
1155 4588 1297 4656 totus
1329 4580 1416 4636 hic
1461 4581 1614 4634 locus
1642 4590 1870 4656 sanatus

270 4650 383 4724 esi;
408 4671 532 4712 nam
565 4650 818 4724 primo’in
848 4650 1012 4707 editis
1036 4650 1338 4724 habebatur
1380 4651 1667 4724 regenerati
1702 4652 1873 4706 Itami—

273 4722 390 4795 nes,
413 4722 614 4784 deinde
636 4738 736 4794 pro
758 4724 811 4778 in
832 4724 1011 4778 vestris
1033 4725 1233 4778 utribus
1260 4723 1383 4779 dum
1412 4722 1689 4779 editiones
1717 4724 1875 4793 inep-

274 4802 490 4857 tissime
515 4799 702 4868 legunt
729 4797 785 4868 in
812 4795 988 4850 vestris
1016 4795 1199 4849 vitibus
1222 4812 1241 4863 ;
1269 4804 1576 4868 postremo,
1608 4804 1657 4849 et
1688 4810 1775 4851 vos
1795 4796 1877 4867 ip-

274 4890 362 4928 sos
385 4866 867 4943 ﬁdeles—custodite,
898 4877 956 4943 et
969 4878 1286 4943 conseruate,
1317 4866 1618 4937 cujusloco
1639 4868 1690 4921 in
1715 4866 1872 4937 mss},

278 4956 335 5000 ut
370 4938 456 4999 uos
478 4942 593 5014 ipsa
621 4940 751 5014 [idea
771 4938 1033 5014 custodita
1064 4950 1322 5014 conservet
1346 4956 1364 5005 ;
1393 4949 1449 5014 et
1477 4954 1609 5014 mss.
1639 4954 1877 4997 consen-

278 5014 370 5072 sui
400 5009 548 5070 favet
578 5011 743 5068 etiam
771 5010 913 5067 liber
932 5009 1143 5066 Octavii
1167 5010 1515 5082 Pantagathi.

358 5097 383 5125 θ
416 5084 648 5141 Videtur
684 5082 906 5153 oblique
958 5097 1193 5153 carpere
1244 5082 1484 5154 ineptam
1536 5098 1764 5153 prorsus
1816 5097 1882 5139 ac

282 5157 544 5216 stolidam
570 5154 1050 5225 Ascodrogitarum
1101 5154 1359 5222 haeresin,
1410 5154 1480 5211 de
1527 5170 1636 5225 qua
1672 5154 1884 5211 Philas-

284 5234 449 5296 trius,
463 5245 587 5299 cap.
605 5226 766 5299 75.,et
789 5224 1144 5297 Augustinus,
1166 5224 1234 5281 de
1248 5226 1480 5294 Haeres,
1500 5224 1564 5280 ad
1583 5226 1885 5299 Quodvult-

282 5308 474 5368 deum,
498 5315 622 5369 Cap.
653 5298 744 5368 62,
773 5301 860 5353 cui
897 5311 1078 5353 tamen
1107 5314 1213 5351 non
1242 5298 1621 5368 Ascodrogilte,
1658 5298 1754 5354 sed
1788 5298 1889 5353 As-

286 5378 409 5430 cita:
452 5368 747 5428 vocantur:
798 5370 987 5441 Asrita:
1035 5369 1098 5423 ab
1142 5380 1256 5423 utre
1282 5370 1375 5441 ait:
1414 5368 1667 5441 appellati
1723 5379 1887 5441 sunt;

286 5445 457 5508 ἄσκος
485 5445 622 5499 enim
643 5441 842 5511 (ἔνατα,
870 5440 1055 5496 Latine
1074 5451 1188 5495 uter
1236 5440 1467 5494 dicitur:
1488 5440 1493 5441 “
1517 5457 1668 5511 quem
1712 5440 1890 5512 perhi-

289 5523 478 5574 bentur
516 5518 758 5587 inﬂatum
784 5556 799 5579 ,
847 5523 894 5567 et
939 5523 1177 5587 Opertum
1232 5512 1889 5587 circumire‘bacchautes,

288 5582 816 5662 tamquam'ipsieint
839 5585 1296 5662 etgangelici‘utres
1333 5584 1471 5662 novi,
1494 5582 1612 5636 vino
1654 5600 1781 5662 novo
1806 5600 1892 5662 re-

291 5656 447 5735 pleti.
490 5656 616 5715 Non
632 5658 846 5714 abludit
874 5656 1215 5713 Gaudentius
1248 5657 1413 5735 paulo
1443 5656 1728 5735 ante,_ubi
1783 5657 1892 5711 ait:

299 5726 538 5800 Servate,
570 5746 766 5803 quieto,
801 5741 938 5803 utres
962 5745 1144 5797 novos,
1168 5727 1413 5803 neophyti
1433 5742 1553 5803 ;_ne
1575 5726 1732 5803 vitam
1757 5736 1895 5782 vete-

303 5822 419 5866 rem
461 5799 774 5875 repetentes,
803 5802 983 5857 vinum
1024 5816 1215 5856 novum
1250 5799 1476 5872 disrupti
1522 5799 1801 5871 perdatis;
1844 5809 1901 5856 et

1957 3291 2027 3333 ne
2053 3277 2237 3348 aliquo
2280 3292 2472 3333 rursus
2504 3278 2835 3335 idololatriae
2865 3280 3123 3352 contagio
3181 3280 3474 3351 violemur,
3507 3290 3565 3337 et

1959 3389 2067 3428 non
2100 3370 2277 3428 solum
2307 3371 2607 3443 repudiari,
2638 3372 2731 3428 sed
2755 3383 2810 3428 et
2835 3373 3085 3429 damnari
3138 3374 3192 3429 in
3239 3385 3563 3445 perpetuum

1961 3482 2268 3525 mereamur
2292 3483 2307 3535 ;
2344 3468 2603 3538 quoniam
2632 3468 2677 3521 si
2704 3468 2817 3539 quis
2846 3467 3096 3541 templum
3123 3466 3225 3524 Dei
3268 3466 3561 3536 violaverit,

1961 3663 2146 3719 supra,
2173 3644 2277 3719 hoc
2299 3645 2490 3702 eodem
2525 3661 2693 3701 scrm.
2732 3663 2788 3718 p.
2810 3645 2918 3705 278
2951 3666 2963 3702 :
3000 3645 3419 3719 Exspectabalur
3449 3646 3565 3703 Do-

1961 3716 2129 3793 minus
2158 3716 2333 3793 Iesus,
2364 3719 2455 3790 qui
2486 3735 2614 3774 novo
2638 3716 2757 3775 vina
2784 3729 2925 3775 utres
2948 3737 3039 3793 per
3080 3716 3413 3792 Baptismum
3465 3736 3563 3775 no-

1961 3809 2048 3847 ras
2077 3789 2337 3861 impleret.

2040 3863 2157 3939 f_ln
2190 3862 2406 3939 duobus
2462 3862 2603 3917 Vatt.
2654 3863 2942 3919 subditur:
2999 3863 3149 3919 Finit
3195 3864 3260 3918 de
3289 3863 3568 3939 Evangelii

1964 3935 2185 3990 lectione
2209 3934 2430 4003 primus.

2040 4015 2064 4053 s
2091 4005 2145 4059 In
2170 4005 2329 4059 editis
2367 4004 2531 4060 verba
2557 4005 2651 4060 illa
2678 4007 2808 4073 quid
2834 4016 2960 4061 esset
2998 4007 3106 4061 dies
3134 4022 3241 4063 non
3268 4006 3568 4075 habentur,

1964 4076 2063 4132 sed
2100 4084 2309 4131 tantum
2337 4077 2465 4149 quid
2486 4086 2615 4130 esset
2645 4079 3029 4149 primusidies;
3075 4094 3197 4149 quae
3243 4088 3425 4133 tamen
3467 4095 3567 4148 op-

1970 4150 2102 4203 time
2126 4148 2484 4211 conveniunt,
2518 4148 2651 4201 cum
2674 4165 2834 4217 supra
2858 4148 2912 4202 in
2948 4148 3279 4218 prmcedenti
3313 4158 3571 4215 tractatu,

1969 4223 2148 4291 primo
2166 4220 2285 4297 loco
2309 4219 2665 4297 explicaverit
2700 4222 3041 4297 ἀλληγορικρῇς
3056 4221 3195 4297 quid
3222 4226 3291 4274 sit
3314 4221 3452 4297 dies.
3481 4220 3576 4276 Sic

1968 4289 2150 4347 autem
2184 4292 2369 4361 legunt
2393 4289 2536 4345 Vatt.
2566 4291 2699 4360 duo,
2734 4289 2952 4345 Flor-Cet
2976 4289 3133 4358 Urb},
3163 4292 3443 4361 quomodo
3475 4309 3577 4346 nos

1972 4362 2284 4488 ediditlpns;
2338 4363 2513 4432 iisque
2543 4363 2760 4419 accedit
2786 4361 2912 4418 cod.
2975 4362 3142 4418 etiam
3175 4362 3390 4420 Octavii
3435 4362 3577 4417 Pan-

1975 4443 2122 4488 ῑεαειι
2167 4451 2204 4488 l.

1975 4434 2204 4493 lattathi.

2032 4452 2344 4563 ῆίὶὲῗέίηιδε.
2378 4514 2489 4561 tres
2520 4505 2688 4562 codd.
2714 4505 2882 4575 Editi,
2926 4506 3281 4577 isttenuptiar.

2055 4579 2066 4616 ί
2105 4579 2276 4634 Editt.
2307 4578 2503 4633 Colon.
2540 4578 2825 4649 et'Lugd.,
2859 4579 3029 4647 male,
3055 4575 3297 4646 repudiat
3321 4578 3383 4633 ob
3412 4575 3584 4633 ὶάοιοο

1978 4652 2146 4725 (atria:
2175 4650 2496 4725 adulterium
2515 4648 2725 4725 plebem
2745 4649 3050 4725 Iudaicam.
3096 4651 3304 4715 Paris.,
3348 4651 3589 4725 repudiat

1980 4724 2040 4778 ob
2065 4723 2377 4797 idololatria:
2397 4719 2717 4797 adulterium
2741 4725 2887 4797 plebe
2914 4720 3141 4779 Iudaica
3164 4739 3184 4779 :
3224 4739 3347 4794 qua:
3393 4719 3585 4797 genui-

1981 4811 2064 4851 nae
2096 4795 2315 4849 lectioni
2372 4793 2595 4865 propius
2635 4793 2867 4852 accedit.
2924 4797 3108 4854 Secuti
3156 4793 3342 4853 autem
3393 4793 3585 4854 sumus

1980 4867 2361 4923 auctoritatem
2391 4873 2566 4934 mss.',
2603 4869 2858 4938 quamvis
2878 4869 3239 4938 expungendo
3270 4879 3378 4925 tam
3411 4871 3587 4927 mani-

1982 4939 2125 4994 festo
2159 4939 2335 4993 errori
2363 4952 2471 4994 non
2501 4950 2648 4994 esset
2687 4943 3023 4997 necessaria.
3058 4939 3128 4996 Et
3155 4944 3241 4997 hic
3282 4941 3432 5000 Flor.
3458 4943 3583 4998 cod.

1983 5018 2299 5066 constanter
2328 5010 2525 5066 retinet
2556 5010 2841 5078 idolatriw,
2892 5019 2951 5067 ut
2989 5013 3153 5071 etiam
3210 5014 3348 5071 liber
3389 5016 3587 5071 Panta-

1985 5081 2155 5157 gathi,
2195 5080 2332 5157 Vide
2379 5096 2522 5157 quat
2553 5084 2878 5157 notavimus
2914 5100 3079 5157 supra
3135 5087 3189 5141 in
3235 5086 3400 5142 Prml‘.
3442 5085 3587 5143 Gau-

1987 5151 2157 5210 dentii
2188 5152 2256 5206 ad
2297 5151 2643 5224 Benivolum,
2696 5170 2749 5224 p.
2780 5154 2909 5210 221.

2067 5225 2080 5276 i
2110 5224 2167 5301 |_n
2196 5239 2299 5278 ms.
2333 5223 2681 5301 Pantagathi,
2700 5223 2833 5296 ejus
2859 5243 3048 5295 manu,
3079 5245 3177 5301 pro
3211 5229 3351 5284 omni
3385 5245 3586 5301 genere,

1990 5297 2136 5370 quod
2168 5310 2393 5372 prorsus
2419 5295 2664 5372 ineptum
2691 5295 2795 5372 est,
2839 5295 3124 5372 reponitur
3152 5295 3481 5372 amnigen'te;
3512 5295 3595 5355 id-

1993 5367 2099 5439 que
2128 5367 2353 5423 omnino
2384 5367 2643 5443 placeret,
2688 5369 2734 5425 si
2764 5367 2957 5429 Latine
2982 5374 3261 5443 omnigena
3291 5367 3592 5443 diceretur,

1996 5458 2103 5516 non
2128 5456 2258 5495 vero
2284 5441 2714 5516 on_migenue_,_ut_
2730 5445 2979 5516 exempla
3021 5461 3087 5501 ex
3117 5441 3390 5516 Lucretio,
3418 5441 3596 5499 Gellio

1996 5512 2237 5588 aliisque
2254 5512 2419 5588 petita
2435 5511 2590 5581 apud
2615 5511 3031 5588 lexicographos
3054 5515 3382 5588 OSIendunt;
3406 5530 3598 5586 quam-

1998 5586 2081 5659 vis
2110 5584 2605 5659 et__intligena,‘_e_t
2655 5584 2952 5659 alienigena
2994 5589 3157 5644 etiam
3215 5584 3599 5659 Latinajverba

2001 5654 2133 5730 sint.
2164 5654 2456 5730 Verbigena
2482 5654 2619 5730 dixit
2649 5654 3002 5724 Prudentius,
3031 5659 3371 5730 Catltemer.,
3405 5657 3593 5730 hymn.

2002 5727 2267 5803 5_,_2;__et
2319 5727 2666 5798 Christigena,
2723 5730 3024 5803 Hamartig.
3070 5727 3520 5803 789.77Nubige'na
3554 5741 3601 5790 et

2007 5799 2328 5873 thbigena
2346 5810 2638 5857 occurrunt
2667 5802 2811 5873 apud
2831 5799 3140 5874 Virgilium,
3167 5802 3298 5861 En.
3327 5799 3425 5863 vri.
