  <div class='ocr_page' id='page_1' title='image "/cluster/home/n/w/nwhite01/storage/ocr_20150623/20/hvd.32044015471352/463.png"; bbox 0 0 4070 6346; ppageno 0'>
   <div class='ocr_carea' id='block_1_1' title="bbox 523 309 624 371">
    <p class='ocr_par' dir='ltr' id='par_1_1' title="bbox 523 309 624 371">
     <span class='ocr_line' id='line_1_1' title="bbox 523 309 624 371; baseline -0.03 0"><span class='ocrx_word' id='word_1_1' title='bbox 523 309 624 371; x_wconf 81' lang='lat' dir='ltr'><strong><em>9H</em></strong></span> 
     </span>
    </p>
   </div>
   <div class='ocr_carea' id='block_1_2' title="bbox 1607 285 2739 357">
    <p class='ocr_par' dir='ltr' id='par_1_2' title="bbox 1607 285 2739 357">
     <span class='ocr_line' id='line_1_2' title="bbox 1607 285 2739 357; baseline -0.007 0"><span class='ocrx_word' id='word_1_2' title='bbox 1607 298 1666 357; x_wconf 90' lang='lat' dir='ltr'><strong><em>S.</em></strong></span> <span class='ocrx_word' id='word_1_3' title='bbox 1707 285 2085 356; x_wconf 78' lang='lat' dir='ltr'><strong><em>GAUDENTII</em></strong></span> <span class='ocrx_word' id='word_1_4' title='bbox 2128 287 2388 350; x_wconf 73' lang='lat' dir='ltr'><strong><em>BRletE</em></strong></span> <span class='ocrx_word' id='word_1_5' title='bbox 2428 291 2739 353; x_wconf 81' lang='lat' dir='ltr'><strong><em>EPISCOPI</em></strong></span> 
     </span>
    </p>
   </div>
   <div class='ocr_carea' id='block_1_3' title="bbox 3723 287 3821 348">
    <p class='ocr_par' dir='ltr' id='par_1_3' title="bbox 3723 287 3821 348">
     <span class='ocr_line' id='line_1_3' title="bbox 3723 287 3821 348; baseline 0 0"><span class='ocrx_word' id='word_1_6' title='bbox 3723 287 3821 348; x_wconf 73' lang='grc' dir='ltr'><strong><em>9η</em></strong></span> 
     </span>
    </p>
   </div>
   <div class='ocr_carea' id='block_1_4' title="bbox 520 404 3821 494">
    <p class='ocr_par' dir='ltr' id='par_1_4' title="bbox 520 404 3821 494">
     <span class='ocr_line' id='line_1_4' title="bbox 520 404 3821 494; baseline -0.006 -15"><span class='ocrx_word' id='word_1_7' title='bbox 520 423 713 494; x_wconf 84' lang='lat' dir='ltr'><strong><em>gelista</em></strong></span> <span class='ocrx_word' id='word_1_8' title='bbox 743 427 973 475; x_wconf 77' lang='lat' dir='ltr'><strong><em>testatur</em></strong></span> <span class='ocrx_word' id='word_1_9' title='bbox 1000 437 1012 474; x_wconf 88' lang='lat'><strong>:</strong></span> <span class='ocrx_word' id='word_1_10' title='bbox 1038 416 1293 488; x_wconf 73' lang='lat' dir='ltr'><strong><em>Prtzcepit</em></strong></span> <span class='ocrx_word' id='word_1_11' title='bbox 1321 416 1394 470; x_wconf 90' lang='lat' dir='ltr'><strong><em>eis</em></strong></span> <span class='ocrx_word' id='word_1_12' title='bbox 1420 431 1482 468; x_wconf 90' lang='lat' dir='ltr'><strong><em>ne</em></strong></span> <span class='ocrx_word' id='word_1_13' title='bbox 1510 412 1573 467; x_wconf 93' lang='lat' dir='ltr'><strong><em>ab</em></strong></span> <span class='ocrx_word' id='word_1_14' title='bbox 1606 411 1984 481; x_wconf 76' lang='lat' dir='ltr'><strong><em>Hierosolymis</em></strong></span> <span class='ocrx_word' id='word_1_15' title='bbox 2011 411 2120 463; x_wconf 89' lang='lat' dir='ltr'><strong><em>dis-</em></strong></span> <span class='ocrx_word' id='word_1_16' title='bbox 2145 421 2201 481; x_wconf 74' lang='grc' dir='ltr'>Α</span> <span class='ocrx_word' id='word_1_17' title='bbox 2225 413 2404 467; x_wconf 90' lang='lat' dir='ltr'><strong><em>minus</em></strong></span> <span class='ocrx_word' id='word_1_18' title='bbox 2431 411 2615 477; x_wconf 89' lang='lat' dir='ltr'><strong><em>Jesus,</em></strong></span> <span class='ocrx_word' id='word_1_19' title='bbox 2648 409 2832 465; x_wconf 90' lang='lat' dir='ltr'><strong><em>dando</em></strong></span> <span class='ocrx_word' id='word_1_20' title='bbox 2863 407 3129 480; x_wconf 74' lang='lat' dir='ltr'><strong><em>Spiritum</em></strong></span> <span class='ocrx_word' id='word_1_21' title='bbox 3179 406 3437 464; x_wconf 87' lang='lat' dir='ltr'><strong><em>Sanctum</em></strong></span> <span class='ocrx_word' id='word_1_22' title='bbox 3470 405 3525 462; x_wconf 90' lang='lat' dir='ltr'><strong><em>in</em></strong></span> <span class='ocrx_word' id='word_1_23' title='bbox 3573 404 3821 462; x_wconf 78' lang='lat' dir='ltr'><strong><em>cordibus</em></strong></span> 
     </span>
    </p>
   </div>
   <div class='ocr_carea' id='block_1_5' title="bbox 526 502 2126 583">
    <p class='ocr_par' dir='ltr' id='par_1_5' title="bbox 526 502 2126 583">
     <span class='ocr_line' id='line_1_5' title="bbox 526 502 2126 583; baseline -0.011 -12"><span class='ocrx_word' id='word_1_24' title='bbox 526 517 784 578; x_wconf 77' lang='lat' dir='ltr'><strong><em>cederent,</em></strong></span> <span class='ocrx_word' id='word_1_25' title='bbox 815 514 904 567; x_wconf 89' lang='lat' dir='ltr'><strong><em>sed</em></strong></span> <span class='ocrx_word' id='word_1_26' title='bbox 935 519 1285 583; x_wconf 76' lang='lat' dir='ltr'><strong><em>exspectarent</em></strong></span> <span class='ocrx_word' id='word_1_27' title='bbox 1334 508 1646 578; x_wconf 83' lang='lat' dir='ltr'><strong><em>promissum</em></strong></span> <span class='ocrx_word' id='word_1_28' title='bbox 1677 503 1878 570; x_wconf 87' lang='lat' dir='ltr'><strong><em>Patris,</em></strong></span> <span class='ocrx_word' id='word_1_29' title='bbox 1925 502 2064 572; x_wconf 81' lang='lat' dir='ltr'><strong><em>quod</em></strong></span> <span class='ocrx_word' id='word_1_30' title='bbox 2093 516 2126 553; x_wconf 91' lang='lat' dir='ltr'><strong><em>a</em></strong></span> 
     </span>
    </p>
   </div>
   <div class='ocr_carea' id='block_1_6' title="bbox 528 593 2128 676">
    <p class='ocr_par' dir='ltr' id='par_1_6' title="bbox 528 593 2128 676">
     <span class='ocr_line' id='line_1_6' title="bbox 528 593 2128 676; baseline -0.011 -12"><span class='ocrx_word' id='word_1_31' title='bbox 528 625 610 664; x_wconf 90' lang='lat' dir='ltr'><strong><em>me</em></strong></span> <span class='ocrx_word' id='word_1_32' title='bbox 652 608 900 672; x_wconf 77' lang='lat' dir='ltr'><strong><em>audistis,</em></strong></span> <span class='ocrx_word' id='word_1_33' title='bbox 944 606 1144 676; x_wconf 79' lang='lat' dir='ltr'><strong><em>inquit;</em></strong></span> <span class='ocrx_word' id='word_1_34' title='bbox 1175 604 1295 674; x_wconf 87' lang='lat' dir='ltr'><strong><em>quia</em></strong></span> <span class='ocrx_word' id='word_1_35' title='bbox 1336 601 1568 655; x_wconf 85' lang='lat' dir='ltr'><strong><em>Joannes</em></strong></span> <span class='ocrx_word' id='word_1_36' title='bbox 1597 597 1806 669; x_wconf 87' lang='lat' dir='ltr'><strong><em>quidem</em></strong></span> <span class='ocrx_word' id='word_1_37' title='bbox 1849 593 2128 666; x_wconf 80' lang='lat' dir='ltr'><strong><em>baptizavit</em></strong></span> 
     </span>
    </p>
   </div>
   <div class='ocr_carea' id='block_1_7' title="bbox 529 689 2127 772">
    <p class='ocr_par' dir='ltr' id='par_1_7' title="bbox 529 689 2127 772">
     <span class='ocr_line' id='line_1_7' title="bbox 529 689 2127 772; baseline -0.011 -17"><span class='ocrx_word' id='word_1_38' title='bbox 529 717 669 772; x_wconf 90' lang='lat' dir='ltr'><strong><em>aqua</em></strong></span> <span class='ocrx_word' id='word_1_39' title='bbox 689 742 704 765; x_wconf 93' lang='lat'><strong><em>,</em></strong></span> <span class='ocrx_word' id='word_1_40' title='bbox 735 717 822 754; x_wconf 84' lang='lat' dir='ltr'><strong><em>vos</em></strong></span> <span class='ocrx_word' id='word_1_41' title='bbox 871 707 1044 752; x_wconf 90' lang='lat' dir='ltr'><strong><em>autem</em></strong></span> <span class='ocrx_word' id='word_1_42' title='bbox 1085 697 1290 767; x_wconf 74' lang='lat' dir='ltr'><strong><em>Spiritu</em></strong></span> <span class='ocrx_word' id='word_1_43' title='bbox 1321 703 1502 747; x_wconf 89' lang='lat' dir='ltr'><strong><em>sancto</em></strong></span> <span class='ocrx_word' id='word_1_44' title='bbox 1533 702 1558 728; x_wconf 67' lang='grc'><strong>³</strong></span> <span class='ocrx_word' id='word_1_45' title='bbox 1601 689 1993 762; x_wconf 76' lang='lat' dir='ltr'><strong><em>baptisabimini</em></strong></span> <span class='ocrx_word' id='word_1_46' title='bbox 2021 703 2127 741; x_wconf 86' lang='lat' dir='ltr'><strong><em>non</em></strong></span> 
     </span>
    </p>
   </div>
   <div class='ocr_carea' id='block_1_8' title="bbox 531 777 2127 864">
    <p class='ocr_par' dir='ltr' id='par_1_8' title="bbox 531 777 2127 864">
     <span class='ocr_line' id='line_1_8' title="bbox 531 777 2127 864; baseline -0.011 -15"><span class='ocrx_word' id='word_1_47' title='bbox 531 807 648 864; x_wconf 89' lang='lat' dir='ltr'><strong><em>post</em></strong></span> <span class='ocrx_word' id='word_1_48' title='bbox 667 793 856 847; x_wconf 88' lang='lat' dir='ltr'><strong><em>multos</em></strong></span> <span class='ocrx_word' id='word_1_49' title='bbox 877 792 970 845; x_wconf 86' lang='lat' dir='ltr'><strong><em>hos</em></strong></span> <span class='ocrx_word' id='word_1_50' title='bbox 1001 791 1110 844; x_wconf 84' lang='lat' dir='ltr'><strong><em>dies</em></strong></span> <span class='ocrx_word' id='word_1_51' title='bbox 1138 788 1285 857; x_wconf 84' lang='lat' dir='ltr'><strong><em>(Act.</em></strong></span> <span class='ocrx_word' id='word_1_52' title='bbox 1307 787 1382 857; x_wconf 88' lang='grc' dir='ltr'><strong><em>ι).</em></strong></span> <span class='ocrx_word' id='word_1_53' title='bbox 1416 784 1473 840; x_wconf 89' lang='lat' dir='ltr'><strong><em>ln</em></strong></span> <span class='ocrx_word' id='word_1_54' title='bbox 1501 783 1776 854; x_wconf 74' lang='lat' dir='ltr'><strong><em>Evangelii</em></strong></span> <span class='ocrx_word' id='word_1_55' title='bbox 1801 795 2020 851; x_wconf 84' lang='lat' dir='ltr'><strong><em>quoque</em></strong></span> <span class='ocrx_word' id='word_1_56' title='bbox 2043 777 2127 834; x_wconf 88' lang='lat' dir='ltr'><strong><em>sui</em></strong></span> 
     </span>
    </p>
   </div>
   <div class='ocr_carea' id='block_1_9' title="bbox 531 873 2130 949">
    <p class='ocr_par' dir='ltr' id='par_1_9' title="bbox 531 873 2130 949">
     <span class='ocr_line' id='line_1_9' title="bbox 531 873 2130 949; baseline -0.01 -6"><span class='ocrx_word' id='word_1_57' title='bbox 531 891 640 945; x_wconf 85' lang='lat' dir='ltr'><strong><em>ﬁne</em></strong></span> <span class='ocrx_word' id='word_1_58' title='bbox 663 888 735 943; x_wconf 81' lang='lat' dir='ltr'><strong><em>ita</em></strong></span> <span class='ocrx_word' id='word_1_59' title='bbox 765 885 1016 942; x_wconf 87' lang='lat' dir='ltr'><strong><em>eumdem</em></strong></span> <span class='ocrx_word' id='word_1_60' title='bbox 1048 881 1342 937; x_wconf 88' lang='lat' dir='ltr'><strong><em>Dominum</em></strong></span> <span class='ocrx_word' id='word_1_61' title='bbox 1379 880 1530 949; x_wconf 86' lang='lat' dir='ltr'><strong><em>loqui</em></strong></span> <span class='ocrx_word' id='word_1_62' title='bbox 1553 878 1618 933; x_wconf 90' lang='lat' dir='ltr'><strong><em>ad</em></strong></span> <span class='ocrx_word' id='word_1_63' title='bbox 1649 878 1798 946; x_wconf 82' lang='lat' dir='ltr'><strong><em>ipsos</em></strong></span> <span class='ocrx_word' id='word_1_64' title='bbox 1831 873 2130 946; x_wconf 79' lang='lat' dir='ltr'><strong><em>Aposmlos</em></strong></span> 
     </span>
    </p>
   </div>
   <div class='ocr_carea' id='block_1_10' title="bbox 531 967 2129 1051">
    <p class='ocr_par' dir='ltr' id='par_1_10' title="bbox 531 967 2129 1051">
     <span class='ocr_line' id='line_1_10' title="bbox 531 967 2129 1051; baseline -0.014 -11"><span class='ocrx_word' id='word_1_65' title='bbox 531 991 802 1040; x_wconf 87' lang='lat' dir='ltr'><strong><em>memorat</em></strong></span> <span class='ocrx_word' id='word_1_66' title='bbox 825 998 838 1033; x_wconf 86' lang='lat'><strong>:</strong></span> <span class='ocrx_word' id='word_1_67' title='bbox 860 978 990 1043; x_wconf 82' lang='lat' dir='ltr'><strong><em>Ecce</em></strong></span> <span class='ocrx_word' id='word_1_68' title='bbox 1009 993 1127 1051; x_wconf 79' lang='lat' dir='ltr'><strong><em>ego,</em></strong></span> <span class='ocrx_word' id='word_1_69' title='bbox 1154 977 1350 1046; x_wconf 89' lang='lat' dir='ltr'><strong><em>inquit,</em></strong></span> <span class='ocrx_word' id='word_1_70' title='bbox 1380 975 1527 1026; x_wconf 91' lang='lat' dir='ltr'><strong><em>mitto</em></strong></span> <span class='ocrx_word' id='word_1_71' title='bbox 1549 971 1944 1044; x_wconf 69' lang='lat' dir='ltr'><strong><em>p&quot;0nttsleltettt</em></strong></span> <span class='ocrx_word' id='word_1_72' title='bbox 1969 967 2129 1038; x_wconf 72' lang='lat'><strong><em>292</em></strong></span> 
     </span>
    </p>
   </div>
   <div class='ocr_carea' id='block_1_11' title="bbox 531 1059 2130 1134">
    <p class='ocr_par' dir='ltr' id='par_1_11' title="bbox 531 1059 2130 1134">
     <span class='ocr_line' id='line_1_11' title="bbox 531 1059 2130 1134; baseline -0.014 0"><span class='ocrx_word' id='word_1_73' title='bbox 531 1078 716 1134; x_wconf 89' lang='lat' dir='ltr'><strong><em>Patris</em></strong></span> <span class='ocrx_word' id='word_1_74' title='bbox 743 1076 841 1129; x_wconf 88' lang='lat' dir='ltr'><strong><em>mei</em></strong></span> <span class='ocrx_word' id='word_1_75' title='bbox 862 1075 913 1127; x_wconf 90' lang='lat' dir='ltr'><strong><em>in</em></strong></span> <span class='ocrx_word' id='word_1_76' title='bbox 942 1088 1028 1126; x_wconf 86' lang='lat' dir='ltr'><strong><em>vos</em></strong></span> <span class='ocrx_word' id='word_1_77' title='bbox 1053 1087 1070 1125; x_wconf 92' lang='lat'><strong><em>:</em></strong></span> <span class='ocrx_word' id='word_1_78' title='bbox 1093 1087 1178 1124; x_wconf 88' lang='lat' dir='ltr'><strong><em>vos</em></strong></span> <span class='ocrx_word' id='word_1_79' title='bbox 1195 1077 1371 1122; x_wconf 89' lang='lat' dir='ltr'><strong><em>autem</em></strong></span> <span class='ocrx_word' id='word_1_80' title='bbox 1398 1066 1572 1121; x_wconf 89' lang='lat' dir='ltr'><strong><em>sedete</em></strong></span> <span class='ocrx_word' id='word_1_81' title='bbox 1597 1067 1648 1119; x_wconf 90' lang='lat' dir='ltr'><strong><em>in</em></strong></span> <span class='ocrx_word' id='word_1_82' title='bbox 1675 1065 1904 1126; x_wconf 85' lang='lat' dir='ltr'><strong><em>civitate,</em></strong></span> <span class='ocrx_word' id='word_1_83' title='bbox 1929 1059 2130 1134; x_wconf 85' lang='lat' dir='ltr'><strong><em>quoad-</em></strong></span> 
     </span>
    </p>
   </div>
   <div class='ocr_carea' id='block_1_12' title="bbox 535 1154 2132 1236">
    <p class='ocr_par' dir='ltr' id='par_1_12' title="bbox 535 1154 2132 1236">
     <span class='ocr_line' id='line_1_12' title="bbox 535 1154 2132 1236; baseline -0.011 -12"><span class='ocrx_word' id='word_1_84' title='bbox 535 1185 698 1236; x_wconf 85' lang='lat' dir='ltr'><strong><em>usque</em></strong></span> <span class='ocrx_word' id='word_1_85' title='bbox 724 1165 1020 1221; x_wconf 88' lang='lat' dir='ltr'><strong><em>induamini</em></strong></span> <span class='ocrx_word' id='word_1_86' title='bbox 1063 1165 1250 1216; x_wconf 83' lang='lat' dir='ltr'><strong><em>virtute</em></strong></span> <span class='ocrx_word' id='word_1_87' title='bbox 1281 1159 1346 1213; x_wconf 89' lang='lat' dir='ltr'><strong><em>ab</em></strong></span> <span class='ocrx_word' id='word_1_88' title='bbox 1377 1159 1486 1212; x_wconf 90' lang='lat' dir='ltr'><strong><em>alto</em></strong></span> <span class='ocrx_word' id='word_1_89' title='bbox 1517 1155 1684 1230; x_wconf 85' lang='lat' dir='ltr'><strong><em>(Luc.</em></strong></span> <span class='ocrx_word' id='word_1_90' title='bbox 1717 1154 1899 1227; x_wconf 60' lang='grc' dir='ltr'><strong>μιν).</strong></span> <span class='ocrx_word' id='word_1_91' title='bbox 1931 1157 2132 1220; x_wconf 79' lang='lat' dir='ltr'><strong><em>Quam-</em></strong></span> 
     </span>
    </p>
   </div>
   <div class='ocr_carea' id='block_1_13' title="bbox 537 1245 2135 1334">
    <p class='ocr_par' dir='ltr' id='par_1_13' title="bbox 537 1245 2135 1334">
     <span class='ocr_line' id='line_1_13' title="bbox 537 1245 2135 1334; baseline -0.013 -17"><span class='ocrx_word' id='word_1_92' title='bbox 537 1277 700 1334; x_wconf 85' lang='lat' dir='ltr'><strong><em>quam</em></strong></span> <span class='ocrx_word' id='word_1_93' title='bbox 731 1274 862 1328; x_wconf 87' lang='lat' dir='ltr'><strong><em>ergo</em></strong></span> <span class='ocrx_word' id='word_1_94' title='bbox 889 1257 1100 1312; x_wconf 88' lang='lat' dir='ltr'><strong><em>nesciat</em></strong></span> <span class='ocrx_word' id='word_1_95' title='bbox 1131 1251 1540 1308; x_wconf 86' lang='lat' dir='ltr'><strong><em>architriclmus</em></strong></span> <span class='ocrx_word' id='word_1_96' title='bbox 1571 1249 1808 1320; x_wconf 80' lang='lat' dir='ltr'><strong><em>Moyses,</em></strong></span> <span class='ocrx_word' id='word_1_97' title='bbox 1840 1263 1904 1302; x_wconf 83' lang='lat' dir='ltr'><strong><em>ex</em></strong></span> <span class='ocrx_word' id='word_1_98' title='bbox 1940 1245 2135 1316; x_wconf 88' lang='lat' dir='ltr'><strong><em>Bapti—</em></strong></span> 
     </span>
    </p>
   </div>
   <div class='ocr_carea' id='block_1_14' title="bbox 532 1343 2131 1416">
    <p class='ocr_par' dir='ltr' id='par_1_14' title="bbox 532 1343 2131 1416">
     <span class='ocr_line' id='line_1_14' title="bbox 532 1343 2131 1416; baseline -0.009 -5"><span class='ocrx_word' id='word_1_99' title='bbox 532 1355 722 1411; x_wconf 87' lang='lat' dir='ltr'><strong><em>smatis</em></strong></span> <span class='ocrx_word' id='word_1_100' title='bbox 764 1351 909 1406; x_wconf 82' lang='lat' dir='ltr'><strong><em>dono</em></strong></span> <span class='ocrx_word' id='word_1_101' title='bbox 942 1360 1147 1404; x_wconf 88' lang='lat' dir='ltr'><strong><em>tantam</em></strong></span> <span class='ocrx_word' id='word_1_102' title='bbox 1181 1347 1415 1416; x_wconf 75' lang='lat' dir='ltr'><strong><em>gratiam</em></strong></span> <span class='ocrx_word' id='word_1_103' title='bbox 1463 1344 1629 1398; x_wconf 83' lang='lat' dir='ltr'><strong><em>luisse</em></strong></span> <span class='ocrx_word' id='word_1_104' title='bbox 1655 1343 1936 1404; x_wconf 89' lang='lat' dir='ltr'><strong><em>collatam,</em></strong></span> <span class='ocrx_word' id='word_1_105' title='bbox 1969 1358 2131 1412; x_wconf 88' lang='lat' dir='ltr'><strong><em>quant</em></strong></span> 
     </span>
    </p>
   </div>
   <div class='ocr_carea' id='block_1_15' title="bbox 487 1434 2133 1518">
    <p class='ocr_par' dir='ltr' id='par_1_15' title="bbox 487 1434 2133 1518">
     <span class='ocr_line' id='line_1_15' title="bbox 487 1434 2133 1518; baseline -0.012 -10"><span class='ocrx_word' id='word_1_106' title='bbox 487 1503 493 1508; x_wconf 85' lang='lat'><strong><em>.</em></strong></span> <span class='ocrx_word' id='word_1_107' title='bbox 529 1466 636 1506; x_wconf 90' lang='lat' dir='ltr'><strong><em>non</em></strong></span> <span class='ocrx_word' id='word_1_108' title='bbox 668 1446 995 1518; x_wconf 75' lang='lat' dir='ltr'><strong><em>ignorabant</em></strong></span> <span class='ocrx_word' id='word_1_109' title='bbox 1028 1441 1301 1513; x_wconf 84' lang='lat' dir='ltr'><strong><em>Apostoli,</em></strong></span> <span class='ocrx_word' id='word_1_110' title='bbox 1347 1443 1438 1510; x_wconf 87' lang='lat' dir='ltr'><strong>qui</strong></span> <span class='ocrx_word' id='word_1_111' title='bbox 1489 1439 1712 1492; x_wconf 78' lang='lat' dir='ltr'><strong><em>luerunt</em></strong></span> <span class='ocrx_word' id='word_1_112' title='bbox 1745 1434 1982 1490; x_wconf 81' lang='lat' dir='ltr'><strong><em>ministri</em></strong></span> <span class='ocrx_word' id='word_1_113' title='bbox 2011 1449 2133 1492; x_wconf 87' lang='lat' dir='ltr'><strong><em>ser-</em></strong></span> 
     </span>
    </p>
   </div>
   <div class='ocr_carea' id='block_1_16' title="bbox 528 1529 2138 1604">
    <p class='ocr_par' dir='ltr' id='par_1_16' title="bbox 528 1529 2138 1604">
     <span class='ocr_line' id='line_1_16' title="bbox 528 1529 2138 1604; baseline -0.008 -7"><span class='ocrx_word' id='word_1_114' title='bbox 528 1543 738 1604; x_wconf 80' lang='lat' dir='ltr'><strong><em>monis;</em></strong></span> <span class='ocrx_word' id='word_1_115' title='bbox 763 1539 790 1577; x_wconf 75' lang='grc' dir='ltr'>δ</span> <span class='ocrx_word' id='word_1_116' title='bbox 823 1539 1126 1593; x_wconf 83' lang='lat' dir='ltr'><strong><em>admiratus</em></strong></span> <span class='ocrx_word' id='word_1_117' title='bbox 1159 1545 1342 1589; x_wconf 88' lang='lat' dir='ltr'><strong><em>tamen</em></strong></span> <span class='ocrx_word' id='word_1_118' title='bbox 1371 1547 1626 1601; x_wconf 78' lang='lat' dir='ltr'><strong><em>Saporem</em></strong></span> <span class='ocrx_word' id='word_1_119' title='bbox 1683 1529 1928 1598; x_wconf 75' lang='lat' dir='ltr'><strong><em>Spiritus</em></strong></span> <span class='ocrx_word' id='word_1_120' title='bbox 1958 1529 2138 1584; x_wconf 83' lang='lat' dir='ltr'><strong><em>sancti</em></strong></span> 
     </span>
    </p>
   </div>
   <div class='ocr_carea' id='block_1_17' title="bbox 532 1623 2138 1707">
    <p class='ocr_par' dir='ltr' id='par_1_17' title="bbox 532 1623 2138 1707">
     <span class='ocr_line' id='line_1_17' title="bbox 532 1623 2138 1707; baseline -0.008 -16"><span class='ocrx_word' id='word_1_121' title='bbox 532 1634 744 1707; x_wconf 82' lang='lat' dir='ltr'><strong><em>bydriis</em></strong></span> <span class='ocrx_word' id='word_1_122' title='bbox 790 1633 972 1686; x_wconf 73' lang='lat' dir='ltr'><strong><em>inesse</em></strong></span> <span class='ocrx_word' id='word_1_123' title='bbox 1001 1627 1326 1693; x_wconf 83' lang='lat' dir='ltr'><strong><em>Gentilium,</em></strong></span> <span class='ocrx_word' id='word_1_124' title='bbox 1374 1625 1559 1680; x_wconf 92' lang='lat' dir='ltr'><strong><em>laudat</em></strong></span> <span class='ocrx_word' id='word_1_125' title='bbox 1585 1630 1769 1695; x_wconf 90' lang='lat' dir='ltr'><strong><em>sponsi</em></strong></span> <span class='ocrx_word' id='word_1_126' title='bbox 1816 1623 2138 1678; x_wconf 79' lang='lat' dir='ltr'><strong><em>muniﬁcen-</em></strong></span> 
     </span>
    </p>
   </div>
   <div class='ocr_carea' id='block_1_18' title="bbox 532 1714 2136 1797">
    <p class='ocr_par' dir='ltr' id='par_1_18' title="bbox 532 1714 2136 1797">
     <span class='ocr_line' id='line_1_18' title="bbox 532 1714 2136 1797; baseline -0.009 -15"><span class='ocrx_word' id='word_1_127' title='bbox 532 1730 688 1794; x_wconf 88' lang='lat' dir='ltr'><strong><em>tiam,</em></strong></span> <span class='ocrx_word' id='word_1_128' title='bbox 717 1727 809 1797; x_wconf 89' lang='lat' dir='ltr'><strong><em>qui</em></strong></span> <span class='ocrx_word' id='word_1_129' title='bbox 841 1723 949 1778; x_wconf 90' lang='lat' dir='ltr'><strong><em>tale</em></strong></span> <span class='ocrx_word' id='word_1_130' title='bbox 986 1725 1172 1775; x_wconf 89' lang='lat' dir='ltr'><strong><em>viuum</em></strong></span> <span class='ocrx_word' id='word_1_131' title='bbox 1205 1719 1518 1775; x_wconf 83' lang='lat' dir='ltr'><strong><em>servaverit</em></strong></span> <span class='ocrx_word' id='word_1_132' title='bbox 1547 1716 1836 1773; x_wconf 76' lang='lat' dir='ltr'><strong><em>Gentibus.</em></strong></span> <span class='ocrx_word' id='word_1_133' title='bbox 1867 1714 2024 1782; x_wconf 86' lang='lat' dir='ltr'><strong><em>Quod</em></strong></span> <span class='ocrx_word' id='word_1_134' title='bbox 2057 1714 2136 1769; x_wconf 80' lang='lat' dir='ltr'><strong><em>vi-</em></strong></span> 
     </span>
    </p>
   </div>
   <div class='ocr_carea' id='block_1_19' title="bbox 2232 497 3825 573">
    <p class='ocr_par' dir='ltr' id='par_1_19' title="bbox 2232 497 3825 573">
     <span class='ocr_line' id='line_1_19' title="bbox 2232 497 3825 573; baseline -0.004 -13"><span class='ocrx_word' id='word_1_135' title='bbox 2232 505 2456 568; x_wconf 87' lang='lat' dir='ltr'><strong><em>nostris,</em></strong></span> <span class='ocrx_word' id='word_1_136' title='bbox 2484 513 2681 558; x_wconf 57' lang='lat' dir='ltr'><strong><em>caetera</em></strong></span> <span class='ocrx_word' id='word_1_137' title='bbox 2711 517 2931 573; x_wconf 83' lang='lat' dir='ltr'><strong><em>quoque</em></strong></span> <span class='ocrx_word' id='word_1_138' title='bbox 2963 501 3015 556; x_wconf 91' lang='lat' dir='ltr'><strong><em>in</em></strong></span> <span class='ocrx_word' id='word_1_139' title='bbox 3047 501 3203 555; x_wconf 89' lang='lat' dir='ltr'><strong><em>nobis</em></strong></span> <span class='ocrx_word' id='word_1_140' title='bbox 3244 500 3488 571; x_wconf 86' lang='lat' dir='ltr'><strong><em>perliciat</em></strong></span> <span class='ocrx_word' id='word_1_141' title='bbox 3535 497 3688 568; x_wconf 79' lang='lat' dir='ltr'><strong><em>signa</em></strong></span> <span class='ocrx_word' id='word_1_142' title='bbox 3726 499 3825 553; x_wconf 90' lang='lat' dir='ltr'><strong><em>vir-</em></strong></span> 
     </span>
    </p>
   </div>
   <div class='ocr_carea' id='block_1_20' title="bbox 2231 591 3825 665">
    <p class='ocr_par' dir='ltr' id='par_1_20' title="bbox 2231 591 3825 665">
     <span class='ocr_line' id='line_1_20' title="bbox 2231 591 3825 665; baseline -0.005 -11"><span class='ocrx_word' id='word_1_143' title='bbox 2231 607 2408 654; x_wconf 85' lang='lat' dir='ltr'><strong><em>tutum</em></strong></span> <span class='ocrx_word' id='word_1_144' title='bbox 2436 613 2451 663; x_wconf 92' lang='lat'><strong><em>;</em></strong></span> <span class='ocrx_word' id='word_1_145' title='bbox 2483 595 2576 651; x_wconf 87' lang='lat' dir='ltr'><strong><em>alii</em></strong></span> <span class='ocrx_word' id='word_1_146' title='bbox 2606 596 2763 650; x_wconf 89' lang='lat' dir='ltr'><strong><em>datur</em></strong></span> <span class='ocrx_word' id='word_1_147' title='bbox 2793 597 2928 650; x_wconf 90' lang='lat' dir='ltr'><strong><em>enim</em></strong></span> <span class='ocrx_word' id='word_1_148' title='bbox 2967 611 3134 650; x_wconf 89' lang='lat' dir='ltr'><strong><em>sermo</em></strong></span> <span class='ocrx_word' id='word_1_149' title='bbox 3174 595 3469 665; x_wconf 70' lang='lat' dir='ltr'><strong><em>sapientiae,</em></strong></span> <span class='ocrx_word' id='word_1_150' title='bbox 3504 591 3600 646; x_wconf 84' lang='lat' dir='ltr'><strong><em>alii</em></strong></span> <span class='ocrx_word' id='word_1_151' title='bbox 3628 592 3825 647; x_wconf 83' lang='lat' dir='ltr'><strong><em>verbum</em></strong></span> 
     </span>
    </p>
   </div>
   <div class='ocr_carea' id='block_1_21' title="bbox 2231 686 3826 760">
    <p class='ocr_par' dir='ltr' id='par_1_21' title="bbox 2231 686 3826 760">
     <span class='ocr_line' id='line_1_21' title="bbox 2231 686 3826 760; baseline -0.006 -12"><span class='ocrx_word' id='word_1_152' title='bbox 2231 694 2459 748; x_wconf 70' lang='lat' dir='ltr'><strong><em>scientiae</em></strong></span> <span class='ocrx_word' id='word_1_153' title='bbox 2481 691 2771 746; x_wconf 89' lang='lat' dir='ltr'><strong><em>secundum</em></strong></span> <span class='ocrx_word' id='word_1_154' title='bbox 2791 691 3030 747; x_wconf 86' lang='lat' dir='ltr'><strong><em>eumdem</em></strong></span> <span class='ocrx_word' id='word_1_155' title='bbox 3059 688 3319 760; x_wconf 79' lang='lat' dir='ltr'><strong><em>Spiritum</em></strong></span> <span class='ocrx_word' id='word_1_156' title='bbox 3343 705 3361 742; x_wconf 92' lang='lat'><em>:</em></span> <span class='ocrx_word' id='word_1_157' title='bbox 3382 687 3481 740; x_wconf 84' lang='lat' dir='ltr'><strong><em>alii</em></strong></span> <span class='ocrx_word' id='word_1_158' title='bbox 3511 686 3646 755; x_wconf 83' lang='lat' dir='ltr'><strong><em>ﬁdes</em></strong></span> <span class='ocrx_word' id='word_1_159' title='bbox 3671 686 3726 739; x_wconf 89' lang='lat' dir='ltr'><strong><em>in</em></strong></span> <span class='ocrx_word' id='word_1_160' title='bbox 3745 701 3826 739; x_wconf 85' lang='lat' dir='ltr'><strong><em>eo-</em></strong></span> 
     </span>
    </p>
   </div>
   <div class='ocr_carea' id='block_1_22' title="bbox 2233 782 3830 859">
    <p class='ocr_par' dir='ltr' id='par_1_22' title="bbox 2233 782 3830 859">
     <span class='ocr_line' id='line_1_22' title="bbox 2233 782 3830 859; baseline -0.004 -18"><span class='ocrx_word' id='word_1_161' title='bbox 2233 788 2349 842; x_wconf 89' lang='lat' dir='ltr'><strong><em>dem</em></strong></span> <span class='ocrx_word' id='word_1_162' title='bbox 2382 787 2587 859; x_wconf 83' lang='lat' dir='ltr'><strong><em>Spiritu</em></strong></span> <span class='ocrx_word' id='word_1_163' title='bbox 2611 803 2630 841; x_wconf 88' lang='lat'><em>:</em></span> <span class='ocrx_word' id='word_1_164' title='bbox 2658 784 2676 823; x_wconf 78' lang='grc' dir='ltr'><strong>ί</strong></span> <span class='ocrx_word' id='word_1_165' title='bbox 2701 785 2794 840; x_wconf 84' lang='lat' dir='ltr'><strong><em>alii</em></strong></span> <span class='ocrx_word' id='word_1_166' title='bbox 2821 787 3022 840; x_wconf 88' lang='lat' dir='ltr'><strong><em>sanitas</em></strong></span> <span class='ocrx_word' id='word_1_167' title='bbox 3045 785 3097 838; x_wconf 90' lang='lat' dir='ltr'><strong><em>in</em></strong></span> <span class='ocrx_word' id='word_1_168' title='bbox 3125 800 3228 838; x_wconf 89' lang='lat' dir='ltr'><strong><em>uno</em></strong></span> <span class='ocrx_word' id='word_1_169' title='bbox 3257 783 3466 855; x_wconf 81' lang='lat' dir='ltr'><strong><em>Spiritu</em></strong></span> <span class='ocrx_word' id='word_1_170' title='bbox 3491 798 3510 836; x_wconf 93' lang='lat'><strong><em>:</em></strong></span> <span class='ocrx_word' id='word_1_171' title='bbox 3528 782 3624 836; x_wconf 85' lang='lat' dir='ltr'><strong><em>alii</em></strong></span> <span class='ocrx_word' id='word_1_172' title='bbox 3655 797 3830 850; x_wconf 62' lang='lat' dir='ltr'><strong><em>opera»</em></strong></span> 
     </span>
    </p>
   </div>
   <div class='ocr_carea' id='block_1_23' title="bbox 2232 875 3826 947">
    <p class='ocr_par' dir='ltr' id='par_1_23' title="bbox 2232 875 3826 947">
     <span class='ocr_line' id='line_1_23' title="bbox 2232 875 3826 947; baseline -0.003 -14"><span class='ocrx_word' id='word_1_173' title='bbox 2232 880 2304 933; x_wconf 87' lang='lat' dir='ltr'><strong><em>tio</em></strong></span> <span class='ocrx_word' id='word_1_174' title='bbox 2335 880 2560 947; x_wconf 85' lang='lat' dir='ltr'><strong><em>virtutis,</em></strong></span> <span class='ocrx_word' id='word_1_175' title='bbox 2583 878 2680 932; x_wconf 84' lang='lat' dir='ltr'><strong><em>alii</em></strong></span> <span class='ocrx_word' id='word_1_176' title='bbox 2706 879 2952 932; x_wconf 81' lang='lat' dir='ltr'><strong><em>discretio</em></strong></span> <span class='ocrx_word' id='word_1_177' title='bbox 2975 878 3274 946; x_wconf 87' lang='lat' dir='ltr'><strong><em>spirituum.</em></strong></span> <span class='ocrx_word' id='word_1_178' title='bbox 3303 875 3466 947; x_wconf 74' lang='lat'><strong><em>263</em></strong></span> <span class='ocrx_word' id='word_1_179' title='bbox 3487 875 3582 928; x_wconf 88' lang='lat' dir='ltr'><strong><em>alii</em></strong></span> <span class='ocrx_word' id='word_1_180' title='bbox 3609 877 3826 943; x_wconf 81' lang='lat' dir='ltr'><strong><em>prop/te-</em></strong></span> 
     </span>
    </p>
   </div>
   <div class='ocr_carea' id='block_1_24' title="bbox 2233 969 3829 1044">
    <p class='ocr_par' dir='ltr' id='par_1_24' title="bbox 2233 969 3829 1044">
     <span class='ocr_line' id='line_1_24' title="bbox 2233 969 3829 1044; baseline -0.002 -17"><span class='ocrx_word' id='word_1_181' title='bbox 2233 976 2327 1043; x_wconf 90' lang='lat' dir='ltr'><strong><em>tia,</em></strong></span> <span class='ocrx_word' id='word_1_182' title='bbox 2350 974 2442 1028; x_wconf 88' lang='lat' dir='ltr'><strong><em>alii</em></strong></span> <span class='ocrx_word' id='word_1_183' title='bbox 2465 990 2581 1044; x_wconf 86' lang='lat' dir='ltr'><strong><em>gem</em></strong></span> <span class='ocrx_word' id='word_1_184' title='bbox 2595 988 2657 1026; x_wconf 90' lang='lat' dir='ltr'><strong><em>ra</em></strong></span> <span class='ocrx_word' id='word_1_185' title='bbox 2680 971 3006 1043; x_wconf 84' lang='lat' dir='ltr'><strong><em>linguarum,</em></strong></span> <span class='ocrx_word' id='word_1_186' title='bbox 3025 970 3115 1024; x_wconf 84' lang='lat' dir='ltr'><strong><em>alii</em></strong></span> <span class='ocrx_word' id='word_1_187' title='bbox 3141 969 3500 1038; x_wconf 88' lang='lat' dir='ltr'><strong><em>interpretatio</em></strong></span> <span class='ocrx_word' id='word_1_188' title='bbox 3519 984 3829 1024; x_wconf 83' lang='lat' dir='ltr'><strong><em>sermonum.</em></strong></span> 
     </span>
    </p>
   </div>
   <div class='ocr_carea' id='block_1_25' title="bbox 2234 1061 3828 1133">
    <p class='ocr_par' dir='ltr' id='par_1_25' title="bbox 2234 1061 3828 1133">
     <span class='ocr_line' id='line_1_25' title="bbox 2234 1061 3828 1133; baseline -0.003 -13"><span class='ocrx_word' id='word_1_189' title='bbox 2234 1065 2364 1121; x_wconf 64' lang='lat' dir='ltr'><strong><em>Haec</em></strong></span> <span class='ocrx_word' id='word_1_190' title='bbox 2409 1077 2582 1119; x_wconf 90' lang='lat' dir='ltr'><strong><em>autem</em></strong></span> <span class='ocrx_word' id='word_1_191' title='bbox 2616 1069 2790 1119; x_wconf 89' lang='lat' dir='ltr'><strong><em>omnia</em></strong></span> <span class='ocrx_word' id='word_1_192' title='bbox 2839 1072 3089 1133; x_wconf 81' lang='lat' dir='ltr'><strong><em>operatur</em></strong></span> <span class='ocrx_word' id='word_1_193' title='bbox 3139 1080 3274 1117; x_wconf 90' lang='lat' dir='ltr'><strong><em>unus</em></strong></span> <span class='ocrx_word' id='word_1_194' title='bbox 3305 1073 3353 1118; x_wconf 91' lang='lat' dir='ltr'><strong><em>et</em></strong></span> <span class='ocrx_word' id='word_1_195' title='bbox 3383 1062 3524 1114; x_wconf 91' lang='lat' dir='ltr'><strong><em>idem</em></strong></span> <span class='ocrx_word' id='word_1_196' title='bbox 3577 1061 3828 1129; x_wconf 85' lang='lat' dir='ltr'><strong><em>Spiritus,</em></strong></span> 
     </span>
    </p>
   </div>
   <div class='ocr_carea' id='block_1_26' title="bbox 2236 1153 3831 1228">
    <p class='ocr_par' dir='ltr' id='par_1_26' title="bbox 2236 1153 3831 1228">
     <span class='ocr_line' id='line_1_26' title="bbox 2236 1153 3831 1228; baseline -0.003 -16"><span class='ocrx_word' id='word_1_197' title='bbox 2236 1157 2470 1212; x_wconf 79' lang='lat' dir='ltr'><strong><em>dividens</em></strong></span> <span class='ocrx_word' id='word_1_198' title='bbox 2509 1159 2786 1228; x_wconf 84' lang='lat' dir='ltr'><strong><em>unicuique</em></strong></span> <span class='ocrx_word' id='word_1_199' title='bbox 2817 1167 2968 1226; x_wconf 88' lang='lat' dir='ltr'><strong><em>prout</em></strong></span> <span class='ocrx_word' id='word_1_200' title='bbox 2993 1156 3101 1211; x_wconf 90' lang='lat' dir='ltr'><strong><em>vult</em></strong></span> <span class='ocrx_word' id='word_1_201' title='bbox 3133 1156 3190 1228; x_wconf 94' lang='lat' dir='ltr'><strong><em>(l</em></strong></span> <span class='ocrx_word' id='word_1_202' title='bbox 3217 1155 3339 1211; x_wconf 89' lang='lat' dir='ltr'><strong><em>Cor.</em></strong></span> <span class='ocrx_word' id='word_1_203' title='bbox 3363 1155 3498 1225; x_wconf 81' lang='lat' dir='ltr'><strong><em>xu).</em></strong></span> <span class='ocrx_word' id='word_1_204' title='bbox 3533 1153 3651 1208; x_wconf 85' lang='lat' dir='ltr'><strong><em>Has</em></strong></span> <span class='ocrx_word' id='word_1_205' title='bbox 3683 1154 3831 1224; x_wconf 83' lang='lat' dir='ltr'><strong><em>igitur</em></strong></span> 
     </span>
    </p>
   </div>
   <div class='ocr_carea' id='block_1_27' title="bbox 2237 1249 3836 1323">
    <p class='ocr_par' dir='ltr' id='par_1_27' title="bbox 2237 1249 3836 1323">
     <span class='ocr_line' id='line_1_27' title="bbox 2237 1249 3836 1323; baseline 0 -19"><span class='ocrx_word' id='word_1_206' title='bbox 2237 1251 2480 1306; x_wconf 80' lang='lat' dir='ltr'><strong><em>habentes</em></strong></span> <span class='ocrx_word' id='word_1_207' title='bbox 2526 1252 2915 1323; x_wconf 88' lang='lat' dir='ltr'><strong><em>promissiones,</em></strong></span> <span class='ocrx_word' id='word_1_208' title='bbox 2965 1249 3285 1317; x_wconf 83' lang='lat' dir='ltr'><strong><em>charissimi,</em></strong></span> <span class='ocrx_word' id='word_1_209' title='bbox 3319 1249 3632 1304; x_wconf 88' lang='lat' dir='ltr'><strong><em>mundemus</em></strong></span> <span class='ocrx_word' id='word_1_210' title='bbox 3667 1266 3757 1304; x_wconf 88' lang='lat' dir='ltr'><strong><em>nos</em></strong></span> <span class='ocrx_word' id='word_1_211' title='bbox 3777 1250 3836 1304; x_wconf 84' lang='lat' dir='ltr'><strong><em>ab</em></strong></span> 
     </span>
    </p>
   </div>
   <div class='ocr_carea' id='block_1_28' title="bbox 2239 1342 3837 1414">
    <p class='ocr_par' dir='ltr' id='par_1_28' title="bbox 2239 1342 3837 1414">
     <span class='ocr_line' id='line_1_28' title="bbox 2239 1342 3837 1414; baseline 0.001 -18"><span class='ocrx_word' id='word_1_212' title='bbox 2239 1346 2379 1398; x_wconf 81' lang='grc' dir='ltr'><strong><em>οηιηὶ</em></strong></span> <span class='ocrx_word' id='word_1_213' title='bbox 2423 1345 2813 1412; x_wconf 82' lang='lat' dir='ltr'><strong><em>inquinamento</em></strong></span> <span class='ocrx_word' id='word_1_214' title='bbox 2863 1345 3057 1413; x_wconf 87' lang='lat' dir='ltr'><strong><em>carnis,</em></strong></span> <span class='ocrx_word' id='word_1_215' title='bbox 3107 1342 3434 1414; x_wconf 85' lang='lat' dir='ltr'><strong><em>per/ieientes</em></strong></span> <span class='ocrx_word' id='word_1_216' title='bbox 3466 1343 3837 1413; x_wconf 75' lang='lat' dir='ltr'><strong><em>sanctiﬁcatio-</em></strong></span> 
     </span>
    </p>
   </div>
   <div class='ocr_carea' id='block_1_29' title="bbox 2240 1433 3837 1510">
    <p class='ocr_par' dir='ltr' id='par_1_29' title="bbox 2240 1433 3837 1510">
     <span class='ocr_line' id='line_1_29' title="bbox 2240 1433 3837 1510; baseline 0.001 -18"><span class='ocrx_word' id='word_1_217' title='bbox 2240 1453 2355 1492; x_wconf 89' lang='lat' dir='ltr'><strong><em>nem</em></strong></span> <span class='ocrx_word' id='word_1_218' title='bbox 2391 1438 2610 1510; x_wconf 83' lang='lat' dir='ltr'><strong><em>spiritus</em></strong></span> <span class='ocrx_word' id='word_1_219' title='bbox 2641 1447 2666 1484; x_wconf 76' lang='grc' dir='ltr'><strong><em>ις</em></strong></span> <span class='ocrx_word' id='word_1_220' title='bbox 2695 1437 2749 1490; x_wconf 88' lang='lat' dir='ltr'><strong><em>in</em></strong></span> <span class='ocrx_word' id='word_1_221' title='bbox 2782 1437 2969 1491; x_wconf 87' lang='lat' dir='ltr'><strong><em>timore</em></strong></span> <span class='ocrx_word' id='word_1_222' title='bbox 3000 1435 3101 1490; x_wconf 89' lang='lat' dir='ltr'><strong><em>Dei</em></strong></span> <span class='ocrx_word' id='word_1_223' title='bbox 3135 1436 3213 1504; x_wconf 87' lang='lat' dir='ltr'><strong><em>(tl</em></strong></span> <span class='ocrx_word' id='word_1_224' title='bbox 3243 1433 3369 1492; x_wconf 87' lang='lat' dir='ltr'><strong><em>Cor.</em></strong></span> <span class='ocrx_word' id='word_1_225' title='bbox 3401 1452 3477 1491; x_wconf 79' lang='lat' dir='ltr'><strong><em>vu</em></strong></span> <span class='ocrx_word' id='word_1_226' title='bbox 3497 1436 3540 1507; x_wconf 90' lang='lat'><strong><em>).</em></strong></span> <span class='ocrx_word' id='word_1_227' title='bbox 3587 1436 3837 1493; x_wconf 80' lang='lat' dir='ltr'><strong><em>Sanctum</em></strong></span> 
     </span>
    </p>
   </div>
   <div class='ocr_carea' id='block_1_30' title="bbox 2241 1531 3840 1602">
    <p class='ocr_par' dir='ltr' id='par_1_30' title="bbox 2241 1531 3840 1602">
     <span class='ocr_line' id='line_1_30' title="bbox 2241 1531 3840 1602; baseline 0 -16"><span class='ocrx_word' id='word_1_228' title='bbox 2241 1548 2372 1587; x_wconf 91' lang='lat' dir='ltr'><strong><em>vero</em></strong></span> <span class='ocrx_word' id='word_1_229' title='bbox 2399 1533 2660 1600; x_wconf 89' lang='lat' dir='ltr'><strong><em>Spiritum</em></strong></span> <span class='ocrx_word' id='word_1_230' title='bbox 2695 1531 2898 1587; x_wconf 90' lang='lat' dir='ltr'><strong><em>idcirco</em></strong></span> <span class='ocrx_word' id='word_1_231' title='bbox 2926 1547 2992 1586; x_wconf 83' lang='lat' dir='ltr'><strong><em>ex</em></strong></span> <span class='ocrx_word' id='word_1_232' title='bbox 3041 1532 3278 1602; x_wconf 83' lang='lat' dir='ltr'><strong><em>propriae</em></strong></span> <span class='ocrx_word' id='word_1_233' title='bbox 3309 1532 3668 1587; x_wconf 87' lang='lat' dir='ltr'><strong><em>auctoritatis</em></strong></span> <span class='ocrx_word' id='word_1_234' title='bbox 3708 1531 3840 1588; x_wconf 44' lang='lat' dir='ltr'><strong><em>arbi‘</em></strong></span> 
     </span>
    </p>
   </div>
   <div class='ocr_carea' id='block_1_31' title="bbox 2241 1623 3840 1695">
    <p class='ocr_par' dir='ltr' id='par_1_31' title="bbox 2241 1623 3840 1695">
     <span class='ocr_line' id='line_1_31' title="bbox 2241 1623 3840 1695; baseline 0 -15"><span class='ocrx_word' id='word_1_235' title='bbox 2241 1626 2347 1680; x_wconf 90' lang='lat' dir='ltr'><strong><em>trio</em></strong></span> <span class='ocrx_word' id='word_1_236' title='bbox 2376 1623 2709 1680; x_wconf 80' lang='lat' dir='ltr'><strong><em>distribuere</em></strong></span> <span class='ocrx_word' id='word_1_237' title='bbox 2738 1640 2959 1679; x_wconf 86' lang='lat' dir='ltr'><strong><em>munera</em></strong></span> <span class='ocrx_word' id='word_1_238' title='bbox 2991 1625 3298 1680; x_wconf 72' lang='lat' dir='ltr'><strong><em>caelestium</em></strong></span> <span class='ocrx_word' id='word_1_239' title='bbox 3321 1625 3627 1695; x_wconf 81' lang='lat' dir='ltr'><strong><em>gratiarum</em></strong></span> <span class='ocrx_word' id='word_1_240' title='bbox 3653 1624 3840 1694; x_wconf 67' lang='lat' dir='ltr'><strong><em>praedi-</em></strong></span> 
     </span>
    </p>
   </div>
   <div class='ocr_carea' id='block_1_32' title="bbox 2241 1715 3840 1790">
    <p class='ocr_par' dir='ltr' id='par_1_32' title="bbox 2241 1715 3840 1790">
     <span class='ocr_line' id='line_1_32' title="bbox 2241 1715 3840 1790; baseline 0.001 -18"><span class='ocrx_word' id='word_1_241' title='bbox 2241 1718 2386 1772; x_wconf 90' lang='lat' dir='ltr'><strong><em>cavit</em></strong></span> <span class='ocrx_word' id='word_1_242' title='bbox 2417 1717 2714 1786; x_wconf 84' lang='lat' dir='ltr'><strong><em>Apostolus</em></strong></span> <span class='ocrx_word' id='word_1_243' title='bbox 2755 1716 2984 1773; x_wconf 83' lang='lat' dir='ltr'><strong><em>dicens:</em></strong></span> <span class='ocrx_word' id='word_1_244' title='bbox 3022 1715 3149 1772; x_wconf 68' lang='lat' dir='ltr'><strong><em>licet:</em></strong></span> <span class='ocrx_word' id='word_1_245' title='bbox 3191 1719 3371 1771; x_wconf 88' lang='lat' dir='ltr'><strong><em>omnia</em></strong></span> <span class='ocrx_word' id='word_1_246' title='bbox 3414 1728 3668 1790; x_wconf 88' lang='lat' dir='ltr'><strong><em>operatur</em></strong></span> <span class='ocrx_word' id='word_1_247' title='bbox 3714 1735 3840 1775; x_wconf 84' lang='lat' dir='ltr'><strong><em>unus</em></strong></span> 
     </span>
    </p>
   </div>
   <div class='ocr_carea' id='block_1_33' title="bbox 533 1808 3840 1884">
    <p class='ocr_par' dir='ltr' id='par_1_33' title="bbox 533 1808 3840 1884">
     <span class='ocr_line' id='line_1_33' title="bbox 533 1808 3840 1884; baseline -0.003 -6"><span class='ocrx_word' id='word_1_248' title='bbox 533 1837 661 1878; x_wconf 89' lang='lat' dir='ltr'><strong><em>num</em></strong></span> <span class='ocrx_word' id='word_1_249' title='bbox 702 1818 1076 1874; x_wconf 88' lang='lat' dir='ltr'><strong><em>anterioribus</em></strong></span> <span class='ocrx_word' id='word_1_250' title='bbox 1106 1815 1315 1884; x_wconf 81' lang='lat' dir='ltr'><strong><em>nuptiis</em></strong></span> <span class='ocrx_word' id='word_1_251' title='bbox 1341 1824 1361 1852; x_wconf 74' lang='grc' dir='ltr'>ε</span> <span class='ocrx_word' id='word_1_252' title='bbox 1387 1812 1563 1868; x_wconf 76' lang='grc' dir='ltr'><strong><em>,ἰυόωί</em></strong></span> <span class='ocrx_word' id='word_1_253' title='bbox 1597 1811 1884 1873; x_wconf 84' lang='lat' dir='ltr'><strong><em>habentes,</em></strong></span> <span class='ocrx_word' id='word_1_254' title='bbox 1933 1826 2042 1864; x_wconf 82' lang='lat' dir='ltr'><strong><em>non</em></strong></span> <span class='ocrx_word' id='word_1_255' title='bbox 2071 1808 2138 1864; x_wconf 89' lang='lat' dir='ltr'><strong><em>ad</em></strong></span> <span class='ocrx_word' id='word_1_256' title='bbox 2171 1822 2216 1884; x_wconf 81' lang='grc' dir='ltr'><strong>Β</strong></span> <span class='ocrx_word' id='word_1_257' title='bbox 2244 1821 2397 1880; x_wconf 91' lang='lat' dir='ltr'><strong><em>atque</em></strong></span> <span class='ocrx_word' id='word_1_258' title='bbox 2423 1809 2561 1864; x_wconf 89' lang='lat' dir='ltr'><strong><em>idem</em></strong></span> <span class='ocrx_word' id='word_1_259' title='bbox 2591 1810 2842 1881; x_wconf 83' lang='lat' dir='ltr'><strong><em>Spiritus,</em></strong></span> <span class='ocrx_word' id='word_1_260' title='bbox 2877 1811 3114 1865; x_wconf 84' lang='lat' dir='ltr'><strong><em>dividens</em></strong></span> <span class='ocrx_word' id='word_1_261' title='bbox 3142 1813 3419 1884; x_wconf 80' lang='lat' dir='ltr'><strong><em>unicuique</em></strong></span> <span class='ocrx_word' id='word_1_262' title='bbox 3449 1823 3607 1884; x_wconf 87' lang='lat' dir='ltr'><strong><em>prout</em></strong></span> <span class='ocrx_word' id='word_1_263' title='bbox 3634 1814 3765 1880; x_wconf 89' lang='lat' dir='ltr'><strong><em>vult,</em></strong></span> <span class='ocrx_word' id='word_1_264' title='bbox 3790 1821 3840 1869; x_wconf 88' lang='lat' dir='ltr'><strong><em>et</em></strong></span> 
     </span>
    </p>
   </div>
   <div class='ocr_carea' id='block_1_34' title="bbox 532 1906 2136 1973">
    <p class='ocr_par' dir='ltr' id='par_1_34' title="bbox 532 1906 2136 1973">
     <span class='ocr_line' id='line_1_34' title="bbox 532 1906 2136 1973; baseline -0.008 0"><span class='ocrx_word' id='word_1_265' title='bbox 532 1913 910 1973; x_wconf 75' lang='lat' dir='ltr'><strong><em>salubritatem</em></strong></span> <span class='ocrx_word' id='word_1_266' title='bbox 962 1927 1113 1966; x_wconf 89' lang='lat' dir='ltr'><strong><em>suam</em></strong></span> <span class='ocrx_word' id='word_1_267' title='bbox 1144 1911 1424 1972; x_wconf 89' lang='lat' dir='ltr'><strong><em>biberunt,</em></strong></span> <span class='ocrx_word' id='word_1_268' title='bbox 1471 1907 1566 1962; x_wconf 88' lang='lat' dir='ltr'><strong><em>sed</em></strong></span> <span class='ocrx_word' id='word_1_269' title='bbox 1609 1906 1864 1961; x_wconf 89' lang='lat' dir='ltr'><strong><em>inebriati</em></strong></span> <span class='ocrx_word' id='word_1_270' title='bbox 1900 1915 2048 1970; x_wconf 80' lang='lat' dir='ltr'><strong><em>sunt,</em></strong></span> <span class='ocrx_word' id='word_1_271' title='bbox 2081 1915 2136 1960; x_wconf 88' lang='lat' dir='ltr'><strong><em>ct</em></strong></span> 
     </span>
    </p>
   </div>
   <div class='ocr_carea' id='block_1_35' title="bbox 534 1997 2138 2084">
    <p class='ocr_par' dir='ltr' id='par_1_35' title="bbox 534 1997 2138 2084">
     <span class='ocr_line' id='line_1_35' title="bbox 534 1997 2138 2084; baseline -0.011 -16"><span class='ocrx_word' id='word_1_272' title='bbox 534 2008 844 2084; x_wconf 86' lang='lat' dir='ltr'><strong><em>perniciosa</em></strong></span> <span class='ocrx_word' id='word_1_273' title='bbox 867 2005 1162 2078; x_wconf 79' lang='lat' dir='ltr'><strong><em>gravedine</em></strong></span> <span class='ocrx_word' id='word_1_274' title='bbox 1187 2002 1446 2065; x_wconf 83' lang='lat' dir='ltr'><strong><em>sattciati;</em></strong></span> <span class='ocrx_word' id='word_1_275' title='bbox 1466 2000 1492 2037; x_wconf 75' lang='grc' dir='ltr'>ἀ</span> <span class='ocrx_word' id='word_1_276' title='bbox 1516 1998 1906 2055; x_wconf 87' lang='lat' dir='ltr'><strong><em>imbecilliores</em></strong></span> <span class='ocrx_word' id='word_1_277' title='bbox 1934 1997 2138 2069; x_wconf 85' lang='lat' dir='ltr'><strong><em>quippe</em></strong></span> 
     </span>
    </p>
   </div>
   <div class='ocr_carea' id='block_1_36' title="bbox 535 2093 2134 2167">
    <p class='ocr_par' dir='ltr' id='par_1_36' title="bbox 535 2093 2134 2167">
     <span class='ocr_line' id='line_1_36' title="bbox 535 2093 2134 2167; baseline -0.01 -5"><span class='ocrx_word' id='word_1_278' title='bbox 535 2105 836 2167; x_wconf 85' lang='lat' dir='ltr'><strong><em>mentibus,</em></strong></span> <span class='ocrx_word' id='word_1_279' title='bbox 868 2114 923 2156; x_wconf 90' lang='lat' dir='ltr'><strong><em>et</em></strong></span> <span class='ocrx_word' id='word_1_280' title='bbox 960 2101 1218 2154; x_wconf 88' lang='lat' dir='ltr'><strong><em>virtutem</em></strong></span> <span class='ocrx_word' id='word_1_281' title='bbox 1247 2098 1417 2152; x_wconf 90' lang='lat' dir='ltr'><strong><em>divini</em></strong></span> <span class='ocrx_word' id='word_1_282' title='bbox 1451 2096 1685 2166; x_wconf 67' lang='lat' dir='ltr'><strong><em>Spiritus</em></strong></span> <span class='ocrx_word' id='word_1_283' title='bbox 1719 2111 1824 2148; x_wconf 90' lang='lat' dir='ltr'><strong><em>non</em></strong></span> <span class='ocrx_word' id='word_1_284' title='bbox 1857 2093 2094 2148; x_wconf 78' lang='lat' dir='ltr'><strong><em>ferentes</em></strong></span> <span class='ocrx_word' id='word_1_285' title='bbox 2123 2110 2134 2146; x_wconf 93' lang='lat'>:</span> 
     </span>
    </p>
   </div>
   <div class='ocr_carea' id='block_1_37' title="bbox 535 2188 2141 2274">
    <p class='ocr_par' dir='ltr' id='par_1_37' title="bbox 535 2188 2141 2274">
     <span class='ocr_line' id='line_1_37' title="bbox 535 2188 2141 2274; baseline -0.009 -17"><span class='ocrx_word' id='word_1_286' title='bbox 535 2201 630 2274; x_wconf 91' lang='lat' dir='ltr'><strong><em>qui</em></strong></span> <span class='ocrx_word' id='word_1_287' title='bbox 679 2211 859 2258; x_wconf 89' lang='lat' dir='ltr'><strong><em>autem</em></strong></span> <span class='ocrx_word' id='word_1_288' title='bbox 916 2198 1180 2254; x_wconf 89' lang='lat' dir='ltr'><strong><em>robustus</em></strong></span> <span class='ocrx_word' id='word_1_289' title='bbox 1221 2195 1274 2248; x_wconf 92' lang='lat' dir='ltr'><strong><em>in</em></strong></span> <span class='ocrx_word' id='word_1_290' title='bbox 1327 2192 1432 2248; x_wconf 89' lang='lat' dir='ltr'><strong><em>lide</em></strong></span> <span class='ocrx_word' id='word_1_291' title='bbox 1475 2201 1578 2254; x_wconf 85' lang='lat' dir='ltr'><strong><em>cst,</em></strong></span> <span class='ocrx_word' id='word_1_292' title='bbox 1637 2190 1883 2259; x_wconf 88' lang='lat' dir='ltr'><strong><em>repletus</em></strong></span> <span class='ocrx_word' id='word_1_293' title='bbox 1933 2188 2141 2259; x_wconf 88' lang='lat' dir='ltr'><strong><em>Spiritu</em></strong></span> 
     </span>
    </p>
   </div>
   <div class='ocr_carea' id='block_1_38' title="bbox 533 2281 2140 2360">
    <p class='ocr_par' dir='ltr' id='par_1_38' title="bbox 533 2281 2140 2360">
     <span class='ocr_line' id='line_1_38' title="bbox 533 2281 2140 2360; baseline -0.009 -10"><span class='ocrx_word' id='word_1_294' title='bbox 533 2303 750 2360; x_wconf 86' lang='lat' dir='ltr'><strong><em>sancto,</em></strong></span> <span class='ocrx_word' id='word_1_295' title='bbox 803 2309 910 2347; x_wconf 87' lang='lat' dir='ltr'><strong><em>non</em></strong></span> <span class='ocrx_word' id='word_1_296' title='bbox 960 2289 1284 2344; x_wconf 81' lang='lat' dir='ltr'><strong><em>inebriatur.</em></strong></span> <span class='ocrx_word' id='word_1_297' title='bbox 1329 2284 1461 2339; x_wconf 84' lang='lat' dir='ltr'><strong><em>Ideo</em></strong></span> <span class='ocrx_word' id='word_1_298' title='bbox 1502 2284 1650 2338; x_wconf 89' lang='lat' dir='ltr'><strong><em>enim</em></strong></span> <span class='ocrx_word' id='word_1_299' title='bbox 1696 2281 2021 2350; x_wconf 76' lang='lat' dir='ltr'><strong><em>pneclarnm</em></strong></span> <span class='ocrx_word' id='word_1_300' title='bbox 2055 2288 2140 2335; x_wconf 85' lang='lat' dir='ltr'><strong><em>est</em></strong></span> 
     </span>
    </p>
   </div>
   <div class='ocr_carea' id='block_1_39' title="bbox 529 2373 2138 2458">
    <p class='ocr_par' dir='ltr' id='par_1_39' title="bbox 529 2373 2138 2458">
     <span class='ocr_line' id='line_1_39' title="bbox 529 2373 2138 2458; baseline -0.009 -17"><span class='ocrx_word' id='word_1_301' title='bbox 529 2386 786 2458; x_wconf 87' lang='lat' dir='ltr'><strong><em>poculum</em></strong></span> <span class='ocrx_word' id='word_1_302' title='bbox 825 2383 921 2439; x_wconf 87' lang='lat' dir='ltr'><strong><em>Dei</em></strong></span> <span class='ocrx_word' id='word_1_303' title='bbox 954 2381 1234 2437; x_wconf 89' lang='lat' dir='ltr'><strong><em>inebrians</em></strong></span> <span class='ocrx_word' id='word_1_304' title='bbox 1261 2376 1394 2449; x_wconf 85' lang='lat' dir='ltr'><strong><em>(Ps.</em></strong></span> <span class='ocrx_word' id='word_1_305' title='bbox 1423 2390 1533 2430; x_wconf 71' lang='grc' dir='ltr'>χχιι</span> <span class='ocrx_word' id='word_1_306' title='bbox 1558 2377 1599 2444; x_wconf 84' lang='grc'><strong><em>),</em></strong></span> <span class='ocrx_word' id='word_1_307' title='bbox 1630 2375 1892 2444; x_wconf 88' lang='lat' dir='ltr'><strong><em>quoniam</em></strong></span> <span class='ocrx_word' id='word_1_308' title='bbox 1922 2373 2138 2428; x_wconf 79' lang='lat' dir='ltr'><strong><em>Sobrius</em></strong></span> 
     </span>
    </p>
   </div>
   <div class='ocr_carea' id='block_1_40' title="bbox 540 2466 2142 2539">
    <p class='ocr_par' dir='ltr' id='par_1_40' title="bbox 540 2466 2142 2539">
     <span class='ocr_line' id='line_1_40' title="bbox 540 2466 2142 2539; baseline -0.008 -3"><span class='ocrx_word' id='word_1_309' title='bbox 540 2478 712 2537; x_wconf 83' lang='lat' dir='ltr'><strong><em>efﬁcit</em></strong></span> <span class='ocrx_word' id='word_1_310' title='bbox 745 2477 1046 2532; x_wconf 80' lang='lat' dir='ltr'><strong><em>bibentium</em></strong></span> <span class='ocrx_word' id='word_1_311' title='bbox 1080 2486 1289 2528; x_wconf 86' lang='lat' dir='ltr'><strong><em>mentes</em></strong></span> <span class='ocrx_word' id='word_1_312' title='bbox 1309 2471 1480 2526; x_wconf 89' lang='lat' dir='ltr'><strong><em>divini</em></strong></span> <span class='ocrx_word' id='word_1_313' title='bbox 1513 2477 1668 2539; x_wconf 85' lang='lat' dir='ltr'><strong><em>potus</em></strong></span> <span class='ocrx_word' id='word_1_314' title='bbox 1697 2469 1969 2534; x_wconf 88' lang='lat' dir='ltr'><strong><em>ebrietas;</em></strong></span> <span class='ocrx_word' id='word_1_315' title='bbox 2000 2466 2142 2523; x_wconf 88' lang='lat' dir='ltr'><strong><em>unde</em></strong></span> 
     </span>
    </p>
   </div>
   <div class='ocr_carea' id='block_1_41' title="bbox 533 2561 2144 2640">
    <p class='ocr_par' dir='ltr' id='par_1_41' title="bbox 533 2561 2144 2640">
     <span class='ocr_line' id='line_1_41' title="bbox 533 2561 2144 2640; baseline -0.008 -14"><span class='ocrx_word' id='word_1_316' title='bbox 533 2571 834 2640; x_wconf 85' lang='lat' dir='ltr'><strong><em>Apostolus</em></strong></span> <span class='ocrx_word' id='word_1_317' title='bbox 880 2569 997 2623; x_wconf 86' lang='lat' dir='ltr'><strong><em>ait:</em></strong></span> <span class='ocrx_word' id='word_1_318' title='bbox 1048 2565 1231 2620; x_wconf 88' lang='lat' dir='ltr'><strong><em>Nolite</em></strong></span> <span class='ocrx_word' id='word_1_319' title='bbox 1273 2563 1525 2618; x_wconf 88' lang='lat' dir='ltr'><strong><em>inebriari</em></strong></span> <span class='ocrx_word' id='word_1_320' title='bbox 1558 2563 1698 2629; x_wconf 90' lang='lat' dir='ltr'><strong><em>vino,</em></strong></span> <span class='ocrx_word' id='word_1_321' title='bbox 1745 2563 1834 2616; x_wconf 89' lang='lat' dir='ltr'><strong><em>sed</em></strong></span> <span class='ocrx_word' id='word_1_322' title='bbox 1868 2561 2144 2632; x_wconf 88' lang='lat' dir='ltr'><strong><em>replemini</em></strong></span> 
     </span>
    </p>
   </div>
   <div class='ocr_carea' id='block_1_42' title="bbox 534 2653 2143 2734">
    <p class='ocr_par' dir='ltr' id='par_1_42' title="bbox 534 2653 2143 2734">
     <span class='ocr_line' id='line_1_42' title="bbox 534 2653 2143 2734; baseline -0.007 -16"><span class='ocrx_word' id='word_1_323' title='bbox 534 2664 742 2734; x_wconf 80' lang='lat' dir='ltr'><strong><em>Spiritu</em></strong></span> <span class='ocrx_word' id='word_1_324' title='bbox 769 2671 949 2716; x_wconf 89' lang='lat' dir='ltr'><strong><em>sancto</em></strong></span> <span class='ocrx_word' id='word_1_325' title='bbox 977 2659 1206 2729; x_wconf 80' lang='lat' dir='ltr'><strong><em>(Epltes.</em></strong></span> <span class='ocrx_word' id='word_1_326' title='bbox 1235 2656 1326 2727; x_wconf 82' lang='grc' dir='ltr'><strong><em>ν).</em></strong></span> <span class='ocrx_word' id='word_1_327' title='bbox 1354 2654 1488 2709; x_wconf 87' lang='lat' dir='ltr'><strong><em>Nam</em></strong></span> <span class='ocrx_word' id='word_1_328' title='bbox 1510 2663 1565 2708; x_wconf 88' lang='lat' dir='ltr'><strong><em>et</em></strong></span> <span class='ocrx_word' id='word_1_329' title='bbox 1593 2653 1905 2723; x_wconf 84' lang='lat' dir='ltr'><strong><em>Stephanus</em></strong></span> <span class='ocrx_word' id='word_1_330' title='bbox 1934 2655 2143 2723; x_wconf 87' lang='lat' dir='ltr'><strong><em>Spiritu</em></strong></span> 
     </span>
    </p>
   </div>
   <div class='ocr_carea' id='block_1_43' title="bbox 534 2745 2145 2821">
    <p class='ocr_par' dir='ltr' id='par_1_43' title="bbox 534 2745 2145 2821">
     <span class='ocr_line' id='line_1_43' title="bbox 534 2745 2145 2821; baseline -0.006 -10"><span class='ocrx_word' id='word_1_331' title='bbox 534 2765 728 2811; x_wconf 88' lang='lat' dir='ltr'><strong><em>sancto</em></strong></span> <span class='ocrx_word' id='word_1_332' title='bbox 753 2756 964 2821; x_wconf 87' lang='lat' dir='ltr'><strong><em>plenus,</em></strong></span> <span class='ocrx_word' id='word_1_333' title='bbox 991 2767 1096 2807; x_wconf 91' lang='lat' dir='ltr'><strong><em>non</em></strong></span> <span class='ocrx_word' id='word_1_334' title='bbox 1126 2751 1335 2813; x_wconf 87' lang='lat' dir='ltr'><strong><em>ebrius,</em></strong></span> <span class='ocrx_word' id='word_1_335' title='bbox 1360 2748 1489 2802; x_wconf 86' lang='lat' dir='ltr'><strong><em>vidit</em></strong></span> <span class='ocrx_word' id='word_1_336' title='bbox 1511 2745 1665 2801; x_wconf 80' lang='lat' dir='ltr'><strong><em>ctelos</em></strong></span> <span class='ocrx_word' id='word_1_337' title='bbox 1689 2756 1918 2819; x_wconf 88' lang='lat' dir='ltr'><strong><em>apertos,</em></strong></span> <span class='ocrx_word' id='word_1_338' title='bbox 1947 2756 1970 2783; x_wconf 72' lang='grc' dir='ltr'>ε</span> <span class='ocrx_word' id='word_1_339' title='bbox 1995 2757 2039 2800; x_wconf 91' lang='lat' dir='ltr'><strong><em>et</em></strong></span> <span class='ocrx_word' id='word_1_340' title='bbox 2060 2745 2145 2802; x_wconf 86' lang='lat' dir='ltr'><strong><em>Je-</em></strong></span> 
     </span>
    </p>
   </div>
   <div class='ocr_carea' id='block_1_44' title="bbox 533 2842 2144 2916">
    <p class='ocr_par' dir='ltr' id='par_1_44' title="bbox 533 2842 2144 2916">
     <span class='ocr_line' id='line_1_44' title="bbox 533 2842 2144 2916; baseline -0.006 -10"><span class='ocrx_word' id='word_1_341' title='bbox 533 2867 651 2906; x_wconf 87' lang='lat' dir='ltr'><strong><em>sum</em></strong></span> <span class='ocrx_word' id='word_1_342' title='bbox 671 2849 740 2903; x_wconf 86' lang='lat' dir='ltr'><strong><em>ad</em></strong></span> <span class='ocrx_word' id='word_1_343' title='bbox 764 2850 1030 2903; x_wconf 76' lang='lat' dir='ltr'><strong><em>dexteram</em></strong></span> <span class='ocrx_word' id='word_1_344' title='bbox 1053 2847 1145 2900; x_wconf 86' lang='lat' dir='ltr'><strong><em>Dei</em></strong></span> <span class='ocrx_word' id='word_1_345' title='bbox 1171 2845 1310 2916; x_wconf 81' lang='lat' dir='ltr'><strong><em>(Art.</em></strong></span> <span class='ocrx_word' id='word_1_346' title='bbox 1337 2842 1457 2910; x_wconf 88' lang='lat' dir='ltr'><strong><em>vn).</em></strong></span> <span class='ocrx_word' id='word_1_347' title='bbox 1492 2843 1785 2912; x_wconf 77' lang='lat' dir='ltr'><strong><em>Propterea</em></strong></span> <span class='ocrx_word' id='word_1_348' title='bbox 1810 2853 1864 2897; x_wconf 90' lang='lat' dir='ltr'><strong><em>et</em></strong></span> <span class='ocrx_word' id='word_1_349' title='bbox 1894 2842 2144 2898; x_wconf 87' lang='lat' dir='ltr'><strong><em>beatissi-</em></strong></span> 
     </span>
    </p>
   </div>
   <div class='ocr_carea' id='block_1_45' title="bbox 538 2935 2142 3007">
    <p class='ocr_par' dir='ltr' id='par_1_45' title="bbox 538 2935 2142 3007">
     <span class='ocr_line' id='line_1_45' title="bbox 538 2935 2142 3007; baseline -0.006 -8"><span class='ocrx_word' id='word_1_350' title='bbox 538 2959 660 2999; x_wconf 68' lang='lat' dir='ltr'><strong><em>mus</em></strong></span> <span class='ocrx_word' id='word_1_351' title='bbox 686 2942 882 2998; x_wconf 85' lang='lat' dir='ltr'><strong><em>Petrus</em></strong></span> <span class='ocrx_word' id='word_1_352' title='bbox 902 2937 1546 2994; x_wconf 80' lang='lat' dir='ltr'><strong><em>ebrielaleutdetestatus</em></strong></span> <span class='ocrx_word' id='word_1_353' title='bbox 1570 2947 1673 2996; x_wconf 84' lang='lat' dir='ltr'><strong><em>est,</em></strong></span> <span class='ocrx_word' id='word_1_354' title='bbox 1700 2935 2142 3007; x_wconf 79' lang='lat' dir='ltr'><strong><em>dicens(Act.n):</em></strong></span> 
     </span>
    </p>
   </div>
   <div class='ocr_carea' id='block_1_46' title="bbox 539 3026 2148 3100">
    <p class='ocr_par' dir='ltr' id='par_1_46' title="bbox 539 3026 2148 3100">
     <span class='ocr_line' id='line_1_46' title="bbox 539 3026 2148 3100; baseline -0.007 -8"><span class='ocrx_word' id='word_1_355' title='bbox 539 3035 664 3092; x_wconf 79' lang='lat' dir='ltr'><strong><em>Non</em></strong></span> <span class='ocrx_word' id='word_1_356' title='bbox 682 3037 840 3100; x_wconf 91' lang='lat' dir='ltr'><strong><em>enim,</em></strong></span> <span class='ocrx_word' id='word_1_357' title='bbox 863 3033 994 3087; x_wconf 86' lang='lat' dir='ltr'><strong><em>sicut</em></strong></span> <span class='ocrx_word' id='word_1_358' title='bbox 1013 3047 1100 3084; x_wconf 91' lang='lat' dir='ltr'><strong><em>vos</em></strong></span> <span class='ocrx_word' id='word_1_359' title='bbox 1113 3031 1326 3100; x_wconf 84' lang='lat' dir='ltr'><strong><em>putatis,</em></strong></span> <span class='ocrx_word' id='word_1_360' title='bbox 1349 3026 1545 3095; x_wconf 77' lang='lat' dir='ltr'><strong><em>inquit,</em></strong></span> <span class='ocrx_word' id='word_1_361' title='bbox 1569 3026 1625 3081; x_wconf 72' lang='lat' dir='ltr'><strong><em>lii</em></strong></span> <span class='ocrx_word' id='word_1_362' title='bbox 1647 3027 1769 3081; x_wconf 89' lang='lat' dir='ltr'><strong><em>ebrii</em></strong></span> <span class='ocrx_word' id='word_1_363' title='bbox 1787 3036 1926 3096; x_wconf 89' lang='lat' dir='ltr'><strong><em>sunt,</em></strong></span> <span class='ocrx_word' id='word_1_364' title='bbox 1951 3043 2066 3080; x_wconf 87' lang='lat' dir='ltr'><strong><em>cum</em></strong></span> <span class='ocrx_word' id='word_1_365' title='bbox 2079 3028 2148 3081; x_wconf 86' lang='lat' dir='ltr'><strong><em>sit</em></strong></span> 
     </span>
    </p>
   </div>
   <div class='ocr_carea' id='block_1_47' title="bbox 539 3117 2144 3191">
    <p class='ocr_par' dir='ltr' id='par_1_47' title="bbox 539 3117 2144 3191">
     <span class='ocr_line' id='line_1_47' title="bbox 539 3117 2144 3191; baseline -0.007 -6"><span class='ocrx_word' id='word_1_366' title='bbox 539 3131 672 3185; x_wconf 85' lang='lat' dir='ltr'><strong><em>hora</em></strong></span> <span class='ocrx_word' id='word_1_367' title='bbox 703 3127 805 3180; x_wconf 87' lang='lat' dir='ltr'><strong><em>diei</em></strong></span> <span class='ocrx_word' id='word_1_368' title='bbox 845 3125 1022 3187; x_wconf 90' lang='lat' dir='ltr'><strong><em>tertia,</em></strong></span> <span class='ocrx_word' id='word_1_369' title='bbox 1067 3123 1157 3176; x_wconf 89' lang='lat' dir='ltr'><strong><em>sed</em></strong></span> <span class='ocrx_word' id='word_1_370' title='bbox 1187 3122 1284 3175; x_wconf 86' lang='lat' dir='ltr'><strong><em>hoc</em></strong></span> <span class='ocrx_word' id='word_1_371' title='bbox 1313 3132 1388 3176; x_wconf 86' lang='lat' dir='ltr'><strong><em>est</em></strong></span> <span class='ocrx_word' id='word_1_372' title='bbox 1419 3121 1557 3191; x_wconf 88' lang='lat' dir='ltr'><strong><em>quod</em></strong></span> <span class='ocrx_word' id='word_1_373' title='bbox 1581 3122 1780 3173; x_wconf 84' lang='lat' dir='ltr'><strong><em>dictant</em></strong></span> <span class='ocrx_word' id='word_1_374' title='bbox 1810 3130 1885 3174; x_wconf 91' lang='lat' dir='ltr'><strong><em>est</em></strong></span> <span class='ocrx_word' id='word_1_375' title='bbox 1911 3137 2002 3188; x_wconf 91' lang='lat' dir='ltr'><strong><em>per</em></strong></span> <span class='ocrx_word' id='word_1_376' title='bbox 2024 3117 2144 3174; x_wconf 81' lang='lat' dir='ltr'><strong><em>Joel</em></strong></span> 
     </span>
    </p>
   </div>
   <div class='ocr_carea' id='block_1_48' title="bbox 2241 1903 3841 1978">
    <p class='ocr_par' dir='ltr' id='par_1_48' title="bbox 2241 1903 3841 1978">
     <span class='ocr_line' id='line_1_48' title="bbox 2241 1903 3841 1978; baseline 0 -19"><span class='ocrx_word' id='word_1_377' title='bbox 2241 1921 2346 1959; x_wconf 91' lang='lat' dir='ltr'><strong><em>non</em></strong></span> <span class='ocrx_word' id='word_1_378' title='bbox 2376 1913 2531 1974; x_wconf 88' lang='lat' dir='ltr'><strong><em>prout</em></strong></span> <span class='ocrx_word' id='word_1_379' title='bbox 2552 1905 2769 1976; x_wconf 88' lang='lat' dir='ltr'><strong><em>jubetur</em></strong></span> <span class='ocrx_word' id='word_1_380' title='bbox 2791 1903 2842 1978; x_wconf 94' lang='lat' dir='ltr'><strong><em>(I</em></strong></span> <span class='ocrx_word' id='word_1_381' title='bbox 2867 1903 2991 1960; x_wconf 84' lang='lat' dir='ltr'><strong><em>Cor.</em></strong></span> <span class='ocrx_word' id='word_1_382' title='bbox 3021 1905 3166 1976; x_wconf 81' lang='lat' dir='ltr'><strong><em>xu);</em></strong></span> <span class='ocrx_word' id='word_1_383' title='bbox 3212 1921 3284 1961; x_wconf 90' lang='lat' dir='ltr'><strong><em>ne</em></strong></span> <span class='ocrx_word' id='word_1_384' title='bbox 3315 1908 3438 1973; x_wconf 91' lang='lat' dir='ltr'><strong><em>quis</em></strong></span> <span class='ocrx_word' id='word_1_385' title='bbox 3474 1908 3695 1962; x_wconf 84' lang='lat' dir='ltr'><strong><em>inimica</em></strong></span> <span class='ocrx_word' id='word_1_386' title='bbox 3727 1913 3841 1976; x_wconf 82' lang='lat' dir='ltr'><strong><em>per-</em></strong></span> 
     </span>
    </p>
   </div>
   <div class='ocr_carea' id='block_1_49' title="bbox 2240 1997 3842 2064">
    <p class='ocr_par' dir='ltr' id='par_1_49' title="bbox 2240 1997 3842 2064">
     <span class='ocr_line' id='line_1_49' title="bbox 2240 1997 3842 2064; baseline 0.002 -14"><span class='ocrx_word' id='word_1_387' title='bbox 2240 1998 2497 2051; x_wconf 84' lang='lat' dir='ltr'><strong><em>suasione</em></strong></span> <span class='ocrx_word' id='word_1_388' title='bbox 2519 1997 2786 2064; x_wconf 89' lang='lat' dir='ltr'><strong><em>suspicari</em></strong></span> <span class='ocrx_word' id='word_1_389' title='bbox 2814 1997 3009 2051; x_wconf 89' lang='lat' dir='ltr'><strong><em>audeat</em></strong></span> <span class='ocrx_word' id='word_1_390' title='bbox 3033 2000 3084 2050; x_wconf 95' lang='lat' dir='ltr'><strong><em>in</em></strong></span> <span class='ocrx_word' id='word_1_391' title='bbox 3110 1997 3205 2050; x_wconf 87' lang='lat' dir='ltr'><strong><em>illa</em></strong></span> <span class='ocrx_word' id='word_1_392' title='bbox 3240 1997 3532 2052; x_wconf 88' lang='lat' dir='ltr'><strong><em>Trinitatis</em></strong></span> <span class='ocrx_word' id='word_1_393' title='bbox 3555 1998 3842 2054; x_wconf 69' lang='lat' dir='ltr'><strong><em>adorandae</em></strong></span> 
     </span>
    </p>
   </div>
   <div class='ocr_carea' id='block_1_50' title="bbox 2241 2088 3844 2160">
    <p class='ocr_par' dir='ltr' id='par_1_50' title="bbox 2241 2088 3844 2160">
     <span class='ocr_line' id='line_1_50' title="bbox 2241 2088 3844 2160; baseline 0.002 -17"><span class='ocrx_word' id='word_1_394' title='bbox 2241 2089 2547 2144; x_wconf 87' lang='lat' dir='ltr'><strong><em>substantia</em></strong></span> <span class='ocrx_word' id='word_1_395' title='bbox 2575 2088 2778 2159; x_wconf 89' lang='lat' dir='ltr'><strong><em>aliquid</em></strong></span> <span class='ocrx_word' id='word_1_396' title='bbox 2808 2105 2931 2144; x_wconf 86' lang='lat' dir='ltr'><strong><em>esse</em></strong></span> <span class='ocrx_word' id='word_1_397' title='bbox 2952 2089 3278 2160; x_wconf 81' lang='lat' dir='ltr'><strong><em>subjectum,</em></strong></span> <span class='ocrx_word' id='word_1_398' title='bbox 3306 2090 3393 2146; x_wconf 88' lang='lat' dir='ltr'><strong><em>vel</em></strong></span> <span class='ocrx_word' id='word_1_399' title='bbox 3417 2091 3604 2145; x_wconf 90' lang='lat' dir='ltr'><strong><em>minus</em></strong></span> <span class='ocrx_word' id='word_1_400' title='bbox 3635 2102 3844 2160; x_wconf 83' lang='lat' dir='ltr'><strong><em>potens,</em></strong></span> 
     </span>
    </p>
   </div>
   <div class='ocr_carea' id='block_1_51' title="bbox 2240 2183 3841 2254">
    <p class='ocr_par' dir='ltr' id='par_1_51' title="bbox 2240 2183 3841 2254">
     <span class='ocr_line' id='line_1_51' title="bbox 2240 2183 3841 2254; baseline 0.001 -15"><span class='ocrx_word' id='word_1_401' title='bbox 2240 2185 2326 2239; x_wconf 78' lang='lat' dir='ltr'><strong><em>vel</em></strong></span> <span class='ocrx_word' id='word_1_402' title='bbox 2355 2183 2681 2253; x_wconf 82' lang='lat' dir='ltr'><strong><em>sibimetipsi</em></strong></span> <span class='ocrx_word' id='word_1_403' title='bbox 2712 2186 3084 2249; x_wconf 86' lang='lat' dir='ltr'><strong><em>contrarium;</em></strong></span> <span class='ocrx_word' id='word_1_404' title='bbox 3117 2201 3238 2240; x_wconf 87' lang='lat' dir='ltr'><strong><em>cum</em></strong></span> <span class='ocrx_word' id='word_1_405' title='bbox 3276 2185 3348 2239; x_wconf 91' lang='lat' dir='ltr'><strong><em>sit</em></strong></span> <span class='ocrx_word' id='word_1_406' title='bbox 3377 2185 3582 2254; x_wconf 87' lang='lat' dir='ltr'><strong><em>Patris,</em></strong></span> <span class='ocrx_word' id='word_1_407' title='bbox 3617 2198 3676 2242; x_wconf 92' lang='lat' dir='ltr'><strong><em>et</em></strong></span> <span class='ocrx_word' id='word_1_408' title='bbox 3705 2187 3841 2253; x_wconf 87' lang='lat' dir='ltr'><strong><em>Filii,</em></strong></span> 
     </span>
    </p>
   </div>
   <div class='ocr_carea' id='block_1_52' title="bbox 2242 2277 3840 2352">
    <p class='ocr_par' dir='ltr' id='par_1_52' title="bbox 2242 2277 3840 2352">
     <span class='ocr_line' id='line_1_52' title="bbox 2242 2277 3840 2352; baseline 0.002 -19"><span class='ocrx_word' id='word_1_409' title='bbox 2242 2288 2298 2334; x_wconf 89' lang='lat' dir='ltr'><strong><em>et</em></strong></span> <span class='ocrx_word' id='word_1_410' title='bbox 2329 2277 2566 2349; x_wconf 87' lang='lat' dir='ltr'><strong><em>Spiritus</em></strong></span> <span class='ocrx_word' id='word_1_411' title='bbox 2593 2280 2791 2346; x_wconf 86' lang='lat' dir='ltr'><strong><em>sancti,</em></strong></span> <span class='ocrx_word' id='word_1_412' title='bbox 2816 2293 2925 2333; x_wconf 89' lang='lat' dir='ltr'><strong><em>una</em></strong></span> <span class='ocrx_word' id='word_1_413' title='bbox 2958 2278 3010 2332; x_wconf 92' lang='lat' dir='ltr'><strong><em>in</em></strong></span> <span class='ocrx_word' id='word_1_414' title='bbox 3035 2280 3296 2334; x_wconf 90' lang='lat' dir='ltr'><strong><em>omnibus</em></strong></span> <span class='ocrx_word' id='word_1_415' title='bbox 3323 2289 3378 2334; x_wconf 91' lang='lat' dir='ltr'><strong><em>et</em></strong></span> <span class='ocrx_word' id='word_1_416' title='bbox 3409 2281 3670 2336; x_wconf 85' lang='lat' dir='ltr'><strong><em>voluntas</em></strong></span> <span class='ocrx_word' id='word_1_417' title='bbox 3699 2281 3840 2352; x_wconf 81' lang='lat' dir='ltr'><strong><em>pari-</em></strong></span> 
     </span>
    </p>
   </div>
   <div class='ocr_carea' id='block_1_53' title="bbox 2243 2373 3522 2444">
    <p class='ocr_par' dir='ltr' id='par_1_53' title="bbox 2243 2373 3522 2444">
     <span class='ocr_line' id='line_1_53' title="bbox 2243 2373 3522 2444; baseline 0.002 -17"><span class='ocrx_word' id='word_1_418' title='bbox 2243 2380 2346 2441; x_wconf 90' lang='lat' dir='ltr'><strong><em>ter,</em></strong></span> <span class='ocrx_word' id='word_1_419' title='bbox 2372 2382 2426 2430; x_wconf 87' lang='lat' dir='ltr'><strong><em>et</em></strong></span> <span class='ocrx_word' id='word_1_420' title='bbox 2455 2383 2703 2444; x_wconf 87' lang='lat' dir='ltr'><strong><em>potestas</em></strong></span> <span class='ocrx_word' id='word_1_421' title='bbox 2734 2388 2831 2444; x_wconf 88' lang='lat' dir='ltr'><strong><em>per</em></strong></span> <span class='ocrx_word' id='word_1_422' title='bbox 2858 2375 3040 2428; x_wconf 89' lang='lat' dir='ltr'><strong><em>omnia</em></strong></span> <span class='ocrx_word' id='word_1_423' title='bbox 3067 2375 3289 2428; x_wconf 68' lang='lat' dir='ltr'><strong><em>szecula.</em></strong></span> <span class='ocrx_word' id='word_1_424' title='bbox 3320 2373 3522 2431; x_wconf 83' lang='lat' dir='ltr'><strong><em>Amen.</em></strong></span> 
     </span>
    </p>
   </div>
   <div class='ocr_carea' id='block_1_54' title="bbox 2836 2507 3234 2569">
    <p class='ocr_par' dir='ltr' id='par_1_54' title="bbox 2836 2507 3234 2569">
     <span class='ocr_line' id='line_1_54' title="bbox 2836 2507 3234 2569; baseline 0.003 -1"><span class='ocrx_word' id='word_1_425' title='bbox 2836 2507 3104 2569; x_wconf 84' lang='lat' dir='ltr'><strong><em>SERMO</em></strong></span> <span class='ocrx_word' id='word_1_426' title='bbox 3149 2508 3234 2569; x_wconf 83' lang='lat' dir='ltr'><strong><em>X.</em></strong></span> 
     </span>
    </p>
   </div>
   <div class='ocr_carea' id='block_1_55' title="bbox 2547 2625 3538 2676">
    <p class='ocr_par' dir='ltr' id='par_1_55' title="bbox 2547 2625 3538 2676">
     <span class='ocr_line' id='line_1_55' title="bbox 2547 2625 3538 2676; baseline 0.005 -8"><span class='ocrx_word' id='word_1_427' title='bbox 2547 2626 2611 2670; x_wconf 80' lang='lat' dir='ltr'><strong><em>IN</em></strong></span> <span class='ocrx_word' id='word_1_428' title='bbox 2647 2625 2844 2670; x_wconf 72' lang='lat' dir='ltr'><strong>EXODI</strong></span> <span class='ocrx_word' id='word_1_429' title='bbox 2874 2626 3186 2670; x_wconf 76' lang='lat' dir='ltr'><strong><em>LECTIONE</em></strong></span> <span class='ocrx_word' id='word_1_430' title='bbox 3223 2628 3538 2676; x_wconf 74' lang='lat' dir='ltr'><strong><em>OCTAVUS.</em></strong></span> 
     </span>
    </p>
   </div>
   <div class='ocr_carea' id='block_1_56' title="bbox 2322 2731 3846 2805">
    <p class='ocr_par' dir='ltr' id='par_1_56' title="bbox 2322 2731 3846 2805">
     <span class='ocr_line' id='line_1_56' title="bbox 2322 2731 3846 2805; baseline 0.007 -18"><span class='ocrx_word' id='word_1_431' title='bbox 2322 2731 2610 2802; x_wconf 78' lang='lat' dir='ltr'><strong><em>Explicitis</em></strong></span> <span class='ocrx_word' id='word_1_432' title='bbox 2653 2732 2740 2788; x_wconf 85' lang='lat' dir='ltr'><strong><em>hic</em></strong></span> <span class='ocrx_word' id='word_1_433' title='bbox 2780 2750 2900 2804; x_wconf 67' lang='lat' dir='ltr'><strong><em>quae</em></strong></span> <span class='ocrx_word' id='word_1_434' title='bbox 2931 2751 3321 2805; x_wconf 78' lang='lat' dir='ltr'><strong><em>proposueram</em></strong></span> <span class='ocrx_word' id='word_1_435' title='bbox 3354 2736 3714 2805; x_wconf 83' lang='lat' dir='ltr'><strong><em>disserenda,</em></strong></span> <span class='ocrx_word' id='word_1_436' title='bbox 3745 2749 3846 2797; x_wconf 86' lang='lat' dir='ltr'><strong><em>tam</em></strong></span> 
     </span>
    </p>
   </div>
   <div class='ocr_carea' id='block_1_57' title="bbox 2246 2825 3849 2904">
    <p class='ocr_par' dir='ltr' id='par_1_57' title="bbox 2246 2825 3849 2904">
     <span class='ocr_line' id='line_1_57' title="bbox 2246 2825 3849 2904; baseline 0.006 -23"><span class='ocrx_word' id='word_1_437' title='bbox 2246 2825 2314 2882; x_wconf 89' lang='lat' dir='ltr'><strong><em>de</em></strong></span> <span class='ocrx_word' id='word_1_438' title='bbox 2365 2827 2537 2881; x_wconf 76' lang='lat' dir='ltr'><strong><em>Exodi</em></strong></span> <span class='ocrx_word' id='word_1_439' title='bbox 2587 2844 2747 2896; x_wconf 88' lang='lat' dir='ltr'><strong><em>quam</em></strong></span> <span class='ocrx_word' id='word_1_440' title='bbox 2801 2826 2872 2882; x_wconf 89' lang='lat' dir='ltr'><strong><em>de</em></strong></span> <span class='ocrx_word' id='word_1_441' title='bbox 2913 2827 3196 2899; x_wconf 75' lang='lat' dir='ltr'><strong><em>Evangelii</em></strong></span> <span class='ocrx_word' id='word_1_442' title='bbox 3246 2829 3506 2895; x_wconf 81' lang='lat' dir='ltr'><strong><em>lectione,</em></strong></span> <span class='ocrx_word' id='word_1_443' title='bbox 3541 2848 3849 2904; x_wconf 79' lang='lat' dir='ltr'><strong><em>congruens</em></strong></span> 
     </span>
    </p>
   </div>
   <div class='ocr_carea' id='block_1_58' title="bbox 2245 2919 3852 2998">
    <p class='ocr_par' dir='ltr' id='par_1_58' title="bbox 2245 2919 3852 2998">
     <span class='ocr_line' id='line_1_58' title="bbox 2245 2919 3852 2998; baseline 0.004 -22"><span class='ocrx_word' id='word_1_444' title='bbox 2245 2921 2448 2991; x_wconf 85' lang='lat' dir='ltr'><strong><em>aliquid</em></strong></span> <span class='ocrx_word' id='word_1_445' title='bbox 2491 2919 2598 2976; x_wconf 86' lang='lat' dir='ltr'><strong><em>dici</em></strong></span> <span class='ocrx_word' id='word_1_446' title='bbox 2629 2921 2914 2976; x_wconf 82' lang='lat' dir='ltr'><strong><em>Dntninico</em></strong></span> <span class='ocrx_word' id='word_1_447' title='bbox 2951 2923 3254 2988; x_wconf 84' lang='lat' dir='ltr'><strong><em>reservavi,</em></strong></span> <span class='ocrx_word' id='word_1_448' title='bbox 3278 2924 3424 2993; x_wconf 89' lang='lat' dir='ltr'><strong><em>quod</em></strong></span> <span class='ocrx_word' id='word_1_449' title='bbox 3458 2923 3605 2980; x_wconf 88' lang='lat' dir='ltr'><strong><em>Deus</em></strong></span> <span class='ocrx_word' id='word_1_450' title='bbox 3648 2929 3701 2980; x_wconf 90' lang='lat' dir='ltr'><strong><em>in</em></strong></span> <span class='ocrx_word' id='word_1_451' title='bbox 3735 2941 3852 2998; x_wconf 84' lang='lat' dir='ltr'><strong><em>pos-</em></strong></span> 
     </span>
    </p>
   </div>
   <div class='ocr_carea' id='block_1_59' title="bbox 2249 3022 3851 3098">
    <p class='ocr_par' dir='ltr' id='par_1_59' title="bbox 2249 3022 3851 3098">
     <span class='ocr_line' id='line_1_59' title="bbox 2249 3022 3851 3098; baseline 0.005 -22"><span class='ocrx_word' id='word_1_452' title='bbox 2249 3034 2420 3078; x_wconf 90' lang='lat' dir='ltr'><strong><em>trema</em></strong></span> <span class='ocrx_word' id='word_1_453' title='bbox 2449 3033 2603 3094; x_wconf 88' lang='lat' dir='ltr'><strong><em>parte</em></strong></span> <span class='ocrx_word' id='word_1_454' title='bbox 2634 3023 2785 3078; x_wconf 91' lang='lat' dir='ltr'><strong><em>illius</em></strong></span> <span class='ocrx_word' id='word_1_455' title='bbox 2813 3022 3070 3077; x_wconf 76' lang='lat' dir='ltr'><strong><em>lectionis</em></strong></span> <span class='ocrx_word' id='word_1_456' title='bbox 3097 3022 3186 3078; x_wconf 93' lang='lat' dir='ltr'><strong><em>ubi</em></strong></span> <span class='ocrx_word' id='word_1_457' title='bbox 3223 3027 3456 3093; x_wconf 89' lang='lat' dir='ltr'><strong><em>primum</em></strong></span> <span class='ocrx_word' id='word_1_458' title='bbox 3505 3027 3687 3098; x_wconf 81' lang='lat' dir='ltr'><strong><em>legem</em></strong></span> <span class='ocrx_word' id='word_1_459' title='bbox 3734 3043 3851 3098; x_wconf 84' lang='lat' dir='ltr'><strong><em>pas-</em></strong></span> 
     </span>
    </p>
   </div>
   <div class='ocr_carea' id='block_1_60' title="bbox 2247 3116 3853 3190">
    <p class='ocr_par' dir='ltr' id='par_1_60' title="bbox 2247 3116 3853 3190">
     <span class='ocr_line' id='line_1_60' title="bbox 2247 3116 3853 3190; baseline 0.002 -17"><span class='ocrx_word' id='word_1_460' title='bbox 2247 3117 2367 3173; x_wconf 64' lang='lat' dir='ltr'><strong><em>chae</em></strong></span> <span class='ocrx_word' id='word_1_461' title='bbox 2394 3119 2703 3183; x_wconf 89' lang='lat' dir='ltr'><strong><em>annuntiat,</em></strong></span> <span class='ocrx_word' id='word_1_462' title='bbox 2733 3116 2994 3171; x_wconf 87' lang='lat' dir='ltr'><strong><em>scribitur</em></strong></span> <span class='ocrx_word' id='word_1_463' title='bbox 3022 3119 3374 3188; x_wconf 61' lang='lat' dir='ltr'><strong><em>princepisse.</em></strong></span> <span class='ocrx_word' id='word_1_464' title='bbox 3409 3118 3546 3174; x_wconf 83' lang='lat' dir='ltr'><strong><em>Nam</em></strong></span> <span class='ocrx_word' id='word_1_465' title='bbox 3573 3130 3701 3190; x_wconf 88' lang='lat' dir='ltr'><strong><em>post</em></strong></span> <span class='ocrx_word' id='word_1_466' title='bbox 3724 3122 3749 3158; x_wconf 73' lang='grc' dir='ltr'><strong><em>ιι</em></strong></span> <span class='ocrx_word' id='word_1_467' title='bbox 3778 3122 3853 3177; x_wconf 87' lang='lat' dir='ltr'><strong><em>in-</em></strong></span> 
     </span>
    </p>
   </div>
   <div class='ocr_carea' id='block_1_61' title="bbox 542 3210 3853 3288">
    <p class='ocr_par' dir='ltr' id='par_1_61' title="bbox 542 3210 3853 3288">
     <span class='ocr_line' id='line_1_61' title="bbox 542 3210 3853 3288; baseline -0.002 -13"><span class='ocrx_word' id='word_1_468' title='bbox 542 3220 866 3288; x_wconf 78' lang='lat' dir='ltr'><strong><em>Propltetam</em></strong></span> <span class='ocrx_word' id='word_1_469' title='bbox 895 3233 913 3270; x_wconf 91' lang='lat'><strong><em>:</em></strong></span> <span class='ocrx_word' id='word_1_470' title='bbox 939 3214 1005 3268; x_wconf 87' lang='lat' dir='ltr'><strong><em>Et</em></strong></span> <span class='ocrx_word' id='word_1_471' title='bbox 1030 3217 1125 3269; x_wconf 87' lang='lat' dir='ltr'><strong><em>erit</em></strong></span> <span class='ocrx_word' id='word_1_472' title='bbox 1164 3215 1217 3266; x_wconf 86' lang='lat' dir='ltr'><strong><em>in</em></strong></span> <span class='ocrx_word' id='word_1_473' title='bbox 1241 3213 1534 3266; x_wconf 84' lang='lat' dir='ltr'><strong><em>novissimis</em></strong></span> <span class='ocrx_word' id='word_1_474' title='bbox 1572 3212 1774 3273; x_wconf 86' lang='lat' dir='ltr'><strong><em>diebus.</em></strong></span> <span class='ocrx_word' id='word_1_475' title='bbox 1809 3213 1936 3265; x_wconf 85' lang='lat' dir='ltr'><strong><em>dicit</em></strong></span> <span class='ocrx_word' id='word_1_476' title='bbox 1962 3211 2143 3266; x_wconf 88' lang='lat' dir='ltr'><strong><em>Domi—</em></strong></span> <span class='ocrx_word' id='word_1_477' title='bbox 2171 3215 2217 3278; x_wconf 82' lang='lat' dir='ltr'>C</span> <span class='ocrx_word' id='word_1_478' title='bbox 2251 3211 2694 3266; x_wconf 87' lang='lat' dir='ltr'><strong><em>terminationem</em></strong></span> <span class='ocrx_word' id='word_1_479' title='bbox 2737 3226 2900 3280; x_wconf 83' lang='lat' dir='ltr'><strong><em>quant</em></strong></span> <span class='ocrx_word' id='word_1_480' title='bbox 2929 3210 3146 3266; x_wconf 77' lang='lat' dir='ltr'><strong><em>dixerat</em></strong></span> <span class='ocrx_word' id='word_1_481' title='bbox 3178 3229 3190 3264; x_wconf 88' lang='lat'>:</span> <span class='ocrx_word' id='word_1_482' title='bbox 3228 3210 3415 3266; x_wconf 88' lang='lat' dir='ltr'><strong><em>Omnis</em></strong></span> <span class='ocrx_word' id='word_1_483' title='bbox 3441 3217 3531 3284; x_wconf 86' lang='lat' dir='ltr'><strong><em>qui</em></strong></span> <span class='ocrx_word' id='word_1_484' title='bbox 3573 3217 3853 3268; x_wconf 85' lang='lat' dir='ltr'><strong><em>manduca-</em></strong></span> 
     </span>
    </p>
   </div>
   <div class='ocr_carea' id='block_1_62' title="bbox 538 3309 2148 3379">
    <p class='ocr_par' dir='ltr' id='par_1_62' title="bbox 538 3309 2148 3379">
     <span class='ocr_line' id='line_1_62' title="bbox 538 3309 2148 3379; baseline -0.006 -10"><span class='ocrx_word' id='word_1_485' title='bbox 538 3332 608 3369; x_wconf 87' lang='lat' dir='ltr'><strong><em>nu</em></strong></span> <span class='ocrx_word' id='word_1_486' title='bbox 628 3338 655 3379; x_wconf 59' lang='lat'><strong><em>&#39;,</em></strong></span> <span class='ocrx_word' id='word_1_487' title='bbox 689 3309 963 3378; x_wconf 69' lang='lat' dir='ltr'><strong><em>elfundam</em></strong></span> <span class='ocrx_word' id='word_1_488' title='bbox 993 3311 1057 3362; x_wconf 88' lang='lat' dir='ltr'><strong><em>de</em></strong></span> <span class='ocrx_word' id='word_1_489' title='bbox 1081 3309 1271 3377; x_wconf 85' lang='lat' dir='ltr'><strong><em>spiritu</em></strong></span> <span class='ocrx_word' id='word_1_490' title='bbox 1298 3323 1412 3360; x_wconf 91' lang='lat' dir='ltr'><strong><em>meo</em></strong></span> <span class='ocrx_word' id='word_1_491' title='bbox 1433 3323 1588 3376; x_wconf 85' lang='lat' dir='ltr'><strong><em>super</em></strong></span> <span class='ocrx_word' id='word_1_492' title='bbox 1615 3322 1817 3360; x_wconf 89' lang='lat' dir='ltr'><strong><em>omnem</em></strong></span> <span class='ocrx_word' id='word_1_493' title='bbox 1841 3323 2070 3373; x_wconf 75' lang='lat' dir='ltr'><strong><em>carnem,</em></strong></span> <span class='ocrx_word' id='word_1_494' title='bbox 2099 3315 2148 3360; x_wconf 92' lang='lat' dir='ltr'><strong><em>et</em></strong></span> 
     </span>
    </p>
   </div>
   <div class='ocr_carea' id='block_1_63' title="bbox 543 3398 2149 3478">
    <p class='ocr_par' dir='ltr' id='par_1_63' title="bbox 543 3398 2149 3478">
     <span class='ocr_line' id='line_1_63' title="bbox 543 3398 2149 3478; baseline -0.006 -17"><span class='ocrx_word' id='word_1_495' title='bbox 543 3407 928 3478; x_wconf 82' lang='lat' dir='ltr'><strong><em>propltetabunt</em></strong></span> <span class='ocrx_word' id='word_1_496' title='bbox 955 3402 1053 3471; x_wconf 81' lang='lat' dir='ltr'><strong><em>ﬁlii</em></strong></span> <span class='ocrx_word' id='word_1_497' title='bbox 1081 3401 1256 3461; x_wconf 78' lang='lat' dir='ltr'><strong><em>vestri,</em></strong></span> <span class='ocrx_word' id='word_1_498' title='bbox 1287 3413 1333 3454; x_wconf 92' lang='lat' dir='ltr'><strong><em>et</em></strong></span> <span class='ocrx_word' id='word_1_499' title='bbox 1359 3401 1485 3468; x_wconf 77' lang='lat' dir='ltr'><strong><em>filia:</em></strong></span> <span class='ocrx_word' id='word_1_500' title='bbox 1514 3410 1693 3452; x_wconf 79' lang='lat' dir='ltr'><strong><em>vestra:</em></strong></span> <span class='ocrx_word' id='word_1_501' title='bbox 1720 3416 1738 3452; x_wconf 92' lang='lat'><em>:</em></span> <span class='ocrx_word' id='word_1_502' title='bbox 1753 3400 1972 3467; x_wconf 86' lang='lat' dir='ltr'><strong><em>juvenes</em></strong></span> <span class='ocrx_word' id='word_1_503' title='bbox 1994 3398 2149 3453; x_wconf 76' lang='lat' dir='ltr'><strong><em>vestri</em></strong></span> 
     </span>
    </p>
   </div>
   <div class='ocr_carea' id='block_1_64' title="bbox 541 3491 2150 3562">
    <p class='ocr_par' dir='ltr' id='par_1_64' title="bbox 541 3491 2150 3562">
     <span class='ocr_line' id='line_1_64' title="bbox 541 3491 2150 3562; baseline -0.009 -5"><span class='ocrx_word' id='word_1_504' title='bbox 541 3503 764 3557; x_wconf 85' lang='lat' dir='ltr'><strong><em>visiones</em></strong></span> <span class='ocrx_word' id='word_1_505' title='bbox 795 3499 894 3551; x_wconf 58' lang='lat' dir='ltr'><strong><em>vid.</em></strong></span> <span class='ocrx_word' id='word_1_506' title='bbox 911 3497 1062 3562; x_wconf 90' lang='lat' dir='ltr'><strong><em>bunt,</em></strong></span> <span class='ocrx_word' id='word_1_507' title='bbox 1086 3505 1132 3548; x_wconf 90' lang='lat' dir='ltr'><strong><em>et</em></strong></span> <span class='ocrx_word' id='word_1_508' title='bbox 1155 3495 1385 3548; x_wconf 89' lang='lat' dir='ltr'><strong><em>seniores</em></strong></span> <span class='ocrx_word' id='word_1_509' title='bbox 1412 3492 1565 3546; x_wconf 78' lang='lat' dir='ltr'><strong><em>vestri</em></strong></span> <span class='ocrx_word' id='word_1_510' title='bbox 1587 3492 1788 3546; x_wconf 89' lang='lat' dir='ltr'><strong><em>sonmia</em></strong></span> <span class='ocrx_word' id='word_1_511' title='bbox 1814 3491 2150 3546; x_wconf 89' lang='lat' dir='ltr'><strong><em>somniabunt</em></strong></span> 
     </span>
    </p>
   </div>
   <div class='ocr_carea' id='block_1_65' title="bbox 544 3573 2148 3667">
    <p class='ocr_par' dir='ltr' id='par_1_65' title="bbox 544 3573 2148 3667">
     <span class='ocr_line' id='line_1_65' title="bbox 544 3573 2148 3667; baseline -0.007 -18"><span class='ocrx_word' id='word_1_512' title='bbox 544 3593 696 3667; x_wconf 87' lang='lat' dir='ltr'><strong><em>(Joel</em></strong></span> <span class='ocrx_word' id='word_1_513' title='bbox 729 3591 825 3661; x_wconf 89' lang='lat' dir='ltr'><strong><em>It).</em></strong></span> <span class='ocrx_word' id='word_1_514' title='bbox 871 3589 988 3643; x_wconf 87' lang='lat' dir='ltr'><strong><em>Hoc</em></strong></span> <span class='ocrx_word' id='word_1_515' title='bbox 1013 3588 1133 3658; x_wconf 76' lang='lat' dir='ltr'><strong><em>fecit</em></strong></span> <span class='ocrx_word' id='word_1_516' title='bbox 1161 3587 1372 3639; x_wconf 86' lang='lat' dir='ltr'><strong><em>initium</em></strong></span> <span class='ocrx_word' id='word_1_517' title='bbox 1414 3573 1688 3654; x_wconf 85' lang='lat' dir='ltr'><strong><em>signorum</em></strong></span> <span class='ocrx_word' id='word_1_518' title='bbox 1723 3581 1880 3638; x_wconf 87' lang='lat' dir='ltr'><strong><em>Jesus</em></strong></span> <span class='ocrx_word' id='word_1_519' title='bbox 1921 3584 1975 3636; x_wconf 90' lang='lat' dir='ltr'><strong><em>in</em></strong></span> <span class='ocrx_word' id='word_1_520' title='bbox 2000 3583 2148 3638; x_wconf 80' lang='lat' dir='ltr'><strong><em>Cana</em></strong></span> 
     </span>
    </p>
   </div>
   <div class='ocr_carea' id='block_1_66' title="bbox 545 3676 2149 3748">
    <p class='ocr_par' dir='ltr' id='par_1_66' title="bbox 545 3676 2149 3748">
     <span class='ocr_line' id='line_1_66' title="bbox 545 3676 2149 3748; baseline -0.006 -8"><span class='ocrx_word' id='word_1_521' title='bbox 545 3683 804 3748; x_wconf 73' lang='grc' dir='ltr'><strong><em>ϐιιιὶιιεω,</em></strong></span> <span class='ocrx_word' id='word_1_522' title='bbox 837 3683 888 3736; x_wconf 92' lang='lat' dir='ltr'><strong><em>id</em></strong></span> <span class='ocrx_word' id='word_1_523' title='bbox 913 3692 996 3734; x_wconf 88' lang='lat' dir='ltr'><strong><em>est</em></strong></span> <span class='ocrx_word' id='word_1_524' title='bbox 1027 3681 1079 3733; x_wconf 91' lang='lat' dir='ltr'><strong><em>in</em></strong></span> <span class='ocrx_word' id='word_1_525' title='bbox 1108 3678 1457 3748; x_wconf 88' lang='lat' dir='ltr'><strong><em>possessione</em></strong></span> <span class='ocrx_word' id='word_1_526' title='bbox 1485 3676 1778 3741; x_wconf 78' lang='lat' dir='ltr'><strong><em>Gentium;</em></strong></span> <span class='ocrx_word' id='word_1_527' title='bbox 1813 3685 1859 3730; x_wconf 90' lang='lat' dir='ltr'><strong><em>et</em></strong></span> <span class='ocrx_word' id='word_1_528' title='bbox 1900 3677 2149 3748; x_wconf 78' lang='lat' dir='ltr'><strong><em>manifes-</em></strong></span> 
     </span>
    </p>
   </div>
   <div class='ocr_carea' id='block_1_67' title="bbox 547 3769 2154 3847">
    <p class='ocr_par' dir='ltr' id='par_1_67' title="bbox 547 3769 2154 3847">
     <span class='ocr_line' id='line_1_67' title="bbox 547 3769 2154 3847; baseline -0.003 -16"><span class='ocrx_word' id='word_1_529' title='bbox 547 3777 668 3831; x_wconf 85' lang='lat' dir='ltr'><strong><em>tavit</em></strong></span> <span class='ocrx_word' id='word_1_530' title='bbox 717 3775 938 3847; x_wconf 86' lang='lat' dir='ltr'><strong><em>gloriam</em></strong></span> <span class='ocrx_word' id='word_1_531' title='bbox 979 3787 1148 3836; x_wconf 88' lang='lat' dir='ltr'><strong><em>suam,</em></strong></span> <span class='ocrx_word' id='word_1_532' title='bbox 1181 3781 1228 3824; x_wconf 88' lang='lat' dir='ltr'><strong><em>et</em></strong></span> <span class='ocrx_word' id='word_1_533' title='bbox 1261 3769 1597 3824; x_wconf 84' lang='lat' dir='ltr'><strong><em>crediderunt</em></strong></span> <span class='ocrx_word' id='word_1_534' title='bbox 1647 3770 1701 3823; x_wconf 88' lang='lat' dir='ltr'><strong><em>in</em></strong></span> <span class='ocrx_word' id='word_1_535' title='bbox 1737 3787 1854 3823; x_wconf 87' lang='lat' dir='ltr'><strong><em>eum</em></strong></span> <span class='ocrx_word' id='word_1_536' title='bbox 1904 3770 2154 3839; x_wconf 78' lang='lat' dir='ltr'><strong><em>discipuli</em></strong></span> 
     </span>
    </p>
   </div>
   <div class='ocr_carea' id='block_1_68' title="bbox 546 3861 2154 3943">
    <p class='ocr_par' dir='ltr' id='par_1_68' title="bbox 546 3861 2154 3943">
     <span class='ocr_line' id='line_1_68' title="bbox 546 3861 2154 3943; baseline -0.002 -20"><span class='ocrx_word' id='word_1_537' title='bbox 546 3871 658 3943; x_wconf 83' lang='lat' dir='ltr'><strong><em>ejus</em></strong></span> <span class='ocrx_word' id='word_1_538' title='bbox 681 3865 872 3938; x_wconf 82' lang='lat' dir='ltr'><strong><em>(Joan.</em></strong></span> <span class='ocrx_word' id='word_1_539' title='bbox 907 3879 945 3919; x_wconf 88' lang='lat' dir='ltr'><strong><em>ll</em></strong></span> <span class='ocrx_word' id='word_1_540' title='bbox 1047 3861 1155 3918; x_wconf 83' lang='lat' dir='ltr'><strong><em>Nec</em></strong></span> <span class='ocrx_word' id='word_1_541' title='bbox 1177 3864 1281 3918; x_wconf 90' lang='lat' dir='ltr'><strong><em>hoc</em></strong></span> <span class='ocrx_word' id='word_1_542' title='bbox 1321 3861 1559 3917; x_wconf 87' lang='lat' dir='ltr'><strong><em>otiosum</em></strong></span> <span class='ocrx_word' id='word_1_543' title='bbox 1595 3871 1698 3928; x_wconf 90' lang='lat' dir='ltr'><strong><em>est,</em></strong></span> <span class='ocrx_word' id='word_1_544' title='bbox 1730 3863 1874 3933; x_wconf 90' lang='lat' dir='ltr'><strong><em>quod</em></strong></span> <span class='ocrx_word' id='word_1_545' title='bbox 1905 3864 2154 3933; x_wconf 54' lang='lat' dir='ltr'><strong><em>discipuli</em></strong></span> 
     </span>
    </p>
   </div>
   <div class='ocr_carea' id='block_1_69' title="bbox 547 3955 2150 4026">
    <p class='ocr_par' dir='ltr' id='par_1_69' title="bbox 547 3955 2150 4026">
     <span class='ocr_line' id='line_1_69' title="bbox 547 3955 2150 4026; baseline -0.002 -9"><span class='ocrx_word' id='word_1_546' title='bbox 547 3964 642 4026; x_wconf 88' lang='lat' dir='ltr'><strong><em>ait,</em></strong></span> <span class='ocrx_word' id='word_1_547' title='bbox 677 3976 784 4015; x_wconf 88' lang='lat' dir='ltr'><strong><em>non</em></strong></span> <span class='ocrx_word' id='word_1_548' title='bbox 813 3957 1073 4026; x_wconf 80' lang='lat' dir='ltr'><strong><em>Apostoli.</em></strong></span> <span class='ocrx_word' id='word_1_549' title='bbox 1109 3957 1240 4011; x_wconf 83' lang='lat' dir='ltr'><strong><em>Nam</em></strong></span> <span class='ocrx_word' id='word_1_550' title='bbox 1275 3965 1336 4010; x_wconf 92' lang='lat' dir='ltr'><strong><em>ut</em></strong></span> <span class='ocrx_word' id='word_1_551' title='bbox 1369 3955 1778 4010; x_wconf 88' lang='lat' dir='ltr'><strong><em>multitudinem</em></strong></span> <span class='ocrx_word' id='word_1_552' title='bbox 1807 3957 2150 4014; x_wconf 86' lang='lat' dir='ltr'><strong><em>credentium</em></strong></span> 
     </span>
    </p>
   </div>
   <div class='ocr_carea' id='block_1_70' title="bbox 548 4053 2154 4124">
    <p class='ocr_par' dir='ltr' id='par_1_70' title="bbox 548 4053 2154 4124">
     <span class='ocr_line' id='line_1_70' title="bbox 548 4053 2154 4124; baseline -0.004 -10"><span class='ocrx_word' id='word_1_553' title='bbox 548 4057 817 4120; x_wconf 85' lang='lat' dir='ltr'><strong><em>declaret,</em></strong></span> <span class='ocrx_word' id='word_1_554' title='bbox 849 4053 1242 4124; x_wconf 85' lang='lat' dir='ltr'><strong><em>discipulorum</em></strong></span> <span class='ocrx_word' id='word_1_555' title='bbox 1265 4067 1462 4108; x_wconf 90' lang='lat' dir='ltr'><strong><em>nomen</em></strong></span> <span class='ocrx_word' id='word_1_556' title='bbox 1495 4053 1697 4123; x_wconf 88' lang='lat' dir='ltr'><strong><em>posuit,</em></strong></span> <span class='ocrx_word' id='word_1_557' title='bbox 1726 4068 1833 4107; x_wconf 90' lang='lat' dir='ltr'><strong><em>non</em></strong></span> <span class='ocrx_word' id='word_1_558' title='bbox 1860 4053 2154 4122; x_wconf 81' lang='lat' dir='ltr'><strong><em>Apostolo-</em></strong></span> 
     </span>
    </p>
   </div>
   <div class='ocr_carea' id='block_1_71' title="bbox 546 4146 2148 4219">
    <p class='ocr_par' dir='ltr' id='par_1_71' title="bbox 546 4146 2148 4219">
     <span class='ocr_line' id='line_1_71' title="bbox 546 4146 2148 4219; baseline -0.004 -10"><span class='ocrx_word' id='word_1_559' title='bbox 546 4171 693 4209; x_wconf 88' lang='lat' dir='ltr'><strong><em>rum.</em></strong></span> <span class='ocrx_word' id='word_1_560' title='bbox 722 4153 860 4210; x_wconf 90' lang='lat' dir='ltr'><strong><em>Sunt</em></strong></span> <span class='ocrx_word' id='word_1_561' title='bbox 890 4151 1036 4206; x_wconf 87' lang='lat' dir='ltr'><strong><em>enim</em></strong></span> <span class='ocrx_word' id='word_1_562' title='bbox 1065 4164 1257 4204; x_wconf 88' lang='lat' dir='ltr'><strong><em>omnes</em></strong></span> <span class='ocrx_word' id='word_1_563' title='bbox 1287 4146 1382 4219; x_wconf 88' lang='lat' dir='ltr'><strong><em>qui</em></strong></span> <span class='ocrx_word' id='word_1_564' title='bbox 1410 4147 1664 4214; x_wconf 89' lang='lat' dir='ltr'><strong><em>credunt,</em></strong></span> <span class='ocrx_word' id='word_1_565' title='bbox 1708 4148 1828 4215; x_wconf 84' lang='lat' dir='ltr'><strong><em>ejus</em></strong></span> <span class='ocrx_word' id='word_1_566' title='bbox 1859 4147 2148 4217; x_wconf 89' lang='lat' dir='ltr'><strong><em>discipuli;</em></strong></span> 
     </span>
    </p>
   </div>
   <div class='ocr_carea' id='block_1_72' title="bbox 548 4241 2154 4315">
    <p class='ocr_par' dir='ltr' id='par_1_72' title="bbox 548 4241 2154 4315">
     <span class='ocr_line' id='line_1_72' title="bbox 548 4241 2154 4315; baseline -0.004 -11"><span class='ocrx_word' id='word_1_567' title='bbox 548 4249 667 4315; x_wconf 89' lang='lat' dir='ltr'><strong><em>sed,</em></strong></span> <span class='ocrx_word' id='word_1_568' title='bbox 703 4258 761 4302; x_wconf 92' lang='lat' dir='ltr'><strong><em>ut</em></strong></span> <span class='ocrx_word' id='word_1_569' title='bbox 807 4247 882 4301; x_wconf 91' lang='lat' dir='ltr'><strong><em>ait</em></strong></span> <span class='ocrx_word' id='word_1_570' title='bbox 912 4246 1104 4301; x_wconf 82' lang='lat' dir='ltr'><strong><em>beatus</em></strong></span> <span class='ocrx_word' id='word_1_571' title='bbox 1132 4243 1356 4311; x_wconf 87' lang='lat' dir='ltr'><strong><em>Paulus,</em></strong></span> <span class='ocrx_word' id='word_1_572' title='bbox 1403 4242 1656 4314; x_wconf 89' lang='lat' dir='ltr'><strong><em>numquid</em></strong></span> <span class='ocrx_word' id='word_1_573' title='bbox 1697 4258 1874 4297; x_wconf 89' lang='lat' dir='ltr'><strong><em>omnes</em></strong></span> <span class='ocrx_word' id='word_1_574' title='bbox 1917 4241 2154 4310; x_wconf 83' lang='lat' dir='ltr'><strong><em>Apostoli</em></strong></span> 
     </span>
    </p>
   </div>
   <div class='ocr_carea' id='block_1_73' title="bbox 548 4333 2154 4411">
    <p class='ocr_par' dir='ltr' id='par_1_73' title="bbox 548 4333 2154 4411">
     <span class='ocr_line' id='line_1_73' title="bbox 548 4333 2154 4411; baseline -0.005 -15"><span class='ocrx_word' id='word_1_575' title='bbox 548 4341 605 4411; x_wconf 89' lang='grc' dir='ltr'><strong>(ι</strong></span> <span class='ocrx_word' id='word_1_576' title='bbox 632 4339 754 4396; x_wconf 87' lang='lat' dir='ltr'><strong><em>Cor.</em></strong></span> <span class='ocrx_word' id='word_1_577' title='bbox 781 4336 1287 4408; x_wconf 82' lang='lat' dir='ltr'><strong><em>xu)?Studeamus</em></strong></span> <span class='ocrx_word' id='word_1_578' title='bbox 1314 4349 1482 4398; x_wconf 91' lang='lat' dir='ltr'><strong><em>nunc,</em></strong></span> <span class='ocrx_word' id='word_1_579' title='bbox 1516 4344 1571 4388; x_wconf 87' lang='lat' dir='ltr'><strong><em>et</em></strong></span> <span class='ocrx_word' id='word_1_580' title='bbox 1600 4349 1908 4403; x_wconf 89' lang='lat' dir='ltr'><strong><em>precemur,</em></strong></span> <span class='ocrx_word' id='word_1_581' title='bbox 1939 4333 2154 4388; x_wconf 87' lang='lat' dir='ltr'><strong><em>charis-</em></strong></span> 
     </span>
    </p>
   </div>
   <div class='ocr_carea' id='block_1_74' title="bbox 550 4428 2145 4506">
    <p class='ocr_par' dir='ltr' id='par_1_74' title="bbox 550 4428 2145 4506">
     <span class='ocr_line' id='line_1_74' title="bbox 550 4428 2145 4506; baseline -0.003 -19"><span class='ocrx_word' id='word_1_582' title='bbox 550 4435 698 4506; x_wconf 83' lang='lat' dir='ltr'><strong><em>simi,</em></strong></span> <span class='ocrx_word' id='word_1_583' title='bbox 733 4443 792 4490; x_wconf 88' lang='lat' dir='ltr'><strong><em>ut</em></strong></span> <span class='ocrx_word' id='word_1_584' title='bbox 840 4440 963 4504; x_wconf 90' lang='lat' dir='ltr'><strong><em>post</em></strong></span> <span class='ocrx_word' id='word_1_585' title='bbox 1003 4431 1110 4486; x_wconf 88' lang='lat' dir='ltr'><strong><em>hoc</em></strong></span> <span class='ocrx_word' id='word_1_586' title='bbox 1151 4429 1367 4486; x_wconf 90' lang='lat' dir='ltr'><strong><em>initium</em></strong></span> <span class='ocrx_word' id='word_1_587' title='bbox 1403 4429 1683 4499; x_wconf 86' lang='lat' dir='ltr'><strong><em>signorum</em></strong></span> <span class='ocrx_word' id='word_1_588' title='bbox 1711 4428 1855 4499; x_wconf 89' lang='lat' dir='ltr'><strong><em>quod</em></strong></span> <span class='ocrx_word' id='word_1_589' title='bbox 1885 4428 2015 4485; x_wconf 81' lang='lat' dir='ltr'><strong><em>fecit</em></strong></span> <span class='ocrx_word' id='word_1_590' title='bbox 2043 4428 2145 4483; x_wconf 91' lang='lat' dir='ltr'><strong><em>Do-</em></strong></span> 
     </span>
    </p>
   </div>
   <div class='ocr_carea' id='block_1_75' title="bbox 2248 3303 3855 3376">
    <p class='ocr_par' dir='ltr' id='par_1_75' title="bbox 2248 3303 3855 3376">
     <span class='ocr_line' id='line_1_75' title="bbox 2248 3303 3855 3376; baseline 0.002 -18"><span class='ocrx_word' id='word_1_591' title='bbox 2248 3307 2375 3358; x_wconf 84' lang='lat' dir='ltr'><strong><em>verit</em></strong></span> <span class='ocrx_word' id='word_1_592' title='bbox 2424 3306 2786 3374; x_wconf 79' lang='lat' dir='ltr'><strong><em>fermenlatum</em></strong></span> <span class='ocrx_word' id='word_1_593' title='bbox 2827 3321 2857 3356; x_wconf 89' lang='lat' dir='ltr'><strong><em>a</em></strong></span> <span class='ocrx_word' id='word_1_594' title='bbox 2890 3304 3059 3375; x_wconf 89' lang='lat' dir='ltr'><strong><em>primo</em></strong></span> <span class='ocrx_word' id='word_1_595' title='bbox 3109 3303 3193 3358; x_wconf 90' lang='lat' dir='ltr'><strong><em>die</em></strong></span> <span class='ocrx_word' id='word_1_596' title='bbox 3248 3321 3414 3376; x_wconf 88' lang='lat' dir='ltr'><strong><em>usque</em></strong></span> <span class='ocrx_word' id='word_1_597' title='bbox 3469 3306 3525 3360; x_wconf 89' lang='lat' dir='ltr'><strong><em>in</em></strong></span> <span class='ocrx_word' id='word_1_598' title='bbox 3581 3319 3855 3375; x_wconf 76' lang='lat' dir='ltr'><strong><em>septimum</em></strong></span> 
     </span>
    </p>
   </div>
   <div class='ocr_carea' id='block_1_76' title="bbox 2248 3397 3851 3473">
    <p class='ocr_par' dir='ltr' id='par_1_76' title="bbox 2248 3397 3851 3473">
     <span class='ocr_line' id='line_1_76' title="bbox 2248 3397 3851 3473; baseline 0.004 -21"><span class='ocrx_word' id='word_1_599' title='bbox 2248 3399 2405 3462; x_wconf 89' lang='lat' dir='ltr'><strong><em>diem,</em></strong></span> <span class='ocrx_word' id='word_1_600' title='bbox 2435 3399 2681 3471; x_wconf 88' lang='lat' dir='ltr'><strong><em>disperiet</em></strong></span> <span class='ocrx_word' id='word_1_601' title='bbox 2708 3399 2884 3453; x_wconf 88' lang='lat' dir='ltr'><strong><em>anima</em></strong></span> <span class='ocrx_word' id='word_1_602' title='bbox 2917 3397 3012 3452; x_wconf 91' lang='lat' dir='ltr'><strong><em>illa</em></strong></span> <span class='ocrx_word' id='word_1_603' title='bbox 3050 3416 3112 3453; x_wconf 78' lang='lat' dir='ltr'><strong><em>ea:</em></strong></span> <span class='ocrx_word' id='word_1_604' title='bbox 3139 3398 3310 3454; x_wconf 89' lang='lat' dir='ltr'><strong><em>Israel</em></strong></span> <span class='ocrx_word' id='word_1_605' title='bbox 3344 3398 3550 3472; x_wconf 72' lang='lat' dir='ltr'><strong><em>(Exod.</em></strong></span> <span class='ocrx_word' id='word_1_606' title='bbox 3575 3417 3678 3470; x_wconf 81' lang='lat' dir='ltr'><strong><em>xu,</em></strong></span> <span class='ocrx_word' id='word_1_607' title='bbox 3719 3401 3803 3473; x_wconf 77' lang='grc'><strong><em>15)</em></strong></span> <span class='ocrx_word' id='word_1_608' title='bbox 3837 3419 3851 3457; x_wconf 88' lang='lat'><strong>:</strong></span> 
     </span>
    </p>
   </div>
   <div class='ocr_carea' id='block_1_77' title="bbox 2248 3491 3853 3562">
    <p class='ocr_par' dir='ltr' id='par_1_77' title="bbox 2248 3491 3853 3562">
     <span class='ocr_line' id='line_1_77' title="bbox 2248 3491 3853 3562; baseline 0.001 -13"><span class='ocrx_word' id='word_1_609' title='bbox 2248 3502 2305 3549; x_wconf 90' lang='lat' dir='ltr'><strong><em>et</em></strong></span> <span class='ocrx_word' id='word_1_610' title='bbox 2333 3493 2540 3561; x_wconf 88' lang='lat' dir='ltr'><strong><em>adjecit</em></strong></span> <span class='ocrx_word' id='word_1_611' title='bbox 2567 3495 2756 3549; x_wconf 88' lang='lat' dir='ltr'><strong><em>dicens</em></strong></span> <span class='ocrx_word' id='word_1_612' title='bbox 2793 3510 2805 3547; x_wconf 90' lang='lat'><strong>:</strong></span> <span class='ocrx_word' id='word_1_613' title='bbox 2834 3491 2899 3546; x_wconf 87' lang='lat' dir='ltr'><strong><em>Et</em></strong></span> <span class='ocrx_word' id='word_1_614' title='bbox 2924 3493 3127 3562; x_wconf 87' lang='lat' dir='ltr'><strong><em>printus</em></strong></span> <span class='ocrx_word' id='word_1_615' title='bbox 3165 3495 3277 3548; x_wconf 89' lang='lat' dir='ltr'><strong><em>dies</em></strong></span> <span class='ocrx_word' id='word_1_616' title='bbox 3318 3495 3593 3549; x_wconf 85' lang='lat' dir='ltr'><strong><em>vocabitur</em></strong></span> <span class='ocrx_word' id='word_1_617' title='bbox 3624 3508 3853 3561; x_wconf 86' lang='lat' dir='ltr'><strong><em>sanctus,</em></strong></span> 
     </span>
    </p>
   </div>
   <div class='ocr_carea' id='block_1_78' title="bbox 2249 3587 3856 3659">
    <p class='ocr_par' dir='ltr' id='par_1_78' title="bbox 2249 3587 3856 3659">
     <span class='ocr_line' id='line_1_78' title="bbox 2249 3587 3856 3659; baseline 0.001 -18"><span class='ocrx_word' id='word_1_618' title='bbox 2249 3596 2293 3641; x_wconf 90' lang='lat' dir='ltr'><strong><em>et</em></strong></span> <span class='ocrx_word' id='word_1_619' title='bbox 2316 3587 2568 3658; x_wconf 68' lang='lat' dir='ltr'><strong><em>septimus</em></strong></span> <span class='ocrx_word' id='word_1_620' title='bbox 2596 3587 2704 3640; x_wconf 90' lang='lat' dir='ltr'><strong><em>dies</em></strong></span> <span class='ocrx_word' id='word_1_621' title='bbox 2727 3599 2938 3640; x_wconf 88' lang='lat' dir='ltr'><strong><em>vocatus</em></strong></span> <span class='ocrx_word' id='word_1_622' title='bbox 2967 3596 3183 3641; x_wconf 86' lang='lat' dir='ltr'><strong><em>sanctus</em></strong></span> <span class='ocrx_word' id='word_1_623' title='bbox 3213 3588 3313 3641; x_wconf 90' lang='lat' dir='ltr'><strong><em>erit</em></strong></span> <span class='ocrx_word' id='word_1_624' title='bbox 3340 3588 3484 3643; x_wconf 87' lang='lat' dir='ltr'><strong><em>vobis</em></strong></span> <span class='ocrx_word' id='word_1_625' title='bbox 3516 3605 3536 3644; x_wconf 91' lang='lat'><strong><em>:</em></strong></span> <span class='ocrx_word' id='word_1_626' title='bbox 3559 3606 3710 3644; x_wconf 87' lang='lat' dir='ltr'><strong><em>omne</em></strong></span> <span class='ocrx_word' id='word_1_627' title='bbox 3733 3606 3856 3659; x_wconf 81' lang='lat' dir='ltr'><strong><em>Opus</em></strong></span> 
     </span>
    </p>
   </div>
   <div class='ocr_carea' id='block_1_79' title="bbox 2228 3681 3856 3753">
    <p class='ocr_par' dir='ltr' id='par_1_79' title="bbox 2228 3681 3856 3753">
     <span class='ocr_line' id='line_1_79' title="bbox 2228 3681 3856 3753; baseline 0.003 -21"><span class='ocrx_word' id='word_1_628' title='bbox 2228 3681 2428 3734; x_wconf 84' lang='lat' dir='ltr'><strong><em>servile</em></strong></span> <span class='ocrx_word' id='word_1_629' title='bbox 2455 3697 2559 3735; x_wconf 91' lang='lat' dir='ltr'><strong><em>non</em></strong></span> <span class='ocrx_word' id='word_1_630' title='bbox 2601 3681 2829 3752; x_wconf 80' lang='lat' dir='ltr'><strong><em>facietis,</em></strong></span> <span class='ocrx_word' id='word_1_631' title='bbox 2856 3693 3201 3749; x_wconf 78' lang='lat' dir='ltr'><strong><em>prceterquam</em></strong></span> <span class='ocrx_word' id='word_1_632' title='bbox 3231 3682 3380 3753; x_wconf 88' lang='lat' dir='ltr'><strong><em>quod</em></strong></span> <span class='ocrx_word' id='word_1_633' title='bbox 3429 3683 3740 3752; x_wconf 79' lang='lat' dir='ltr'><strong><em>faciendum</em></strong></span> <span class='ocrx_word' id='word_1_634' title='bbox 3766 3685 3856 3739; x_wconf 86' lang='lat' dir='ltr'><strong><em>erit</em></strong></span> 
     </span>
    </p>
   </div>
   <div class='ocr_carea' id='block_1_80' title="bbox 2252 3775 3856 3846">
    <p class='ocr_par' dir='ltr' id='par_1_80' title="bbox 2252 3775 3856 3846">
     <span class='ocr_line' id='line_1_80' title="bbox 2252 3775 3856 3846; baseline 0.002 -16"><span class='ocrx_word' id='word_1_635' title='bbox 2252 3776 2393 3830; x_wconf 89' lang='lat' dir='ltr'><strong><em>omni</em></strong></span> <span class='ocrx_word' id='word_1_636' title='bbox 2427 3775 2830 3846; x_wconf 69' lang='lat' dir='ltr'><strong><em>anima:(lbid.,</em></strong></span> <span class='ocrx_word' id='word_1_637' title='bbox 2860 3775 2974 3843; x_wconf 81' lang='grc'><strong><em>16).</em></strong></span> <span class='ocrx_word' id='word_1_638' title='bbox 3003 3775 3247 3830; x_wconf 88' lang='lat' dir='ltr'><strong><em>Primum</em></strong></span> <span class='ocrx_word' id='word_1_639' title='bbox 3293 3775 3441 3831; x_wconf 88' lang='lat' dir='ltr'><strong><em>diem</em></strong></span> <span class='ocrx_word' id='word_1_640' title='bbox 3495 3780 3693 3834; x_wconf 67' lang='lat' dir='ltr'><strong><em>saeculi</em></strong></span> <span class='ocrx_word' id='word_1_641' title='bbox 3741 3792 3856 3834; x_wconf 83' lang='lat' dir='ltr'><strong><em>esse</em></strong></span> 
     </span>
    </p>
   </div>
   <div class='ocr_carea' id='block_1_81' title="bbox 2257 3868 3856 3943">
    <p class='ocr_par' dir='ltr' id='par_1_81' title="bbox 2257 3868 3856 3943">
     <span class='ocr_line' id='line_1_81' title="bbox 2257 3868 3856 3943; baseline 0.003 -19"><span class='ocrx_word' id='word_1_642' title='bbox 2257 3869 2595 3924; x_wconf 89' lang='lat' dir='ltr'><strong><em>Dominicmn</em></strong></span> <span class='ocrx_word' id='word_1_643' title='bbox 2637 3870 2807 3935; x_wconf 90' lang='lat' dir='ltr'><strong><em>diem,</em></strong></span> <span class='ocrx_word' id='word_1_644' title='bbox 2839 3868 2959 3924; x_wconf 89' lang='lat' dir='ltr'><strong><em>dies</em></strong></span> <span class='ocrx_word' id='word_1_645' title='bbox 2999 3869 3210 3924; x_wconf 84' lang='lat' dir='ltr'><strong><em>sabbati</em></strong></span> <span class='ocrx_word' id='word_1_646' title='bbox 3241 3870 3518 3941; x_wconf 76' lang='lat' dir='ltr'><strong><em>Septimus</em></strong></span> <span class='ocrx_word' id='word_1_647' title='bbox 3555 3874 3774 3943; x_wconf 88' lang='lat' dir='ltr'><strong><em>probat,</em></strong></span> <span class='ocrx_word' id='word_1_648' title='bbox 3807 3873 3856 3930; x_wconf 88' lang='lat' dir='ltr'><strong><em>in</em></strong></span> 
     </span>
    </p>
   </div>
   <div class='ocr_carea' id='block_1_82' title="bbox 2250 3961 3853 4037">
    <p class='ocr_par' dir='ltr' id='par_1_82' title="bbox 2250 3961 3853 4037">
     <span class='ocr_line' id='line_1_82' title="bbox 2250 3961 3853 4037; baseline 0.006 -25"><span class='ocrx_word' id='word_1_649' title='bbox 2250 3977 2357 4029; x_wconf 89' lang='lat' dir='ltr'><strong><em>quo</em></strong></span> <span class='ocrx_word' id='word_1_650' title='bbox 2387 3962 2728 4030; x_wconf 86' lang='lat' dir='ltr'><strong><em>requievisse</em></strong></span> <span class='ocrx_word' id='word_1_651' title='bbox 2753 3961 3071 4032; x_wconf 83' lang='lat' dir='ltr'><strong><em>perhibetur</em></strong></span> <span class='ocrx_word' id='word_1_652' title='bbox 3098 3962 3267 4025; x_wconf 85' lang='lat' dir='ltr'><strong><em>Deus.</em></strong></span> <span class='ocrx_word' id='word_1_653' title='bbox 3289 3962 3512 4027; x_wconf 86' lang='lat' dir='ltr'><strong><em>dicente</em></strong></span> <span class='ocrx_word' id='word_1_654' title='bbox 3539 3965 3853 4037; x_wconf 88' lang='lat' dir='ltr'><strong><em>Scriptura:</em></strong></span> 
     </span>
    </p>
   </div>
   <div class='ocr_carea' id='block_1_83' title="bbox 2255 4055 3850 4132">
    <p class='ocr_par' dir='ltr' id='par_1_83' title="bbox 2255 4055 3850 4132">
     <span class='ocr_line' id='line_1_83' title="bbox 2255 4055 3850 4132; baseline 0.003 -22"><span class='ocrx_word' id='word_1_655' title='bbox 2255 4055 2417 4129; x_wconf 56' lang='lat' dir='ltr'><strong><em>29E.</em></strong></span> <span class='ocrx_word' id='word_1_656' title='bbox 2434 4056 2496 4111; x_wconf 81' lang='lat' dir='ltr'><strong><em>Et</em></strong></span> <span class='ocrx_word' id='word_1_657' title='bbox 2518 4057 2777 4112; x_wconf 73' lang='lat' dir='ltr'><strong><em>benedixit</em></strong></span> <span class='ocrx_word' id='word_1_658' title='bbox 2797 4055 2940 4111; x_wconf 89' lang='lat' dir='ltr'><strong><em>Deus</em></strong></span> <span class='ocrx_word' id='word_1_659' title='bbox 2961 4057 3096 4110; x_wconf 86' lang='lat' dir='ltr'><strong><em>diem</em></strong></span> <span class='ocrx_word' id='word_1_660' title='bbox 3121 4057 3423 4128; x_wconf 87' lang='lat' dir='ltr'><strong><em>septimum,</em></strong></span> <span class='ocrx_word' id='word_1_661' title='bbox 3447 4062 3850 4132; x_wconf 80' lang='lat' dir='ltr'><strong><em>etsanctiﬁcavit</em></strong></span> 
     </span>
    </p>
   </div>
   <div class='ocr_carea' id='block_1_84' title="bbox 2253 4147 3846 4223">
    <p class='ocr_par' dir='ltr' id='par_1_84' title="bbox 2253 4147 3846 4223">
     <span class='ocr_line' id='line_1_84' title="bbox 2253 4147 3846 4223; baseline 0.003 -19"><span class='ocrx_word' id='word_1_662' title='bbox 2253 4165 2391 4212; x_wconf 89' lang='lat' dir='ltr'><strong><em>eum,</em></strong></span> <span class='ocrx_word' id='word_1_663' title='bbox 2413 4150 2538 4220; x_wconf 88' lang='lat' dir='ltr'><strong><em>quia</em></strong></span> <span class='ocrx_word' id='word_1_664' title='bbox 2581 4151 2637 4204; x_wconf 88' lang='lat' dir='ltr'><strong><em>in</em></strong></span> <span class='ocrx_word' id='word_1_665' title='bbox 2678 4165 2737 4203; x_wconf 86' lang='lat' dir='ltr'><strong><em>eo</em></strong></span> <span class='ocrx_word' id='word_1_666' title='bbox 2777 4148 3030 4220; x_wconf 87' lang='lat' dir='ltr'><strong><em>requievit</em></strong></span> <span class='ocrx_word' id='word_1_667' title='bbox 3059 4147 3120 4202; x_wconf 88' lang='lat' dir='ltr'><strong><em>ab</em></strong></span> <span class='ocrx_word' id='word_1_668' title='bbox 3151 4151 3393 4205; x_wconf 87' lang='lat' dir='ltr'><strong><em>omnibus</em></strong></span> <span class='ocrx_word' id='word_1_669' title='bbox 3419 4153 3671 4223; x_wconf 88' lang='lat' dir='ltr'><strong><em>operibus</em></strong></span> <span class='ocrx_word' id='word_1_670' title='bbox 3721 4154 3846 4219; x_wconf 89' lang='lat' dir='ltr'><strong><em>suis,</em></strong></span> 
     </span>
    </p>
   </div>
   <div class='ocr_carea' id='block_1_85' title="bbox 2255 4238 3860 4316">
    <p class='ocr_par' dir='ltr' id='par_1_85' title="bbox 2255 4238 3860 4316">
     <span class='ocr_line' id='line_1_85' title="bbox 2255 4238 3860 4316; baseline 0.003 -21"><span class='ocrx_word' id='word_1_671' title='bbox 2255 4257 2370 4312; x_wconf 70' lang='lat' dir='ltr'><strong><em>qua:</em></strong></span> <span class='ocrx_word' id='word_1_672' title='bbox 2416 4251 2636 4313; x_wconf 75' lang='lat' dir='ltr'><strong><em>coeperat</em></strong></span> <span class='ocrx_word' id='word_1_673' title='bbox 2675 4239 2817 4295; x_wconf 87' lang='lat' dir='ltr'><strong><em>Deus</em></strong></span> <span class='ocrx_word' id='word_1_674' title='bbox 2859 4238 3206 4312; x_wconf 83' lang='lat' dir='ltr'><strong><em>[acere(Gen.</em></strong></span> <span class='ocrx_word' id='word_1_675' title='bbox 3256 4241 3340 4313; x_wconf 83' lang='lat' dir='ltr'><strong><em>ll).</em></strong></span> <span class='ocrx_word' id='word_1_676' title='bbox 3395 4243 3568 4300; x_wconf 86' lang='lat' dir='ltr'><strong><em>Caute</em></strong></span> <span class='ocrx_word' id='word_1_677' title='bbox 3618 4245 3860 4316; x_wconf 88' lang='lat' dir='ltr'><strong><em>loquitur</em></strong></span> 
     </span>
    </p>
   </div>
   <div class='ocr_carea' id='block_1_86' title="bbox 2255 4335 3859 4410">
    <p class='ocr_par' dir='ltr' id='par_1_86' title="bbox 2255 4335 3859 4410">
     <span class='ocr_line' id='line_1_86' title="bbox 2255 4335 3859 4410; baseline 0.002 -17"><span class='ocrx_word' id='word_1_678' title='bbox 2255 4337 2535 4408; x_wconf 86' lang='lat' dir='ltr'><strong><em>Scriptura</em></strong></span> <span class='ocrx_word' id='word_1_679' title='bbox 2568 4335 2782 4402; x_wconf 90' lang='lat' dir='ltr'><strong><em>divina,</em></strong></span> <span class='ocrx_word' id='word_1_680' title='bbox 2810 4350 2921 4390; x_wconf 91' lang='lat' dir='ltr'><strong><em>non</em></strong></span> <span class='ocrx_word' id='word_1_681' title='bbox 2971 4335 3220 4391; x_wconf 89' lang='lat' dir='ltr'><strong><em>absolute</em></strong></span> <span class='ocrx_word' id='word_1_682' title='bbox 3261 4335 3485 4406; x_wconf 90' lang='lat' dir='ltr'><strong><em>dicens,</em></strong></span> <span class='ocrx_word' id='word_1_683' title='bbox 3517 4341 3859 4410; x_wconf 81' lang='lat' dir='ltr'><strong><em>requievisse</em></strong></span> 
     </span>
    </p>
   </div>
   <div class='ocr_carea' id='block_1_87' title="bbox 2259 4427 3859 4503">
    <p class='ocr_par' dir='ltr' id='par_1_87' title="bbox 2259 4427 3859 4503">
     <span class='ocr_line' id='line_1_87' title="bbox 2259 4427 3859 4503; baseline 0.004 -19"><span class='ocrx_word' id='word_1_684' title='bbox 2259 4429 2428 4486; x_wconf 91' lang='lat' dir='ltr'><strong><em>Deum</em></strong></span> <span class='ocrx_word' id='word_1_685' title='bbox 2478 4429 2547 4485; x_wconf 89' lang='lat' dir='ltr'><strong><em>ab</em></strong></span> <span class='ocrx_word' id='word_1_686' title='bbox 2596 4428 2861 4500; x_wconf 90' lang='lat' dir='ltr'><strong><em>operibus</em></strong></span> <span class='ocrx_word' id='word_1_687' title='bbox 2890 4428 3027 4496; x_wconf 88' lang='lat' dir='ltr'><strong><em>suis,</em></strong></span> <span class='ocrx_word' id='word_1_688' title='bbox 3064 4427 3158 4483; x_wconf 90' lang='lat' dir='ltr'><strong><em>sed</em></strong></span> <span class='ocrx_word' id='word_1_689' title='bbox 3190 4427 3260 4482; x_wconf 88' lang='lat' dir='ltr'><strong><em>ab</em></strong></span> <span class='ocrx_word' id='word_1_690' title='bbox 3293 4429 3562 4499; x_wconf 85' lang='lat' dir='ltr'><strong><em>Operibus</em></strong></span> <span class='ocrx_word' id='word_1_691' title='bbox 3597 4448 3725 4503; x_wconf 73' lang='lat' dir='ltr'><strong><em>qua:</em></strong></span> <span class='ocrx_word' id='word_1_692' title='bbox 3756 4447 3859 4490; x_wconf 49' lang='lat' dir='ltr'><strong><em>cos.</em></strong></span> 
     </span>
    </p>
   </div>
   <div class='ocr_carea' id='block_1_88' title="bbox 623 4637 3857 4713">
    <p class='ocr_par' dir='ltr' id='par_1_88' title="bbox 623 4637 3857 4713">
     <span class='ocr_line' id='line_1_88' title="bbox 623 4637 3857 4713; baseline 0.001 -17"><span class='ocrx_word' id='word_1_693' title='bbox 623 4655 650 4682; x_wconf 74' lang='grc' dir='ltr'>α</span> <span class='ocrx_word' id='word_1_694' title='bbox 693 4642 767 4696; x_wconf 87' lang='lat' dir='ltr'><strong><em>lta</em></strong></span> <span class='ocrx_word' id='word_1_695' title='bbox 801 4656 934 4695; x_wconf 88' lang='lat' dir='ltr'><strong><em>mss.</em></strong></span> <span class='ocrx_word' id='word_1_696' title='bbox 966 4637 1342 4713; x_wconf 84' lang='lat' dir='ltr'><strong><em>codd.,_rec_te</em></strong></span> <span class='ocrx_word' id='word_1_697' title='bbox 1372 4637 1628 4713; x_wconf 78' lang='lat' dir='ltr'><strong><em>quidem;</em></strong></span> <span class='ocrx_word' id='word_1_698' title='bbox 1676 4637 1874 4708; x_wconf 87' lang='lat' dir='ltr'><strong><em>quibus</em></strong></span> <span class='ocrx_word' id='word_1_699' title='bbox 1903 4638 2148 4713; x_wconf 83' lang='lat' dir='ltr'><strong><em>concinit</em></strong></span> <span class='ocrx_word' id='word_1_700' title='bbox 2175 4641 2436 4704; x_wconf 85' lang='lat' dir='ltr'><strong><em>Dscretio</em></strong></span> <span class='ocrx_word' id='word_1_701' title='bbox 2483 4641 2787 4713; x_wconf 86' lang='lat' dir='ltr'><strong><em>spirituum,</em></strong></span> <span class='ocrx_word' id='word_1_702' title='bbox 2837 4654 3001 4712; x_wconf 86' lang='lat' dir='ltr'><strong><em>quam</em></strong></span> <span class='ocrx_word' id='word_1_703' title='bbox 3050 4639 3342 4696; x_wconf 89' lang='lat' dir='ltr'><strong><em>lectionem</em></strong></span> <span class='ocrx_word' id='word_1_704' title='bbox 3411 4639 3642 4699; x_wconf 82' lang='lat' dir='ltr'><strong><em>exhibet</em></strong></span> <span class='ocrx_word' id='word_1_705' title='bbox 3701 4641 3857 4698; x_wconf 83' lang='lat' dir='ltr'><strong><em>etiam</em></strong></span> 
     </span>
    </p>
   </div>
   <div class='ocr_carea' id='block_1_89' title="bbox 551 4709 2151 4786">
    <p class='ocr_par' dir='ltr' id='par_1_89' title="bbox 551 4709 2151 4786">
     <span class='ocr_line' id='line_1_89' title="bbox 551 4709 2151 4786; baseline -0.003 -17"><span class='ocrx_word' id='word_1_706' title='bbox 551 4716 801 4786; x_wconf 77' lang='lat' dir='ltr'><strong><em>Vulgata.</em></strong></span> <span class='ocrx_word' id='word_1_707' title='bbox 837 4713 896 4766; x_wconf 90' lang='lat' dir='ltr'><strong><em>lu</em></strong></span> <span class='ocrx_word' id='word_1_708' title='bbox 926 4712 1112 4774; x_wconf 88' lang='lat' dir='ltr'><strong><em>editis,</em></strong></span> <span class='ocrx_word' id='word_1_709' title='bbox 1160 4710 1518 4779; x_wconf 73' lang='lat' dir='ltr'><strong><em>baptizamini,</em></strong></span> <span class='ocrx_word' id='word_1_710' title='bbox 1567 4709 1799 4764; x_wconf 74' lang='lat' dir='ltr'><strong><em>fortasse</em></strong></span> <span class='ocrx_word' id='word_1_711' title='bbox 1829 4710 2026 4764; x_wconf 84' lang='lat' dir='ltr'><strong><em>mendo</em></strong></span> <span class='ocrx_word' id='word_1_712' title='bbox 2070 4721 2151 4783; x_wconf 86' lang='lat' dir='ltr'><strong><em>ty-</em></strong></span> 
     </span>
    </p>
   </div>
   <div class='ocr_carea' id='block_1_90' title="bbox 596 4803 769 4842">
    <p class='ocr_par' dir='ltr' id='par_1_90' title="bbox 596 4803 769 4842">
     <span class='ocr_line' id='line_1_90' title="bbox 596 4803 769 4842; baseline 0 -3"><span class='ocrx_word' id='word_1_713' title='bbox 596 4803 769 4842; x_wconf 81' lang='lat' dir='ltr'><strong><em>ul‘tttll.</em></strong></span> 
     </span>
    </p>
   </div>
   <div class='ocr_carea' id='block_1_91' title="bbox 553 4805 2151 4924">
    <p class='ocr_par' dir='ltr' id='par_1_91' title="bbox 553 4805 2151 4924">
     <span class='ocr_line' id='line_1_91' title="bbox 661 4807 769 4838; baseline 0.019 -2"><span class='ocrx_word' id='word_1_714' title='bbox 661 4807 689 4836; x_wconf 82' lang='lat' dir='ltr'><strong><em>ll</em></strong></span> <span class='ocrx_word' id='word_1_715' title='bbox 756 4825 769 4838; x_wconf 82' lang='grc' dir='ltr'><strong><em>ο</em></strong></span> 
     </span>
     <span class='ocr_line' id='line_1_92' title="bbox 553 4805 2151 4924; baseline 0 -15"><span class='ocrx_word' id='word_1_716' title='bbox 553 4805 655 4896; x_wconf 51' lang='grc' dir='ltr'><strong><em>μὶῖ</em></strong></span> <span class='ocrx_word' id='word_1_717' title='bbox 698 4805 837 4911; x_wconf 50' lang='lat' dir='ltr'><strong><em>ltil&#39;diti</em></strong></span> <span class='ocrx_word' id='word_1_718' title='bbox 863 4855 1114 4924; x_wconf 84' lang='lat' dir='ltr'><strong><em>legebant</em></strong></span> <span class='ocrx_word' id='word_1_719' title='bbox 1139 4852 1386 4905; x_wconf 89' lang='lat' dir='ltr'><strong><em>admirati</em></strong></span> <span class='ocrx_word' id='word_1_720' title='bbox 1414 4865 1619 4915; x_wconf 90' lang='lat' dir='ltr'><strong><em>autem;</em></strong></span> <span class='ocrx_word' id='word_1_721' title='bbox 1651 4851 1793 4919; x_wconf 88' lang='lat' dir='ltr'><strong><em>quod</em></strong></span> <span class='ocrx_word' id='word_1_722' title='bbox 1827 4851 2151 4918; x_wconf 88' lang='lat' dir='ltr'><strong><em>delevimus,</em></strong></span> 
     </span>
    </p>
   </div>
   <div class='ocr_carea' id='block_1_92' title="bbox 553 4925 2156 4994">
    <p class='ocr_par' dir='ltr' id='par_1_92' title="bbox 553 4925 2156 4994">
     <span class='ocr_line' id='line_1_93' title="bbox 553 4925 2156 4994; baseline -0.002 -10"><span class='ocrx_word' id='word_1_723' title='bbox 553 4941 884 4991; x_wconf 85' lang='lat' dir='ltr'><strong><em>reponentes</em></strong></span> <span class='ocrx_word' id='word_1_724' title='bbox 904 4926 1194 4978; x_wconf 83' lang='lat' dir='ltr'><strong><em>lectionem</em></strong></span> <span class='ocrx_word' id='word_1_725' title='bbox 1229 4935 1462 4991; x_wconf 75' lang='lat' dir='ltr'><strong><em>quatuor</em></strong></span> <span class='ocrx_word' id='word_1_726' title='bbox 1490 4937 1622 4976; x_wconf 87' lang='lat' dir='ltr'><strong><em>mss.</em></strong></span> <span class='ocrx_word' id='word_1_727' title='bbox 1647 4938 1768 4978; x_wconf 90' lang='lat' dir='ltr'><strong><em>cum</em></strong></span> <span class='ocrx_word' id='word_1_728' title='bbox 1802 4925 2003 4994; x_wconf 81' lang='lat' dir='ltr'><strong><em>quibus</em></strong></span> <span class='ocrx_word' id='word_1_729' title='bbox 2026 4927 2156 4982; x_wconf 77' lang='lat' dir='ltr'><strong><em>facit</em></strong></span> 
     </span>
    </p>
   </div>
   <div class='ocr_carea' id='block_1_93' title="bbox 557 4995 1267 5061">
    <p class='ocr_par' dir='ltr' id='par_1_93' title="bbox 557 4995 1267 5061">
     <span class='ocr_line' id='line_1_94' title="bbox 557 4995 1267 5061; baseline -0.021 -1"><span class='ocrx_word' id='word_1_730' title='bbox 557 5002 720 5059; x_wconf 85' lang='lat' dir='ltr'><strong><em>etiam</em></strong></span> <span class='ocrx_word' id='word_1_731' title='bbox 757 4999 894 5051; x_wconf 81' lang='lat' dir='ltr'><strong><em>liber</em></strong></span> <span class='ocrx_word' id='word_1_732' title='bbox 929 4995 1267 5061; x_wconf 78' lang='lat' dir='ltr'><strong><em>Pantagathi.</em></strong></span> 
     </span>
    </p>
   </div>
   <div class='ocr_carea' id='block_1_94' title="bbox 639 5066 2152 5132">
    <p class='ocr_par' dir='ltr' id='par_1_94' title="bbox 639 5066 2152 5132">
     <span class='ocr_line' id='line_1_95' title="bbox 639 5066 2152 5132; baseline 0 -8"><span class='ocrx_word' id='word_1_733' title='bbox 639 5084 660 5111; x_wconf 81' lang='grc' dir='ltr'><strong>ο</strong></span> <span class='ocrx_word' id='word_1_734' title='bbox 705 5071 1044 5124; x_wconf 79' lang='lat' dir='ltr'><strong><em>Ri-titmtntus</em></strong></span> <span class='ocrx_word' id='word_1_735' title='bbox 1071 5073 1361 5120; x_wconf 82' lang='lat' dir='ltr'><strong><em>lectionem</em></strong></span> <span class='ocrx_word' id='word_1_736' title='bbox 1403 5066 1698 5132; x_wconf 82' lang='lat' dir='ltr'><strong><em>vulgalam,</em></strong></span> <span class='ocrx_word' id='word_1_737' title='bbox 1726 5081 1846 5121; x_wconf 78' lang='lat' dir='ltr'><strong><em>nam</em></strong></span> <span class='ocrx_word' id='word_1_738' title='bbox 1885 5084 2015 5124; x_wconf 87' lang='lat' dir='ltr'><strong><em>mss.</em></strong></span> <span class='ocrx_word' id='word_1_739' title='bbox 2053 5070 2152 5124; x_wconf 81' lang='lat' dir='ltr'><strong><em>ha-</em></strong></span> 
     </span>
    </p>
   </div>
   <div class='ocr_carea' id='block_1_95' title="bbox 560 5139 2153 5207">
    <p class='ocr_par' dir='ltr' id='par_1_95' title="bbox 560 5139 2153 5207">
     <span class='ocr_line' id='line_1_96' title="bbox 560 5139 2153 5207; baseline -0.004 -7"><span class='ocrx_word' id='word_1_740' title='bbox 560 5144 686 5200; x_wconf 84' lang='lat' dir='ltr'><strong><em>bent</em></strong></span> <span class='ocrx_word' id='word_1_741' title='bbox 716 5140 890 5194; x_wconf 80' lang='lat' dir='ltr'><strong><em>Judwi</em></strong></span> <span class='ocrx_word' id='word_1_742' title='bbox 924 5139 1176 5200; x_wconf 81' lang='lat' dir='ltr'><strong><em>bibentes;</em></strong></span> <span class='ocrx_word' id='word_1_743' title='bbox 1211 5142 1304 5193; x_wconf 85' lang='lat' dir='ltr'><strong><em>sed</em></strong></span> <span class='ocrx_word' id='word_1_744' title='bbox 1335 5154 1457 5207; x_wconf 78' lang='lat' dir='ltr'><strong><em>qua:</em></strong></span> <span class='ocrx_word' id='word_1_745' title='bbox 1491 5151 1794 5205; x_wconf 78' lang='lat' dir='ltr'><strong><em>sequuntur</em></strong></span> <span class='ocrx_word' id='word_1_746' title='bbox 1826 5145 2153 5194; x_wconf 84' lang='lat' dir='ltr'><strong><em>ntutavintus</em></strong></span> 
     </span>
    </p>
   </div>
   <div class='ocr_carea' id='block_1_96' title="bbox 561 5211 2157 5280">
    <p class='ocr_par' dir='ltr' id='par_1_96' title="bbox 561 5211 2157 5280">
     <span class='ocr_line' id='line_1_97' title="bbox 561 5211 2157 5280; baseline 0.004 -20"><span class='ocrx_word' id='word_1_747' title='bbox 561 5231 627 5272; x_wconf 75' lang='lat' dir='ltr'><strong><em>ex</em></strong></span> <span class='ocrx_word' id='word_1_748' title='bbox 663 5214 807 5268; x_wconf 81' lang='lat' dir='ltr'><strong><em>Flor.</em></strong></span> <span class='ocrx_word' id='word_1_749' title='bbox 843 5221 896 5264; x_wconf 85' lang='lat' dir='ltr'><strong><em>et</em></strong></span> <span class='ocrx_word' id='word_1_750' title='bbox 932 5213 1069 5261; x_wconf 74' lang='lat' dir='ltr'><strong><em>Vult.</em></strong></span> <span class='ocrx_word' id='word_1_751' title='bbox 1094 5211 1333 5273; x_wconf 87' lang='lat' dir='ltr'><strong><em>duobus,</em></strong></span> <span class='ocrx_word' id='word_1_752' title='bbox 1358 5228 1478 5262; x_wconf 70' lang='lat' dir='ltr'><strong><em>cum</em></strong></span> <span class='ocrx_word' id='word_1_753' title='bbox 1507 5211 1636 5263; x_wconf 82' lang='lat' dir='ltr'><strong><em>editi</em></strong></span> <span class='ocrx_word' id='word_1_754' title='bbox 1672 5211 1912 5280; x_wconf 73' lang='lat' dir='ltr'><strong><em>legerent</em></strong></span> <span class='ocrx_word' id='word_1_755' title='bbox 1939 5213 2030 5266; x_wconf 85' lang='lat' dir='ltr'><strong><em>sed</em></strong></span> <span class='ocrx_word' id='word_1_756' title='bbox 2047 5213 2157 5266; x_wconf 77' lang='lat' dir='ltr'><strong><em>ine-</em></strong></span> 
     </span>
    </p>
   </div>
   <div class='ocr_carea' id='block_1_97' title="bbox 561 5283 1390 5348">
    <p class='ocr_par' dir='ltr' id='par_1_97' title="bbox 561 5283 1390 5348">
     <span class='ocr_line' id='line_1_98' title="bbox 561 5283 1390 5348; baseline -0.01 -7"><span class='ocrx_word' id='word_1_757' title='bbox 561 5287 717 5341; x_wconf 69' lang='lat' dir='ltr'><strong><em>bnati</em></strong></span> <span class='ocrx_word' id='word_1_758' title='bbox 751 5292 869 5337; x_wconf 83' lang='lat' dir='ltr'><strong><em>sunt</em></strong></span> <span class='ocrx_word' id='word_1_759' title='bbox 900 5283 1054 5334; x_wconf 79' lang='lat' dir='ltr'><strong><em>etiam</em></strong></span> <span class='ocrx_word' id='word_1_760' title='bbox 1083 5283 1390 5348; x_wconf 83' lang='lat' dir='ltr'><strong><em>perniciosa.</em></strong></span> 
     </span>
    </p>
   </div>
   <div class='ocr_carea' id='block_1_98' title="bbox 633 5352 2154 5422">
    <p class='ocr_par' dir='ltr' id='par_1_98' title="bbox 633 5352 2154 5422">
     <span class='ocr_line' id='line_1_99' title="bbox 633 5352 2154 5422; baseline -0.002 -12"><span class='ocrx_word' id='word_1_761' title='bbox 633 5357 660 5395; x_wconf 74' lang='grc' dir='ltr'>ά</span> <span class='ocrx_word' id='word_1_762' title='bbox 704 5356 849 5410; x_wconf 81' lang='lat' dir='ltr'><strong><em>Vati.</em></strong></span> <span class='ocrx_word' id='word_1_763' title='bbox 894 5354 1001 5406; x_wconf 86' lang='lat' dir='ltr'><strong><em>duo</em></strong></span> <span class='ocrx_word' id='word_1_764' title='bbox 1026 5353 1300 5404; x_wconf 73' lang='lat' dir='ltr'><strong><em>itttbccilles</em></strong></span> <span class='ocrx_word' id='word_1_765' title='bbox 1332 5352 1518 5422; x_wconf 86' lang='lat' dir='ltr'><strong><em>quippe</em></strong></span> <span class='ocrx_word' id='word_1_766' title='bbox 1549 5354 1824 5413; x_wconf 83' lang='lat' dir='ltr'><strong><em>mentibus.</em></strong></span> <span class='ocrx_word' id='word_1_767' title='bbox 1866 5353 2017 5422; x_wconf 80' lang='lat' dir='ltr'><strong><em>Flor.</em></strong></span> <span class='ocrx_word' id='word_1_768' title='bbox 2051 5355 2154 5408; x_wconf 85' lang='lat' dir='ltr'><strong><em>iut-</em></strong></span> 
     </span>
    </p>
   </div>
   <div class='ocr_carea' id='block_1_99' title="bbox 500 5421 2153 5497">
    <p class='ocr_par' dir='ltr' id='par_1_99' title="bbox 500 5421 2153 5497">
     <span class='ocr_line' id='line_1_100' title="bbox 500 5421 2153 5497; baseline -0.004 -14"><span class='ocrx_word' id='word_1_769' title='bbox 500 5451 504 5455; x_wconf 79' lang='grc'><strong>-</strong></span> <span class='ocrx_word' id='word_1_770' title='bbox 563 5427 762 5483; x_wconf 85' lang='lat' dir='ltr'><strong><em>becillis</em></strong></span> <span class='ocrx_word' id='word_1_771' title='bbox 805 5427 998 5497; x_wconf 82' lang='lat' dir='ltr'><strong><em>quippe</em></strong></span> <span class='ocrx_word' id='word_1_772' title='bbox 1049 5424 1320 5484; x_wconf 87' lang='lat' dir='ltr'><strong><em>mentibus,</em></strong></span> <span class='ocrx_word' id='word_1_773' title='bbox 1367 5434 1421 5476; x_wconf 87' lang='lat' dir='ltr'><strong><em>et</em></strong></span> <span class='ocrx_word' id='word_1_774' title='bbox 1461 5421 1574 5476; x_wconf 76' lang='lat' dir='ltr'><strong><em>hoc</em></strong></span> <span class='ocrx_word' id='word_1_775' title='bbox 1625 5426 1784 5478; x_wconf 79' lang='lat' dir='ltr'><strong><em>uiodo</em></strong></span> <span class='ocrx_word' id='word_1_776' title='bbox 1834 5421 1997 5482; x_wconf 77' lang='lat' dir='ltr'><strong><em>habel</em></strong></span> <span class='ocrx_word' id='word_1_777' title='bbox 2027 5426 2153 5482; x_wconf 78' lang='lat' dir='ltr'><strong><em>cod.</em></strong></span> 
     </span>
    </p>
   </div>
   <div class='ocr_carea' id='block_1_100' title="bbox 560 5497 2158 5570">
    <p class='ocr_par' dir='ltr' id='par_1_100' title="bbox 560 5497 2158 5570">
     <span class='ocr_line' id='line_1_101' title="bbox 560 5497 2158 5570; baseline -0.003 -14"><span class='ocrx_word' id='word_1_778' title='bbox 560 5497 902 5568; x_wconf 81' lang='lat' dir='ltr'><strong><em>Pantagattii,</em></strong></span> <span class='ocrx_word' id='word_1_779' title='bbox 936 5498 1022 5570; x_wconf 65' lang='lat' dir='ltr'><strong><em>qui</em></strong></span> <span class='ocrx_word' id='word_1_780' title='bbox 1045 5504 1207 5547; x_wconf 83' lang='lat' dir='ltr'><strong><em>etiam</em></strong></span> <span class='ocrx_word' id='word_1_781' title='bbox 1229 5499 1351 5560; x_wconf 76' lang='lat' dir='ltr'><strong><em>po~t</em></strong></span> <span class='ocrx_word' id='word_1_782' title='bbox 1374 5509 1539 5570; x_wconf 69' lang='lat' dir='ltr'><strong><em>patrm</em></strong></span> <span class='ocrx_word' id='word_1_783' title='bbox 1561 5510 1668 5570; x_wconf 82' lang='lat' dir='ltr'><strong><em>pro</em></strong></span> <span class='ocrx_word' id='word_1_784' title='bbox 1701 5498 1927 5570; x_wconf 77' lang='lat' dir='ltr'><strong><em>repletus</em></strong></span> <span class='ocrx_word' id='word_1_785' title='bbox 1957 5499 2158 5570; x_wconf 81' lang='lat' dir='ltr'><strong><em>Spiritu</em></strong></span> 
     </span>
    </p>
   </div>
   <div class='ocr_carea' id='block_1_101' title="bbox 559 5565 2157 5640">
    <p class='ocr_par' dir='ltr' id='par_1_101' title="bbox 559 5565 2157 5640">
     <span class='ocr_line' id='line_1_102' title="bbox 559 5565 2157 5640; baseline -0.007 -13"><span class='ocrx_word' id='word_1_786' title='bbox 559 5565 752 5627; x_wconf 36' lang='lat' dir='ltr'><strong><em>saviolo—</em></strong></span> <span class='ocrx_word' id='word_1_787' title='bbox 790 5586 891 5622; x_wconf 87' lang='lat' dir='ltr'><strong><em>non</em></strong></span> <span class='ocrx_word' id='word_1_788' title='bbox 938 5569 1248 5640; x_wconf 71' lang='lat' dir='ltr'><strong><em>inebriatur,</em></strong></span> <span class='ocrx_word' id='word_1_789' title='bbox 1315 5565 1596 5619; x_wconf 84' lang='lat' dir='ltr'><strong><em>substituit</em></strong></span> <span class='ocrx_word' id='word_1_790' title='bbox 1659 5565 1889 5638; x_wconf 81' lang='lat' dir='ltr'><strong><em>repletur</em></strong></span> <span class='ocrx_word' id='word_1_791' title='bbox 1950 5565 2157 5640; x_wconf 70' lang='lat' dir='ltr'><strong><em>Spiritu</em></strong></span> 
     </span>
    </p>
   </div>
   <div class='ocr_carea' id='block_1_102' title="bbox 561 5637 1304 5709">
    <p class='ocr_par' dir='ltr' id='par_1_102' title="bbox 561 5637 1304 5709">
     <span class='ocr_line' id='line_1_103' title="bbox 561 5637 1304 5709; baseline -0.013 -11"><span class='ocrx_word' id='word_1_792' title='bbox 561 5652 763 5709; x_wconf 86' lang='lat' dir='ltr'><strong><em>sancto,</em></strong></span> <span class='ocrx_word' id='word_1_793' title='bbox 790 5651 838 5694; x_wconf 92' lang='lat' dir='ltr'><strong><em>et</em></strong></span> <span class='ocrx_word' id='word_1_794' title='bbox 867 5656 970 5692; x_wconf 88' lang='lat' dir='ltr'><strong><em>non</em></strong></span> <span class='ocrx_word' id='word_1_795' title='bbox 999 5637 1304 5709; x_wconf 80' lang='lat' dir='ltr'><strong><em>inebriatur.</em></strong></span> 
     </span>
    </p>
   </div>
   <div class='ocr_carea' id='block_1_103' title="bbox 636 5707 1980 5769">
    <p class='ocr_par' dir='ltr' id='par_1_103' title="bbox 636 5707 1980 5769">
     <span class='ocr_line' id='line_1_104' title="bbox 636 5707 1980 5769; baseline -0.001 -1"><span class='ocrx_word' id='word_1_796' title='bbox 636 5725 661 5752; x_wconf 69' lang='grc' dir='ltr'><strong>ο</strong></span> <span class='ocrx_word' id='word_1_797' title='bbox 701 5707 828 5769; x_wconf 79' lang='lat' dir='ltr'><strong><em>Mss.</em></strong></span> <span class='ocrx_word' id='word_1_798' title='bbox 856 5711 1015 5766; x_wconf 89' lang='lat' dir='ltr'><strong><em>codd.</em></strong></span> <span class='ocrx_word' id='word_1_799' title='bbox 1041 5724 1084 5764; x_wconf 87' lang='lat' dir='ltr'><strong><em>et</em></strong></span> <span class='ocrx_word' id='word_1_800' title='bbox 1112 5707 1294 5763; x_wconf 84' lang='lat' dir='ltr'><strong><em>Jesum</em></strong></span> <span class='ocrx_word' id='word_1_801' title='bbox 1325 5715 1547 5762; x_wconf 87' lang='lat' dir='ltr'><strong><em>stantem</em></strong></span> <span class='ocrx_word' id='word_1_802' title='bbox 1572 5725 1604 5761; x_wconf 95' lang='lat' dir='ltr'><strong><em>a</em></strong></span> <span class='ocrx_word' id='word_1_803' title='bbox 1639 5708 1833 5765; x_wconf 76' lang='lat' dir='ltr'><strong><em>dextris</em></strong></span> <span class='ocrx_word' id='word_1_804' title='bbox 1862 5709 1980 5766; x_wconf 89' lang='lat' dir='ltr'><strong><em>Dei.</em></strong></span> 
     </span>
    </p>
   </div>
   <div class='ocr_carea' id='block_1_104' title="bbox 639 5780 2152 5850">
    <p class='ocr_par' dir='ltr' id='par_1_104' title="bbox 639 5780 2152 5850">
     <span class='ocr_line' id='line_1_105' title="bbox 639 5780 2152 5850; baseline 0.001 -13"><span class='ocrx_word' id='word_1_805' title='bbox 639 5783 658 5823; x_wconf 67' lang='grc' dir='ltr'><em>τ</em></span> <span class='ocrx_word' id='word_1_806' title='bbox 714 5785 854 5838; x_wconf 81' lang='lat' dir='ltr'><strong><em>Vatt.</em></strong></span> <span class='ocrx_word' id='word_1_807' title='bbox 886 5782 996 5837; x_wconf 85' lang='lat' dir='ltr'><strong><em>duo</em></strong></span> <span class='ocrx_word' id='word_1_808' title='bbox 1025 5794 1080 5838; x_wconf 85' lang='lat' dir='ltr'><strong><em>et</em></strong></span> <span class='ocrx_word' id='word_1_809' title='bbox 1108 5781 1281 5846; x_wconf 84' lang='lat' dir='ltr'><strong><em>Flor.,</em></strong></span> <span class='ocrx_word' id='word_1_810' title='bbox 1314 5780 1404 5833; x_wconf 87' lang='lat' dir='ltr'><strong><em>alit</em></strong></span> <span class='ocrx_word' id='word_1_811' title='bbox 1435 5780 1605 5850; x_wconf 85' lang='lat' dir='ltr'><strong><em>gratia</em></strong></span> <span class='ocrx_word' id='word_1_812' title='bbox 1634 5784 1915 5838; x_wconf 88' lang='lat' dir='ltr'><strong><em>sanitatum</em></strong></span> <span class='ocrx_word' id='word_1_813' title='bbox 1954 5786 2008 5839; x_wconf 85' lang='lat' dir='ltr'><strong><em>in</em></strong></span> <span class='ocrx_word' id='word_1_814' title='bbox 2048 5801 2152 5840; x_wconf 83' lang='lat' dir='ltr'><strong><em>uno</em></strong></span> 
     </span>
    </p>
   </div>
   <div class='ocr_carea' id='block_1_105' title="bbox 562 5851 2150 5930">
    <p class='ocr_par' dir='ltr' id='par_1_105' title="bbox 562 5851 2150 5930">
     <span class='ocr_line' id='line_1_106' title="bbox 562 5851 2150 5930; baseline -0.001 -18"><span class='ocrx_word' id='word_1_815' title='bbox 562 5856 790 5930; x_wconf 85' lang='lat' dir='ltr'><strong><em>Spiritu,</em></strong></span> <span class='ocrx_word' id='word_1_816' title='bbox 819 5853 912 5906; x_wconf 88' lang='lat' dir='ltr'><strong><em>alii</em></strong></span> <span class='ocrx_word' id='word_1_817' title='bbox 944 5854 1176 5923; x_wconf 87' lang='lat' dir='ltr'><strong><em>operatio</em></strong></span> <span class='ocrx_word' id='word_1_818' title='bbox 1206 5852 1437 5917; x_wconf 87' lang='lat' dir='ltr'><strong><em>virtutis,</em></strong></span> <span class='ocrx_word' id='word_1_819' title='bbox 1471 5851 1563 5905; x_wconf 89' lang='lat' dir='ltr'><strong><em>alii</em></strong></span> <span class='ocrx_word' id='word_1_820' title='bbox 1603 5857 1901 5926; x_wconf 86' lang='lat' dir='ltr'><strong><em>prapltetia,</em></strong></span> <span class='ocrx_word' id='word_1_821' title='bbox 1947 5855 2043 5911; x_wconf 86' lang='lat' dir='ltr'><strong><em>alii</em></strong></span> <span class='ocrx_word' id='word_1_822' title='bbox 2069 5857 2150 5911; x_wconf 88' lang='lat' dir='ltr'><strong><em>di-</em></strong></span> 
     </span>
    </p>
   </div>
   <div class='ocr_carea' id='block_1_106' title="bbox 2256 4713 2761 4780">
    <p class='ocr_par' dir='ltr' id='par_1_106' title="bbox 2256 4713 2761 4780">
     <span class='ocr_line' id='line_1_107' title="bbox 2256 4713 2761 4780; baseline -0.006 -13"><span class='ocrx_word' id='word_1_823' title='bbox 2256 4713 2380 4768; x_wconf 86' lang='lat' dir='ltr'><strong><em>cod.</em></strong></span> <span class='ocrx_word' id='word_1_824' title='bbox 2418 4713 2761 4780; x_wconf 75' lang='lat' dir='ltr'><strong><em>Pantagatlii.</em></strong></span> 
     </span>
    </p>
   </div>
   <div class='ocr_carea' id='block_1_107' title="bbox 2331 4782 3858 4856">
    <p class='ocr_par' dir='ltr' id='par_1_107' title="bbox 2331 4782 3858 4856">
     <span class='ocr_line' id='line_1_108' title="bbox 2331 4782 3858 4856; baseline 0.003 -20"><span class='ocrx_word' id='word_1_825' title='bbox 2331 4793 2357 4830; x_wconf 81' lang='lat'><strong>8</strong></span> <span class='ocrx_word' id='word_1_826' title='bbox 2384 4789 2473 4838; x_wconf 73' lang='lat' dir='ltr'><strong><em>Sic</em></strong></span> <span class='ocrx_word' id='word_1_827' title='bbox 2497 4787 2673 4856; x_wconf 80' lang='lat' dir='ltr'><strong><em>legunt</em></strong></span> <span class='ocrx_word' id='word_1_828' title='bbox 2705 4783 2992 4856; x_wconf 20' lang='lat' dir='ltr'><strong><em>duoivatt.</em></strong></span> <span class='ocrx_word' id='word_1_829' title='bbox 3028 4782 3099 4838; x_wconf 82' lang='lat' dir='ltr'><strong><em>At</em></strong></span> <span class='ocrx_word' id='word_1_830' title='bbox 3130 4783 3358 4856; x_wconf 78' lang='lat' dir='ltr'><strong><em>Vulgata</em></strong></span> <span class='ocrx_word' id='word_1_831' title='bbox 3389 4785 3579 4856; x_wconf 76' lang='lat' dir='ltr'><strong><em>lectio,</em></strong></span> <span class='ocrx_word' id='word_1_832' title='bbox 3615 4801 3858 4853; x_wconf 85' lang='lat' dir='ltr'><strong><em>corrup-</em></strong></span> 
     </span>
    </p>
   </div>
   <div class='ocr_carea' id='block_1_108' title="bbox 2257 4853 3860 4928">
    <p class='ocr_par' dir='ltr' id='par_1_108' title="bbox 2257 4853 3860 4928">
     <span class='ocr_line' id='line_1_109' title="bbox 2257 4853 3860 4928; baseline 0.002 -20"><span class='ocrx_word' id='word_1_833' title='bbox 2257 4853 2489 4919; x_wconf 63' lang='lat' dir='ltr'><strong><em>tissime,</em></strong></span> <span class='ocrx_word' id='word_1_834' title='bbox 2519 4853 2571 4909; x_wconf 77' lang='lat' dir='ltr'><strong><em>in</em></strong></span> <span class='ocrx_word' id='word_1_835' title='bbox 2592 4859 2775 4910; x_wconf 89' lang='lat' dir='ltr'><strong><em>timore</em></strong></span> <span class='ocrx_word' id='word_1_836' title='bbox 2811 4855 2903 4908; x_wconf 87' lang='lat' dir='ltr'><strong><em>Dei</em></strong></span> <span class='ocrx_word' id='word_1_837' title='bbox 2946 4853 3520 4928; x_wconf 48' lang='lat' dir='ltr'><strong><em>secundum—spiritum.</em></strong></span> <span class='ocrx_word' id='word_1_838' title='bbox 3560 4855 3771 4912; x_wconf 84' lang='lat' dir='ltr'><strong><em>Idcirco</em></strong></span> <span class='ocrx_word' id='word_1_839' title='bbox 3801 4873 3860 4912; x_wconf 73' lang='lat' dir='ltr'><strong><em>ea:</em></strong></span> 
     </span>
    </p>
   </div>
   <div class='ocr_carea' id='block_1_109' title="bbox 2259 4928 3860 4996">
    <p class='ocr_par' dir='ltr' id='par_1_109' title="bbox 2259 4928 3860 4996">
     <span class='ocr_line' id='line_1_110' title="bbox 2259 4928 3860 4996; baseline 0.004 -18"><span class='ocrx_word' id='word_1_840' title='bbox 2259 4928 2486 4996; x_wconf 73' lang='lat' dir='ltr'><strong><em>propria:</em></strong></span> <span class='ocrx_word' id='word_1_841' title='bbox 2542 4928 2866 4982; x_wconf 76' lang='lat' dir='ltr'><strong><em>auctoritatis</em></strong></span> <span class='ocrx_word' id='word_1_842' title='bbox 2915 4928 3169 4993; x_wconf 85' lang='lat' dir='ltr'><strong><em>arbitrio;</em></strong></span> <span class='ocrx_word' id='word_1_843' title='bbox 3218 4945 3326 4996; x_wconf 83' lang='lat' dir='ltr'><strong><em>quo</em></strong></span> <span class='ocrx_word' id='word_1_844' title='bbox 3375 4929 3510 4983; x_wconf 86' lang='lat' dir='ltr'><strong><em>niltll</em></strong></span> <span class='ocrx_word' id='word_1_845' title='bbox 3569 4931 3860 4984; x_wconf 64' lang='lat' dir='ltr'><strong><em>absurdius</em></strong></span> 
     </span>
    </p>
   </div>
   <div class='ocr_carea' id='block_1_110' title="bbox 2257 4999 3861 5069">
    <p class='ocr_par' dir='ltr' id='par_1_110' title="bbox 2257 4999 3861 5069">
     <span class='ocr_line' id='line_1_111' title="bbox 2257 4999 3861 5069; baseline 0.006 -22"><span class='ocrx_word' id='word_1_846' title='bbox 2257 5000 2492 5066; x_wconf 74' lang='lat' dir='ltr'><strong><em>cogitari</em></strong></span> <span class='ocrx_word' id='word_1_847' title='bbox 2527 5008 2728 5062; x_wconf 72' lang='lat' dir='ltr'><strong><em>potest.</em></strong></span> <span class='ocrx_word' id='word_1_848' title='bbox 2762 5002 2889 5052; x_wconf 86' lang='lat' dir='ltr'><strong><em>dum</em></strong></span> <span class='ocrx_word' id='word_1_849' title='bbox 2922 5001 3172 5066; x_wconf 56' lang='lat' dir='ltr'><strong><em>apostolo</em></strong></span> <span class='ocrx_word' id='word_1_850' title='bbox 3202 4999 3372 5054; x_wconf 85' lang='lat' dir='ltr'><strong><em>Paulo</em></strong></span> <span class='ocrx_word' id='word_1_851' title='bbox 3397 5003 3659 5055; x_wconf 83' lang='lat' dir='ltr'><strong><em>virtutem</em></strong></span> <span class='ocrx_word' id='word_1_852' title='bbox 3694 5016 3744 5054; x_wconf 73' lang='lat' dir='ltr'><strong><em>et</em></strong></span> <span class='ocrx_word' id='word_1_853' title='bbox 3773 5017 3861 5069; x_wconf 86' lang='lat' dir='ltr'><strong><em>p0-</em></strong></span> 
     </span>
    </p>
   </div>
   <div class='ocr_carea' id='block_1_111' title="bbox 2261 5071 3857 5133">
    <p class='ocr_par' dir='ltr' id='par_1_111' title="bbox 2261 5071 3857 5133">
     <span class='ocr_line' id='line_1_112' title="bbox 2261 5071 3857 5133; baseline 0.003 -10"><span class='ocrx_word' id='word_1_854' title='bbox 2261 5079 2517 5123; x_wconf 77' lang='lat' dir='ltr'><strong><em>teSIatem</em></strong></span> <span class='ocrx_word' id='word_1_855' title='bbox 2571 5071 2807 5133; x_wconf 81' lang='lat' dir='ltr'><strong><em>Spiritus</em></strong></span> <span class='ocrx_word' id='word_1_856' title='bbox 2851 5071 3025 5124; x_wconf 83' lang='lat' dir='ltr'><strong><em>Sancti</em></strong></span> <span class='ocrx_word' id='word_1_857' title='bbox 3075 5073 3379 5125; x_wconf 79' lang='lat' dir='ltr'><strong><em>attribueie</em></strong></span> <span class='ocrx_word' id='word_1_858' title='bbox 3435 5075 3657 5127; x_wconf 86' lang='lat' dir='ltr'><strong><em>videtur</em></strong></span> <span class='ocrx_word' id='word_1_859' title='bbox 3715 5071 3857 5128; x_wconf 76' lang='lat' dir='ltr'><strong><em>Flnr.</em></strong></span> 
     </span>
    </p>
   </div>
   <div class='ocr_carea' id='block_1_112' title="bbox 2264 5141 3858 5215">
    <p class='ocr_par' dir='ltr' id='par_1_112' title="bbox 2264 5141 3858 5215">
     <span class='ocr_line' id='line_1_113' title="bbox 2264 5141 3858 5215; baseline 0.003 -21"><span class='ocrx_word' id='word_1_860' title='bbox 2264 5141 2473 5205; x_wconf 78' lang='lat' dir='ltr'><strong><em>Codex,</em></strong></span> <span class='ocrx_word' id='word_1_861' title='bbox 2503 5141 2555 5192; x_wconf 90' lang='lat' dir='ltr'><strong><em>in</em></strong></span> <span class='ocrx_word' id='word_1_862' title='bbox 2587 5145 2768 5195; x_wconf 86' lang='lat' dir='ltr'><strong><em>timore</em></strong></span> <span class='ocrx_word' id='word_1_863' title='bbox 2800 5141 2897 5194; x_wconf 73' lang='lat' dir='ltr'><strong><em>Dei</em></strong></span> <span class='ocrx_word' id='word_1_864' title='bbox 2953 5141 3257 5196; x_wconf 83' lang='lat' dir='ltr'><strong><em>Secundum</em></strong></span> <span class='ocrx_word' id='word_1_865' title='bbox 3287 5160 3401 5197; x_wconf 73' lang='lat' dir='ltr'><strong><em>vero</em></strong></span> <span class='ocrx_word' id='word_1_866' title='bbox 3426 5144 3688 5215; x_wconf 85' lang='lat' dir='ltr'><strong><em>Spiritum</em></strong></span> <span class='ocrx_word' id='word_1_867' title='bbox 3708 5145 3858 5198; x_wconf 82' lang='lat' dir='ltr'><strong><em>idcir-</em></strong></span> 
     </span>
    </p>
   </div>
   <div class='ocr_carea' id='block_1_113' title="bbox 2265 5215 3861 5284">
    <p class='ocr_par' dir='ltr' id='par_1_113' title="bbox 2265 5215 3861 5284">
     <span class='ocr_line' id='line_1_114' title="bbox 2265 5215 3861 5284; baseline 0.003 -19"><span class='ocrx_word' id='word_1_868' title='bbox 2265 5229 2326 5266; x_wconf 86' lang='lat' dir='ltr'><strong><em>co</em></strong></span> <span class='ocrx_word' id='word_1_869' title='bbox 2371 5229 2433 5265; x_wconf 75' lang='lat' dir='ltr'><strong><em>ex</em></strong></span> <span class='ocrx_word' id='word_1_870' title='bbox 2467 5217 2694 5284; x_wconf 71' lang='lat' dir='ltr'><strong><em>propria:</em></strong></span> <span class='ocrx_word' id='word_1_871' title='bbox 2720 5215 3042 5268; x_wconf 86' lang='lat' dir='ltr'><strong><em>auctoritatis</em></strong></span> <span class='ocrx_word' id='word_1_872' title='bbox 3082 5216 3318 5270; x_wconf 85' lang='lat' dir='ltr'><strong><em>arbitrio.</em></strong></span> <span class='ocrx_word' id='word_1_873' title='bbox 3353 5216 3504 5270; x_wconf 81' lang='lat' dir='ltr'><strong><em>llanil</em></strong></span> <span class='ocrx_word' id='word_1_874' title='bbox 3542 5220 3716 5271; x_wconf 88' lang='lat' dir='ltr'><strong><em>multo</em></strong></span> <span class='ocrx_word' id='word_1_875' title='bbox 3745 5215 3861 5271; x_wconf 82' lang='lat' dir='ltr'><strong><em>feli-</em></strong></span> 
     </span>
    </p>
   </div>
   <div class='ocr_carea' id='block_1_114' title="bbox 2263 5285 3861 5358">
    <p class='ocr_par' dir='ltr' id='par_1_114' title="bbox 2263 5285 3861 5358">
     <span class='ocr_line' id='line_1_115' title="bbox 2263 5285 3861 5358; baseline 0.002 -20"><span class='ocrx_word' id='word_1_876' title='bbox 2263 5285 2403 5358; x_wconf 64' lang='lat' dir='ltr'><strong><em>cius.</em></strong></span> <span class='ocrx_word' id='word_1_877' title='bbox 2423 5286 2608 5358; x_wconf 36' lang='lat' dir='ltr'><strong><em>Alli-rte</em></strong></span> <span class='ocrx_word' id='word_1_878' title='bbox 2634 5303 2797 5354; x_wconf 86' lang='lat' dir='ltr'><strong><em>porro</em></strong></span> <span class='ocrx_word' id='word_1_879' title='bbox 2828 5287 2965 5358; x_wconf 73' lang='lat' dir='ltr'><strong><em>liber</em></strong></span> <span class='ocrx_word' id='word_1_880' title='bbox 2995 5285 3202 5340; x_wconf 86' lang='lat' dir='ltr'><strong><em>Octavu</em></strong></span> <span class='ocrx_word' id='word_1_881' title='bbox 3232 5286 3578 5358; x_wconf 78' lang='lat' dir='ltr'><strong><em>Pantagathi,</em></strong></span> <span class='ocrx_word' id='word_1_882' title='bbox 3611 5290 3667 5342; x_wconf 88' lang='lat' dir='ltr'><strong><em>in</em></strong></span> <span class='ocrx_word' id='word_1_883' title='bbox 3688 5289 3861 5342; x_wconf 78' lang='lat' dir='ltr'><strong><em>timore</em></strong></span> 
     </span>
    </p>
   </div>
   <div class='ocr_carea' id='block_1_115' title="bbox 2264 5354 3860 5422">
    <p class='ocr_par' dir='ltr' id='par_1_115' title="bbox 2264 5354 3860 5422">
     <span class='ocr_line' id='line_1_116' title="bbox 2264 5354 3860 5422; baseline 0.001 -12"><span class='ocrx_word' id='word_1_884' title='bbox 2264 5356 2386 5420; x_wconf 87' lang='lat' dir='ltr'><strong><em>Dei,</em></strong></span> <span class='ocrx_word' id='word_1_885' title='bbox 2412 5354 2664 5411; x_wconf 80' lang='lat' dir='ltr'><strong><em>Sanctum</em></strong></span> <span class='ocrx_word' id='word_1_886' title='bbox 2689 5373 2806 5409; x_wconf 78' lang='lat' dir='ltr'><strong><em>vero</em></strong></span> <span class='ocrx_word' id='word_1_887' title='bbox 2833 5357 3132 5422; x_wconf 82' lang='lat' dir='ltr'><strong><em>Spiritum;</em></strong></span> <span class='ocrx_word' id='word_1_888' title='bbox 3155 5354 3463 5412; x_wconf 71' lang='lat' dir='ltr'><strong><em>notavimus</em></strong></span> <span class='ocrx_word' id='word_1_889' title='bbox 3494 5373 3677 5413; x_wconf 86' lang='lat' dir='ltr'><strong><em>autem</em></strong></span> <span class='ocrx_word' id='word_1_890' title='bbox 3704 5361 3860 5413; x_wconf 79' lang='lat' dir='ltr'><strong><em>etiam</em></strong></span> 
     </span>
    </p>
   </div>
   <div class='ocr_carea' id='block_1_116' title="bbox 2263 5428 3858 5498">
    <p class='ocr_par' dir='ltr' id='par_1_116' title="bbox 2263 5428 3858 5498">
     <span class='ocr_line' id='line_1_117' title="bbox 2263 5428 3858 5498; baseline 0.004 -21"><span class='ocrx_word' id='word_1_891' title='bbox 2263 5431 2428 5498; x_wconf 87' lang='lat' dir='ltr'><strong><em>paulo</em></strong></span> <span class='ocrx_word' id='word_1_892' title='bbox 2459 5442 2621 5493; x_wconf 90' lang='lat' dir='ltr'><strong><em>supra</em></strong></span> <span class='ocrx_word' id='word_1_893' title='bbox 2655 5429 2756 5480; x_wconf 91' lang='lat' dir='ltr'><strong><em>hoc</em></strong></span> <span class='ocrx_word' id='word_1_894' title='bbox 2787 5428 2981 5482; x_wconf 68' lang='lat' dir='ltr'><strong><em>eodem</em></strong></span> <span class='ocrx_word' id='word_1_895' title='bbox 3013 5445 3290 5496; x_wconf 80' lang='lat' dir='ltr'><strong><em>sermniie,</em></strong></span> <span class='ocrx_word' id='word_1_896' title='bbox 3318 5431 3570 5485; x_wconf 88' lang='lat' dir='ltr'><strong><em>codicem</em></strong></span> <span class='ocrx_word' id='word_1_897' title='bbox 3607 5430 3751 5485; x_wconf 87' lang='lat' dir='ltr'><strong><em>hunc</em></strong></span> <span class='ocrx_word' id='word_1_898' title='bbox 3780 5431 3858 5483; x_wconf 88' lang='lat' dir='ltr'><strong><em>vi-</em></strong></span> 
     </span>
    </p>
   </div>
   <div class='ocr_carea' id='block_1_117' title="bbox 2264 5499 3862 5573">
    <p class='ocr_par' dir='ltr' id='par_1_117' title="bbox 2264 5499 3862 5573">
     <span class='ocr_line' id='line_1_118' title="bbox 2264 5499 3862 5573; baseline 0.001 -20"><span class='ocrx_word' id='word_1_899' title='bbox 2264 5499 2386 5573; x_wconf 60' lang='grc' dir='ltr'><strong><em>(ἲς-[Ξ</em></strong></span> <span class='ocrx_word' id='word_1_900' title='bbox 2427 5499 2754 5573; x_wconf 69' lang='lat' dir='ltr'><strong><em>Florentino</em></strong></span> <span class='ocrx_word' id='word_1_901' title='bbox 2793 5503 3099 5555; x_wconf 82' lang='lat' dir='ltr'><strong><em>iiieliorem.</em></strong></span> <span class='ocrx_word' id='word_1_902' title='bbox 3143 5501 3312 5554; x_wconf 82' lang='lat' dir='ltr'><strong><em>llabet</em></strong></span> <span class='ocrx_word' id='word_1_903' title='bbox 3357 5519 3580 5573; x_wconf 86' lang='lat' dir='ltr'><strong><em>quoque</em></strong></span> <span class='ocrx_word' id='word_1_904' title='bbox 3615 5505 3770 5561; x_wconf 77' lang='lat' dir='ltr'><strong><em>intra.</em></strong></span> <span class='ocrx_word' id='word_1_905' title='bbox 3803 5517 3862 5573; x_wconf 67' lang='lat' dir='ltr'><strong><em>ne</em></strong></span> 
     </span>
    </p>
   </div>
   <div class='ocr_carea' id='block_1_118' title="bbox 2263 5570 3860 5652">
    <p class='ocr_par' dir='ltr' id='par_1_118' title="bbox 2263 5570 3860 5652">
     <span class='ocr_line' id='line_1_119' title="bbox 2263 5570 3860 5652; baseline 0.004 -32"><span class='ocrx_word' id='word_1_906' title='bbox 2263 5570 2384 5652; x_wconf 71' lang='lat' dir='ltr'><strong><em>quis</em></strong></span> <span class='ocrx_word' id='word_1_907' title='bbox 2404 5572 2625 5652; x_wconf 63' lang='lat' dir='ltr'><strong><em>inimica</em></strong></span> <span class='ocrx_word' id='word_1_908' title='bbox 2655 5573 3250 5652; x_wconf 74' lang='lat' dir='ltr'><strong><em>persuasiouedeceptus</em></strong></span> <span class='ocrx_word' id='word_1_909' title='bbox 3274 5570 3571 5644; x_wconf 83' lang='lat' dir='ltr'><strong><em>suspicari;</em></strong></span> <span class='ocrx_word' id='word_1_910' title='bbox 3595 5576 3686 5629; x_wconf 88' lang='lat' dir='ltr'><strong><em>ubi</em></strong></span> <span class='ocrx_word' id='word_1_911' title='bbox 3712 5572 3860 5640; x_wconf 85' lang='lat' dir='ltr'><strong><em>editi,</em></strong></span> 
     </span>
    </p>
   </div>
   <div class='ocr_carea' id='block_1_119' title="bbox 2264 5644 3142 5712">
    <p class='ocr_par' dir='ltr' id='par_1_119' title="bbox 2264 5644 3142 5712">
     <span class='ocr_line' id='line_1_120' title="bbox 2264 5644 3142 5712; baseline 0 -16"><span class='ocrx_word' id='word_1_912' title='bbox 2264 5644 2477 5712; x_wconf 78' lang='lat' dir='ltr'><strong><em>inimica</em></strong></span> <span class='ocrx_word' id='word_1_913' title='bbox 2507 5644 2842 5710; x_wconf 82' lang='lat' dir='ltr'><strong><em>persuasione</em></strong></span> <span class='ocrx_word' id='word_1_914' title='bbox 2863 5644 3142 5712; x_wconf 84' lang='lat' dir='ltr'><strong><em>suspicari.</em></strong></span> 
     </span>
    </p>
   </div>
   <div class='ocr_carea' id='block_1_120' title="bbox 2339 5710 3858 5788">
    <p class='ocr_par' dir='ltr' id='par_1_120' title="bbox 2339 5710 3858 5788">
     <span class='ocr_line' id='line_1_121' title="bbox 2339 5710 3858 5788; baseline 0.003 -22"><span class='ocrx_word' id='word_1_915' title='bbox 2339 5710 2366 5748; x_wconf 74' lang='lat' dir='ltr'><strong>h</strong></span> <span class='ocrx_word' id='word_1_916' title='bbox 2417 5714 2558 5768; x_wconf 83' lang='lat' dir='ltr'><strong><em>Cod.</em></strong></span> <span class='ocrx_word' id='word_1_917' title='bbox 2607 5716 2925 5784; x_wconf 83' lang='lat' dir='ltr'><strong><em>Pantagattii</em></strong></span> <span class='ocrx_word' id='word_1_918' title='bbox 2959 5710 3168 5788; x_wconf 73' lang='lat' dir='ltr'><strong><em>melius</em></strong></span> <span class='ocrx_word' id='word_1_919' title='bbox 3229 5716 3710 5773; x_wconf 84' lang='lat' dir='ltr'><strong><em>interminationem</em></strong></span> <span class='ocrx_word' id='word_1_920' title='bbox 3761 5731 3858 5788; x_wconf 79' lang='lat' dir='ltr'><strong><em>qua</em></strong></span> 
     </span>
    </p>
   </div>
   <div class='ocr_carea' id='block_1_121' title="bbox 2261 5785 3855 5865">
    <p class='ocr_par' dir='ltr' id='par_1_121' title="bbox 2261 5785 3855 5865">
     <span class='ocr_line' id='line_1_122' title="bbox 2261 5785 3855 5865; baseline 0.003 -28"><span class='ocrx_word' id='word_1_921' title='bbox 2261 5785 2506 5865; x_wconf 51' lang='lat' dir='ltr'><strong><em>dimerat;</em></strong></span> <span class='ocrx_word' id='word_1_922' title='bbox 2533 5797 2586 5841; x_wconf 87' lang='lat' dir='ltr'><strong><em>et</em></strong></span> <span class='ocrx_word' id='word_1_923' title='bbox 2609 5788 2771 5857; x_wconf 86' lang='lat' dir='ltr'><strong><em>paulo</em></strong></span> <span class='ocrx_word' id='word_1_924' title='bbox 2799 5795 2938 5856; x_wconf 86' lang='lat' dir='ltr'><strong><em>post,</em></strong></span> <span class='ocrx_word' id='word_1_925' title='bbox 2964 5787 3176 5856; x_wconf 75' lang='lat' dir='ltr'><strong><em>abiecta</em></strong></span> <span class='ocrx_word' id='word_1_926' title='bbox 3204 5790 3420 5859; x_wconf 90' lang='lat' dir='ltr'><strong><em>copula,</em></strong></span> <span class='ocrx_word' id='word_1_927' title='bbox 3453 5807 3518 5844; x_wconf 44' lang='lat' dir='ltr'><strong><em>ea?</em></strong></span> <span class='ocrx_word' id='word_1_928' title='bbox 3541 5788 3734 5857; x_wconf 84' lang='lat' dir='ltr'><strong><em>Israel,</em></strong></span> <span class='ocrx_word' id='word_1_929' title='bbox 3763 5785 3855 5842; x_wconf 81' lang='lat' dir='ltr'><strong><em>atl-</em></strong></span> 
     </span>
    </p>
   </div>
   <div class='ocr_carea' id='block_1_122' title="bbox 2254 5859 2404 5930">
    <p class='ocr_par' dir='ltr' id='par_1_122' title="bbox 2254 5859 2404 5930">
     <span class='ocr_line' id='line_1_123' title="bbox 2254 5859 2404 5930; baseline -0.007 -19"><span class='ocrx_word' id='word_1_930' title='bbox 2254 5859 2404 5930; x_wconf 79' lang='lat' dir='ltr'><strong><em>jecit.</em></strong></span> 
     </span>
    </p>
   </div>
  </div>
