4070 6346
534 335 642 392 M5

1613 334 1668 390 S.
1710 329 2088 388 GAUDENTH
2129 327 2390 386 DIlIXltE
2437 327 2745 387 EPISCOPI

3754 331 3846 390 9H3

534 456 807 512 caminum
835 455 1030 526 pannis
1053 453 1321 520 indutum,
1347 461 1402 508 et
1433 453 1487 506 in
1521 462 1750 522 angusto
1773 450 1974 506 Iudaeae
2002 465 2139 520 prae-
2166 457 2218 518 Α
2243 459 2291 503 et
2311 458 2573 510 exeuntes.
2602 446 2798 518 inquit,
2832 447 2894 497 tte
2925 444 3272 498 monumentis
3295 454 3409 518 post
3437 448 3852 504 resurrectionem

533 551 686 618 sepio
720 547 874 620 (Luc.
909 550 968 618 tt)
1011 547 1354 610 collocatum,
1415 544 1748 600 Israeliticus
1799 559 1928 620 verti
1973 542 2136 616 396

535 642 768 712 populus
795 641 1144 696 liberatorem
1173 653 1328 693 suum
1355 647 1379 676 η
1422 653 1530 692 non
1573 637 1744 690 voluit
1785 650 2084 707 agnoscere
2115 653 2130 689 :

536 734 811 802 Auferans,
837 733 976 789 sicut
1005 732 1324 803 praedictum
1350 739 1454 796 est,
1475 729 1539 784 ab
1566 729 1780 794 Judata,
1806 740 1852 784 et
1882 730 1946 783 alt
1981 727 2137 786 Jeru-

538 827 720 893 salem,
771 825 998 882 calidum
1043 835 1088 878 et
1120 823 1364 877 tatidans.
1406 821 1640 882 Verbum
1676 823 1860 892 tttique
1890 823 2136 880 incarna-

536 929 683 984 tum;
717 921 950 974 virtutem
981 919 1217 988 panis,et
1249 917 1486 969 virtutem
1531 931 1698 986 aqum,
1737 916 1996 975 virtutem
2030 914 2137 976 cibi

535 1013 796 1076 caelestis,
822 1025 876 1066 et
896 1011 1149 1064 virtutem
1172 1023 1326 1079 aqua)
1355 1009 1751 1078 rcgenerantis;
1778 1019 1825 1061 et
1840 1009 2141 1075 prudentem

535 1105 1058 1180 quinquagenarius»,
1103 1103 1384 1172 iubilzeum
1431 1103 1642 1159 scilicet
1680 1103 2019 1158 remissionis
2049 1119 2142 1158 au-

538 1215 689 1262 nutn;
715 1198 1060 1267 «sapientem
1074 1195 1408 1254 architectum
1425 1193 1526 1269 (Is.
1547 1198 1652 1268 tu),
1667 1195 1928 1265 Spiritum
1950 1195 2140 1250 videli-

536 1301 623 1346 cet
637 1299 904 1356 sanctum,
925 1303 1022 1358 per
1034 1302 1194 1359 quem
1214 1287 1344 1342 mihi
1358 1286 1620 1342 aediﬁcem
1640 1287 1932 1342 Ecclesium
1951 1302 2141 1340 novam

539 1403 606 1444 ex
620 1385 905 1441 Gentibus.
926 1384 1023 1440 Ab-
1043 1385 1162 1438 tulit
1177 1385 1318 1438 enim
1339 1383 1598 1440 Dominus
1611 1397 1810 1439 cuneta
1827 1383 2143 1438 salutarium

537 1496 757 1535 munera
777 1480 943 1545 dona,
975 1479 1059 1534 vel
1087 1493 1211 1549 quae
1241 1477 1526 1544 tribuerat,
1558 1479 1643 1534 vel
1667 1495 1786 1550 qua:
1821 1481 2148 1549 promiserat

536 1573 740 1628 Judzcis
777 1567 1042 1643 ingratis;
1083 1581 1138 1628 et
1163 1572 1394 1627 contulit
1422 1573 1488 1626 ad
1529 1572 1686 1628 tidem
1715 1589 1866 1627 suam
1898 1584 2148 1644 prompto

535 1667 762 1723 servitio
776 1682 842 1722 ex
859 1668 1003 1721 omni
1023 1667 1241 1721 natione
1256 1665 1790 1732 conversis.Quando
1804 1682 1932 1735 ergo
1947 1667 2151 1737 requie-

534 1758 610 1812 vit
635 1758 1024 1828 Dominus,qui
1041 1772 1262 1826 semper
1290 1766 1375 1811 est
1400 1766 1677 1828 operatus,
1700 1774 1860 1829 quem
1885 1775 1948 1815 ex
1967 1758 2151 1829 paucis

2237 542 2401 608 ipsius
2419 583 2433 606 ,
2461 542 2779 595 intrauerunt
2811 541 2864 593 in
2891 549 3125 592 sanctam
3147 540 3434 606 ciuitatem,
3471 551 3521 596 ct
3565 543 3748 599 multis
3771 562 3856 618 apo

2238 643 2526 705 paruerunt
2556 633 2774 704 (Matth.
2813 632 3010 703 xxvu).
3064 633 3431 690 Descendisse
3460 647 3648 691 autem
3678 637 3858 692 Salva-

2243 726 2376 781 toris
2402 726 2642 786 animam
2669 728 2736 780 ad
2768 726 2975 782 inferos
3005 727 3338 794 visitaudos,
3374 743 3486 784 non
3518 729 3699 785 solum
3729 732 3860 790 beati

2242 818 2389 874 Petri
2431 818 2667 887 Epistula
2713 817 2759 892 (l
2789 819 2934 873 Pctr.
2965 818 3076 890 ιιι),
3107 835 3301 875 verum
3331 823 3502 876 etiam
3535 822 3681 876 beati
3715 823 3862 879 Davi-

2243 913 2328 968 dis
2352 913 2637 984 prophetia
2665 924 2916 978 testatur,
2943 930 3069 968 cum
3095 914 3230 969 dicit
3261 933 3274 970 :
3305 915 3574 983 Quoniam
3599 933 3704 974 non
3726 919 3863 974 dm-

2243 1006 2445 1075 iiuqucs
2475 1007 2700 1061 animam
2727 1024 2893 1061 means
2946 1009 3000 1061 in
3055 1008 3283 1079 inferne,
3317 1026 3412 1063 nec
3443 1010 3596 1064 dabis
3634 1022 3862 1068 sanctum

2246 1108 2393 1154 tuum
2409 1101 2580 1155 uidere
2593 1102 2982 1172 corruptionem
3007 1103 3025 1172 (
3035 1101 3124 1158 Ps.
3147 1102 3264 1173 xv).
3288 1103 3622 1160 Filiusenitn
3653 1105 3744 1160 Dei
3762 1120 3859 1162 non

2248 1193 2455 1250 idcirco
2481 1209 2604 1248 cum
2634 1197 2875 1264 suscepti
2931 1194 3169 1250 hominis
3197 1196 3378 1250 anima
3427 1199 3494 1251 ad
3541 1197 3750 1253 inferos
3777 1200 3862 1260 dc-

2246 1285 2494 1350 scendit,
2535 1287 2696 1358 297
2738 1299 2792 1340 ut
2836 1303 2964 1346 eam
3003 1288 3058 1341 in
3103 1286 3322 1349 inferno
3364 1291 3741 1360 relinqueret,
3776 1292 3860 1347 sed

2249 1387 2309 1432 ut
2331 1378 2591 1447 plurimas
2616 1379 3024 1434 resurrecturis
3057 1390 3376 1435 sanctorum
3400 1381 3734 1452 corporibus
3757 1385 3864 1440 ani-

2252 1489 2368 1528 mas
2402 1488 2710 1529 revocari-1.
2745 1475 2827 1530 0h
2859 1475 2967 1529 hoc
3009 1490 3244 1546 namque
3273 1475 3321 1529 is
3343 1477 3441 1547 qui
3472 1478 3528 1531 in
3568 1477 3742 1532 forms
3776 1478 3860 1536 Dei

2252 1581 2473 1636 semper
2513 1575 2670 1632 erat,
2705 1566 2942 1620 formam
2975 1569 3121 1621 servi
3153 1569 3467 1637 suscipiens
3491 1612 3504 1634 ,
3546 1571 3788 1640 suscepit
3813 1585 3863 1627 et

2252 1677 2509 1725 crucem;
2551 1671 2610 1715 ut
2639 1661 2728 1720 die
2758 1661 2920 1717 tertia
2966 1663 3302 1731 resurgendo
3344 1673 3636 1733 exceptam
3678 1665 3861 1720 trium-

2257 1760 2455 1827 pharet
2494 1766 2760 1824 mortem,
2797 1773 2964 1828 quam
2999 1758 3212 1827 perpeti
3244 1759 3476 1816 omnino
3513 1759 3639 1814 vita!
3686 1760 3860 1815 Domi-

536 1853 800 1921 operiltus
821 1851 942 1921 ejus
964 1867 1086 1921 quas
1110 1851 1385 1907 transiens
1417 1853 1741 1919 memoravi,
1779 1850 1805 1890 ι’
1834 1853 2148 1909 certissime
2181 1863 2226 1923 Β
2257 1866 2383 1904 num
2410 1867 2517 1904 non
2539 1844 2753 1908 liceret.
2773 1851 2924 1922 Ergo
2941 1853 3197 1922 quoniam
3221 1863 3340 1920 post
3364 1854 3690 1910 Passioncm
3717 1871 3860 1911 suam

535 1948 670 2001 certi
689 1960 880 1999 sumus
902 1961 1120 2013 St°ttlpt‘l‘
1141 1956 1450 2016 operatum,
1467 1946 1772 2017 etquotidie
1796 1949 2145 2019 operariper-

536 2041 831 2110 spicimus?
852 2039 1143 2109 Namquod
1171 2040 1439 2095 elementa
1457 2040 2019 2112 tamcmlcstia,quam
2047 2051 2148 2097 ter-

461 2121 467 2129 ’
536 2150 692 2199 rena,
720 2136 957 2188 humano
983 2134 1168 2203 generi
1193 2134 1456 2200 serviunt,
1491 2135 1661 2204 ipsius
1689 2150 1826 2205 opus
1856 2146 1958 2189 est.
1996 2135 2144 2203 Quo-

539 2227 702 2280 modo
727 2227 873 2281 enim
899 2242 1004 2280 non
1035 2233 1452 2282 contemnerent
1479 2227 1734 2298 exiguum
1763 2237 2147 2299 terrenumque

537 2320 839 2385 hominem,
870 2321 971 2374 uisi
1002 2318 1284 2374 Creatoris
1318 2320 1401 2374 sui
1435 2320 1664 2390 imperio
1693 2319 2016 2374 obetlirent?
2039 2320 2148 2377 Nos

534 2414 637 2482 ipsi
653 2414 817 2467 etiam
839 2424 860 2449 ο
876 2411 1018 2483 quod
1036 2413 1480 2480 nascimur,quod
1497 2413 1611 2467 lure
1626 2416 1738 2483 ipsa
1753 2429 1914 2484 opera
1934 2415 2145 2472 Domini

535 2520 600 2561 ex
635 2517 787 2576 parte
814 2508 1086 2573 novimus,
1122 2506 1266 2576 quod
1315 2508 1553 2561 vivendo
1614 2508 1778 2562 vitam
1825 2511 2141 2580 qumritnus,

539 2599 680 2669 quod
735 2599 1037 2654 futurorum
1085 2614 1236 2669 spem
1269 2611 1524 2670 gerentes
1559 2601 1646 2669 pie
1673 2619 2066 2659 convcrsamur
2092 2614 2147 2660 et

539 2691 849 2761 loquimur;
881 2690 998 2757 Dei,
1028 2691 1270 2760 inquam,
1299 2691 1392 2745 Dei
1417 2702 1545 2745 sunt
1568 2708 1752 2761 opera.
1787 2694 1953 2762 Cujus
1977 2697 2147 2765 pieta-

542 2785 613 2840 tis
643 2795 698 2838 ct
729 2769 832 2839 hoc
856 2786 1047 2855 ingens
1071 2801 1207 2854 opus
1238 2798 1318 2840 est
1341 2830 1354 2853 ,
1387 2787 1527 2856 quod
1561 2786 1724 2842 etiam
1767 2791 1942 2845 malos
1982 2803 2147 2862 atque

540 2877 855 2934 incredulos
889 2879 1160 2946 patienter
1182 2881 1474 2942 sustineat,
1507 2880 1811 2937 clementer
1841 2895 2141 2953 exspectet,

540 2983 616 3036 et,
638 2973 682 3028 si
710 2973 1084 3042 pocuituerint,
1111 2975 1244 3027 sicut
1275 2973 1588 3028 misericors
1603 2979 2141 3047 pateramplectatur.

539 3067 829 3136 Requicvit
863 3068 1020 3136 plane
1052 3077 1177 3120 tunc
1207 3069 1370 3121 etiam
1419 3068 1514 3121 Dei
1565 3069 1736 3124 Filius
1783 3071 1851 3125 ab
1887 3073 2144 3128 omnibus

541 3161 800 3230 operibus
823 3160 935 3214 suis
963 3177 1083 3229 qtne
1115 3171 1355 3230 emperat
1385 3162 1523 3215 Deus
1548 3163 1746 3231 facere,
1778 3167 1993 3235 quando
2013 3183 2146 3223 con-

2257 1945 2520 1999 Dominns
2560 1945 2752 2011 Jesus,
2799 1945 3159 2001 illucescente
3210 1947 3495 2002 Dominica
3523 1991 3536 2013 ,
3571 1964 3602 2002 a
3639 1951 3861 2005 mortuis

2249 2048 2368 2096 erat
2400 2048 2847 2107 resurrecturus,
2895 2048 2953 2094 et
3000 2040 3232 2109 primam
3278 2043 3638 2098 sanctitatem
3694 2046 3860 2115 primo

2254 2131 2680 2187 resurrectionis
2707 2145 2824 2186 suae
2850 2130 2963 2186 diui
2990 2132 3322 2201 collaturus;
3349 2133 3475 2188 ideo
3509 2135 3620 2190 Lex
3648 2136 3859 2206 antiqua

2252 2225 2614 2296 praenuntiat,
2648 2235 2696 2278 et
2713 2225 2913 2295 primus
2930 2225 3068 2288 dies.
3096 2225 3304 2296 inquit,
3326 2226 3601 2284 vocabitur
3624 2241 3856 2296 sanctus,

2251 2331 2298 2372 et
2321 2319 2430 2374 dics
2441 2319 2690 2389 septimus
2705 2326 2916 2372 uocatus
2930 2329 3138 2372 sanctus
3153 2320 3248 2372 erit
3265 2319 3405 2373 vobis
3419 2319 3437 2391 (
3450 2319 3604 2376 Exod
3613 2361 3622 2370 .
3646 2336 3717 2375 xu
3728 2363 3740 2384 ,
3753 2322 3772 2375 Ι
3784 2321 3856 2392 6.)

2251 2410 2496 2465 Primum
2549 2411 2694 2465 diem
2741 2411 3170 2465 resurrectionis
3231 2411 3542 2466 vocandum
3613 2412 3860 2481 perhibet

2251 2514 2525 2568 sanctum,
2548 2505 2969 2575 septimumjam
2997 2515 3249 2562 vocatum
3279 2507 3522 2564 futurum
3546 2508 3682 2563 dicit
3703 2524 3853 2563 sauc-

2251 2608 2402 2660 tum;
2432 2602 2725 2668 septimum
2758 2599 3115 2658 millesimum
3147 2599 3356 2655 scilicet
3387 2616 3593 2663 annum
3618 2645 3632 2666 ,
3669 2601 3736 2655 de
3755 2616 3855 2672 quo

2250 2695 2328 2746 ait
2370 2691 2644 2761 Propheta
2700 2692 2766 2745 ad
2808 2692 3096 2745 Dominum
3150 2711 3159 2745 :
3221 2693 3484 2758 Quoniam
3539 2693 3686 2750 mille
3738 2694 3855 2748 anni

2249 2794 2368 2840 ante
2410 2786 2587 2838 oculos
2636 2794 2749 2838 tuos
2803 2785 2938 2838 sicut
2979 2785 3089 2838 dies
3133 2802 3267 2838 unus
3309 2783 3430 2854 (Ps.
3465 2787 3721 2853 Luxu).
3782 2785 3851 2840 Ita

2249 2877 2412 2948 Igitur
2442 2879 2458 2916 ί
2487 2884 2537 2936 in
2572 2880 2806 2947 primum
2830 2878 2976 2934 diem
3003 2880 3430 2935 I'Dtilll‘l'eClanlS
3452 2877 3661 2936 Christi
3686 2882 3852 2938 omnis

2247 2983 2364 3027 erat
2394 2971 2766 3028 transferenda
2802 2972 3101 3031 festivitas.
3138 2983 3196 3027 ut
3225 2973 3449 3042 septimi
3479 2973 3589 3028 diei
3627 2989 3844 3043 exspec-

2251 3067 2415 3122 tanda
2441 3067 2598 3122 nobis
2615 3076 2764 3122 esset
2784 3078 2835 3122 et
2860 3069 3080 3137 requies
3111 3068 3306 3134 simul,
3334 3083 3383 3122 et
3412 3071 3707 3135 sanctitas;
3736 3085 3850 3125 cum

2249 3159 2468 3228 dicitur,
2501 3161 2698 3232 primus
2722 3159 2832 3214 dies
2862 3159 3126 3212 vocabitur
3149 3171 3360 3214 sanctus
3381 3201 3394 3224 ,
3424 3162 3730 3231 statimque
3759 3162 3850 3216 stl-

537 3260 825 3312 summatis
857 3259 1199 3312 mirabilibus
1231 3257 1534 3319 universis,
1569 3255 1595 3297 ιί
1627 3268 1683 3312 ct
1726 3259 1948 3326 impleto
1987 3271 2141 3316 sexto
2169 3265 2214 3328 ρ
2242 3255 2456 3325 jicitur,
2517 3264 2564 3307 st
2604 3255 2713 3306 dies
2760 3253 3008 3322 septimus
3057 3264 3266 3308 vocatus
3305 3262 3516 3308 sanctus
3559 3255 3658 3308 erit
3697 3254 3849 3309 vobis.

541 3351 632 3406 die
673 3352 817 3405 omni
851 3367 1016 3415 opt-re
1047 3351 1351 3414 Passionis,
1389 3351 1476 3404 die
1527 3354 1785 3419 septima,
1831 3353 1882 3406 ld
1933 3363 2015 3408 est
2057 3354 2146 3408 die

538 3447 772 3508 sihhati,
808 3446 1074 3515 requievit
1103 3445 1366 3514 sepultus.
1411 3445 1517 3499 Sed
1565 3448 1822 3516 quoniam
1868 3447 1960 3500 Dei
2013 3462 2144 3514 Ope-

542 3555 664 3592 rosa
688 3538 846 3608 quies
874 3547 976 3602 cst,
1008 3539 1120 3606 ipsa
1160 3537 1377 3607 requies
1415 3539 1590 3591 otiusa
1635 3553 1760 3593 es—e
1803 3555 1907 3592 non
1945 3542 2138 3607 potuit.

539 3633 674 3688 Nam
705 3646 936 3701 corpore
969 3641 993 3668 θ
1025 3633 1074 3685 In
1124 3631 1375 3700 sepulcro
1415 3632 1677 3697 seposito,
1725 3632 1980 3687 divinitas
2020 3649 2140 3687 cum

541 3728 718 3781 anima
745 3726 982 3780 hominis
1011 3725 1075 3779 ad
1112 3725 1317 3779 inferna
1342 3724 1702 3789 descendens,
1735 3718 1948 3780 vocavit
1973 3727 2040 3781 de
2070 3728 2147 3782 lo-

542 3823 621 3884 cis
653 3821 766 3885 suis
791 3819 1001 3882 animus
1034 3827 1375 3884 sanctorum,
1408 3834 1638 3896 quorum
1679 3834 1907 3886 corpora
1959 3837 2142 3876 surre-

545 3912 690 3972 xisse
751 3912 1034 3972 Mattba-us
1092 3911 1424 3984 evangelista
1489 3918 1721 3974 testatur
1787 3911 2024 3970 dicens:
2078 3913 2146 3970 Et

541 4006 707 4060 multa
751 4022 973 4078 corpora
1020 4017 1317 4062 sanctorum
1365 4005 1735 4062 dormientium
1763 4019 2146 4075 surrexerunt;

539 4167 741 4224 Eadem
776 4183 905 4222 voce
930 4181 1056 4221 usus
1087 4175 1172 4221 est
1202 4166 1400 4221 iterum
1424 4165 1764 4222 Gaudentius
1804 4183 1969 4223 serm.
2010 4171 2077 4237 l5
2107 4188 2121 4224 :

545 4239 614 4295 Ut
642 4241 838 4294 inimici
859 4238 1161 4313 necandum
1199 4239 1448 4313 traderet,
1477 4256 1640 4313 quem
1661 4241 1792 4313 sine
1811 4240 1924 4294 ullo
1950 4258 2135 4313 pecca-

539 4313 680 4365 mine
707 4312 968 4366 habuisset
1005 4312 1286 4381 infensum.
1322 4311 1389 4365 Et
1416 4327 1582 4366 serm.
1619 4310 1686 4366 l9
1713 4329 1724 4365 :
1760 4308 1960 4366 Ardere
1989 4314 2135 4368 vidc-

541 4385 658 4438 licet
685 4385 936 4440 exstiucto
970 4383 1340 4451 peccaminum.

614 4464 640 4498 ι
681 4455 824 4510 Vati.
857 4455 986 4520 duo,
1018 4453 1163 4508 Flor.
1215 4464 1269 4508 et
1315 4453 1438 4507 cod.
1486 4453 1838 4523 Pantagathi,
1875 4454 2139 4511 Liberata-

541 4543 651 4581 rcm
669 4544 820 4580 suum
843 4528 1150 4594 contempsit
1180 4541 1477 4596 agnoscere.

614 4597 641 4636 δ
685 4599 812 4670 Mss.
830 4641 844 4665 ,
873 4614 1070 4670 semper
1101 4601 1360 4651 cernimus
1381 4606 1672 4668 aperatum.

615 4681 637 4709 ε
682 4669 772 4728 Sic
804 4669 987 4731 legunt
1011 4683 1144 4722 mss.
1180 4670 1317 4722 Editi
1347 4683 1481 4722 Vero
1507 4670 1713 4737 inepte,
1746 4670 1884 4736 quod
1913 4672 2144 4724 renasci-

543 4756 702 4805 mur;
733 4753 787 4810 et
820 4756 938 4808 quae
969 4748 1276 4810 sequuntur
1305 4741 1357 4792 in
1396 4755 1552 4804 mss.,
1585 4740 1662 4792 sic
1691 4756 1703 4791 :
1728 4741 1868 4809 quod
1890 4739 2000 4794 lucc
2027 4743 2140 4810 ipsa

541 4826 699 4882 apem
725 4809 820 4866 Dei
850 4827 912 4865 ex
933 4822 1080 4882 parte
1102 4811 1416 4863 noverimus.

613 4880 638 4918 ι¹
679 4882 825 4938 Vatt.
859 4880 986 4944 duo,
1015 4891 1064 4935 et
1093 4882 1304 4952 impleto
1333 4882 1471 4934 ontni
1502 4897 1656 4950 opere
1683 4893 1840 4936 sexta
1875 4881 1978 4937 diei
2001 4881 2136 4939 Pas—

539 4954 722 5014 sionis.
763 4953 942 5018 Flor.,
979 4953 1190 5024 impleto
1229 4953 1369 5006 omni
1398 4969 1550 5024 opere
1595 4964 1743 5008 sexta
1791 4955 1875 5009 die
1915 4954 2138 5011 Passio-

539 4971 722 5014 stonts.
763 4971 906 5007 l'lOl'.
929 4998 942 5018 ,
979 4971 1048 5005 tiu
1090 4971 1190 5006 tcto
1229 4971 1369 5006 omni
1398 4971 1550 5024 opere
1595 4971 1743 5008 secta

537 5026 656 5090 nis;
684 4971 1161 5104 ,ςιιριηέιάιιιοιηιιιι
1187 5035 1239 5078 et
1257 5025 1415 5104 liber
1438 5027 1778 5104 Pantagatlti.

613 5106 636 5133 ο
677 5095 813 5172 Cod.
851 5095 1162 5165 Pantagathi
1186 5138 1200 5160 ,
1233 5096 1468 5172 deposito
1512 5097 1656 5172 quod
1705 5098 2134 5172 certemclius;

534 5178 597 5228 ut
627 5169 786 5248 paulo
804 5179 941 5248 _po_st
975 5183 1070 5248 pro
1096 5169 1292 5224 uocauit
1332 5171 1397 5222 de
1427 5168 1552 5224 locis
1575 5170 1684 5223 suis
1714 5168 1994 5226 substituit
2021 5187 2137 5226 evo-

537 5243 673 5296 cavit
703 5240 767 5293 de
797 5239 925 5294 locis
962 5239 1092 5292 suis.

614 5310 865 5368 'Codicis
891 5309 1038 5364 Flor.
1067 5311 1322 5382 praesidio
1335 5311 1940 5368 emendavimuslocum
1966 5315 2130 5382 hunc,

535 5385 627 5454 qui
661 5383 858 5437 vitiose
880 5383 1062 5454 edltus
1093 5381 1270 5436 fuerat
1303 5382 1408 5436 hoc
1435 5382 1596 5436 modo
1632 5401 1643 5437 t
1677 5385 1731 5437 in
1759 5387 1978 5451 primum
2000 5381 2132 5442 diem

528 5452 924 5527 resurrectionis
961 5452 1168 5527 tiristo
1193 5456 1420 5527 miserat
1445 5456 1807 5524 transferenda
1844 5458 2130 5527 festivitas;

535 5538 590 5582 et
619 5526 919 5581 Florentini
961 5525 1251 5582 lectionem
1297 5524 1518 5580 exhibet
1557 5527 1722 5580 etiam
1760 5524 1896 5584 liber
1929 5524 2130 5586 Panta-

572 5599 705 5651 allii.

536 5615 752 5724 galsn‘glc
777 5669 927 5724 Flor.
955 5667 1238 5742 Vatt._tluo
1263 5678 1315 5742 et
1342 5665 1648 5742 Urb._Etllli
1679 5670 1966 5742 legebant,
1991 5673 2130 5741 quod

534 5741 667 5814 enim
691 5740 1075 5814 primunudiem
1096 5737 1430 5814 Dominicum
1447 5739 1584 5814 diem
1605 5757 1622 5805 ;
1644 5737 1830 5796 verum
1857 5737 2128 5814 glossema

532 5809 698 5873 illud,
720 5813 770 5864 id
801 5823 877 5866 est
903 5811 1234 5870 Dotninictms
1253 5813 1412 5877 diem,
1447 5809 1678 5867 fortasse
1705 5809 1948 5870 additum
1979 5815 2076 5871 fuit
2098 5832 2128 5872 a

531 5880 776 5950 librario,
809 5884 1057 5951 quamvis
1087 5893 1332 5936 occurrat
1354 5883 1516 5936 etiam
1540 5885 1591 5936 in
1619 5885 1756 5938 liltro
1777 5885 2124 5958 Paulagathi.

2253 3347 2418 3403 Omne
2445 3365 2572 3416 opus
2608 3349 2788 3403 servile
2818 3364 2924 3402 non
2951 3349 3152 3418 facietis
3171 3390 3183 3412 ,
3219 3359 3573 3420 prasterquam
3597 3350 3740 3419 quod
3763 3350 3853 3410 erit

2243 3443 2540 3513 faciendum
2557 3444 2698 3496 omni
2727 3443 2916 3496 animt:
2946 3442 3141 3514 (Exod.
3192 3445 3310 3515 ιιιι).
3356 3455 3383 3494 tt
3411 3447 3690 3516 Quotquot
3715 3447 3850 3510 enim

2249 3537 2483 3604 primum
2507 3536 2688 3603 diem,
2740 3537 2789 3590 id
2835 3545 2920 3590 est
2960 3537 3306 3592 Dominicum
3344 3541 3491 3594 diem
3517 3582 3531 3605 ,
3575 3555 3851 3610 nuncupa-

2250 3648 2372 3686 mus
2403 3644 2676 3696 sanctum,
2717 3633 3008 3688 credentes
3041 3649 3164 3687 eum
3209 3637 3620 3692 sanctificatum
3669 3651 3848 3692 rosus.

2254 3727 2496 3782 rectione
2515 3727 2727 3781 Domini
2751 3727 2880 3783 Jesu
2905 3744 2918 3792 ;
2944 3735 3332 3796 exspectamus
3360 3731 3528 3786 etiam
3554 3731 3706 3787 illum
3730 3747 3850 3789 vere

2243 3830 2488 3875 sanctum
2520 3819 2663 3876 diem
2685 3865 2698 3888 ,
2733 3819 2759 3857 ιλ
2791 3823 3009 3892 septimi
3054 3823 3333 3878 millesimi
3371 3827 3498 3879 anui
3547 3826 3696 3888 dicm
3719 3871 3733 3892 ν
3766 3827 3849 3896 (illi

2246 3915 2499 3974 adreniet
2533 3925 2658 3988 post
2695 3915 2831 3976 lSIOS
2860 3930 2958 3972 sex
3000 3915 3150 3986 dies,
3187 3932 3283 3984 situ
3324 3919 3560 3984 millium
3598 3919 3849 3986 videlicet

2248 4025 2515 4067 annorum
2537 4012 2746 4078 satculi,
2773 4012 3279 4082 quibuseotnpletis
3308 4015 3325 4051 ί
3357 4015 3577 4086 requies
3603 4017 3711 4077 erit
3733 4031 3850 4072 vere

2308 4170 2334 4209 ιι
2365 4172 2628 4228 Videntur
2665 4172 2782 4228 hsce
2809 4173 3096 4242 desumpta
3141 4185 3206 4226 ex
3241 4171 3474 4237 lrenmo,
3527 4173 3627 4229 lib.
3675 4189 3707 4227 v
3752 4172 3844 4227 ad-

2238 4261 2356 4298 vcr.
2385 4245 2549 4312 ham,
2574 4262 2622 4298 c.
2650 4245 2722 4300 28
2745 4261 2759 4311 ;
2784 4257 2839 4299 et
2868 4245 3016 4298 Lact.
3044 4244 3139 4297 lib.
3167 4245 3366 4298 vudiv.
3401 4246 3559 4312 lnst.,
3585 4261 3711 4311 cap.
3745 4247 3844 4300 ll:

2242 4317 2338 4371 sed
2359 4316 2496 4372 hanc
2516 4318 2828 4386 opinionem
2855 4315 3072 4370 reti-Ilii.
3095 4322 3229 4384 Aug.
3250 4317 3300 4386 in
3331 4333 3416 4385 ps.
3439 4330 3734 4380 “umet
3759 4319 3845 4372 lib.

2243 4404 2377 4462 xvut
2407 4389 2474 4443 de
2495 4385 2613 4443 Civ.
2649 4389 2767 4462 Dt-i,
2797 4404 2848 4443 c.
2881 4388 2973 4452 53,
2998 4389 3186 4442 dicens
3214 4407 3226 4442 :
3253 4385 3481 4442 Frustra
3500 4389 3662 4462 igitur
3695 4405 3846 4442 annos

2242 4461 2331 4520 qui
2359 4463 2480 4526 huic
2507 4461 2998 4528 swculoremanent,
3017 4472 3315 4526 computare
3347 4478 3409 4512 ac
3437 4462 3660 4528 deﬁnire
3691 4477 3843 4514 coun-

2166 4558 2220 4618 D
2246 4549 2381 4618 ritur:
2417 4549 2536 4586 cum
2574 4532 2679 4618 ρεισ-
2696 4535 2826 4586 scire
2867 4548 2970 4618 non
3001 4547 3110 4618 esse
3139 4541 3378 4615 nostrunt
3411 4549 3471 4586 ea:
3489 4548 3591 4618 pre
3619 4533 3845 4618 ueritatis

2247 4604 2543 4657 audiamus.
2583 4603 2717 4658 Vide
2766 4605 3017 4659 eumdem
3067 4607 3236 4672 Aug.,
3264 4606 3456 4673 epist.
3489 4605 3582 4668 7s,
3625 4603 3716 4662 ιθ.
3757 4605 3842 4658 80.

2247 4675 2544 4731 Olttiucbat
2583 4691 2642 4730 ea
2697 4683 3018 4743 tempestate
3059 4673 3200 4742 apud
3247 4672 3599 4729 Christianos
3635 4690 3843 4744 quoque

2247 4747 2472 4802 Judaira
2519 4747 2740 4803 traditio
2769 4749 2836 4801 de
2878 4746 3081 4800 mundo
3123 4744 3400 4799 duratum
3433 4763 3524 4812 per
3549 4763 3644 4801 se!
3677 4747 3836 4802 millia

2245 4832 2509 4873 annorum
2537 4861 2549 4882 ,
2582 4820 2784 4886 quibus
2817 4820 3005 4880 liuitis,
3040 4816 3092 4871 in
3125 4820 3364 4887 septimo
3397 4819 3710 4873 millenario
3750 4835 3840 4888 pe-

2245 4889 2482 4955 riturus,
2510 4906 2572 4945 ac
2604 4891 2898 4944 vastandas
2932 4900 3106 4956 esset;
3139 4889 3204 4943 de
3235 4905 3342 4959 qua
3379 4889 3678 4948 traditione
3710 4892 3841 4946 llue—

2247 4959 2352 5014 Iius
2379 4961 2746 5016 demonSIrat.
2780 4962 2987 5025 Evatttz.
3033 4976 3186 5030 prop.
3230 4962 3296 5028 9,
3326 4977 3448 5030 cap.
3484 4963 3550 5027 8;
3587 4975 3641 5016 et
3683 4961 3835 5018 Jitan.

2242 5031 2504 5104 Alltcrtus
2541 5033 2820 5088 Fabricius
2845 5035 2895 5087 in
2929 5031 3131 5104 Codice
3164 5032 3651 5104 Pseudepigraplto
3683 5034 3743 5087 V.
3777 5033 3834 5088 Τ.

2243 5103 2391 5158 edito
2422 5106 2714 5175 Ilamlturgi
2744 5107 2979 5175 17|3,p.
3008 5103 3380 5160 1079.6unicr
3405 5103 3562 5160 natas
3588 5104 3836 5160 Cotelerii

2240 5177 2308 5230 ad
2337 5176 2394 5230 S.
2429 5176 2692 5231 Barnabas
2721 5180 2881 5246 epist.
2906 5220 2920 5242 ,
2949 5193 2999 5242 p.
3032 5177 3130 5240 ts,
3163 5175 3263 5244 46,
3293 5178 3346 5232 in
3383 5177 3638 5232 Patriltns
3669 5178 3838 5247 Apus-

2243 5249 2340 5302 tol.
2365 5290 2378 5314 ,
2409 5247 2547 5303 edit.
2596 5252 2864 5318 Antuerp.
2903 5247 3078 5312 1608;
3115 5259 3166 5302 et
3202 5247 3652 5302 Fati-ardentium
3682 5292 3695 5310 ,
3725 5257 3831 5302 not.

2239 5319 2306 5445 :td
2332 5321 2623 5445 dlrtcna'um
2652 5366 2664 5386 ,
2700 5335 2821 5392 pag.
2857 5321 2963 5376 568
2987 5364 3002 5386 ,
3045 5319 3132 5374 ubi
3171 5318 3314 5375 hunc
3340 5319 3631 5376 Gaudentii
3661 5321 3831 5376 locum

2260 5407 2324 5445 au
2370 5409 2396 5445 a
2434 5433 2445 5444 .

2260 5393 2445 5446 nudat.

2318 5462 2331 5500 ί
2364 5464 2550 5519 Lectio
2579 5464 2788 5533 vulgata
2822 5464 3022 5535 requies
3053 5463 3150 5516 erit
3177 5479 3308 5517 certe
3337 5465 3648 5531 sanctitatis,
3679 5478 3831 5534 quam

2239 5536 2527 5591 manil'eSte
2566 5549 2886 5604 corruptam
2929 5535 3193 5604 eiecimus
3219 5577 3232 5598 ,
3266 5537 3624 5591 restituentes
3655 5537 3832 5591 lectio-

2237 5622 2359 5660 nem
2405 5606 2550 5662 Flor.
2585 5609 2809 5661 t-odicis.
2863 5607 3135 5662 Firmatur
3166 5607 3282 5661 haec
3316 5607 3627 5664 eluendatio
3656 5620 3830 5662 aucto-

2235 5677 2396 5734 ritate
2426 5679 2655 5732 duorum
2683 5679 2824 5734 Vatt.
2854 5689 2912 5734 et
2945 5677 3222 5734 Urbinatis
3249 5721 3263 5742 ,
3296 5679 3346 5732 in
3373 5680 3571 5747 quibus
3604 5680 3829 5735 habetur

2235 5751 2432 5820 requies
2455 5753 2548 5804 erit
2573 5751 2765 5805 sanctis
2789 5762 2836 5805 et
2859 5750 3084 5820 [ide/iter
3111 5750 3454 5805 credentibus.
3486 5751 3544 5806 lu
3571 5765 3673 5806 tus.
3700 5766 3829 5819 quo-

2235 5838 2340 5891 que
2379 5823 2586 5878 Octavii
2622 5824 2941 5892 Pantagathi
2968 5864 2982 5887 ,
3018 5821 3221 5894 omissa
3250 5823 3491 5877 dictione
3523 5840 3668 5892 uere,
3701 5821 3825 5894 lesi-

2236 5903 2324 5947 tur
2350 5896 2546 5965 requies
2577 5895 2673 5947 erit
2705 5896 2898 5948 sanctis
2920 5904 2968 5948 et
2999 5892 3223 5963 ﬁdeliter
3241 5893 3588 5952 credentibus.
