  <div class='ocr_page' id='page_1' title='image "/cluster/home/n/w/nwhite01/storage/ocr_20150623/20/hvd.32044015471352/468.png"; bbox 0 0 4070 6346; ppageno 0'>
   <div class='ocr_carea' id='block_1_1' title="bbox 261 328 357 385">
    <p class='ocr_par' dir='ltr' id='par_1_1' title="bbox 261 328 357 385">
     <span class='ocr_line' id='line_1_1' title="bbox 261 328 357 385; baseline -0.021 0"><span class='ocrx_word' id='word_1_1' title='bbox 261 328 357 385; x_wconf 69' lang='grc'><strong>921</strong></span> 
     </span>
    </p>
   </div>
   <div class='ocr_carea' id='block_1_2' title="bbox 1110 326 2696 396">
    <p class='ocr_par' dir='ltr' id='par_1_2' title="bbox 1110 326 2696 396">
     <span class='ocr_line' id='line_1_2' title="bbox 1110 326 2696 396; baseline 0.001 -11"><span class='ocrx_word' id='word_1_2' title='bbox 1110 326 1344 385; x_wconf 79' lang='lat' dir='ltr'><strong>SERMO</strong></span> <span class='ocrx_word' id='word_1_3' title='bbox 1383 327 1478 396; x_wconf 80' lang='lat' dir='ltr'><strong>XI,</strong></span> <span class='ocrx_word' id='word_1_4' title='bbox 1521 327 1612 386; x_wconf 76' lang='grc' dir='ltr'><strong>ΒΕ</strong></span> <span class='ocrx_word' id='word_1_5' title='bbox 1653 326 1974 385; x_wconf 68' lang='grc'><strong>0111111815</strong></span> <span class='ocrx_word' id='word_1_6' title='bbox 2009 326 2379 385; x_wconf 75' lang='lat' dir='ltr'><strong>CAPITULIS</strong></span> <span class='ocrx_word' id='word_1_7' title='bbox 2416 328 2696 388; x_wconf 80' lang='lat' dir='ltr'><strong>PRIMUS.</strong></span> 
     </span>
    </p>
   </div>
   <div class='ocr_carea' id='block_1_3' title="bbox 3452 330 3560 387">
    <p class='ocr_par' dir='ltr' id='par_1_3' title="bbox 3452 330 3560 387">
     <span class='ocr_line' id='line_1_3' title="bbox 3452 330 3560 387; baseline 0 0"><span class='ocrx_word' id='word_1_8' title='bbox 3452 330 3560 387; x_wconf 68' lang='lat'><strong>922</strong></span> 
     </span>
    </p>
   </div>
   <div class='ocr_carea' id='block_1_4' title="bbox 255 444 3558 520">
    <p class='ocr_par' dir='ltr' id='par_1_4' title="bbox 255 444 3558 520">
     <span class='ocr_line' id='line_1_4' title="bbox 255 444 3558 520; baseline 0.001 -19"><span class='ocrx_word' id='word_1_9' title='bbox 255 445 479 502; x_wconf 72' lang='lat' dir='ltr'><strong>lectioni</strong></span> <span class='ocrx_word' id='word_1_10' title='bbox 501 454 703 502; x_wconf 71' lang='lat' dir='ltr'><strong>vestra:</strong></span> <span class='ocrx_word' id='word_1_11' title='bbox 727 444 1057 517; x_wconf 89' lang='lat' dir='ltr'><strong>pollicitum,</strong></span> <span class='ocrx_word' id='word_1_12' title='bbox 1083 445 1255 519; x_wconf 88' lang='lat' dir='ltr'><strong>quod,</strong></span> <span class='ocrx_word' id='word_1_13' title='bbox 1278 446 1572 517; x_wconf 88' lang='lat' dir='ltr'><strong>adjuvante</strong></span> <span class='ocrx_word' id='word_1_14' title='bbox 1596 444 1847 513; x_wconf 87' lang='lat' dir='ltr'><strong>Domino,</strong></span> <span class='ocrx_word' id='word_1_15' title='bbox 1878 458 1931 520; x_wconf 74' lang='grc' dir='ltr'>Α</span> <span class='ocrx_word' id='word_1_16' title='bbox 1954 456 2131 518; x_wconf 90' lang='lat' dir='ltr'><strong>geret.</strong></span> <span class='ocrx_word' id='word_1_17' title='bbox 2156 445 2266 503; x_wconf 86' lang='lat' dir='ltr'><strong>Sed</strong></span> <span class='ocrx_word' id='word_1_18' title='bbox 2300 446 2355 501; x_wconf 94' lang='lat' dir='ltr'><strong>in</strong></span> <span class='ocrx_word' id='word_1_19' title='bbox 2389 446 2639 518; x_wconf 78' lang='lat' dir='ltr'><strong>catalogo</strong></span> <span class='ocrx_word' id='word_1_20' title='bbox 2682 447 2788 504; x_wconf 85' lang='lat' dir='ltr'><strong>isto</strong></span> <span class='ocrx_word' id='word_1_21' title='bbox 2815 448 3074 504; x_wconf 83' lang='lat' dir='ltr'><strong>virtutum</strong></span> <span class='ocrx_word' id='word_1_22' title='bbox 3099 493 3114 518; x_wconf 91' lang='lat'><strong>,</strong></span> <span class='ocrx_word' id='word_1_23' title='bbox 3167 447 3348 505; x_wconf 88' lang='lat' dir='ltr'><strong>adhuc</strong></span> <span class='ocrx_word' id='word_1_24' title='bbox 3392 463 3558 504; x_wconf 90' lang='lat' dir='ltr'><strong>unum</strong></span> 
     </span>
    </p>
   </div>
   <div class='ocr_carea' id='block_1_5' title="bbox 255 538 1852 610">
    <p class='ocr_par' dir='ltr' id='par_1_5' title="bbox 255 538 1852 610">
     <span class='ocr_line' id='line_1_5' title="bbox 255 538 1852 610; baseline 0.001 -17"><span class='ocrx_word' id='word_1_25' title='bbox 255 538 474 610; x_wconf 87' lang='lat' dir='ltr'><strong>plenius</strong></span> <span class='ocrx_word' id='word_1_26' title='bbox 496 542 884 610; x_wconf 78' lang='lat' dir='ltr'><strong>explanaturus</strong></span> <span class='ocrx_word' id='word_1_27' title='bbox 910 553 1111 605; x_wconf 87' lang='lat' dir='ltr'><strong>essem,</strong></span> <span class='ocrx_word' id='word_1_28' title='bbox 1148 555 1309 609; x_wconf 89' lang='lat' dir='ltr'><strong>quam</strong></span> <span class='ocrx_word' id='word_1_29' title='bbox 1340 541 1409 595; x_wconf 93' lang='lat' dir='ltr'><strong>ob</strong></span> <span class='ocrx_word' id='word_1_30' title='bbox 1439 554 1657 594; x_wconf 85' lang='lat' dir='ltr'><strong>causam</strong></span> <span class='ocrx_word' id='word_1_31' title='bbox 1690 555 1852 595; x_wconf 90' lang='lat' dir='ltr'><strong>unum</strong></span> 
     </span>
    </p>
   </div>
   <div class='ocr_carea' id='block_1_6' title="bbox 254 631 1857 705">
    <p class='ocr_par' dir='ltr' id='par_1_6' title="bbox 254 631 1857 705">
     <span class='ocr_line' id='line_1_6' title="bbox 254 631 1857 705; baseline -0.001 -16"><span class='ocrx_word' id='word_1_32' title='bbox 254 648 315 689; x_wconf 85' lang='lat' dir='ltr'><strong>se</strong></span> <span class='ocrx_word' id='word_1_33' title='bbox 360 649 498 705; x_wconf 91' lang='lat' dir='ltr'><strong>opus</strong></span> <span class='ocrx_word' id='word_1_34' title='bbox 548 633 746 689; x_wconf 80' lang='lat' dir='ltr'><strong>fecisse</strong></span> <span class='ocrx_word' id='word_1_35' title='bbox 802 634 1062 689; x_wconf 85' lang='lat' dir='ltr'><strong>Dominus</strong></span> <span class='ocrx_word' id='word_1_36' title='bbox 1120 641 1459 689; x_wconf 66' lang='lat' dir='ltr'><strong>testaretur:</strong></span> <span class='ocrx_word' id='word_1_37' title='bbox 1512 632 1652 687; x_wconf 87' lang='lat' dir='ltr'><strong>unde</strong></span> <span class='ocrx_word' id='word_1_38' title='bbox 1706 631 1857 700; x_wconf 85' lang='lat' dir='ltr'><strong>plebs</strong></span> 
     </span>
    </p>
   </div>
   <div class='ocr_carea' id='block_1_7' title="bbox 257 725 1853 799">
    <p class='ocr_par' dir='ltr' id='par_1_7' title="bbox 257 725 1853 799">
     <span class='ocr_line' id='line_1_7' title="bbox 257 725 1853 799; baseline -0.004 -16"><span class='ocrx_word' id='word_1_39' title='bbox 257 728 610 799; x_wconf 88' lang='lat' dir='ltr'><strong>ignavissima</strong></span> <span class='ocrx_word' id='word_1_40' title='bbox 630 726 943 783; x_wconf 67' lang='lat' dir='ltr'><strong>Jndarorum</strong></span> <span class='ocrx_word' id='word_1_41' title='bbox 970 736 995 764; x_wconf 71' lang='grc'>⁸</span> <span class='ocrx_word' id='word_1_42' title='bbox 1019 728 1330 797; x_wconf 78' lang='lat' dir='ltr'><strong>scrupulum</strong></span> <span class='ocrx_word' id='word_1_43' title='bbox 1354 742 1506 796; x_wconf 89' lang='lat' dir='ltr'><strong>passa</strong></span> <span class='ocrx_word' id='word_1_44' title='bbox 1534 725 1713 797; x_wconf 82' lang='lat' dir='ltr'><strong>(Joan.</strong></span> <span class='ocrx_word' id='word_1_45' title='bbox 1733 725 1853 794; x_wconf 85' lang='lat' dir='ltr'><strong>vn),</strong></span> 
     </span>
    </p>
   </div>
   <div class='ocr_carea' id='block_1_8' title="bbox 256 820 1857 891">
    <p class='ocr_par' dir='ltr' id='par_1_8' title="bbox 256 820 1857 891">
     <span class='ocr_line' id='line_1_8' title="bbox 256 820 1857 891; baseline -0.002 -14"><span class='ocrx_word' id='word_1_46' title='bbox 256 832 311 877; x_wconf 87' lang='lat' dir='ltr'><strong>et</strong></span> <span class='ocrx_word' id='word_1_47' title='bbox 342 821 689 891; x_wconf 65' lang='lat' dir='ltr'><strong>iniquiSsitIIO</strong></span> <span class='ocrx_word' id='word_1_48' title='bbox 720 822 905 877; x_wconf 87' lang='lat' dir='ltr'><strong>furore</strong></span> <span class='ocrx_word' id='word_1_49' title='bbox 935 836 1221 884; x_wconf 62' lang='lat' dir='ltr'><strong>succensa,</strong></span> <span class='ocrx_word' id='word_1_50' title='bbox 1256 821 1655 876; x_wconf 76' lang='lat' dir='ltr'><strong>benedictionis</strong></span> <span class='ocrx_word' id='word_1_51' title='bbox 1696 820 1857 874; x_wconf 88' lang='lat' dir='ltr'><strong>dato-</strong></span> 
     </span>
    </p>
   </div>
   <div class='ocr_carea' id='block_1_9' title="bbox 258 914 1854 986">
    <p class='ocr_par' dir='ltr' id='par_1_9' title="bbox 258 914 1854 986">
     <span class='ocr_line' id='line_1_9' title="bbox 258 914 1854 986; baseline -0.001 -15"><span class='ocrx_word' id='word_1_52' title='bbox 258 931 375 971; x_wconf 87' lang='lat' dir='ltr'><strong>rem</strong></span> <span class='ocrx_word' id='word_1_53' title='bbox 432 916 740 971; x_wconf 84' lang='lat' dir='ltr'><strong>maledictis</strong></span> <span class='ocrx_word' id='word_1_54' title='bbox 797 915 1132 984; x_wconf 58' lang='lat' dir='ltr'><strong>blasphemis</strong></span> <span class='ocrx_word' id='word_1_55' title='bbox 1192 915 1560 986; x_wconf 88' lang='lat' dir='ltr'><strong>pulsavisset,</strong></span> <span class='ocrx_word' id='word_1_56' title='bbox 1613 914 1854 970; x_wconf 85' lang='lat' dir='ltr'><strong>dicens:</strong></span> 
     </span>
    </p>
   </div>
   <div class='ocr_carea' id='block_1_10' title="bbox 259 1005 1855 1081">
    <p class='ocr_par' dir='ltr' id='par_1_10' title="bbox 259 1005 1855 1081">
     <span class='ocr_line' id='line_1_10' title="bbox 259 1005 1855 1081; baseline 0 -20"><span class='ocrx_word' id='word_1_57' title='bbox 259 1005 590 1063; x_wconf 77' lang='lat' dir='ltr'><strong>Dteiitonium</strong></span> <span class='ocrx_word' id='word_1_58' title='bbox 632 1008 790 1063; x_wconf 87' lang='lat' dir='ltr'><strong>habes</strong></span> <span class='ocrx_word' id='word_1_59' title='bbox 819 1025 837 1063; x_wconf 89' lang='lat'><strong><em>:</em></strong></span> <span class='ocrx_word' id='word_1_60' title='bbox 860 1010 977 1081; x_wconf 89' lang='lat' dir='ltr'><strong>quis</strong></span> <span class='ocrx_word' id='word_1_61' title='bbox 1006 1018 1054 1064; x_wconf 88' lang='lat' dir='ltr'><strong>te</strong></span> <span class='ocrx_word' id='word_1_62' title='bbox 1080 1010 1266 1079; x_wconf 77' lang='lat' dir='ltr'><strong>quierit</strong></span> <span class='ocrx_word' id='word_1_63' title='bbox 1323 1009 1612 1078; x_wconf 81' lang='lat' dir='ltr'><strong>inter/icere</strong></span> <span class='ocrx_word' id='word_1_64' title='bbox 1645 1006 1855 1079; x_wconf 85' lang='lat' dir='ltr'><strong>(Ibid)?</strong></span> 
     </span>
    </p>
   </div>
   <div class='ocr_carea' id='block_1_11' title="bbox 255 1101 1856 1173">
    <p class='ocr_par' dir='ltr' id='par_1_11' title="bbox 255 1101 1856 1173">
     <span class='ocr_line' id='line_1_11' title="bbox 255 1101 1856 1173; baseline -0.001 -16"><span class='ocrx_word' id='word_1_65' title='bbox 255 1111 309 1157; x_wconf 91' lang='lat' dir='ltr'><strong>et</strong></span> <span class='ocrx_word' id='word_1_66' title='bbox 332 1103 557 1173; x_wconf 88' lang='lat' dir='ltr'><strong>insuper</strong></span> <span class='ocrx_word' id='word_1_67' title='bbox 588 1104 715 1156; x_wconf 70' lang='lat' dir='ltr'><strong>vita:</strong></span> <span class='ocrx_word' id='word_1_68' title='bbox 746 1103 1038 1157; x_wconf 86' lang='lat' dir='ltr'><strong>Dominum</strong></span> <span class='ocrx_word' id='word_1_69' title='bbox 1063 1145 1077 1168; x_wconf 92' lang='lat'><strong>,</strong></span> <span class='ocrx_word' id='word_1_70' title='bbox 1124 1103 1278 1159; x_wconf 87' lang='lat' dir='ltr'><strong>necis</strong></span> <span class='ocrx_word' id='word_1_71' title='bbox 1325 1102 1541 1158; x_wconf 89' lang='lat' dir='ltr'><strong>tradere</strong></span> <span class='ocrx_word' id='word_1_72' title='bbox 1591 1101 1856 1173; x_wconf 77' lang='lat' dir='ltr'><strong>supplicio</strong></span> 
     </span>
    </p>
   </div>
   <div class='ocr_carea' id='block_1_12' title="bbox 252 1194 1855 1267">
    <p class='ocr_par' dir='ltr' id='par_1_12' title="bbox 252 1194 1855 1267">
     <span class='ocr_line' id='line_1_12' title="bbox 252 1194 1855 1267; baseline -0.001 -16"><span class='ocrx_word' id='word_1_73' title='bbox 252 1198 545 1267; x_wconf 81' lang='lat' dir='ltr'><strong>cogitaret.</strong></span> <span class='ocrx_word' id='word_1_74' title='bbox 591 1196 944 1252; x_wconf 81' lang='lat' dir='ltr'><strong>Probavimus</strong></span> <span class='ocrx_word' id='word_1_75' title='bbox 972 1197 1189 1266; x_wconf 84' lang='lat' dir='ltr'><strong>quidem</strong></span> <span class='ocrx_word' id='word_1_76' title='bbox 1223 1194 1248 1234; x_wconf 70' lang='grc' dir='ltr'>δ</span> <span class='ocrx_word' id='word_1_77' title='bbox 1283 1196 1438 1250; x_wconf 76' lang='lat' dir='ltr'><strong>isdus</strong></span> <span class='ocrx_word' id='word_1_78' title='bbox 1496 1195 1855 1264; x_wconf 68' lang='lat' dir='ltr'><strong>Evaiigt-lisiaa</strong></span> 
     </span>
    </p>
   </div>
   <div class='ocr_carea' id='block_1_13' title="bbox 254 1289 1852 1357">
    <p class='ocr_par' dir='ltr' id='par_1_13' title="bbox 254 1289 1852 1357">
     <span class='ocr_line' id='line_1_13' title="bbox 254 1289 1852 1357; baseline -0.001 -12"><span class='ocrx_word' id='word_1_79' title='bbox 254 1293 597 1351; x_wconf 86' lang='lat' dir='ltr'><strong>testimonio.</strong></span> <span class='ocrx_word' id='word_1_80' title='bbox 633 1306 739 1346; x_wconf 94' lang='lat' dir='ltr'><strong>non</strong></span> <span class='ocrx_word' id='word_1_81' title='bbox 765 1307 956 1357; x_wconf 87' lang='lat' dir='ltr'><strong>unum,</strong></span> <span class='ocrx_word' id='word_1_82' title='bbox 991 1291 1085 1346; x_wconf 83' lang='lat' dir='ltr'><strong>sed</strong></span> <span class='ocrx_word' id='word_1_83' title='bbox 1116 1291 1280 1345; x_wconf 81' lang='lat' dir='ltr'><strong>multa</strong></span> <span class='ocrx_word' id='word_1_84' title='bbox 1301 1332 1315 1355; x_wconf 91' lang='lat'><strong>,</strong></span> <span class='ocrx_word' id='word_1_85' title='bbox 1348 1299 1404 1345; x_wconf 89' lang='lat' dir='ltr'><strong>et</strong></span> <span class='ocrx_word' id='word_1_86' title='bbox 1435 1289 1852 1344; x_wconf 87' lang='lat' dir='ltr'><strong>innumerabilia</strong></span> 
     </span>
    </p>
   </div>
   <div class='ocr_carea' id='block_1_14' title="bbox 251 1380 1854 1453">
    <p class='ocr_par' dir='ltr' id='par_1_14' title="bbox 251 1380 1854 1453">
     <span class='ocr_line' id='line_1_14' title="bbox 251 1380 1854 1453; baseline 0 -16"><span class='ocrx_word' id='word_1_87' title='bbox 251 1397 280 1437; x_wconf 85' lang='lat' dir='ltr'><strong>a</strong></span> <span class='ocrx_word' id='word_1_88' title='bbox 313 1383 533 1438; x_wconf 76' lang='lat' dir='ltr'><strong>Cllt‘isltl</strong></span> <span class='ocrx_word' id='word_1_89' title='bbox 564 1380 736 1438; x_wconf 78' lang='lat' dir='ltr'><strong>fuisse</strong></span> <span class='ocrx_word' id='word_1_90' title='bbox 766 1400 933 1453; x_wconf 84' lang='lat' dir='ltr'><strong>opera</strong></span> <span class='ocrx_word' id='word_1_91' title='bbox 972 1385 1270 1440; x_wconf 88' lang='lat' dir='ltr'><strong>celebrata.</strong></span> <span class='ocrx_word' id='word_1_92' title='bbox 1322 1383 1412 1439; x_wconf 88' lang='lat' dir='ltr'><strong>Sic</strong></span> <span class='ocrx_word' id='word_1_93' title='bbox 1458 1386 1601 1438; x_wconf 91' lang='lat' dir='ltr'><strong>enim</strong></span> <span class='ocrx_word' id='word_1_94' title='bbox 1648 1383 1701 1436; x_wconf 92' lang='lat' dir='ltr'><strong>in</strong></span> <span class='ocrx_word' id='word_1_95' title='bbox 1749 1383 1854 1437; x_wconf 89' lang='lat' dir='ltr'><strong>line</strong></span> 
     </span>
    </p>
   </div>
   <div class='ocr_carea' id='block_1_15' title="bbox 252 1475 1855 1551">
    <p class='ocr_par' dir='ltr' id='par_1_15' title="bbox 252 1475 1855 1551">
     <span class='ocr_line' id='line_1_15' title="bbox 252 1475 1855 1551; baseline -0.001 -20"><span class='ocrx_word' id='word_1_96' title='bbox 252 1476 381 1531; x_wconf 84' lang='lat' dir='ltr'><strong>libri</strong></span> <span class='ocrx_word' id='word_1_97' title='bbox 408 1477 709 1531; x_wconf 91' lang='lat' dir='ltr'><strong>conscribit</strong></span> <span class='ocrx_word' id='word_1_98' title='bbox 741 1494 754 1530; x_wconf 88' lang='lat'><strong>:</strong></span> <span class='ocrx_word' id='word_1_99' title='bbox 803 1477 938 1551; x_wconf 82' lang='lat' dir='ltr'><strong>Sunt</strong></span> <span class='ocrx_word' id='word_1_100' title='bbox 984 1488 1153 1531; x_wconf 88' lang='lat' dir='ltr'><strong>autem</strong></span> <span class='ocrx_word' id='word_1_101' title='bbox 1184 1488 1232 1531; x_wconf 90' lang='lat' dir='ltr'><strong>et</strong></span> <span class='ocrx_word' id='word_1_102' title='bbox 1273 1475 1381 1530; x_wconf 89' lang='lat' dir='ltr'><strong>alia</strong></span> <span class='ocrx_word' id='word_1_103' title='bbox 1414 1478 1575 1530; x_wconf 87' lang='lat' dir='ltr'><strong>multa</strong></span> <span class='ocrx_word' id='word_1_104' title='bbox 1603 1492 1716 1546; x_wconf 72' lang='lat' dir='ltr'><strong>qua:</strong></span> <span class='ocrx_word' id='word_1_105' title='bbox 1736 1476 1855 1547; x_wconf 84' lang='lat' dir='ltr'><strong>fecit</strong></span> 
     </span>
    </p>
   </div>
   <div class='ocr_carea' id='block_1_16' title="bbox 247 1566 1854 1643">
    <p class='ocr_par' dir='ltr' id='par_1_16' title="bbox 247 1566 1854 1643">
     <span class='ocr_line' id='line_1_16' title="bbox 247 1566 1854 1643; baseline 0.001 -21"><span class='ocrx_word' id='word_1_106' title='bbox 247 1566 430 1636; x_wconf 86' lang='lat' dir='ltr'><strong>Jesus,</strong></span> <span class='ocrx_word' id='word_1_107' title='bbox 463 1587 578 1642; x_wconf 74' lang='lat' dir='ltr'><strong>qua:</strong></span> <span class='ocrx_word' id='word_1_108' title='bbox 598 1571 643 1624; x_wconf 89' lang='lat' dir='ltr'><strong>si</strong></span> <span class='ocrx_word' id='word_1_109' title='bbox 673 1570 967 1626; x_wconf 75' lang='lat' dir='ltr'><strong>scribantur</strong></span> <span class='ocrx_word' id='word_1_110' title='bbox 994 1589 1084 1643; x_wconf 62' lang='lat' dir='ltr'><strong>per</strong></span> <span class='ocrx_word' id='word_1_111' title='bbox 1111 1572 1322 1641; x_wconf 86' lang='lat' dir='ltr'><strong>singula</strong></span> <span class='ocrx_word' id='word_1_112' title='bbox 1348 1612 1361 1633; x_wconf 91' lang='lat'><strong>,</strong></span> <span class='ocrx_word' id='word_1_113' title='bbox 1390 1570 1617 1623; x_wconf 73' lang='lat' dir='ltr'><strong>arbitror</strong></span> <span class='ocrx_word' id='word_1_114' title='bbox 1650 1586 1742 1623; x_wconf 89' lang='lat' dir='ltr'><strong>nec</strong></span> <span class='ocrx_word' id='word_1_115' title='bbox 1772 1570 1854 1638; x_wconf 85' lang='lat' dir='ltr'><strong>ip-</strong></span> 
     </span>
    </p>
   </div>
   <div class='ocr_carea' id='block_1_17' title="bbox 246 1662 1849 1734">
    <p class='ocr_par' dir='ltr' id='par_1_17' title="bbox 246 1662 1849 1734">
     <span class='ocr_line' id='line_1_17' title="bbox 246 1662 1849 1734; baseline -0.001 -18"><span class='ocrx_word' id='word_1_116' title='bbox 246 1677 364 1716; x_wconf 86' lang='lat' dir='ltr'><strong>sum</strong></span> <span class='ocrx_word' id='word_1_117' title='bbox 412 1666 667 1717; x_wconf 81' lang='lat' dir='ltr'><strong>mundum</strong></span> <span class='ocrx_word' id='word_1_118' title='bbox 701 1680 885 1731; x_wconf 83' lang='lat' dir='ltr'><strong>capere</strong></span> <span class='ocrx_word' id='word_1_119' title='bbox 936 1680 1021 1719; x_wconf 85' lang='lat' dir='ltr'><strong>eos</strong></span> <span class='ocrx_word' id='word_1_120' title='bbox 1070 1663 1232 1717; x_wconf 84' lang='lat' dir='ltr'><strong>libros</strong></span> <span class='ocrx_word' id='word_1_121' title='bbox 1283 1674 1304 1701; x_wconf 74' lang='grc' dir='ltr'><em>ε</em></span> <span class='ocrx_word' id='word_1_122' title='bbox 1352 1665 1438 1734; x_wconf 92' lang='lat' dir='ltr'><strong>qui</strong></span> <span class='ocrx_word' id='word_1_123' title='bbox 1484 1662 1849 1729; x_wconf 79' lang='lat' dir='ltr'><strong>scriberentur,</strong></span> 
     </span>
    </p>
   </div>
   <div class='ocr_carea' id='block_1_18' title="bbox 248 1755 1852 1828">
    <p class='ocr_par' dir='ltr' id='par_1_18' title="bbox 248 1755 1852 1828">
     <span class='ocr_line' id='line_1_18' title="bbox 248 1755 1852 1828; baseline 0 -19"><span class='ocrx_word' id='word_1_124' title='bbox 248 1772 401 1827; x_wconf 85' lang='lat' dir='ltr'><strong>passe</strong></span> <span class='ocrx_word' id='word_1_125' title='bbox 422 1755 607 1828; x_wconf 86' lang='lat' dir='ltr'><strong>(.loan.</strong></span> <span class='ocrx_word' id='word_1_126' title='bbox 644 1758 783 1828; x_wconf 82' lang='grc'><strong>11111).</strong></span> <span class='ocrx_word' id='word_1_127' title='bbox 815 1757 925 1813; x_wconf 90' lang='lat' dir='ltr'><strong>Sed</strong></span> <span class='ocrx_word' id='word_1_128' title='bbox 957 1759 1188 1811; x_wconf 82' lang='lat' dir='ltr'><strong>l‘ortaSse</strong></span> <span class='ocrx_word' id='word_1_129' title='bbox 1219 1756 1365 1811; x_wconf 83' lang='lat' dir='ltr'><strong>dicat</strong></span> <span class='ocrx_word' id='word_1_130' title='bbox 1394 1756 1669 1811; x_wconf 59' lang='lat' dir='ltr'><strong>studiosus</strong></span> <span class='ocrx_word' id='word_1_131' title='bbox 1695 1755 1852 1810; x_wconf 90' lang='lat' dir='ltr'><strong>andi-</strong></span> 
     </span>
    </p>
   </div>
   <div class='ocr_carea' id='block_1_19' title="bbox 1959 538 3561 614">
    <p class='ocr_par' dir='ltr' id='par_1_19' title="bbox 1959 538 3561 614">
     <span class='ocr_line' id='line_1_19' title="bbox 1959 538 3561 614; baseline 0.002 -20"><span class='ocrx_word' id='word_1_132' title='bbox 1959 540 2163 596; x_wconf 88' lang='lat' dir='ltr'><strong>feeerat</strong></span> <span class='ocrx_word' id='word_1_133' title='bbox 2180 556 2336 613; x_wconf 89' lang='lat' dir='ltr'><strong>opus,</strong></span> <span class='ocrx_word' id='word_1_134' title='bbox 2360 538 2379 578; x_wconf 75' lang='grc' dir='ltr'><em>τ</em></span> <span class='ocrx_word' id='word_1_135' title='bbox 2406 557 2513 611; x_wconf 91' lang='lat' dir='ltr'><strong>quo</strong></span> <span class='ocrx_word' id='word_1_136' title='bbox 2528 541 2781 598; x_wconf 87' lang='lat' dir='ltr'><strong>frementi</strong></span> <span class='ocrx_word' id='word_1_137' title='bbox 2802 555 2991 599; x_wconf 91' lang='lat' dir='ltr'><strong>contra</strong></span> <span class='ocrx_word' id='word_1_138' title='bbox 3012 543 3342 613; x_wconf 86' lang='lat' dir='ltr'><strong>seimperito</strong></span> <span class='ocrx_word' id='word_1_139' title='bbox 3358 542 3561 614; x_wconf 87' lang='lat' dir='ltr'><strong>populo</strong></span> 
     </span>
    </p>
   </div>
   <div class='ocr_carea' id='block_1_20' title="bbox 1956 633 3563 705">
    <p class='ocr_par' dir='ltr' id='par_1_20' title="bbox 1956 633 3563 705">
     <span class='ocr_line' id='line_1_20' title="bbox 1956 633 3563 705; baseline 0 -15"><span class='ocrx_word' id='word_1_140' title='bbox 1956 633 2295 700; x_wconf 78' lang='lat' dir='ltr'><strong>Judteoruin,</strong></span> <span class='ocrx_word' id='word_1_141' title='bbox 2329 636 2483 705; x_wconf 89' lang='lat' dir='ltr'><strong>quasi</strong></span> <span class='ocrx_word' id='word_1_142' title='bbox 2518 636 2871 691; x_wconf 83' lang='lat' dir='ltr'><strong>verisimilem</strong></span> <span class='ocrx_word' id='word_1_143' title='bbox 2901 636 3167 691; x_wconf 73' lang='lat' dir='ltr'><strong>saeviendi</strong></span> <span class='ocrx_word' id='word_1_144' title='bbox 3209 635 3414 690; x_wconf 87' lang='lat' dir='ltr'><strong>aditum</strong></span> <span class='ocrx_word' id='word_1_145' title='bbox 3465 635 3563 690; x_wconf 88' lang='lat' dir='ltr'><strong>de-</strong></span> 
     </span>
    </p>
   </div>
   <div class='ocr_carea' id='block_1_21' title="bbox 1956 728 3563 802">
    <p class='ocr_par' dir='ltr' id='par_1_21' title="bbox 1956 728 3563 802">
     <span class='ocr_line' id='line_1_21' title="bbox 1956 728 3563 802; baseline -0.001 -18"><span class='ocrx_word' id='word_1_146' title='bbox 1956 728 2105 784; x_wconf 86' lang='lat' dir='ltr'><strong>disse</strong></span> <span class='ocrx_word' id='word_1_147' title='bbox 2134 728 2444 793; x_wconf 78' lang='lat' dir='ltr'><strong>videbatur,</strong></span> <span class='ocrx_word' id='word_1_148' title='bbox 2476 730 2618 800; x_wconf 92' lang='lat' dir='ltr'><strong>quod</strong></span> <span class='ocrx_word' id='word_1_149' title='bbox 2652 729 2870 786; x_wconf 76' lang='lat' dir='ltr'><strong>scilicet</strong></span> <span class='ocrx_word' id='word_1_150' title='bbox 2908 730 3260 802; x_wconf 81' lang='lat' dir='ltr'><strong>paralytii-um</strong></span> <span class='ocrx_word' id='word_1_151' title='bbox 3312 736 3563 785; x_wconf 79' lang='lat' dir='ltr'><strong>curasset</strong></span> 
     </span>
    </p>
   </div>
   <div class='ocr_carea' id='block_1_22' title="bbox 1958 819 3558 894">
    <p class='ocr_par' dir='ltr' id='par_1_22' title="bbox 1958 819 3558 894">
     <span class='ocr_line' id='line_1_22' title="bbox 1958 819 3558 894; baseline 0.001 -19"><span class='ocrx_word' id='word_1_152' title='bbox 1958 820 2011 875; x_wconf 88' lang='lat' dir='ltr'><strong>in</strong></span> <span class='ocrx_word' id='word_1_153' title='bbox 2042 821 2274 876; x_wconf 91' lang='lat' dir='ltr'><strong>sabbato</strong></span> <span class='ocrx_word' id='word_1_154' title='bbox 2308 819 2491 892; x_wconf 85' lang='lat' dir='ltr'><strong>(Joan.</strong></span> <span class='ocrx_word' id='word_1_155' title='bbox 2522 838 2589 884; x_wconf 88' lang='lat' dir='ltr'><strong>v,</strong></span> <span class='ocrx_word' id='word_1_156' title='bbox 2625 822 2756 894; x_wconf 86' lang='grc'><strong>10),</strong></span> <span class='ocrx_word' id='word_1_157' title='bbox 2791 838 2913 877; x_wconf 87' lang='lat' dir='ltr'><strong>cum</strong></span> <span class='ocrx_word' id='word_1_158' title='bbox 2964 822 3077 877; x_wconf 74' lang='lat' dir='ltr'><strong>Lex</strong></span> <span class='ocrx_word' id='word_1_159' title='bbox 3124 823 3302 878; x_wconf 83' lang='lat' dir='ltr'><strong>otium</strong></span> <span class='ocrx_word' id='word_1_160' title='bbox 3346 820 3558 877; x_wconf 87' lang='lat' dir='ltr'><strong>sabbati</strong></span> 
     </span>
    </p>
   </div>
   <div class='ocr_carea' id='block_1_23' title="bbox 1958 913 3560 987">
    <p class='ocr_par' dir='ltr' id='par_1_23' title="bbox 1958 913 3560 987">
     <span class='ocr_line' id='line_1_23' title="bbox 1958 913 3560 987; baseline 0 -18"><span class='ocrx_word' id='word_1_161' title='bbox 1958 914 2302 983; x_wconf 80' lang='lat' dir='ltr'><strong>imperaSSet.</strong></span> <span class='ocrx_word' id='word_1_162' title='bbox 2334 913 2517 985; x_wconf 91' lang='lat' dir='ltr'><strong>Itaque</strong></span> <span class='ocrx_word' id='word_1_163' title='bbox 2539 915 2811 977; x_wconf 85' lang='lat' dir='ltr'><strong>Christus.</strong></span> <span class='ocrx_word' id='word_1_164' title='bbox 2842 914 2934 987; x_wconf 90' lang='lat' dir='ltr'><strong>qui</strong></span> <span class='ocrx_word' id='word_1_165' title='bbox 2964 915 3153 987; x_wconf 78' lang='lat' dir='ltr'><strong>Legem</strong></span> <span class='ocrx_word' id='word_1_166' title='bbox 3186 924 3425 970; x_wconf 85' lang='lat' dir='ltr'><strong>veterem</strong></span> <span class='ocrx_word' id='word_1_167' title='bbox 3454 929 3560 969; x_wconf 83' lang='lat' dir='ltr'><strong>non</strong></span> 
     </span>
    </p>
   </div>
   <div class='ocr_carea' id='block_1_24' title="bbox 1957 1008 3557 1081">
    <p class='ocr_par' dir='ltr' id='par_1_24' title="bbox 1957 1008 3557 1081">
     <span class='ocr_line' id='line_1_24' title="bbox 1957 1008 3557 1081; baseline 0 -19"><span class='ocrx_word' id='word_1_168' title='bbox 1957 1010 2154 1062; x_wconf 84' lang='lat' dir='ltr'><strong>solvere</strong></span> <span class='ocrx_word' id='word_1_169' title='bbox 2198 1017 2448 1073; x_wconf 90' lang='lat' dir='ltr'><strong>venerat,</strong></span> <span class='ocrx_word' id='word_1_170' title='bbox 2491 1010 2581 1063; x_wconf 86' lang='lat' dir='ltr'><strong>sed</strong></span> <span class='ocrx_word' id='word_1_171' title='bbox 2625 1009 2839 1081; x_wconf 83' lang='lat' dir='ltr'><strong>implere</strong></span> <span class='ocrx_word' id='word_1_172' title='bbox 2886 1008 3105 1081; x_wconf 81' lang='lat' dir='ltr'><strong>(Matth.</strong></span> <span class='ocrx_word' id='word_1_173' title='bbox 3147 1008 3226 1081; x_wconf 91' lang='lat' dir='ltr'><strong>v),</strong></span> <span class='ocrx_word' id='word_1_174' title='bbox 3280 1016 3557 1077; x_wconf 78' lang='lat' dir='ltr'><strong>tamquam</strong></span> 
     </span>
    </p>
   </div>
   <div class='ocr_carea' id='block_1_25' title="bbox 1959 1102 3565 1174">
    <p class='ocr_par' dir='ltr' id='par_1_25' title="bbox 1959 1102 3565 1174">
     <span class='ocr_line' id='line_1_25' title="bbox 1959 1102 3565 1174; baseline 0.001 -18"><span class='ocrx_word' id='word_1_175' title='bbox 1959 1103 2145 1156; x_wconf 84' lang='lat' dir='ltr'><strong>violati</strong></span> <span class='ocrx_word' id='word_1_176' title='bbox 2178 1103 2393 1159; x_wconf 80' lang='lat' dir='ltr'><strong>sabbati</strong></span> <span class='ocrx_word' id='word_1_177' title='bbox 2446 1118 2605 1169; x_wconf 91' lang='lat' dir='ltr'><strong>rens,</strong></span> <span class='ocrx_word' id='word_1_178' title='bbox 2660 1104 3085 1159; x_wconf 87' lang='lat' dir='ltr'><strong>insectationem</strong></span> <span class='ocrx_word' id='word_1_179' title='bbox 3133 1107 3441 1174; x_wconf 82' lang='lat' dir='ltr'><strong>perpetitur</strong></span> <span class='ocrx_word' id='word_1_180' title='bbox 3470 1102 3565 1159; x_wconf 85' lang='lat' dir='ltr'><strong>Ju-</strong></span> 
     </span>
    </p>
   </div>
   <div class='ocr_carea' id='block_1_26' title="bbox 1955 1197 3557 1270">
    <p class='ocr_par' dir='ltr' id='par_1_26' title="bbox 1955 1197 3557 1270">
     <span class='ocr_line' id='line_1_26' title="bbox 1955 1197 3557 1270; baseline 0.001 -17"><span class='ocrx_word' id='word_1_181' title='bbox 1955 1197 2219 1253; x_wconf 79' lang='lat' dir='ltr'><strong>daeoruni.</strong></span> <span class='ocrx_word' id='word_1_182' title='bbox 2252 1199 2431 1270; x_wconf 85' lang='lat' dir='ltr'><strong>Cogor</strong></span> <span class='ocrx_word' id='word_1_183' title='bbox 2456 1199 2559 1255; x_wconf 87' lang='lat' dir='ltr'><strong>hoc</strong></span> <span class='ocrx_word' id='word_1_184' title='bbox 2591 1201 2732 1267; x_wconf 93' lang='lat' dir='ltr'><strong>loco,</strong></span> <span class='ocrx_word' id='word_1_185' title='bbox 2769 1200 2964 1255; x_wconf 82' lang='lat' dir='ltr'><strong>fratres</strong></span> <span class='ocrx_word' id='word_1_186' title='bbox 2988 1200 3325 1268; x_wconf 86' lang='lat' dir='ltr'><strong>charissimi,</strong></span> <span class='ocrx_word' id='word_1_187' title='bbox 3352 1200 3557 1255; x_wconf 83' lang='lat' dir='ltr'><strong>omissa</strong></span> 
     </span>
    </p>
   </div>
   <div class='ocr_carea' id='block_1_27' title="bbox 1959 1290 3560 1361">
    <p class='ocr_par' dir='ltr' id='par_1_27' title="bbox 1959 1290 3560 1361">
     <span class='ocr_line' id='line_1_27' title="bbox 1959 1290 3560 1361; baseline 0 -16"><span class='ocrx_word' id='word_1_188' title='bbox 1959 1291 2216 1361; x_wconf 66' lang='lat' dir='ltr'><strong>praesenti</strong></span> <span class='ocrx_word' id='word_1_189' title='bbox 2248 1290 2499 1346; x_wconf 81' lang='lat' dir='ltr'><strong>lectionis</strong></span> <span class='ocrx_word' id='word_1_190' title='bbox 2520 1292 2685 1357; x_wconf 87' lang='lat' dir='ltr'><strong>serie,</strong></span> <span class='ocrx_word' id='word_1_191' title='bbox 2714 1294 2983 1347; x_wconf 90' lang='lat' dir='ltr'><strong>rationem</strong></span> <span class='ocrx_word' id='word_1_192' title='bbox 3005 1292 3217 1347; x_wconf 85' lang='lat' dir='ltr'><strong>sabbati</strong></span> <span class='ocrx_word' id='word_1_193' title='bbox 3242 1292 3560 1359; x_wconf 78' lang='lat' dir='ltr'><strong>explanare,</strong></span> 
     </span>
    </p>
   </div>
   <div class='ocr_carea' id='block_1_28' title="bbox 1958 1380 3560 1457">
    <p class='ocr_par' dir='ltr' id='par_1_28' title="bbox 1958 1380 3560 1457">
     <span class='ocr_line' id='line_1_28' title="bbox 1958 1380 3560 1457; baseline 0.001 -17"><span class='ocrx_word' id='word_1_194' title='bbox 1958 1401 2029 1441; x_wconf 87' lang='lat' dir='ltr'><strong>ne</strong></span> <span class='ocrx_word' id='word_1_195' title='bbox 2066 1380 2509 1455; x_wconf 69' lang='grc'><strong>10811101011111111-</strong></span> <span class='ocrx_word' id='word_1_196' title='bbox 2558 1386 2729 1441; x_wconf 84' lang='lat' dir='ltr'><strong>fuisse</strong></span> <span class='ocrx_word' id='word_1_197' title='bbox 2775 1396 2966 1441; x_wconf 90' lang='lat' dir='ltr'><strong>contra</strong></span> <span class='ocrx_word' id='word_1_198' title='bbox 3008 1388 3215 1457; x_wconf 80' lang='lat' dir='ltr'><strong>justum</strong></span> <span class='ocrx_word' id='word_1_199' title='bbox 3251 1387 3560 1457; x_wconf 90' lang='lat' dir='ltr'><strong>persecutio</strong></span> 
     </span>
    </p>
   </div>
   <div class='ocr_carea' id='block_1_29' title="bbox 1957 1482 3564 1555">
    <p class='ocr_par' dir='ltr' id='par_1_29' title="bbox 1957 1482 3564 1555">
     <span class='ocr_line' id='line_1_29' title="bbox 1957 1482 3564 1555; baseline 0 -17"><span class='ocrx_word' id='word_1_200' title='bbox 1957 1483 2292 1553; x_wconf 90' lang='lat' dir='ltr'><strong>iniquorum.</strong></span> <span class='ocrx_word' id='word_1_201' title='bbox 2342 1482 2476 1538; x_wconf 90' lang='lat' dir='ltr'><strong>Nam</strong></span> <span class='ocrx_word' id='word_1_202' title='bbox 2507 1484 2846 1555; x_wconf 84' lang='lat' dir='ltr'><strong>paralyticos</strong></span> <span class='ocrx_word' id='word_1_203' title='bbox 2895 1485 2987 1540; x_wconf 89' lang='lat' dir='ltr'><strong>ille</strong></span> <span class='ocrx_word' id='word_1_204' title='bbox 3034 1485 3127 1555; x_wconf 91' lang='lat' dir='ltr'><strong>qui</strong></span> <span class='ocrx_word' id='word_1_205' title='bbox 3159 1484 3250 1540; x_wconf 91' lang='lat' dir='ltr'><strong>die</strong></span> <span class='ocrx_word' id='word_1_206' title='bbox 3280 1484 3489 1540; x_wconf 87' lang='lat' dir='ltr'><strong>sabbati</strong></span> <span class='ocrx_word' id='word_1_207' title='bbox 3532 1497 3564 1538; x_wconf 84' lang='grc'><strong>11</strong></span> 
     </span>
    </p>
   </div>
   <div class='ocr_carea' id='block_1_30' title="bbox 1956 1576 3561 1646">
    <p class='ocr_par' dir='ltr' id='par_1_30' title="bbox 1956 1576 3561 1646">
     <span class='ocr_line' id='line_1_30' title="bbox 1956 1576 3561 1646; baseline -0.001 -12"><span class='ocrx_word' id='word_1_208' title='bbox 1956 1576 2180 1634; x_wconf 90' lang='lat' dir='ltr'><strong>Christo</strong></span> <span class='ocrx_word' id='word_1_209' title='bbox 2207 1588 2430 1633; x_wconf 78' lang='lat' dir='ltr'><strong>curatus</strong></span> <span class='ocrx_word' id='word_1_210' title='bbox 2460 1593 2583 1633; x_wconf 88' lang='lat' dir='ltr'><strong>esse</strong></span> <span class='ocrx_word' id='word_1_211' title='bbox 2628 1590 3008 1646; x_wconf 89' lang='lat' dir='ltr'><strong>memoratur,</strong></span> <span class='ocrx_word' id='word_1_212' title='bbox 3058 1579 3181 1636; x_wconf 89' lang='lat' dir='ltr'><strong>ideo</strong></span> <span class='ocrx_word' id='word_1_213' title='bbox 3229 1579 3561 1635; x_wconf 84' lang='lat' dir='ltr'><strong>calumniam</strong></span> 
     </span>
    </p>
   </div>
   <div class='ocr_carea' id='block_1_31' title="bbox 1958 1670 3561 1745">
    <p class='ocr_par' dir='ltr' id='par_1_31' title="bbox 1958 1670 3561 1745">
     <span class='ocr_line' id='line_1_31' title="bbox 1958 1670 3561 1745; baseline 0.002 -20"><span class='ocrx_word' id='word_1_214' title='bbox 1958 1671 2164 1741; x_wconf 86' lang='lat' dir='ltr'><strong>patitur</strong></span> <span class='ocrx_word' id='word_1_215' title='bbox 2193 1688 2223 1725; x_wconf 90' lang='lat' dir='ltr'><strong>a</strong></span> <span class='ocrx_word' id='word_1_216' title='bbox 2252 1670 2479 1736; x_wconf 77' lang='lat' dir='ltr'><strong>Judteis,</strong></span> <span class='ocrx_word' id='word_1_217' title='bbox 2504 1670 2651 1742; x_wconf 88' lang='lat' dir='ltr'><strong>quod</strong></span> <span class='ocrx_word' id='word_1_218' title='bbox 2696 1672 2810 1743; x_wconf 89' lang='lat' dir='ltr'><strong>ipsa</strong></span> <span class='ocrx_word' id='word_1_219' title='bbox 2857 1672 2947 1729; x_wconf 91' lang='lat' dir='ltr'><strong>die</strong></span> <span class='ocrx_word' id='word_1_220' title='bbox 2976 1690 3079 1745; x_wconf 88' lang='lat' dir='ltr'><strong>qua</strong></span> <span class='ocrx_word' id='word_1_221' title='bbox 3110 1686 3335 1729; x_wconf 89' lang='lat' dir='ltr'><strong>sanatus</strong></span> <span class='ocrx_word' id='word_1_222' title='bbox 3359 1673 3561 1740; x_wconf 89' lang='lat' dir='ltr'><strong>fuerat,</strong></span> 
     </span>
    </p>
   </div>
   <div class='ocr_carea' id='block_1_32' title="bbox 1958 1765 3563 1836">
    <p class='ocr_par' dir='ltr' id='par_1_32' title="bbox 1958 1765 3563 1836">
     <span class='ocr_line' id='line_1_32' title="bbox 1958 1765 3563 1836; baseline 0.002 -17"><span class='ocrx_word' id='word_1_223' title='bbox 1958 1765 2154 1820; x_wconf 86' lang='lat' dir='ltr'><strong>lectum</strong></span> <span class='ocrx_word' id='word_1_224' title='bbox 2186 1781 2349 1820; x_wconf 91' lang='lat' dir='ltr'><strong>suum</strong></span> <span class='ocrx_word' id='word_1_225' title='bbox 2378 1777 2597 1836; x_wconf 86' lang='lat' dir='ltr'><strong>portare</strong></span> <span class='ocrx_word' id='word_1_226' title='bbox 2643 1767 2947 1822; x_wconf 78' lang='lat' dir='ltr'><strong>videretur.</strong></span> <span class='ocrx_word' id='word_1_227' title='bbox 3004 1767 3290 1821; x_wconf 87' lang='lat' dir='ltr'><strong>Sabbatum</strong></span> <span class='ocrx_word' id='word_1_228' title='bbox 3329 1778 3442 1833; x_wconf 85' lang='lat' dir='ltr'><strong>est,</strong></span> <span class='ocrx_word' id='word_1_229' title='bbox 3479 1767 3563 1822; x_wconf 85' lang='lat' dir='ltr'><strong>in-</strong></span> 
     </span>
    </p>
   </div>
   <div class='ocr_carea' id='block_1_33' title="bbox 248 1850 3561 1931">
    <p class='ocr_par' dir='ltr' id='par_1_33' title="bbox 248 1850 3561 1931">
     <span class='ocr_line' id='line_1_33' title="bbox 248 1850 3561 1931; baseline -0 -26"><span class='ocrx_word' id='word_1_230' title='bbox 248 1857 379 1905; x_wconf 88' lang='lat' dir='ltr'><strong>tor:</strong></span> <span class='ocrx_word' id='word_1_231' title='bbox 417 1850 476 1905; x_wconf 92' lang='lat' dir='ltr'><strong>lu</strong></span> <span class='ocrx_word' id='word_1_232' title='bbox 507 1853 695 1920; x_wconf 77' lang='lat' dir='ltr'><strong>primis</strong></span> <span class='ocrx_word' id='word_1_233' title='bbox 719 1854 959 1921; x_wconf 88' lang='lat' dir='ltr'><strong>partibus</strong></span> <span class='ocrx_word' id='word_1_234' title='bbox 980 1852 1262 1921; x_wconf 77' lang='lat' dir='ltr'><strong>Evangelii</strong></span> <span class='ocrx_word' id='word_1_235' title='bbox 1292 1852 1529 1921; x_wconf 88' lang='lat' dir='ltr'><strong>loquitur</strong></span> <span class='ocrx_word' id='word_1_236' title='bbox 1559 1852 1847 1920; x_wconf 83' lang='lat' dir='ltr'><strong>Dominus,</strong></span> <span class='ocrx_word' id='word_1_237' title='bbox 1887 1863 1928 1923; x_wconf 78' lang='grc' dir='ltr'>Β</span> <span class='ocrx_word' id='word_1_238' title='bbox 1958 1860 2154 1929; x_wconf 90' lang='lat' dir='ltr'><strong>quiunt</strong></span> <span class='ocrx_word' id='word_1_239' title='bbox 2178 1899 2195 1926; x_wconf 97' lang='lat'><strong>,</strong></span> <span class='ocrx_word' id='word_1_240' title='bbox 2252 1868 2300 1913; x_wconf 88' lang='lat' dir='ltr'><strong>et</strong></span> <span class='ocrx_word' id='word_1_241' title='bbox 2363 1874 2465 1913; x_wconf 88' lang='lat' dir='ltr'><strong>non</strong></span> <span class='ocrx_word' id='word_1_242' title='bbox 2530 1858 2650 1912; x_wconf 85' lang='lat' dir='ltr'><strong>licet</strong></span> <span class='ocrx_word' id='word_1_243' title='bbox 2695 1859 2787 1912; x_wconf 84' lang='lat' dir='ltr'><strong>tibi</strong></span> <span class='ocrx_word' id='word_1_244' title='bbox 2836 1870 3044 1931; x_wconf 85' lang='lat' dir='ltr'><strong>portare</strong></span> <span class='ocrx_word' id='word_1_245' title='bbox 3089 1859 3363 1930; x_wconf 70' lang='lat' dir='ltr'><strong>grabatum</strong></span> <span class='ocrx_word' id='word_1_246' title='bbox 3414 1871 3561 1914; x_wconf 76' lang='lat' dir='ltr'><strong>mum</strong></span> 
     </span>
    </p>
   </div>
   <div class='ocr_carea' id='block_1_34' title="bbox 252 1943 1846 2017">
    <p class='ocr_par' dir='ltr' id='par_1_34' title="bbox 252 1943 1846 2017">
     <span class='ocr_line' id='line_1_34' title="bbox 252 1943 1846 2017; baseline 0.001 -18"><span class='ocrx_word' id='word_1_247' title='bbox 252 1943 430 1999; x_wconf 87' lang='lat' dir='ltr'><strong>Unum</strong></span> <span class='ocrx_word' id='word_1_248' title='bbox 462 1962 594 2016; x_wconf 86' lang='lat' dir='ltr'><strong>apus</strong></span> <span class='ocrx_word' id='word_1_249' title='bbox 626 1948 747 2017; x_wconf 81' lang='lat' dir='ltr'><strong>feci,</strong></span> <span class='ocrx_word' id='word_1_250' title='bbox 778 1958 824 2000; x_wconf 92' lang='lat' dir='ltr'><strong>et</strong></span> <span class='ocrx_word' id='word_1_251' title='bbox 856 1965 1029 2002; x_wconf 88' lang='lat' dir='ltr'><strong>omnes</strong></span> <span class='ocrx_word' id='word_1_252' title='bbox 1073 1947 1339 2001; x_wconf 85' lang='lat' dir='ltr'><strong>miramini</strong></span> <span class='ocrx_word' id='word_1_253' title='bbox 1385 1945 1564 2017; x_wconf 84' lang='lat' dir='ltr'><strong>(Joan.</strong></span> <span class='ocrx_word' id='word_1_254' title='bbox 1610 1948 1709 2016; x_wconf 87' lang='lat' dir='ltr'><strong>vn)</strong></span> <span class='ocrx_word' id='word_1_255' title='bbox 1748 1965 1759 1999; x_wconf 91' lang='lat'><strong>:</strong></span> <span class='ocrx_word' id='word_1_256' title='bbox 1797 1946 1846 2000; x_wconf 89' lang='lat' dir='ltr'><strong>in</strong></span> 
     </span>
    </p>
   </div>
   <div class='ocr_carea' id='block_1_35' title="bbox 248 2039 1844 2106">
    <p class='ocr_par' dir='ltr' id='par_1_35' title="bbox 248 2039 1844 2106">
     <span class='ocr_line' id='line_1_35' title="bbox 248 2039 1844 2106; baseline 0 -13"><span class='ocrx_word' id='word_1_257' title='bbox 248 2039 717 2106; x_wconf 74' lang='lat' dir='ltr'><strong>subsequentibus</strong></span> <span class='ocrx_word' id='word_1_258' title='bbox 766 2040 857 2094; x_wconf 92' lang='lat' dir='ltr'><strong>ille</strong></span> <span class='ocrx_word' id='word_1_259' title='bbox 901 2043 1162 2094; x_wconf 91' lang='lat' dir='ltr'><strong>virtutum</strong></span> <span class='ocrx_word' id='word_1_260' title='bbox 1205 2041 1454 2095; x_wconf 90' lang='lat' dir='ltr'><strong>cumulus</strong></span> <span class='ocrx_word' id='word_1_261' title='bbox 1501 2039 1844 2102; x_wconf 69' lang='lat' dir='ltr'><strong>celebratur,</strong></span> 
     </span>
    </p>
   </div>
   <div class='ocr_carea' id='block_1_36' title="bbox 249 2128 1848 2203">
    <p class='ocr_par' dir='ltr' id='par_1_36' title="bbox 249 2128 1848 2203">
     <span class='ocr_line' id='line_1_36' title="bbox 249 2128 1848 2203; baseline 0.001 -18"><span class='ocrx_word' id='word_1_262' title='bbox 249 2139 304 2185; x_wconf 91' lang='lat' dir='ltr'><strong>et</strong></span> <span class='ocrx_word' id='word_1_263' title='bbox 333 2130 541 2186; x_wconf 85' lang='lat' dir='ltr'><strong>idcirco</strong></span> <span class='ocrx_word' id='word_1_264' title='bbox 566 2128 594 2167; x_wconf 73' lang='grc' dir='ltr'>ἀ</span> <span class='ocrx_word' id='word_1_265' title='bbox 627 2132 759 2186; x_wconf 90' lang='lat' dir='ltr'><strong>nihil</strong></span> <span class='ocrx_word' id='word_1_266' title='bbox 789 2134 1109 2203; x_wconf 76' lang='lat' dir='ltr'><strong>quaesumus</strong></span> <span class='ocrx_word' id='word_1_267' title='bbox 1140 2148 1303 2203; x_wconf 86' lang='lat' dir='ltr'><strong>super</strong></span> <span class='ocrx_word' id='word_1_268' title='bbox 1337 2134 1438 2186; x_wconf 90' lang='lat' dir='ltr'><strong>boc</strong></span> <span class='ocrx_word' id='word_1_269' title='bbox 1481 2132 1696 2187; x_wconf 79' lang='lat' dir='ltr'><strong>videtur</strong></span> <span class='ocrx_word' id='word_1_270' title='bbox 1726 2146 1848 2187; x_wconf 90' lang='lat' dir='ltr'><strong>esse</strong></span> 
     </span>
    </p>
   </div>
   <div class='ocr_carea' id='block_1_37' title="bbox 249 2223 1847 2296">
    <p class='ocr_par' dir='ltr' id='par_1_37' title="bbox 249 2223 1847 2296">
     <span class='ocr_line' id='line_1_37' title="bbox 249 2223 1847 2296; baseline -0.001 -18"><span class='ocrx_word' id='word_1_271' title='bbox 249 2224 526 2279; x_wconf 76' lang='lat' dir='ltr'><strong>relictum.</strong></span> <span class='ocrx_word' id='word_1_272' title='bbox 562 2223 764 2279; x_wconf 84' lang='lat' dir='ltr'><strong>Verum</strong></span> <span class='ocrx_word' id='word_1_273' title='bbox 790 2241 892 2296; x_wconf 89' lang='lat' dir='ltr'><strong>ego</strong></span> <span class='ocrx_word' id='word_1_274' title='bbox 913 2226 982 2279; x_wconf 91' lang='lat' dir='ltr'><strong>ab</strong></span> <span class='ocrx_word' id='word_1_275' title='bbox 1006 2227 1110 2280; x_wconf 79' lang='lat' dir='ltr'><strong>i810</strong></span> <span class='ocrx_word' id='word_1_276' title='bbox 1137 2240 1395 2281; x_wconf 88' lang='lat' dir='ltr'><strong>sermone</strong></span> <span class='ocrx_word' id='word_1_277' title='bbox 1418 2226 1700 2295; x_wconf 86' lang='lat' dir='ltr'><strong>superiora</strong></span> <span class='ocrx_word' id='word_1_278' title='bbox 1726 2224 1847 2279; x_wconf 88' lang='lat' dir='ltr'><strong>libri</strong></span> 
     </span>
    </p>
   </div>
   <div class='ocr_carea' id='block_1_38' title="bbox 248 2318 1848 2391">
    <p class='ocr_par' dir='ltr' id='par_1_38' title="bbox 248 2318 1848 2391">
     <span class='ocr_line' id='line_1_38' title="bbox 248 2318 1848 2391; baseline -0.001 -17"><span class='ocrx_word' id='word_1_279' title='bbox 248 2318 415 2390; x_wconf 88' lang='lat' dir='ltr'><strong>bujus</strong></span> <span class='ocrx_word' id='word_1_280' title='bbox 445 2320 611 2391; x_wconf 73' lang='lat'><strong>302</strong></span> <span class='ocrx_word' id='word_1_281' title='bbox 638 2322 781 2375; x_wconf 86' lang='lat' dir='ltr'><strong>dicta</strong></span> <span class='ocrx_word' id='word_1_282' title='bbox 812 2336 1131 2385; x_wconf 74' lang='lat' dir='ltr'><strong>recensens,</strong></span> <span class='ocrx_word' id='word_1_283' title='bbox 1165 2321 1387 2374; x_wconf 88' lang='lat' dir='ltr'><strong>invenio</strong></span> <span class='ocrx_word' id='word_1_284' title='bbox 1416 2319 1645 2389; x_wconf 90' lang='lat' dir='ltr'><strong>plurima</strong></span> <span class='ocrx_word' id='word_1_285' title='bbox 1679 2332 1848 2387; x_wconf 91' lang='lat' dir='ltr'><strong>usque</strong></span> 
     </span>
    </p>
   </div>
   <div class='ocr_carea' id='block_1_39' title="bbox 248 2411 1845 2483">
    <p class='ocr_par' dir='ltr' id='par_1_39' title="bbox 248 2411 1845 2483">
     <span class='ocr_line' id='line_1_39' title="bbox 248 2411 1845 2483; baseline -0.002 -15"><span class='ocrx_word' id='word_1_286' title='bbox 248 2412 301 2468; x_wconf 85' lang='lat' dir='ltr'><strong>in</strong></span> <span class='ocrx_word' id='word_1_287' title='bbox 337 2418 483 2467; x_wconf 89' lang='lat' dir='ltr'><strong>hunc</strong></span> <span class='ocrx_word' id='word_1_288' title='bbox 515 2416 693 2467; x_wconf 85' lang='lat' dir='ltr'><strong>locum</strong></span> <span class='ocrx_word' id='word_1_289' title='bbox 727 2411 1006 2483; x_wconf 80' lang='lat' dir='ltr'><strong>Evangelii</strong></span> <span class='ocrx_word' id='word_1_290' title='bbox 1042 2423 1064 2450; x_wconf 76' lang='grc' dir='ltr'><strong>θ</strong></span> <span class='ocrx_word' id='word_1_291' title='bbox 1096 2412 1371 2468; x_wconf 89' lang='lat' dir='ltr'><strong>Christum</strong></span> <span class='ocrx_word' id='word_1_292' title='bbox 1405 2413 1574 2467; x_wconf 85' lang='lat' dir='ltr'><strong>Deum</strong></span> <span class='ocrx_word' id='word_1_293' title='bbox 1603 2420 1845 2467; x_wconf 84' lang='lat' dir='ltr'><strong>nostrum</strong></span> 
     </span>
    </p>
   </div>
   <div class='ocr_carea' id='block_1_40' title="bbox 248 2504 1845 2575">
    <p class='ocr_par' dir='ltr' id='par_1_40' title="bbox 248 2504 1845 2575">
     <span class='ocr_line' id='line_1_40' title="bbox 248 2504 1845 2575; baseline -0.003 -13"><span class='ocrx_word' id='word_1_294' title='bbox 248 2505 500 2562; x_wconf 86' lang='lat' dir='ltr'><strong>miranda</strong></span> <span class='ocrx_word' id='word_1_295' title='bbox 526 2521 693 2575; x_wconf 87' lang='lat' dir='ltr'><strong>opera</strong></span> <span class='ocrx_word' id='word_1_296' title='bbox 713 2507 1035 2561; x_wconf 83' lang='lat' dir='ltr'><strong>coniecisse.</strong></span> <span class='ocrx_word' id='word_1_297' title='bbox 1066 2505 1183 2560; x_wconf 82' lang='lat' dir='ltr'><strong>.lam</strong></span> <span class='ocrx_word' id='word_1_298' title='bbox 1208 2504 1592 2560; x_wconf 79' lang='lat' dir='ltr'><strong>Natbanaelem</strong></span> <span class='ocrx_word' id='word_1_299' title='bbox 1610 2505 1845 2570; x_wconf 87' lang='lat' dir='ltr'><strong>viderat,</strong></span> 
     </span>
    </p>
   </div>
   <div class='ocr_carea' id='block_1_41' title="bbox 249 2598 1847 2669">
    <p class='ocr_par' dir='ltr' id='par_1_41' title="bbox 249 2598 1847 2669">
     <span class='ocr_line' id='line_1_41' title="bbox 249 2598 1847 2669; baseline -0.001 -16"><span class='ocrx_word' id='word_1_300' title='bbox 249 2600 573 2669; x_wconf 85' lang='lat' dir='ltr'><strong>priusquam</strong></span> <span class='ocrx_word' id='word_1_301' title='bbox 597 2599 699 2655; x_wconf 91' lang='lat' dir='ltr'><strong>sub</strong></span> <span class='ocrx_word' id='word_1_302' title='bbox 728 2600 956 2653; x_wconf 81' lang='lat' dir='ltr'><strong>ficulnea</strong></span> <span class='ocrx_word' id='word_1_303' title='bbox 986 2600 1317 2653; x_wconf 85' lang='lat' dir='ltr'><strong>constitutus</strong></span> <span class='ocrx_word' id='word_1_304' title='bbox 1340 2615 1369 2653; x_wconf 91' lang='lat' dir='ltr'><strong>a</strong></span> <span class='ocrx_word' id='word_1_305' title='bbox 1402 2598 1655 2669; x_wconf 88' lang='lat' dir='ltr'><strong>Philippo</strong></span> <span class='ocrx_word' id='word_1_306' title='bbox 1688 2612 1847 2652; x_wconf 85' lang='lat' dir='ltr'><strong>voca-</strong></span> 
     </span>
    </p>
   </div>
   <div class='ocr_carea' id='block_1_42' title="bbox 247 2691 1846 2764">
    <p class='ocr_par' dir='ltr' id='par_1_42' title="bbox 247 2691 1846 2764">
     <span class='ocr_line' id='line_1_42' title="bbox 247 2691 1846 2764; baseline -0.002 -16"><span class='ocrx_word' id='word_1_307' title='bbox 247 2706 401 2748; x_wconf 84' lang='lat' dir='ltr'><strong>retur</strong></span> <span class='ocrx_word' id='word_1_308' title='bbox 418 2710 431 2746; x_wconf 90' lang='lat'>:</span> <span class='ocrx_word' id='word_1_309' title='bbox 448 2694 559 2762; x_wconf 89' lang='lat' dir='ltr'><strong>jam</strong></span> <span class='ocrx_word' id='word_1_310' title='bbox 578 2696 845 2764; x_wconf 84' lang='lat' dir='ltr'><strong>liquorem</strong></span> <span class='ocrx_word' id='word_1_311' title='bbox 862 2691 1329 2763; x_wconf 89' lang='lat' dir='ltr'><strong>simplicissimum</strong></span> <span class='ocrx_word' id='word_1_312' title='bbox 1349 2692 1680 2761; x_wconf 89' lang='lat' dir='ltr'><strong>perlucentis</strong></span> <span class='ocrx_word' id='word_1_313' title='bbox 1694 2706 1846 2760; x_wconf 67' lang='lat' dir='ltr'><strong>aquae</strong></span> 
     </span>
    </p>
   </div>
   <div class='ocr_carea' id='block_1_43' title="bbox 249 2785 1844 2857">
    <p class='ocr_par' dir='ltr' id='par_1_43' title="bbox 249 2785 1844 2857">
     <span class='ocr_line' id='line_1_43' title="bbox 249 2785 1844 2857; baseline 0 -18"><span class='ocrx_word' id='word_1_314' title='bbox 249 2785 302 2840; x_wconf 94' lang='lat' dir='ltr'><strong>in</strong></span> <span class='ocrx_word' id='word_1_315' title='bbox 333 2786 581 2840; x_wconf 86' lang='lat' dir='ltr'><strong>colorem</strong></span> <span class='ocrx_word' id='word_1_316' title='bbox 614 2801 981 2857; x_wconf 74' lang='lat' dir='ltr'><strong>sapurclttque</strong></span> <span class='ocrx_word' id='word_1_317' title='bbox 1005 2788 1142 2851; x_wconf 89' lang='lat' dir='ltr'><strong>vini,</strong></span> <span class='ocrx_word' id='word_1_318' title='bbox 1173 2801 1269 2841; x_wconf 87' lang='lat' dir='ltr'><strong>sua</strong></span> <span class='ocrx_word' id='word_1_319' title='bbox 1301 2795 1568 2856; x_wconf 77' lang='lat' dir='ltr'><strong>potestate</strong></span> <span class='ocrx_word' id='word_1_320' title='bbox 1610 2800 1844 2840; x_wconf 90' lang='lat' dir='ltr'><strong>conver-</strong></span> 
     </span>
    </p>
   </div>
   <div class='ocr_carea' id='block_1_44' title="bbox 243 2878 1847 2949">
    <p class='ocr_par' dir='ltr' id='par_1_44' title="bbox 243 2878 1847 2949">
     <span class='ocr_line' id='line_1_44' title="bbox 243 2878 1847 2949; baseline -0.001 -15"><span class='ocrx_word' id='word_1_321' title='bbox 243 2886 430 2934; x_wconf 90' lang='lat' dir='ltr'><strong>terat:</strong></span> <span class='ocrx_word' id='word_1_322' title='bbox 460 2878 573 2949; x_wconf 90' lang='lat' dir='ltr'><strong>jam</strong></span> <span class='ocrx_word' id='word_1_323' title='bbox 609 2881 779 2949; x_wconf 89' lang='lat' dir='ltr'><strong>reguli</strong></span> <span class='ocrx_word' id='word_1_324' title='bbox 813 2881 979 2933; x_wconf 88' lang='lat' dir='ltr'><strong>litium</strong></span> <span class='ocrx_word' id='word_1_325' title='bbox 1023 2882 1354 2935; x_wconf 89' lang='lat' dir='ltr'><strong>morientem</strong></span> <span class='ocrx_word' id='word_1_326' title='bbox 1394 2879 1635 2935; x_wconf 65' lang='lat' dir='ltr'><strong>caelestis</strong></span> <span class='ocrx_word' id='word_1_327' title='bbox 1678 2878 1847 2934; x_wconf 89' lang='lat' dir='ltr'><strong>medi-</strong></span> 
     </span>
    </p>
   </div>
   <div class='ocr_carea' id='block_1_45' title="bbox 244 2973 1843 3045">
    <p class='ocr_par' dir='ltr' id='par_1_45' title="bbox 244 2973 1843 3045">
     <span class='ocr_line' id='line_1_45' title="bbox 244 2973 1843 3045; baseline -0.001 -18"><span class='ocrx_word' id='word_1_328' title='bbox 244 2986 360 3035; x_wconf 89' lang='lat' dir='ltr'><strong>cus,</strong></span> <span class='ocrx_word' id='word_1_329' title='bbox 395 2973 715 3041; x_wconf 58' lang='lat' dir='ltr'><strong>priusquam</strong></span> <span class='ocrx_word' id='word_1_330' title='bbox 750 2974 1018 3039; x_wconf 87' lang='lat' dir='ltr'><strong>visitaret,</strong></span> <span class='ocrx_word' id='word_1_331' title='bbox 1052 2974 1179 3029; x_wconf 90' lang='lat' dir='ltr'><strong>dum</strong></span> <span class='ocrx_word' id='word_1_332' title='bbox 1215 2984 1520 3045; x_wconf 86' lang='lat' dir='ltr'><strong>rogaretur,</strong></span> <span class='ocrx_word' id='word_1_333' title='bbox 1556 2973 1720 3028; x_wconf 80' lang='lat' dir='ltr'><strong>verbo</strong></span> <span class='ocrx_word' id='word_1_334' title='bbox 1755 2990 1843 3029; x_wconf 84' lang='lat' dir='ltr'><strong>sa-</strong></span> 
     </span>
    </p>
   </div>
   <div class='ocr_carea' id='block_1_46' title="bbox 245 3067 1847 3125">
    <p class='ocr_par' dir='ltr' id='par_1_46' title="bbox 245 3067 1847 3125">
     <span class='ocr_line' id='line_1_46' title="bbox 245 3067 1847 3125; baseline 0.001 -4"><span class='ocrx_word' id='word_1_335' title='bbox 245 3076 493 3123; x_wconf 86' lang='lat' dir='ltr'><strong>naverat.</strong></span> <span class='ocrx_word' id='word_1_336' title='bbox 521 3067 638 3122; x_wconf 86' lang='lat' dir='ltr'><strong>Jam</strong></span> <span class='ocrx_word' id='word_1_337' title='bbox 672 3070 1029 3124; x_wconf 74' lang='lat' dir='ltr'><strong>Samaritana:</strong></span> <span class='ocrx_word' id='word_1_338' title='bbox 1080 3070 1226 3125; x_wconf 92' lang='lat' dir='ltr'><strong>illius</strong></span> <span class='ocrx_word' id='word_1_339' title='bbox 1288 3072 1535 3125; x_wconf 87' lang='lat' dir='ltr'><strong>mulieris</strong></span> <span class='ocrx_word' id='word_1_340' title='bbox 1576 3072 1703 3125; x_wconf 87' lang='lat' dir='ltr'><strong>vitia</strong></span> <span class='ocrx_word' id='word_1_341' title='bbox 1755 3086 1847 3124; x_wconf 80' lang='lat' dir='ltr'><strong>oc-</strong></span> 
     </span>
    </p>
   </div>
   <div class='ocr_carea' id='block_1_47' title="bbox 245 3163 1843 3234">
    <p class='ocr_par' dir='ltr' id='par_1_47' title="bbox 245 3163 1843 3234">
     <span class='ocr_line' id='line_1_47' title="bbox 245 3163 1843 3234; baseline 0.001 -17"><span class='ocrx_word' id='word_1_342' title='bbox 245 3166 389 3217; x_wconf 86' lang='lat' dir='ltr'><strong>culta</strong></span> <span class='ocrx_word' id='word_1_343' title='bbox 450 3163 819 3233; x_wconf 83' lang='lat' dir='ltr'><strong>prodiderat,</strong></span> <span class='ocrx_word' id='word_1_344' title='bbox 881 3176 934 3219; x_wconf 91' lang='lat' dir='ltr'><strong>et</strong></span> <span class='ocrx_word' id='word_1_345' title='bbox 984 3165 1296 3220; x_wconf 75' lang='lat' dir='ltr'><strong>confessam</strong></span> <span class='ocrx_word' id='word_1_346' title='bbox 1366 3166 1634 3234; x_wconf 88' lang='lat' dir='ltr'><strong>spirimab</strong></span> <span class='ocrx_word' id='word_1_347' title='bbox 1697 3166 1843 3219; x_wconf 88' lang='lat' dir='ltr'><strong>fonte</strong></span> 
     </span>
    </p>
   </div>
   <div class='ocr_carea' id='block_1_48' title="bbox 1958 1953 3559 2025">
    <p class='ocr_par' dir='ltr' id='par_1_48' title="bbox 1958 1953 3559 2025">
     <span class='ocr_line' id='line_1_48' title="bbox 1958 1953 3559 2025; baseline -0.002 -18"><span class='ocrx_word' id='word_1_348' title='bbox 1958 1953 2138 2025; x_wconf 86' lang='lat' dir='ltr'><strong>(Joau.</strong></span> <span class='ocrx_word' id='word_1_349' title='bbox 2165 1970 2216 2019; x_wconf 82' lang='grc' dir='ltr'><strong>ν,</strong></span> <span class='ocrx_word' id='word_1_350' title='bbox 2246 1953 2667 2025; x_wconf 75' lang='lat' dir='ltr'><strong>15).Re5pondit</strong></span> <span class='ocrx_word' id='word_1_351' title='bbox 2687 1961 2940 2007; x_wconf 82' lang='lat' dir='ltr'><strong>curatus:</strong></span> <span class='ocrx_word' id='word_1_352' title='bbox 2968 1953 3074 2018; x_wconf 84' lang='lat' dir='ltr'><strong>Qui</strong></span> <span class='ocrx_word' id='word_1_353' title='bbox 3096 1954 3216 2024; x_wconf 84' lang='lat' dir='ltr'><strong>fecit</strong></span> <span class='ocrx_word' id='word_1_354' title='bbox 3240 1968 3322 2005; x_wconf 90' lang='lat' dir='ltr'><strong>me</strong></span> <span class='ocrx_word' id='word_1_355' title='bbox 3347 1967 3559 2017; x_wconf 87' lang='lat' dir='ltr'><strong>sanum,</strong></span> 
     </span>
    </p>
   </div>
   <div class='ocr_carea' id='block_1_49' title="bbox 1953 2045 3562 2117">
    <p class='ocr_par' dir='ltr' id='par_1_49' title="bbox 1953 2045 3562 2117">
     <span class='ocr_line' id='line_1_49' title="bbox 1953 2045 3562 2117; baseline 0 -17"><span class='ocrx_word' id='word_1_356' title='bbox 1953 2047 2042 2100; x_wconf 88' lang='lat' dir='ltr'><strong>ille</strong></span> <span class='ocrx_word' id='word_1_357' title='bbox 2090 2046 2215 2100; x_wconf 88' lang='lat' dir='ltr'><strong>mihi</strong></span> <span class='ocrx_word' id='word_1_358' title='bbox 2238 2046 2369 2100; x_wconf 75' lang='lat' dir='ltr'><strong>dixit</strong></span> <span class='ocrx_word' id='word_1_359' title='bbox 2402 2063 2420 2100; x_wconf 93' lang='grc'><strong>.·</strong></span> <span class='ocrx_word' id='word_1_360' title='bbox 2465 2045 2612 2099; x_wconf 88' lang='lat' dir='ltr'><strong>Tolle</strong></span> <span class='ocrx_word' id='word_1_361' title='bbox 2637 2047 2906 2117; x_wconf 82' lang='lat' dir='ltr'><strong>grabatum</strong></span> <span class='ocrx_word' id='word_1_362' title='bbox 2956 2056 3125 2113; x_wconf 85' lang='lat' dir='ltr'><strong>tuum,</strong></span> <span class='ocrx_word' id='word_1_363' title='bbox 3158 2054 3205 2099; x_wconf 86' lang='lat' dir='ltr'><strong>et</strong></span> <span class='ocrx_word' id='word_1_364' title='bbox 3227 2046 3457 2099; x_wconf 89' lang='lat' dir='ltr'><strong>ambula.</strong></span> <span class='ocrx_word' id='word_1_365' title='bbox 3496 2045 3562 2100; x_wconf 85' lang='lat' dir='ltr'><strong>Et</strong></span> 
     </span>
    </p>
   </div>
   <div class='ocr_carea' id='block_1_50' title="bbox 1952 2136 3557 2210">
    <p class='ocr_par' dir='ltr' id='par_1_50' title="bbox 1952 2136 3557 2210">
     <span class='ocr_line' id='line_1_50' title="bbox 1952 2136 3557 2210; baseline -0.004 -15"><span class='ocrx_word' id='word_1_366' title='bbox 1952 2141 2004 2195; x_wconf 88' lang='lat' dir='ltr'><strong>in</strong></span> <span class='ocrx_word' id='word_1_367' title='bbox 2020 2139 2481 2210; x_wconf 88' lang='lat' dir='ltr'><strong>subsequentibus</strong></span> <span class='ocrx_word' id='word_1_368' title='bbox 2498 2157 2510 2192; x_wconf 89' lang='lat'>:</span> <span class='ocrx_word' id='word_1_369' title='bbox 2529 2136 2683 2192; x_wconf 88' lang='lat' dir='ltr'><strong>Jesus</strong></span> <span class='ocrx_word' id='word_1_370' title='bbox 2696 2148 2789 2205; x_wconf 90' lang='lat' dir='ltr'><strong>est,</strong></span> <span class='ocrx_word' id='word_1_371' title='bbox 2810 2139 3003 2208; x_wconf 87' lang='lat' dir='ltr'><strong>inquit,</strong></span> <span class='ocrx_word' id='word_1_372' title='bbox 3020 2138 3106 2205; x_wconf 85' lang='lat' dir='ltr'><strong>qui</strong></span> <span class='ocrx_word' id='word_1_373' title='bbox 3121 2138 3242 2207; x_wconf 81' lang='lat' dir='ltr'><strong>fecit</strong></span> <span class='ocrx_word' id='word_1_374' title='bbox 3255 2153 3335 2189; x_wconf 90' lang='lat' dir='ltr'><strong>me</strong></span> <span class='ocrx_word' id='word_1_375' title='bbox 3346 2151 3557 2190; x_wconf 84' lang='lat' dir='ltr'><strong>sanum.</strong></span> 
     </span>
    </p>
   </div>
   <div class='ocr_carea' id='block_1_51' title="bbox 1952 2227 3558 2297">
    <p class='ocr_par' dir='ltr' id='par_1_51' title="bbox 1952 2227 3558 2297">
     <span class='ocr_line' id='line_1_51' title="bbox 1952 2227 3558 2297; baseline -0.002 -12"><span class='ocrx_word' id='word_1_376' title='bbox 1952 2231 2123 2285; x_wconf 82' lang='lat' dir='ltr'><strong>Rudis</strong></span> <span class='ocrx_word' id='word_1_377' title='bbox 2145 2231 2324 2285; x_wconf 89' lang='lat' dir='ltr'><strong>adhuc</strong></span> <span class='ocrx_word' id='word_1_378' title='bbox 2341 2246 2404 2285; x_wconf 81' lang='lat' dir='ltr'><strong>ex</strong></span> <span class='ocrx_word' id='word_1_379' title='bbox 2423 2231 2741 2285; x_wconf 87' lang='lat' dir='ltr'><strong>iniirmitate</strong></span> <span class='ocrx_word' id='word_1_380' title='bbox 2758 2229 3010 2294; x_wconf 87' lang='lat' dir='ltr'><strong>Judaica,</strong></span> <span class='ocrx_word' id='word_1_381' title='bbox 3034 2228 3127 2283; x_wconf 90' lang='lat' dir='ltr'><strong>sed</strong></span> <span class='ocrx_word' id='word_1_382' title='bbox 3146 2228 3258 2297; x_wconf 86' lang='lat' dir='ltr'><strong>jam</strong></span> <span class='ocrx_word' id='word_1_383' title='bbox 3272 2237 3461 2297; x_wconf 88' lang='lat' dir='ltr'><strong>gratus</strong></span> <span class='ocrx_word' id='word_1_384' title='bbox 3488 2227 3558 2282; x_wconf 91' lang='lat' dir='ltr'><strong>de</strong></span> 
     </span>
    </p>
   </div>
   <div class='ocr_carea' id='block_1_52' title="bbox 1949 2319 3560 2393">
    <p class='ocr_par' dir='ltr' id='par_1_52' title="bbox 1949 2319 3560 2393">
     <span class='ocr_line' id='line_1_52' title="bbox 1949 2319 3560 2393; baseline -0.003 -15"><span class='ocrx_word' id='word_1_385' title='bbox 1949 2324 2272 2379; x_wconf 87' lang='lat' dir='ltr'><strong>salubritate</strong></span> <span class='ocrx_word' id='word_1_386' title='bbox 2290 2332 2527 2392; x_wconf 87' lang='lat' dir='ltr'><strong>recepta,</strong></span> <span class='ocrx_word' id='word_1_387' title='bbox 2544 2322 2804 2393; x_wconf 89' lang='lat' dir='ltr'><strong>quoniam</strong></span> <span class='ocrx_word' id='word_1_388' title='bbox 2823 2336 2929 2376; x_wconf 90' lang='lat' dir='ltr'><strong>non</strong></span> <span class='ocrx_word' id='word_1_389' title='bbox 2948 2319 3560 2390; x_wconf 68' lang='lat' dir='ltr'><strong>prmvaletcalumnian-</strong></span> 
     </span>
    </p>
   </div>
   <div class='ocr_carea' id='block_1_53' title="bbox 1953 2411 3557 2485">
    <p class='ocr_par' dir='ltr' id='par_1_53' title="bbox 1953 2411 3557 2485">
     <span class='ocr_line' id='line_1_53' title="bbox 1953 2411 3557 2485; baseline -0.006 -13"><span class='ocrx_word' id='word_1_390' title='bbox 1953 2417 2095 2473; x_wconf 90' lang='lat' dir='ltr'><strong>tibus</strong></span> <span class='ocrx_word' id='word_1_391' title='bbox 2127 2417 2252 2471; x_wconf 83' lang='lat' dir='ltr'><strong>lacti</strong></span> <span class='ocrx_word' id='word_1_392' title='bbox 2278 2426 2536 2485; x_wconf 59' lang='lat' dir='ltr'><strong>praestare</strong></span> <span class='ocrx_word' id='word_1_393' title='bbox 2563 2414 2857 2479; x_wconf 88' lang='lat' dir='ltr'><strong>rationem,</strong></span> <span class='ocrx_word' id='word_1_394' title='bbox 2886 2412 3144 2483; x_wconf 69' lang='lat' dir='ltr'><strong>praecepti</strong></span> <span class='ocrx_word' id='word_1_395' title='bbox 3172 2420 3337 2481; x_wconf 90' lang='lat' dir='ltr'><strong>atque</strong></span> <span class='ocrx_word' id='word_1_396' title='bbox 3368 2411 3557 2480; x_wconf 90' lang='lat' dir='ltr'><strong>operis</strong></span> 
     </span>
    </p>
   </div>
   <div class='ocr_carea' id='block_1_54' title="bbox 1949 2503 3555 2576">
    <p class='ocr_par' dir='ltr' id='par_1_54' title="bbox 1949 2503 3555 2576">
     <span class='ocr_line' id='line_1_54' title="bbox 1949 2503 3555 2576; baseline -0.006 -11"><span class='ocrx_word' id='word_1_397' title='bbox 1949 2510 2292 2565; x_wconf 82' lang='lat' dir='ltr'><strong>demonstrat</strong></span> <span class='ocrx_word' id='word_1_398' title='bbox 2313 2518 2615 2563; x_wconf 89' lang='lat' dir='ltr'><strong>auctorem.</strong></span> <span class='ocrx_word' id='word_1_399' title='bbox 2648 2506 2754 2572; x_wconf 82' lang='lat' dir='ltr'><strong>Qui</strong></span> <span class='ocrx_word' id='word_1_400' title='bbox 2786 2507 2909 2576; x_wconf 82' lang='lat' dir='ltr'><strong>fecit</strong></span> <span class='ocrx_word' id='word_1_401' title='bbox 2939 2522 3019 2559; x_wconf 88' lang='lat' dir='ltr'><strong>me</strong></span> <span class='ocrx_word' id='word_1_402' title='bbox 3053 2520 3263 2571; x_wconf 89' lang='lat' dir='ltr'><strong>sanum,</strong></span> <span class='ocrx_word' id='word_1_403' title='bbox 3296 2504 3385 2558; x_wconf 90' lang='lat' dir='ltr'><strong>ille</strong></span> <span class='ocrx_word' id='word_1_404' title='bbox 3426 2503 3555 2557; x_wconf 88' lang='lat' dir='ltr'><strong>mihi</strong></span> 
     </span>
    </p>
   </div>
   <div class='ocr_carea' id='block_1_55' title="bbox 1951 2598 3551 2673">
    <p class='ocr_par' dir='ltr' id='par_1_55' title="bbox 1951 2598 3551 2673">
     <span class='ocr_line' id='line_1_55' title="bbox 1951 2598 3551 2673; baseline -0.005 -14"><span class='ocrx_word' id='word_1_405' title='bbox 1951 2606 2121 2659; x_wconf 83' lang='lat' dir='ltr'><strong>dixit:</strong></span> <span class='ocrx_word' id='word_1_406' title='bbox 2154 2603 2300 2658; x_wconf 83' lang='lat' dir='ltr'><strong>Tolle</strong></span> <span class='ocrx_word' id='word_1_407' title='bbox 2346 2602 2622 2673; x_wconf 87' lang='lat' dir='ltr'><strong>grabatum</strong></span> <span class='ocrx_word' id='word_1_408' title='bbox 2653 2614 2797 2656; x_wconf 88' lang='lat' dir='ltr'><strong>tuum</strong></span> <span class='ocrx_word' id='word_1_409' title='bbox 2822 2643 2837 2665; x_wconf 92' lang='lat'><strong>,</strong></span> <span class='ocrx_word' id='word_1_410' title='bbox 2863 2610 2911 2655; x_wconf 89' lang='lat' dir='ltr'><strong>et</strong></span> <span class='ocrx_word' id='word_1_411' title='bbox 2945 2600 3190 2666; x_wconf 84' lang='lat' dir='ltr'><strong>ambula;</strong></span> <span class='ocrx_word' id='word_1_412' title='bbox 3219 2609 3275 2654; x_wconf 93' lang='lat' dir='ltr'><strong>et</strong></span> <span class='ocrx_word' id='word_1_413' title='bbox 3302 2598 3505 2669; x_wconf 82' lang='lat' dir='ltr'><strong>adjecit</strong></span> <span class='ocrx_word' id='word_1_414' title='bbox 3537 2615 3551 2651; x_wconf 89' lang='lat'><strong>:</strong></span> 
     </span>
    </p>
   </div>
   <div class='ocr_carea' id='block_1_56' title="bbox 1946 2692 3553 2769">
    <p class='ocr_par' dir='ltr' id='par_1_56' title="bbox 1946 2692 3553 2769">
     <span class='ocr_line' id='line_1_56' title="bbox 1946 2692 3553 2769; baseline -0.003 -16"><span class='ocrx_word' id='word_1_415' title='bbox 1946 2698 2102 2753; x_wconf 81' lang='lat' dir='ltr'><strong>Jesus</strong></span> <span class='ocrx_word' id='word_1_416' title='bbox 2124 2708 2219 2765; x_wconf 88' lang='lat' dir='ltr'><strong>est,</strong></span> <span class='ocrx_word' id='word_1_417' title='bbox 2248 2698 2444 2769; x_wconf 89' lang='lat' dir='ltr'><strong>inquit,</strong></span> <span class='ocrx_word' id='word_1_418' title='bbox 2470 2700 2559 2768; x_wconf 89' lang='lat' dir='ltr'><strong>qui</strong></span> <span class='ocrx_word' id='word_1_419' title='bbox 2578 2697 2698 2765; x_wconf 78' lang='lat' dir='ltr'><strong>fecit</strong></span> <span class='ocrx_word' id='word_1_420' title='bbox 2722 2712 2802 2750; x_wconf 89' lang='lat' dir='ltr'><strong>me</strong></span> <span class='ocrx_word' id='word_1_421' title='bbox 2821 2712 3006 2749; x_wconf 90' lang='lat' dir='ltr'><strong>sanum</strong></span> <span class='ocrx_word' id='word_1_422' title='bbox 3024 2693 3193 2767; x_wconf 87' lang='lat' dir='ltr'><strong>(Ibid)</strong></span> <span class='ocrx_word' id='word_1_423' title='bbox 3223 2712 3233 2748; x_wconf 93' lang='lat'><strong>:</strong></span> <span class='ocrx_word' id='word_1_424' title='bbox 3268 2694 3377 2757; x_wconf 90' lang='lat' dir='ltr'><strong>vel,</strong></span> <span class='ocrx_word' id='word_1_425' title='bbox 3408 2692 3553 2748; x_wconf 83' lang='lat' dir='ltr'><strong>filius</strong></span> 
     </span>
    </p>
   </div>
   <div class='ocr_carea' id='block_1_57' title="bbox 1951 2785 3548 2862">
    <p class='ocr_par' dir='ltr' id='par_1_57' title="bbox 1951 2785 3548 2862">
     <span class='ocr_line' id='line_1_57' title="bbox 1951 2785 3548 2862; baseline -0.005 -13"><span class='ocrx_word' id='word_1_426' title='bbox 1951 2793 2119 2849; x_wconf 87' lang='lat' dir='ltr'><strong>David</strong></span> <span class='ocrx_word' id='word_1_427' title='bbox 2164 2802 2265 2856; x_wconf 83' lang='lat' dir='ltr'><strong>est,</strong></span> <span class='ocrx_word' id='word_1_428' title='bbox 2298 2792 2389 2862; x_wconf 90' lang='lat' dir='ltr'><strong>qui</strong></span> <span class='ocrx_word' id='word_1_429' title='bbox 2444 2790 2569 2845; x_wconf 88' lang='lat' dir='ltr'><strong>fecit</strong></span> <span class='ocrx_word' id='word_1_430' title='bbox 2601 2805 2689 2845; x_wconf 91' lang='lat' dir='ltr'><strong>me</strong></span> <span class='ocrx_word' id='word_1_431' title='bbox 2736 2805 2929 2844; x_wconf 90' lang='lat' dir='ltr'><strong>sanum</strong></span> <span class='ocrx_word' id='word_1_432' title='bbox 2962 2804 2975 2844; x_wconf 91' lang='lat'>:</span> <span class='ocrx_word' id='word_1_433' title='bbox 3007 2789 3125 2857; x_wconf 84' lang='lat' dir='ltr'><strong>vel,</strong></span> <span class='ocrx_word' id='word_1_434' title='bbox 3155 2787 3299 2843; x_wconf 85' lang='lat' dir='ltr'><strong>illius</strong></span> <span class='ocrx_word' id='word_1_435' title='bbox 3324 2785 3548 2857; x_wconf 86' lang='lat' dir='ltr'><strong>Josepb,</strong></span> 
     </span>
    </p>
   </div>
   <div class='ocr_carea' id='block_1_58' title="bbox 1947 2883 3552 2959">
    <p class='ocr_par' dir='ltr' id='par_1_58' title="bbox 1947 2883 3552 2959">
     <span class='ocr_line' id='line_1_58' title="bbox 1947 2883 3552 2959; baseline -0.003 -19"><span class='ocrx_word' id='word_1_436' title='bbox 1947 2890 2037 2959; x_wconf 93' lang='lat' dir='ltr'><strong>qni</strong></span> <span class='ocrx_word' id='word_1_437' title='bbox 2069 2887 2196 2942; x_wconf 90' lang='lat' dir='ltr'><strong>fecit</strong></span> <span class='ocrx_word' id='word_1_438' title='bbox 2218 2902 2302 2941; x_wconf 90' lang='lat' dir='ltr'><strong>me</strong></span> <span class='ocrx_word' id='word_1_439' title='bbox 2324 2901 2538 2941; x_wconf 89' lang='lat' dir='ltr'><strong>sanum.</strong></span> <span class='ocrx_word' id='word_1_440' title='bbox 2565 2886 2689 2940; x_wconf 62' lang='lat' dir='ltr'><strong>llaec</strong></span> <span class='ocrx_word' id='word_1_441' title='bbox 2710 2884 2854 2939; x_wconf 87' lang='lat' dir='ltr'><strong>enim</strong></span> <span class='ocrx_word' id='word_1_442' title='bbox 2897 2883 3119 2939; x_wconf 91' lang='lat' dir='ltr'><strong>nomina</strong></span> <span class='ocrx_word' id='word_1_443' title='bbox 3153 2883 3354 2937; x_wconf 88' lang='lat' dir='ltr'><strong>usitata</strong></span> <span class='ocrx_word' id='word_1_444' title='bbox 3393 2890 3552 2936; x_wconf 88' lang='lat' dir='ltr'><strong>erant</strong></span> 
     </span>
    </p>
   </div>
   <div class='ocr_carea' id='block_1_59' title="bbox 1948 2976 3552 3054">
    <p class='ocr_par' dir='ltr' id='par_1_59' title="bbox 1948 2976 3552 3054">
     <span class='ocr_line' id='line_1_59' title="bbox 1948 2976 3552 3054; baseline -0.001 -20"><span class='ocrx_word' id='word_1_445' title='bbox 1948 2982 2110 3054; x_wconf 83' lang='lat'><strong>303</strong></span> <span class='ocrx_word' id='word_1_446' title='bbox 2131 2982 2181 3036; x_wconf 91' lang='lat' dir='ltr'><strong>in</strong></span> <span class='ocrx_word' id='word_1_447' title='bbox 2203 2981 2403 3051; x_wconf 90' lang='lat' dir='ltr'><strong>populo</strong></span> <span class='ocrx_word' id='word_1_448' title='bbox 2422 2990 2446 3027; x_wconf 71' lang='grc' dir='ltr'><strong>ϐ</strong></span> <span class='ocrx_word' id='word_1_449' title='bbox 2468 2979 2786 3035; x_wconf 67' lang='lat' dir='ltr'><strong>Judaaorum</strong></span> <span class='ocrx_word' id='word_1_450' title='bbox 2813 2988 2944 3032; x_wconf 88' lang='lat' dir='ltr'><strong>tunc</strong></span> <span class='ocrx_word' id='word_1_451' title='bbox 2963 2978 3221 3048; x_wconf 87' lang='lat' dir='ltr'><strong>temporis</strong></span> <span class='ocrx_word' id='word_1_452' title='bbox 3246 2977 3314 3031; x_wconf 83' lang='lat' dir='ltr'><strong>de</strong></span> <span class='ocrx_word' id='word_1_453' title='bbox 3333 2976 3552 3032; x_wconf 81' lang='lat' dir='ltr'><strong>Christo</strong></span> 
     </span>
    </p>
   </div>
   <div class='ocr_carea' id='block_1_60' title="bbox 1952 3070 3551 3143">
    <p class='ocr_par' dir='ltr' id='par_1_60' title="bbox 1952 3070 3551 3143">
     <span class='ocr_line' id='line_1_60' title="bbox 1952 3070 3551 3143; baseline -0.005 -13"><span class='ocrx_word' id='word_1_454' title='bbox 1952 3076 2187 3130; x_wconf 88' lang='lat' dir='ltr'><strong>Domino</strong></span> <span class='ocrx_word' id='word_1_455' title='bbox 2216 3074 2530 3129; x_wconf 88' lang='lat' dir='ltr'><strong>Salvatore.</strong></span> <span class='ocrx_word' id='word_1_456' title='bbox 2574 3073 2679 3129; x_wconf 84' lang='lat' dir='ltr'><strong>Sed</strong></span> <span class='ocrx_word' id='word_1_457' title='bbox 2712 3072 2881 3143; x_wconf 83' lang='lat' dir='ltr'><strong>quid?</strong></span> <span class='ocrx_word' id='word_1_458' title='bbox 2910 3070 3063 3125; x_wconf 73' lang='lat' dir='ltr'><strong>Iesus</strong></span> <span class='ocrx_word' id='word_1_459' title='bbox 3089 3079 3163 3125; x_wconf 85' lang='lat' dir='ltr'><strong>est</strong></span> <span class='ocrx_word' id='word_1_460' title='bbox 3189 3072 3286 3136; x_wconf 89' lang='lat' dir='ltr'><strong>ait,</strong></span> <span class='ocrx_word' id='word_1_461' title='bbox 3313 3070 3403 3139; x_wconf 87' lang='lat' dir='ltr'><strong>qui</strong></span> <span class='ocrx_word' id='word_1_462' title='bbox 3432 3070 3551 3139; x_wconf 80' lang='lat' dir='ltr'><strong>fecit</strong></span> 
     </span>
    </p>
   </div>
   <div class='ocr_carea' id='block_1_61' title="bbox 1948 3163 3551 3234">
    <p class='ocr_par' dir='ltr' id='par_1_61' title="bbox 1948 3163 3551 3234">
     <span class='ocr_line' id='line_1_61' title="bbox 1948 3163 3551 3234; baseline -0.004 -13"><span class='ocrx_word' id='word_1_463' title='bbox 1948 3186 2028 3223; x_wconf 88' lang='lat' dir='ltr'><strong>me</strong></span> <span class='ocrx_word' id='word_1_464' title='bbox 2070 3184 2290 3234; x_wconf 87' lang='lat' dir='ltr'><strong>sanum;</strong></span> <span class='ocrx_word' id='word_1_465' title='bbox 2324 3166 2531 3221; x_wconf 82' lang='lat' dir='ltr'><strong>sciebat</strong></span> <span class='ocrx_word' id='word_1_466' title='bbox 2579 3166 2723 3219; x_wconf 87' lang='lat' dir='ltr'><strong>enim</strong></span> <span class='ocrx_word' id='word_1_467' title='bbox 2748 3207 2761 3230; x_wconf 92' lang='lat'><strong>,</strong></span> <span class='ocrx_word' id='word_1_468' title='bbox 2812 3172 2995 3233; x_wconf 83' lang='lat' dir='ltr'><strong>utpote</strong></span> <span class='ocrx_word' id='word_1_469' title='bbox 3030 3163 3317 3227; x_wconf 71' lang='lat' dir='ltr'><strong>llebrmns,</strong></span> <span class='ocrx_word' id='word_1_470' title='bbox 3350 3176 3551 3217; x_wconf 90' lang='lat' dir='ltr'><strong>nomen</strong></span> 
     </span>
    </p>
   </div>
   <div class='ocr_carea' id='block_1_62' title="bbox 244 3254 3551 3329">
    <p class='ocr_par' dir='ltr' id='par_1_62' title="bbox 244 3254 3551 3329">
     <span class='ocr_line' id='line_1_62' title="bbox 244 3254 3551 3329; baseline 0 -19"><span class='ocrx_word' id='word_1_471' title='bbox 244 3254 605 3310; x_wconf 70' lang='lat' dir='ltr'><strong>mandaverat</strong></span> <span class='ocrx_word' id='word_1_472' title='bbox 626 3254 805 3324; x_wconf 85' lang='lat' dir='ltr'><strong>(Joan.</strong></span> <span class='ocrx_word' id='word_1_473' title='bbox 841 3273 879 3323; x_wconf 90' lang='lat' dir='ltr'><strong>i,</strong></span> <span class='ocrx_word' id='word_1_474' title='bbox 917 3273 975 3323; x_wconf 90' lang='grc'><strong>11,</strong></span> <span class='ocrx_word' id='word_1_475' title='bbox 1001 3258 1078 3329; x_wconf 85' lang='lat' dir='ltr'><strong>iv)</strong></span> <span class='ocrx_word' id='word_1_476' title='bbox 1108 3258 1252 3326; x_wconf 88' lang='lat' dir='ltr'><strong>:jam</strong></span> <span class='ocrx_word' id='word_1_477' title='bbox 1288 3260 1572 3329; x_wconf 74' lang='lat' dir='ltr'><strong>paralytici</strong></span> <span class='ocrx_word' id='word_1_478' title='bbox 1599 3259 1841 3313; x_wconf 89' lang='lat' dir='ltr'><strong>membra</strong></span> <span class='ocrx_word' id='word_1_479' title='bbox 1870 3259 1915 3321; x_wconf 83' lang='lat' dir='ltr'><strong>C</strong></span> <span class='ocrx_word' id='word_1_480' title='bbox 1947 3260 2075 3317; x_wconf 83' lang='lat' dir='ltr'><strong>Jesu</strong></span> <span class='ocrx_word' id='word_1_481' title='bbox 2098 3278 2166 3316; x_wconf 79' lang='lat' dir='ltr'><strong>ex</strong></span> <span class='ocrx_word' id='word_1_482' title='bbox 2199 3262 2399 3315; x_wconf 90' lang='lat' dir='ltr'><strong>virtute</strong></span> <span class='ocrx_word' id='word_1_483' title='bbox 2425 3258 2761 3313; x_wconf 89' lang='lat' dir='ltr'><strong>descendere</strong></span> <span class='ocrx_word' id='word_1_484' title='bbox 2787 3257 3059 3311; x_wconf 76' lang='lat' dir='ltr'><strong>sanitatis.</strong></span> <span class='ocrx_word' id='word_1_485' title='bbox 3100 3256 3356 3311; x_wconf 83' lang='lat' dir='ltr'><strong>Salvator</strong></span> <span class='ocrx_word' id='word_1_486' title='bbox 3380 3254 3551 3325; x_wconf 89' lang='lat' dir='ltr'><strong>siqui-</strong></span> 
     </span>
    </p>
   </div>
   <div class='ocr_carea' id='block_1_63' title="bbox 244 3348 1846 3423">
    <p class='ocr_par' dir='ltr' id='par_1_63' title="bbox 244 3348 1846 3423">
     <span class='ocr_line' id='line_1_63' title="bbox 244 3348 1846 3423; baseline 0.002 -20"><span class='ocrx_word' id='word_1_487' title='bbox 244 3362 340 3419; x_wconf 88' lang='lat' dir='ltr'><strong>per</strong></span> <span class='ocrx_word' id='word_1_488' title='bbox 369 3348 592 3419; x_wconf 79' lang='lat' dir='ltr'><strong>triginta</strong></span> <span class='ocrx_word' id='word_1_489' title='bbox 617 3363 673 3404; x_wconf 90' lang='lat' dir='ltr'><strong>et</strong></span> <span class='ocrx_word' id='word_1_490' title='bbox 702 3362 825 3405; x_wconf 73' lang='lat' dir='ltr'><strong>oeto</strong></span> <span class='ocrx_word' id='word_1_491' title='bbox 844 3368 1019 3406; x_wconf 83' lang='lat' dir='ltr'><strong>annos</strong></span> <span class='ocrx_word' id='word_1_492' title='bbox 1050 3364 1319 3417; x_wconf 89' lang='lat' dir='ltr'><strong>emortua,</strong></span> <span class='ocrx_word' id='word_1_493' title='bbox 1349 3354 1507 3407; x_wconf 72' lang='lat' dir='ltr'><strong>unius</strong></span> <span class='ocrx_word' id='word_1_494' title='bbox 1534 3352 1681 3407; x_wconf 89' lang='lat' dir='ltr'><strong>vocis</strong></span> <span class='ocrx_word' id='word_1_495' title='bbox 1706 3369 1846 3423; x_wconf 60' lang='lat' dir='ltr'><strong>prae-</strong></span> 
     </span>
    </p>
   </div>
   <div class='ocr_carea' id='block_1_64' title="bbox 242 3443 1839 3515">
    <p class='ocr_par' dir='ltr' id='par_1_64' title="bbox 242 3443 1839 3515">
     <span class='ocr_line' id='line_1_64' title="bbox 242 3443 1839 3515; baseline 0.001 -18"><span class='ocrx_word' id='word_1_496' title='bbox 242 3454 406 3513; x_wconf 90' lang='lat' dir='ltr'><strong>cepto</strong></span> <span class='ocrx_word' id='word_1_497' title='bbox 437 3455 729 3498; x_wconf 79' lang='lat' dir='ltr'><strong>curaverat</strong></span> <span class='ocrx_word' id='word_1_498' title='bbox 756 3443 935 3515; x_wconf 83' lang='lat' dir='ltr'><strong>(Joau.</strong></span> <span class='ocrx_word' id='word_1_499' title='bbox 973 3445 1049 3513; x_wconf 88' lang='lat' dir='ltr'><strong>v),</strong></span> <span class='ocrx_word' id='word_1_500' title='bbox 1085 3446 1172 3500; x_wconf 83' lang='lat' dir='ltr'><strong>vel</strong></span> <span class='ocrx_word' id='word_1_501' title='bbox 1204 3446 1383 3515; x_wconf 62' lang='lat' dir='ltr'><strong>potius</strong></span> <span class='ocrx_word' id='word_1_502' title='bbox 1426 3445 1839 3501; x_wconf 82' lang='lat' dir='ltr'><strong>refortnaverat.</strong></span> 
     </span>
    </p>
   </div>
   <div class='ocr_carea' id='block_1_65' title="bbox 241 3534 1841 3611">
    <p class='ocr_par' dir='ltr' id='par_1_65' title="bbox 241 3534 1841 3611">
     <span class='ocr_line' id='line_1_65' title="bbox 241 3534 1841 3611; baseline 0 -19"><span class='ocrx_word' id='word_1_503' title='bbox 241 3534 361 3592; x_wconf 81' lang='lat' dir='ltr'><strong>Jam</strong></span> <span class='ocrx_word' id='word_1_504' title='bbox 394 3537 641 3607; x_wconf 88' lang='lat' dir='ltr'><strong>quinque</strong></span> <span class='ocrx_word' id='word_1_505' title='bbox 676 3538 903 3593; x_wconf 87' lang='lat' dir='ltr'><strong>milliqu</strong></span> <span class='ocrx_word' id='word_1_506' title='bbox 934 3539 1213 3594; x_wconf 85' lang='lat' dir='ltr'><strong>hominum</strong></span> <span class='ocrx_word' id='word_1_507' title='bbox 1248 3539 1446 3595; x_wconf 90' lang='lat' dir='ltr'><strong>famem</strong></span> <span class='ocrx_word' id='word_1_508' title='bbox 1478 3541 1716 3611; x_wconf 81' lang='lat' dir='ltr'><strong>quinque</strong></span> <span class='ocrx_word' id='word_1_509' title='bbox 1747 3557 1841 3611; x_wconf 90' lang='lat' dir='ltr'><strong>pa-</strong></span> 
     </span>
    </p>
   </div>
   <div class='ocr_carea' id='block_1_66' title="bbox 240 3629 1845 3705">
    <p class='ocr_par' dir='ltr' id='par_1_66' title="bbox 240 3629 1845 3705">
     <span class='ocr_line' id='line_1_66' title="bbox 240 3629 1845 3705; baseline 0.002 -20"><span class='ocrx_word' id='word_1_510' title='bbox 240 3631 402 3685; x_wconf 91' lang='lat' dir='ltr'><strong>nibus</strong></span> <span class='ocrx_word' id='word_1_511' title='bbox 449 3629 791 3699; x_wconf 87' lang='lat' dir='ltr'><strong>hordeaceis,</strong></span> <span class='ocrx_word' id='word_1_512' title='bbox 843 3641 897 3687; x_wconf 90' lang='lat' dir='ltr'><strong>et</strong></span> <span class='ocrx_word' id='word_1_513' title='bbox 946 3633 1162 3689; x_wconf 88' lang='lat' dir='ltr'><strong>duobus</strong></span> <span class='ocrx_word' id='word_1_514' title='bbox 1221 3635 1503 3705; x_wconf 79' lang='lat' dir='ltr'><strong>piscibus,</strong></span> <span class='ocrx_word' id='word_1_515' title='bbox 1551 3634 1845 3691; x_wconf 89' lang='lat' dir='ltr'><strong>satiavcrat</strong></span> 
     </span>
    </p>
   </div>
   <div class='ocr_carea' id='block_1_67' title="bbox 240 3720 1836 3793">
    <p class='ocr_par' dir='ltr' id='par_1_67' title="bbox 240 3720 1836 3793">
     <span class='ocr_line' id='line_1_67' title="bbox 240 3720 1836 3793; baseline 0.004 -18"><span class='ocrx_word' id='word_1_516' title='bbox 240 3720 423 3791; x_wconf 82' lang='lat' dir='ltr'><strong>(Jaan.</strong></span> <span class='ocrx_word' id='word_1_517' title='bbox 476 3722 593 3793; x_wconf 78' lang='lat' dir='ltr'><strong>vr).</strong></span> <span class='ocrx_word' id='word_1_518' title='bbox 656 3724 865 3793; x_wconf 89' lang='lat' dir='ltr'><strong>majore</strong></span> <span class='ocrx_word' id='word_1_519' title='bbox 916 3727 1184 3781; x_wconf 88' lang='lat' dir='ltr'><strong>miraculo</strong></span> <span class='ocrx_word' id='word_1_520' title='bbox 1232 3726 1543 3783; x_wconf 87' lang='lat' dir='ltr'><strong>convivium</strong></span> <span class='ocrx_word' id='word_1_521' title='bbox 1593 3730 1836 3783; x_wconf 82' lang='lat' dir='ltr'><strong>solvens.</strong></span> 
     </span>
    </p>
   </div>
   <div class='ocr_carea' id='block_1_68' title="bbox 239 3814 1838 3892">
    <p class='ocr_par' dir='ltr' id='par_1_68' title="bbox 239 3814 1838 3892">
     <span class='ocr_line' id='line_1_68' title="bbox 239 3814 1838 3892; baseline 0.004 -21"><span class='ocrx_word' id='word_1_522' title='bbox 239 3814 495 3885; x_wconf 83' lang='lat' dir='ltr'><strong>Amplior</strong></span> <span class='ocrx_word' id='word_1_523' title='bbox 521 3817 801 3887; x_wconf 30' lang='lat' dir='ltr'><strong>euim4cibi</strong></span> <span class='ocrx_word' id='word_1_524' title='bbox 848 3819 1080 3889; x_wconf 86' lang='lat' dir='ltr'><strong>appositi</strong></span> <span class='ocrx_word' id='word_1_525' title='bbox 1132 3822 1436 3891; x_wconf 88' lang='lat' dir='ltr'><strong>quantitate</strong></span> <span class='ocrx_word' id='word_1_526' title='bbox 1485 3822 1838 3892; x_wconf 84' lang='lat' dir='ltr'><strong>reliquiarum</strong></span> 
     </span>
    </p>
   </div>
   <div class='ocr_carea' id='block_1_69' title="bbox 238 3909 1840 3981">
    <p class='ocr_par' dir='ltr' id='par_1_69' title="bbox 238 3909 1840 3981">
     <span class='ocr_line' id='line_1_69' title="bbox 238 3909 1840 3981; baseline 0.004 -18"><span class='ocrx_word' id='word_1_527' title='bbox 238 3909 495 3963; x_wconf 85' lang='lat' dir='ltr'><strong>ctimttlus</strong></span> <span class='ocrx_word' id='word_1_528' title='bbox 526 3909 823 3976; x_wconf 83' lang='lat' dir='ltr'><strong>invenitur,</strong></span> <span class='ocrx_word' id='word_1_529' title='bbox 854 3922 930 3965; x_wconf 87' lang='lat' dir='ltr'><strong>tot</strong></span> <span class='ocrx_word' id='word_1_530' title='bbox 964 3914 1287 3981; x_wconf 86' lang='lat' dir='ltr'><strong>p0pulorum</strong></span> <span class='ocrx_word' id='word_1_531' title='bbox 1325 3914 1589 3969; x_wconf 71' lang='lat' dir='ltr'><strong>famelicis</strong></span> <span class='ocrx_word' id='word_1_532' title='bbox 1641 3916 1840 3970; x_wconf 77' lang='lat' dir='ltr'><strong>collor-</strong></span> 
     </span>
    </p>
   </div>
   <div class='ocr_carea' id='block_1_70' title="bbox 238 4003 1835 4081">
    <p class='ocr_par' dir='ltr' id='par_1_70' title="bbox 238 4003 1835 4081">
     <span class='ocr_line' id='line_1_70' title="bbox 238 4003 1835 4081; baseline 0.003 -24"><span class='ocrx_word' id='word_1_533' title='bbox 238 4003 386 4057; x_wconf 92' lang='lat' dir='ltr'><strong>tibus</strong></span> <span class='ocrx_word' id='word_1_534' title='bbox 412 4004 647 4059; x_wconf 85' lang='lat' dir='ltr'><strong>satiatis.</strong></span> <span class='ocrx_word' id='word_1_535' title='bbox 678 4004 795 4059; x_wconf 84' lang='lat' dir='ltr'><strong>Jani</strong></span> <span class='ocrx_word' id='word_1_536' title='bbox 827 4021 975 4059; x_wconf 88' lang='lat' dir='ltr'><strong>mare</strong></span> <span class='ocrx_word' id='word_1_537' title='bbox 1004 4007 1233 4075; x_wconf 90' lang='lat' dir='ltr'><strong>pedibus</strong></span> <span class='ocrx_word' id='word_1_538' title='bbox 1262 4008 1643 4063; x_wconf 83' lang='lat' dir='ltr'><strong>ambulaverat</strong></span> <span class='ocrx_word' id='word_1_539' title='bbox 1670 4008 1835 4081; x_wconf 87' lang='lat' dir='ltr'><strong>(Ibid.</strong></span> 
     </span>
    </p>
   </div>
   <div class='ocr_carea' id='block_1_71' title="bbox 239 4098 1835 4171">
    <p class='ocr_par' dir='ltr' id='par_1_71' title="bbox 239 4098 1835 4171">
     <span class='ocr_line' id='line_1_71' title="bbox 239 4098 1835 4171; baseline 0.001 -17"><span class='ocrx_word' id='word_1_540' title='bbox 239 4098 354 4169; x_wconf 77' lang='grc'><strong>19),</strong></span> <span class='ocrx_word' id='word_1_541' title='bbox 391 4100 463 4153; x_wconf 88' lang='lat' dir='ltr'><strong>ita</strong></span> <span class='ocrx_word' id='word_1_542' title='bbox 501 4109 557 4153; x_wconf 90' lang='lat' dir='ltr'><strong>ut</strong></span> <span class='ocrx_word' id='word_1_543' title='bbox 582 4101 795 4169; x_wconf 85' lang='lat' dir='ltr'><strong>plantas</strong></span> <span class='ocrx_word' id='word_1_544' title='bbox 826 4101 1124 4171; x_wconf 83' lang='lat' dir='ltr'><strong>gradientis</strong></span> <span class='ocrx_word' id='word_1_545' title='bbox 1156 4110 1371 4157; x_wconf 90' lang='lat' dir='ltr'><strong>tumens</strong></span> <span class='ocrx_word' id='word_1_546' title='bbox 1401 4101 1542 4155; x_wconf 87' lang='lat' dir='ltr'><strong>unda</strong></span> <span class='ocrx_word' id='word_1_547' title='bbox 1570 4118 1676 4155; x_wconf 93' lang='lat' dir='ltr'><strong>nou</strong></span> <span class='ocrx_word' id='word_1_548' title='bbox 1718 4112 1835 4156; x_wconf 88' lang='lat' dir='ltr'><strong>tan-</strong></span> 
     </span>
    </p>
   </div>
   <div class='ocr_carea' id='block_1_72' title="bbox 309 4235 1831 4306">
    <p class='ocr_par' dir='ltr' id='par_1_72' title="bbox 309 4235 1831 4306">
     <span class='ocr_line' id='line_1_72' title="bbox 309 4235 1831 4306; baseline -0.003 -15"><span class='ocrx_word' id='word_1_549' title='bbox 309 4246 334 4273; x_wconf 71' lang='grc' dir='ltr'><strong>ο</strong></span> <span class='ocrx_word' id='word_1_550' title='bbox 357 4236 659 4291; x_wconf 68' lang='lat' dir='ltr'><strong>Videbatur</strong></span> <span class='ocrx_word' id='word_1_551' title='bbox 687 4235 910 4291; x_wconf 90' lang='lat' dir='ltr'><strong>omnino</strong></span> <span class='ocrx_word' id='word_1_552' title='bbox 943 4236 1317 4306; x_wconf 85' lang='lat' dir='ltr'><strong>reponendum</strong></span> <span class='ocrx_word' id='word_1_553' title='bbox 1372 4236 1476 4290; x_wconf 90' lang='lat' dir='ltr'><strong>hoc</strong></span> <span class='ocrx_word' id='word_1_554' title='bbox 1522 4238 1641 4291; x_wconf 90' lang='lat' dir='ltr'><strong>loco</strong></span> <span class='ocrx_word' id='word_1_555' title='bbox 1683 4252 1831 4290; x_wconf 83' lang='lat' dir='ltr'><strong>scan-</strong></span> 
     </span>
    </p>
   </div>
   <div class='ocr_carea' id='block_1_73' title="bbox 232 4309 1829 4375">
    <p class='ocr_par' dir='ltr' id='par_1_73' title="bbox 232 4309 1829 4375">
     <span class='ocr_line' id='line_1_73' title="bbox 232 4309 1829 4375; baseline -0.001 -11"><span class='ocrx_word' id='word_1_556' title='bbox 232 4309 414 4364; x_wconf 85' lang='lat' dir='ltr'><strong>dalum</strong></span> <span class='ocrx_word' id='word_1_557' title='bbox 437 4326 588 4375; x_wconf 81' lang='lat' dir='ltr'><strong>passu</strong></span> <span class='ocrx_word' id='word_1_558' title='bbox 611 4326 629 4374; x_wconf 88' lang='lat'><em>;</em></span> <span class='ocrx_word' id='word_1_559' title='bbox 658 4309 753 4363; x_wconf 88' lang='lat' dir='ltr'><strong>sed</strong></span> <span class='ocrx_word' id='word_1_560' title='bbox 783 4325 810 4360; x_wconf 89' lang='lat' dir='ltr'><strong>a</strong></span> <span class='ocrx_word' id='word_1_561' title='bbox 837 4325 969 4362; x_wconf 61' lang='lat' dir='ltr'><strong>mss.</strong></span> <span class='ocrx_word' id='word_1_562' title='bbox 1004 4320 1057 4362; x_wconf 91' lang='lat' dir='ltr'><strong>et</strong></span> <span class='ocrx_word' id='word_1_563' title='bbox 1084 4312 1353 4363; x_wconf 86' lang='lat' dir='ltr'><strong>editorum</strong></span> <span class='ocrx_word' id='word_1_564' title='bbox 1377 4325 1645 4364; x_wconf 57' lang='lat' dir='ltr'><strong>eouseneu</strong></span> <span class='ocrx_word' id='word_1_565' title='bbox 1673 4309 1829 4363; x_wconf 84' lang='lat' dir='ltr'><strong>faeile</strong></span> 
     </span>
    </p>
   </div>
   <div class='ocr_carea' id='block_1_74' title="bbox 233 4380 1829 4449">
    <p class='ocr_par' dir='ltr' id='par_1_74' title="bbox 233 4380 1829 4449">
     <span class='ocr_line' id='line_1_74' title="bbox 233 4380 1829 4449; baseline -0.004 -12"><span class='ocrx_word' id='word_1_566' title='bbox 233 4397 342 4437; x_wconf 90' lang='grc'><strong>111111</strong></span> <span class='ocrx_word' id='word_1_567' title='bbox 375 4384 593 4435; x_wconf 80' lang='lat' dir='ltr'><strong>reCetlo.</strong></span> <span class='ocrx_word' id='word_1_568' title='bbox 621 4382 780 4435; x_wconf 81' lang='lat' dir='ltr'><strong>Certe</strong></span> <span class='ocrx_word' id='word_1_569' title='bbox 819 4380 1131 4434; x_wconf 67' lang='lat' dir='ltr'><strong>Judaeorutn</strong></span> <span class='ocrx_word' id='word_1_570' title='bbox 1163 4382 1316 4449; x_wconf 85' lang='lat' dir='ltr'><strong>plebs</strong></span> <span class='ocrx_word' id='word_1_571' title='bbox 1346 4395 1449 4433; x_wconf 91' lang='lat' dir='ltr'><strong>u0n</strong></span> <span class='ocrx_word' id='word_1_572' title='bbox 1480 4384 1652 4434; x_wconf 89' lang='lat' dir='ltr'><strong>solum</strong></span> <span class='ocrx_word' id='word_1_573' title='bbox 1685 4397 1829 4433; x_wconf 80' lang='lat' dir='ltr'><strong>scru-</strong></span> 
     </span>
    </p>
   </div>
   <div class='ocr_carea' id='block_1_75' title="bbox 232 4452 1831 4524">
    <p class='ocr_par' dir='ltr' id='par_1_75' title="bbox 232 4452 1831 4524">
     <span class='ocr_line' id='line_1_75' title="bbox 232 4452 1831 4524; baseline -0.001 -17"><span class='ocrx_word' id='word_1_574' title='bbox 232 4455 437 4524; x_wconf 83' lang='lat' dir='ltr'><strong>pulum,</strong></span> <span class='ocrx_word' id='word_1_575' title='bbox 471 4452 525 4506; x_wconf 92' lang='lat' dir='ltr'><strong>id</strong></span> <span class='ocrx_word' id='word_1_576' title='bbox 554 4463 638 4507; x_wconf 69' lang='lat' dir='ltr'><strong>e~t</strong></span> <span class='ocrx_word' id='word_1_577' title='bbox 667 4452 1117 4515; x_wconf 85' lang='lat' dir='ltr'><strong>sollicitudinem,</strong></span> <span class='ocrx_word' id='word_1_578' title='bbox 1152 4468 1215 4505; x_wconf 90' lang='lat' dir='ltr'><strong>ac</strong></span> <span class='ocrx_word' id='word_1_579' title='bbox 1249 4453 1574 4516; x_wconf 85' lang='lat' dir='ltr'><strong>molestiam,</strong></span> <span class='ocrx_word' id='word_1_580' title='bbox 1610 4462 1831 4520; x_wconf 82' lang='lat' dir='ltr'><strong>propter</strong></span> 
     </span>
    </p>
   </div>
   <div class='ocr_carea' id='block_1_76' title="bbox 232 4524 1828 4593">
    <p class='ocr_par' dir='ltr' id='par_1_76' title="bbox 232 4524 1828 4593">
     <span class='ocr_line' id='line_1_76' title="bbox 232 4524 1828 4593; baseline -0.003 -13"><span class='ocrx_word' id='word_1_581' title='bbox 232 4528 554 4580; x_wconf 66' lang='lat' dir='ltr'><strong>miraculum</strong></span> <span class='ocrx_word' id='word_1_582' title='bbox 583 4524 784 4579; x_wconf 89' lang='lat' dir='ltr'><strong>Christi</strong></span> <span class='ocrx_word' id='word_1_583' title='bbox 813 4539 964 4593; x_wconf 64' lang='lat' dir='ltr'><strong>passa</strong></span> <span class='ocrx_word' id='word_1_584' title='bbox 1000 4536 1112 4588; x_wconf 58' lang='lat' dir='ltr'><strong>est,</strong></span> <span class='ocrx_word' id='word_1_585' title='bbox 1158 4524 1251 4577; x_wconf 89' lang='lat' dir='ltr'><strong>sed</strong></span> <span class='ocrx_word' id='word_1_586' title='bbox 1282 4526 1445 4579; x_wconf 89' lang='lat' dir='ltr'><strong>etiam</strong></span> <span class='ocrx_word' id='word_1_587' title='bbox 1497 4526 1828 4583; x_wconf 85' lang='lat' dir='ltr'><strong>scandalum,</strong></span> 
     </span>
    </p>
   </div>
   <div class='ocr_carea' id='block_1_77' title="bbox 233 4596 1835 4668">
    <p class='ocr_par' dir='ltr' id='par_1_77' title="bbox 233 4596 1835 4668">
     <span class='ocr_line' id='line_1_77' title="bbox 233 4596 1835 4668; baseline -0.003 -18"><span class='ocrx_word' id='word_1_588' title='bbox 233 4598 517 4668; x_wconf 61' lang='lat' dir='ltr'><strong>quieridiat</strong></span> <span class='ocrx_word' id='word_1_589' title='bbox 545 4612 739 4664; x_wconf 85' lang='lat' dir='ltr'><strong>nempe</strong></span> <span class='ocrx_word' id='word_1_590' title='bbox 756 4610 879 4649; x_wconf 90' lang='lat' dir='ltr'><strong>eum</strong></span> <span class='ocrx_word' id='word_1_591' title='bbox 904 4596 1223 4650; x_wconf 82' lang='lat' dir='ltr'><strong>interficere</strong></span> <span class='ocrx_word' id='word_1_592' title='bbox 1250 4612 1264 4659; x_wconf 90' lang='lat'><strong>;</strong></span> <span class='ocrx_word' id='word_1_593' title='bbox 1293 4608 1345 4649; x_wconf 88' lang='lat' dir='ltr'><strong>at</strong></span> <span class='ocrx_word' id='word_1_594' title='bbox 1370 4598 1513 4649; x_wconf 91' lang='lat' dir='ltr'><strong>enim</strong></span> <span class='ocrx_word' id='word_1_595' title='bbox 1530 4610 1651 4650; x_wconf 89' lang='lat' dir='ltr'><strong>cum</strong></span> <span class='ocrx_word' id='word_1_596' title='bbox 1672 4597 1835 4650; x_wconf 83' lang='lat' dir='ltr'><strong>etiam</strong></span> 
     </span>
    </p>
   </div>
   <div class='ocr_carea' id='block_1_78' title="bbox 231 4666 1837 4737">
    <p class='ocr_par' dir='ltr' id='par_1_78' title="bbox 231 4666 1837 4737">
     <span class='ocr_line' id='line_1_78' title="bbox 231 4666 1837 4737; baseline -0.001 -15"><span class='ocrx_word' id='word_1_597' title='bbox 231 4666 355 4723; x_wconf 77' lang='lat' dir='ltr'><strong>eod.</strong></span> <span class='ocrx_word' id='word_1_598' title='bbox 387 4666 597 4722; x_wconf 80' lang='lat' dir='ltr'><strong>Octavii</strong></span> <span class='ocrx_word' id='word_1_599' title='bbox 630 4668 948 4737; x_wconf 67' lang='lat' dir='ltr'><strong>Pantagatlii</strong></span> <span class='ocrx_word' id='word_1_600' title='bbox 985 4671 1218 4721; x_wconf 88' lang='lat' dir='ltr'><strong>retineat</strong></span> <span class='ocrx_word' id='word_1_601' title='bbox 1262 4669 1588 4734; x_wconf 84' lang='lat' dir='ltr'><strong>scrupulum,</strong></span> <span class='ocrx_word' id='word_1_602' title='bbox 1625 4680 1837 4721; x_wconf 85' lang='lat' dir='ltr'><strong>motare</strong></span> 
     </span>
    </p>
   </div>
   <div class='ocr_carea' id='block_1_79' title="bbox 237 4739 1833 4810">
    <p class='ocr_par' dir='ltr' id='par_1_79' title="bbox 237 4739 1833 4810">
     <span class='ocr_line' id='line_1_79' title="bbox 237 4739 1833 4810; baseline -0.004 -16"><span class='ocrx_word' id='word_1_603' title='bbox 237 4742 405 4795; x_wconf 85' lang='lat' dir='ltr'><strong>nolui.</strong></span> <span class='ocrx_word' id='word_1_604' title='bbox 441 4741 585 4793; x_wconf 77' lang='lat' dir='ltr'><strong>Idem</strong></span> <span class='ocrx_word' id='word_1_605' title='bbox 617 4739 739 4794; x_wconf 85' lang='lat' dir='ltr'><strong>Cod.</strong></span> <span class='ocrx_word' id='word_1_606' title='bbox 775 4740 968 4795; x_wconf 88' lang='lat' dir='ltr'><strong>eodem</strong></span> <span class='ocrx_word' id='word_1_607' title='bbox 1000 4739 1119 4794; x_wconf 88' lang='lat' dir='ltr'><strong>loco</strong></span> <span class='ocrx_word' id='word_1_608' title='bbox 1154 4757 1250 4807; x_wconf 90' lang='lat' dir='ltr'><strong>pro</strong></span> <span class='ocrx_word' id='word_1_609' title='bbox 1295 4740 1436 4810; x_wconf 82' lang='lat' dir='ltr'><strong>plebs</strong></span> <span class='ocrx_word' id='word_1_610' title='bbox 1477 4741 1833 4808; x_wconf 79' lang='lat' dir='ltr'><strong>ignavissima,</strong></span> 
     </span>
    </p>
   </div>
   <div class='ocr_carea' id='block_1_80' title="bbox 235 4810 1835 4884">
    <p class='ocr_par' dir='ltr' id='par_1_80' title="bbox 235 4810 1835 4884">
     <span class='ocr_line' id='line_1_80' title="bbox 235 4810 1835 4884; baseline -0.001 -17"><span class='ocrx_word' id='word_1_611' title='bbox 235 4813 451 4882; x_wconf 87' lang='lat' dir='ltr'><strong>reponit</strong></span> <span class='ocrx_word' id='word_1_612' title='bbox 478 4812 831 4884; x_wconf 84' lang='lat' dir='ltr'><strong>ingratissima</strong></span> <span class='ocrx_word' id='word_1_613' title='bbox 857 4829 876 4877; x_wconf 86' lang='lat'><strong><em>;</em></strong></span> <span class='ocrx_word' id='word_1_614' title='bbox 902 4828 1061 4881; x_wconf 90' lang='lat' dir='ltr'><strong>quam</strong></span> <span class='ocrx_word' id='word_1_615' title='bbox 1095 4810 1385 4865; x_wconf 72' lang='lat' dir='ltr'><strong>let-timum</strong></span> <span class='ocrx_word' id='word_1_616' title='bbox 1430 4819 1642 4872; x_wconf 59' lang='lat' dir='ltr'><strong>vulgata</strong></span> <span class='ocrx_word' id='word_1_617' title='bbox 1686 4820 1835 4865; x_wconf 88' lang='lat' dir='ltr'><strong>certe</strong></span> 
     </span>
    </p>
   </div>
   <div class='ocr_carea' id='block_1_81' title="bbox 235 4884 1835 4952">
    <p class='ocr_par' dir='ltr' id='par_1_81' title="bbox 235 4884 1835 4952">
     <span class='ocr_line' id='line_1_81' title="bbox 235 4884 1835 4952; baseline -0.003 -13"><span class='ocrx_word' id='word_1_618' title='bbox 235 4887 543 4946; x_wconf 86' lang='lat' dir='ltr'><strong>meliorem,</strong></span> <span class='ocrx_word' id='word_1_619' title='bbox 572 4885 804 4938; x_wconf 84' lang='lat' dir='ltr'><strong>aliorum</strong></span> <span class='ocrx_word' id='word_1_620' title='bbox 838 4900 969 4937; x_wconf 66' lang='lat' dir='ltr'><strong>mss.</strong></span> <span class='ocrx_word' id='word_1_621' title='bbox 1006 4884 1185 4937; x_wconf 88' lang='lat' dir='ltr'><strong>nullus</strong></span> <span class='ocrx_word' id='word_1_622' title='bbox 1216 4884 1567 4952; x_wconf 82' lang='lat' dir='ltr'><strong>suppeditat;</strong></span> <span class='ocrx_word' id='word_1_623' title='bbox 1611 4885 1724 4935; x_wconf 79' lang='lat' dir='ltr'><strong>ha-e</strong></span> <span class='ocrx_word' id='word_1_624' title='bbox 1757 4892 1835 4935; x_wconf 88' lang='lat' dir='ltr'><strong>ta-</strong></span> 
     </span>
    </p>
   </div>
   <div class='ocr_carea' id='block_1_82' title="bbox 234 4954 1830 5023">
    <p class='ocr_par' dir='ltr' id='par_1_82' title="bbox 234 4954 1830 5023">
     <span class='ocr_line' id='line_1_82' title="bbox 234 4954 1830 5023; baseline -0.003 -12"><span class='ocrx_word' id='word_1_625' title='bbox 234 4971 357 5011; x_wconf 79' lang='lat' dir='ltr'><strong>men</strong></span> <span class='ocrx_word' id='word_1_626' title='bbox 388 4970 511 5010; x_wconf 90' lang='lat' dir='ltr'><strong>cum</strong></span> <span class='ocrx_word' id='word_1_627' title='bbox 544 4958 747 5023; x_wconf 75' lang='lat' dir='ltr'><strong>scripta</strong></span> <span class='ocrx_word' id='word_1_628' title='bbox 779 4957 850 5009; x_wconf 90' lang='lat' dir='ltr'><strong>sit</strong></span> <span class='ocrx_word' id='word_1_629' title='bbox 899 4957 964 5009; x_wconf 86' lang='lat' dir='ltr'><strong>ad</strong></span> <span class='ocrx_word' id='word_1_630' title='bbox 1004 4971 1152 5009; x_wconf 83' lang='lat' dir='ltr'><strong>oram</strong></span> <span class='ocrx_word' id='word_1_631' title='bbox 1192 4954 1398 5009; x_wconf 67' lang='lat' dir='ltr'><strong>cnidicis</strong></span> <span class='ocrx_word' id='word_1_632' title='bbox 1425 4996 1440 5021; x_wconf 92' lang='lat'><strong>,</strong></span> <span class='ocrx_word' id='word_1_633' title='bbox 1492 4968 1551 5010; x_wconf 90' lang='lat' dir='ltr'><strong>ut</strong></span> <span class='ocrx_word' id='word_1_634' title='bbox 1592 4956 1830 5018; x_wconf 89' lang='lat' dir='ltr'><strong>videtur,</strong></span> 
     </span>
    </p>
   </div>
   <div class='ocr_carea' id='block_1_83' title="bbox 233 5028 1830 5097">
    <p class='ocr_par' dir='ltr' id='par_1_83' title="bbox 233 5028 1830 5097">
     <span class='ocr_line' id='line_1_83' title="bbox 233 5028 1830 5097; baseline -0.001 -15"><span class='ocrx_word' id='word_1_635' title='bbox 233 5044 397 5083; x_wconf 85' lang='lat' dir='ltr'><strong>manu</strong></span> <span class='ocrx_word' id='word_1_636' title='bbox 429 5029 775 5097; x_wconf 85' lang='lat' dir='ltr'><strong>Pautagatbi,</strong></span> <span class='ocrx_word' id='word_1_637' title='bbox 808 5028 932 5083; x_wconf 88' lang='lat' dir='ltr'><strong>ideo</strong></span> <span class='ocrx_word' id='word_1_638' title='bbox 962 5028 1015 5083; x_wconf 90' lang='lat' dir='ltr'><strong>iu</strong></span> <span class='ocrx_word' id='word_1_639' title='bbox 1048 5036 1255 5083; x_wconf 79' lang='lat' dir='ltr'><strong>textum</strong></span> <span class='ocrx_word' id='word_1_640' title='bbox 1282 5028 1539 5082; x_wconf 89' lang='lat' dir='ltr'><strong>inducere</strong></span> <span class='ocrx_word' id='word_1_641' title='bbox 1568 5042 1688 5083; x_wconf 88' lang='lat' dir='ltr'><strong>eam</strong></span> <span class='ocrx_word' id='word_1_642' title='bbox 1724 5043 1830 5081; x_wconf 86' lang='lat' dir='ltr'><strong>non</strong></span> 
     </span>
    </p>
   </div>
   <div class='ocr_carea' id='block_1_84' title="bbox 233 5100 414 5156">
    <p class='ocr_par' dir='ltr' id='par_1_84' title="bbox 233 5100 414 5156">
     <span class='ocr_line' id='line_1_84' title="bbox 233 5100 414 5156; baseline -0.028 0"><span class='ocrx_word' id='word_1_643' title='bbox 233 5100 414 5156; x_wconf 87' lang='lat' dir='ltr'><strong>libuit.</strong></span> 
     </span>
    </p>
   </div>
   <div class='ocr_carea' id='block_1_85' title="bbox 302 5170 1235 5243">
    <p class='ocr_par' dir='ltr' id='par_1_85' title="bbox 302 5170 1235 5243">
     <span class='ocr_line' id='line_1_85' title="bbox 302 5170 1235 5243; baseline 0 -19"><span class='ocrx_word' id='word_1_644' title='bbox 302 5171 331 5210; x_wconf 70' lang='grc' dir='ltr'><strong>ι)</strong></span> <span class='ocrx_word' id='word_1_645' title='bbox 365 5174 482 5225; x_wconf 88' lang='lat' dir='ltr'><strong>Duo</strong></span> <span class='ocrx_word' id='word_1_646' title='bbox 510 5170 658 5226; x_wconf 86' lang='lat' dir='ltr'><strong>Vatt.</strong></span> <span class='ocrx_word' id='word_1_647' title='bbox 692 5170 856 5243; x_wconf 70' lang='lat' dir='ltr'><strong>ipsius</strong></span> <span class='ocrx_word' id='word_1_648' title='bbox 891 5172 1235 5241; x_wconf 79' lang='lat' dir='ltr'><strong>evaugelistce.</strong></span> 
     </span>
    </p>
   </div>
   <div class='ocr_carea' id='block_1_86' title="bbox 305 5242 1831 5312">
    <p class='ocr_par' dir='ltr' id='par_1_86' title="bbox 305 5242 1831 5312">
     <span class='ocr_line' id='line_1_86' title="bbox 305 5242 1831 5312; baseline 0 -17"><span class='ocrx_word' id='word_1_649' title='bbox 305 5255 326 5282; x_wconf 76' lang='grc' dir='ltr'><strong>ο</strong></span> <span class='ocrx_word' id='word_1_650' title='bbox 366 5244 508 5305; x_wconf 74' lang='lat' dir='ltr'><strong>Vatt,</strong></span> <span class='ocrx_word' id='word_1_651' title='bbox 544 5244 651 5297; x_wconf 87' lang='lat' dir='ltr'><strong>duo</strong></span> <span class='ocrx_word' id='word_1_652' title='bbox 678 5257 732 5296; x_wconf 89' lang='lat' dir='ltr'><strong>et</strong></span> <span class='ocrx_word' id='word_1_653' title='bbox 757 5242 929 5309; x_wconf 84' lang='lat' dir='ltr'><strong>Flor.,</strong></span> <span class='ocrx_word' id='word_1_654' title='bbox 960 5245 1047 5309; x_wconf 86' lang='lat' dir='ltr'><strong>qui</strong></span> <span class='ocrx_word' id='word_1_655' title='bbox 1077 5245 1441 5297; x_wconf 87' lang='lat' dir='ltr'><strong>scriberentur.</strong></span> <span class='ocrx_word' id='word_1_656' title='bbox 1479 5243 1584 5297; x_wconf 88' lang='lat' dir='ltr'><strong>Sed</strong></span> <span class='ocrx_word' id='word_1_657' title='bbox 1613 5246 1831 5312; x_wconf 80' lang='lat' dir='ltr'><strong>fortasse</strong></span> 
     </span>
    </p>
   </div>
   <div class='ocr_carea' id='block_1_87' title="bbox 230 5315 1829 5384">
    <p class='ocr_par' dir='ltr' id='par_1_87' title="bbox 230 5315 1829 5384">
     <span class='ocr_line' id='line_1_87' title="bbox 230 5315 1829 5384; baseline -0.002 -14"><span class='ocrx_word' id='word_1_658' title='bbox 230 5317 392 5372; x_wconf 86' lang='lat' dir='ltr'><strong>dicat.</strong></span> <span class='ocrx_word' id='word_1_659' title='bbox 423 5317 622 5384; x_wconf 90' lang='lat' dir='ltr'><strong>quibus</strong></span> <span class='ocrx_word' id='word_1_660' title='bbox 648 5316 922 5369; x_wconf 91' lang='lat' dir='ltr'><strong>consentit</strong></span> <span class='ocrx_word' id='word_1_661' title='bbox 956 5315 1091 5369; x_wconf 88' lang='lat' dir='ltr'><strong>liber</strong></span> <span class='ocrx_word' id='word_1_662' title='bbox 1124 5316 1465 5383; x_wconf 73' lang='lat' dir='ltr'><strong>Pantagailii.</strong></span> <span class='ocrx_word' id='word_1_663' title='bbox 1510 5317 1647 5367; x_wconf 72' lang='lat' dir='ltr'><strong>Editi</strong></span> <span class='ocrx_word' id='word_1_664' title='bbox 1684 5316 1829 5383; x_wconf 88' lang='lat' dir='ltr'><strong>lege-</strong></span> 
     </span>
    </p>
   </div>
   <div class='ocr_carea' id='block_1_88' title="bbox 228 5385 1828 5460">
    <p class='ocr_par' dir='ltr' id='par_1_88' title="bbox 228 5385 1828 5460">
     <span class='ocr_line' id='line_1_88' title="bbox 228 5385 1828 5460; baseline -0.004 -16"><span class='ocrx_word' id='word_1_665' title='bbox 228 5388 360 5444; x_wconf 84' lang='lat' dir='ltr'><strong>bant</strong></span> <span class='ocrx_word' id='word_1_666' title='bbox 393 5390 613 5460; x_wconf 83' lang='lat' dir='ltr'><strong>fortasse</strong></span> <span class='ocrx_word' id='word_1_667' title='bbox 643 5386 792 5439; x_wconf 80' lang='lat' dir='ltr'><strong>dicit.</strong></span> <span class='ocrx_word' id='word_1_668' title='bbox 829 5385 1049 5455; x_wconf 86' lang='lat' dir='ltr'><strong>Vulgata</strong></span> <span class='ocrx_word' id='word_1_669' title='bbox 1082 5388 1254 5460; x_wconf 82' lang='lat' dir='ltr'><strong>editio</strong></span> <span class='ocrx_word' id='word_1_670' title='bbox 1281 5403 1378 5460; x_wconf 8' lang='lat' dir='ltr'><strong>nec?</strong></span> <span class='ocrx_word' id='word_1_671' title='bbox 1399 5386 1828 5460; x_wconf 12' lang='lat' dir='ltr'><strong>ipsummarbitror</strong></span> 
     </span>
    </p>
   </div>
   <div class='ocr_carea' id='block_1_89' title="bbox 229 5458 1828 5527">
    <p class='ocr_par' dir='ltr' id='par_1_89' title="bbox 229 5458 1828 5527">
     <span class='ocr_line' id='line_1_89' title="bbox 229 5458 1828 5527; baseline -0.002 -13"><span class='ocrx_word' id='word_1_672' title='bbox 229 5458 485 5514; x_wconf 80' lang='lat' dir='ltr'><strong>mundum</strong></span> <span class='ocrx_word' id='word_1_673' title='bbox 513 5474 696 5525; x_wconf 85' lang='lat' dir='ltr'><strong>capere</strong></span> <span class='ocrx_word' id='word_1_674' title='bbox 720 5474 869 5526; x_wconf 80' lang='lat' dir='ltr'><strong>posse</strong></span> <span class='ocrx_word' id='word_1_675' title='bbox 896 5474 982 5511; x_wconf 85' lang='lat' dir='ltr'><strong>eos</strong></span> <span class='ocrx_word' id='word_1_676' title='bbox 1012 5460 1097 5527; x_wconf 88' lang='lat' dir='ltr'><strong>qui</strong></span> <span class='ocrx_word' id='word_1_677' title='bbox 1120 5458 1379 5511; x_wconf 80' lang='lat' dir='ltr'><strong>scribendi</strong></span> <span class='ocrx_word' id='word_1_678' title='bbox 1407 5468 1526 5511; x_wconf 88' lang='lat' dir='ltr'><strong>sunt</strong></span> <span class='ocrx_word' id='word_1_679' title='bbox 1549 5458 1722 5509; x_wconf 84' lang='lat' dir='ltr'><strong>libros.</strong></span> <span class='ocrx_word' id='word_1_680' title='bbox 1756 5459 1828 5511; x_wconf 82' lang='lat' dir='ltr'><strong>De</strong></span> 
     </span>
    </p>
   </div>
   <div class='ocr_carea' id='block_1_90' title="bbox 231 5527 1825 5600">
    <p class='ocr_par' dir='ltr' id='par_1_90' title="bbox 231 5527 1825 5600">
     <span class='ocr_line' id='line_1_90' title="bbox 231 5527 1825 5600; baseline -0.003 -13"><span class='ocrx_word' id='word_1_681' title='bbox 231 5532 331 5597; x_wconf 82' lang='lat' dir='ltr'><strong>ltac</strong></span> <span class='ocrx_word' id='word_1_682' title='bbox 358 5529 669 5600; x_wconf 76' lang='lat' dir='ltr'><strong>Evangeltri</strong></span> <span class='ocrx_word' id='word_1_683' title='bbox 704 5540 883 5584; x_wconf 84' lang='lat' dir='ltr'><strong>textus</strong></span> <span class='ocrx_word' id='word_1_684' title='bbox 913 5531 1212 5600; x_wconf 85' lang='lat' dir='ltr'><strong>hyperbole</strong></span> <span class='ocrx_word' id='word_1_685' title='bbox 1242 5530 1387 5590; x_wconf 82' lang='lat' dir='ltr'><strong>vide.</strong></span> <span class='ocrx_word' id='word_1_686' title='bbox 1425 5530 1471 5582; x_wconf 75' lang='lat' dir='ltr'><strong>si</strong></span> <span class='ocrx_word' id='word_1_687' title='bbox 1519 5530 1685 5592; x_wconf 73' lang='lat' dir='ltr'><strong>lubv-t,</strong></span> <span class='ocrx_word' id='word_1_688' title='bbox 1723 5527 1825 5583; x_wconf 75' lang='lat' dir='ltr'><strong>Fa-</strong></span> 
     </span>
    </p>
   </div>
   <div class='ocr_carea' id='block_1_91' title="bbox 228 5602 1825 5670">
    <p class='ocr_par' dir='ltr' id='par_1_91' title="bbox 228 5602 1825 5670">
     <span class='ocr_line' id='line_1_91' title="bbox 228 5602 1825 5670; baseline -0.004 -11"><span class='ocrx_word' id='word_1_689' title='bbox 228 5604 387 5659; x_wconf 82' lang='lat' dir='ltr'><strong>bricii</strong></span> <span class='ocrx_word' id='word_1_690' title='bbox 419 5612 574 5656; x_wconf 79' lang='lat' dir='ltr'><strong>notas</strong></span> <span class='ocrx_word' id='word_1_691' title='bbox 603 5604 668 5654; x_wconf 86' lang='lat' dir='ltr'><strong>ad</strong></span> <span class='ocrx_word' id='word_1_692' title='bbox 706 5602 1085 5666; x_wconf 71' lang='lat' dir='ltr'><strong>Philastrium,</strong></span> <span class='ocrx_word' id='word_1_693' title='bbox 1123 5617 1324 5670; x_wconf 87' lang='lat' dir='ltr'><strong>supra,</strong></span> <span class='ocrx_word' id='word_1_694' title='bbox 1365 5615 1419 5670; x_wconf 91' lang='lat' dir='ltr'><strong>p.</strong></span> <span class='ocrx_word' id='word_1_695' title='bbox 1456 5602 1554 5661; x_wconf 80' lang='lat'><strong>79,</strong></span> <span class='ocrx_word' id='word_1_696' title='bbox 1583 5602 1825 5668; x_wconf 86' lang='lat' dir='ltr'><strong>itemque</strong></span> 
     </span>
    </p>
   </div>
   <div class='ocr_carea' id='block_1_92' title="bbox 228 5671 1821 5743">
    <p class='ocr_par' dir='ltr' id='par_1_92' title="bbox 228 5671 1821 5743">
     <span class='ocr_line' id='line_1_92' title="bbox 228 5671 1821 5743; baseline -0.004 -12"><span class='ocrx_word' id='word_1_697' title='bbox 228 5676 487 5731; x_wconf 78' lang='lat' dir='ltr'><strong>eumdem</strong></span> <span class='ocrx_word' id='word_1_698' title='bbox 523 5672 850 5739; x_wconf 73' lang='lat' dir='ltr'><strong>Fabricium,</strong></span> <span class='ocrx_word' id='word_1_699' title='bbox 886 5673 937 5727; x_wconf 89' lang='grc'><strong>111</strong></span> <span class='ocrx_word' id='word_1_700' title='bbox 967 5673 1090 5727; x_wconf 84' lang='lat' dir='ltr'><strong>eod.</strong></span> <span class='ocrx_word' id='word_1_701' title='bbox 1126 5678 1452 5743; x_wconf 67' lang='lat' dir='ltr'><strong>Apocrypbo</strong></span> <span class='ocrx_word' id='word_1_702' title='bbox 1491 5672 1552 5725; x_wconf 89' lang='lat' dir='ltr'><strong>N.</strong></span> <span class='ocrx_word' id='word_1_703' title='bbox 1586 5671 1651 5725; x_wconf 88' lang='lat' dir='ltr'><strong>T.</strong></span> <span class='ocrx_word' id='word_1_704' title='bbox 1706 5687 1821 5740; x_wconf 84' lang='lat' dir='ltr'><strong>par.</strong></span> 
     </span>
    </p>
   </div>
   <div class='ocr_carea' id='block_1_93' title="bbox 229 5744 1824 5815">
    <p class='ocr_par' dir='ltr' id='par_1_93' title="bbox 229 5744 1824 5815">
     <span class='ocr_line' id='line_1_93' title="bbox 229 5744 1824 5815; baseline -0.003 -12"><span class='ocrx_word' id='word_1_705' title='bbox 229 5764 271 5814; x_wconf 88' lang='lat' dir='ltr'><strong>l,</strong></span> <span class='ocrx_word' id='word_1_706' title='bbox 306 5764 427 5815; x_wconf 76' lang='lat' dir='ltr'><strong>pag.</strong></span> <span class='ocrx_word' id='word_1_707' title='bbox 460 5747 587 5807; x_wconf 67' lang='lat'><strong>52!.</strong></span> <span class='ocrx_word' id='word_1_708' title='bbox 614 5754 669 5799; x_wconf 90' lang='lat' dir='ltr'><strong>et</strong></span> <span class='ocrx_word' id='word_1_709' title='bbox 698 5760 811 5813; x_wconf 87' lang='lat' dir='ltr'><strong>par.</strong></span> <span class='ocrx_word' id='word_1_710' title='bbox 844 5761 921 5810; x_wconf 92' lang='grc'><strong>111,</strong></span> <span class='ocrx_word' id='word_1_711' title='bbox 962 5763 1014 5812; x_wconf 88' lang='lat' dir='ltr'><strong>p.</strong></span> <span class='ocrx_word' id='word_1_712' title='bbox 1048 5745 1176 5807; x_wconf 75' lang='lat'><strong>517,</strong></span> <span class='ocrx_word' id='word_1_713' title='bbox 1229 5750 1301 5797; x_wconf 90' lang='lat' dir='ltr'><strong>uti</strong></span> <span class='ocrx_word' id='word_1_714' title='bbox 1351 5755 1405 5798; x_wconf 88' lang='lat' dir='ltr'><strong>et</strong></span> <span class='ocrx_word' id='word_1_715' title='bbox 1451 5744 1734 5811; x_wconf 85' lang='lat' dir='ltr'><strong>Grotinm,</strong></span> <span class='ocrx_word' id='word_1_716' title='bbox 1773 5746 1824 5798; x_wconf 92' lang='lat' dir='ltr'><strong>in</strong></span> 
     </span>
    </p>
   </div>
   <div class='ocr_carea' id='block_1_94' title="bbox 229 5816 1532 5945">
    <p class='ocr_par' dir='ltr' id='par_1_94' title="bbox 229 5816 1532 5945">
     <span class='ocr_line' id='line_1_94' title="bbox 229 5816 1532 5945; baseline -0.004 -72"><span class='ocrx_word' id='word_1_717' title='bbox 229 5819 448 5873; x_wconf 71' lang='lat' dir='ltr'><strong>Criticis</strong></span> <span class='ocrx_word' id='word_1_718' title='bbox 478 5817 779 5883; x_wconf 88' lang='lat' dir='ltr'><strong>Pearsouii,</strong></span> <span class='ocrx_word' id='word_1_719' title='bbox 809 5818 876 5871; x_wconf 87' lang='lat' dir='ltr'><strong>ad</strong></span> <span class='ocrx_word' id='word_1_720' title='bbox 907 5818 1050 5945; x_wconf 35' lang='lat' dir='ltr'><strong>hquc</strong></span> <span class='ocrx_word' id='word_1_721' title='bbox 1077 5816 1303 5871; x_wconf 82' lang='lat' dir='ltr'><strong>Joannis</strong></span> <span class='ocrx_word' id='word_1_722' title='bbox 1334 5817 1532 5871; x_wconf 83' lang='lat' dir='ltr'><strong>locmu.</strong></span> 
     </span>
     <span class='ocr_line' id='line_1_95' title="bbox 302 5888 1532 5945; baseline 0 -2"><span class='ocrx_word' id='word_1_723' title='bbox 302 5888 327 5929; x_wconf 72' lang='grc' dir='ltr'>ἀ</span> <span class='ocrx_word' id='word_1_724' title='bbox 362 5891 548 5945; x_wconf 77' lang='lat' dir='ltr'><strong>Lectio</strong></span> <span class='ocrx_word' id='word_1_725' title='bbox 574 5892 639 5944; x_wconf 81' lang='lat' dir='ltr'><strong>ex</strong></span> <span class='ocrx_word' id='word_1_726' title='bbox 678 5889 889 5945; x_wconf 84' lang='lat' dir='ltr'><strong>duobus</strong></span> <span class='ocrx_word' id='word_1_727' title='bbox 993 5894 1088 5943; x_wconf 79' lang='lat' dir='ltr'><strong>att.</strong></span> <span class='ocrx_word' id='word_1_728' title='bbox 1148 5889 1458 5945; x_wconf 81' lang='lat' dir='ltr'><strong>desumpta.</strong></span> <span class='ocrx_word' id='word_1_729' title='bbox 1492 5888 1532 5943; x_wconf 83' lang='lat' dir='ltr'><strong>E</strong></span> 
     </span>
    </p>
   </div>
   <div class='ocr_carea' id='block_1_95' title="bbox 302 5884 1824 5957">
    <p class='ocr_par' dir='ltr' id='par_1_95' title="bbox 302 5884 1824 5957">
     <span class='ocr_line' id='line_1_96' title="bbox 302 5884 1824 5957; baseline -0.005 -14"><span class='ocrx_word' id='word_1_730' title='bbox 302 5888 327 5929; x_wconf 72' lang='grc' dir='ltr'>ἀ</span> <span class='ocrx_word' id='word_1_731' title='bbox 362 5891 548 5947; x_wconf 77' lang='lat' dir='ltr'><strong>Lectio</strong></span> <span class='ocrx_word' id='word_1_732' title='bbox 574 5892 639 5944; x_wconf 78' lang='lat' dir='ltr'><strong>ex</strong></span> <span class='ocrx_word' id='word_1_733' title='bbox 678 5889 889 5945; x_wconf 83' lang='lat' dir='ltr'><strong>duobus</strong></span> <span class='ocrx_word' id='word_1_734' title='bbox 948 5884 1088 5945; x_wconf 71' lang='lat' dir='ltr'><strong>Vati.</strong></span> <span class='ocrx_word' id='word_1_735' title='bbox 1148 5889 1458 5957; x_wconf 77' lang='lat' dir='ltr'><strong>desumpta.</strong></span> <span class='ocrx_word' id='word_1_736' title='bbox 1492 5886 1639 5944; x_wconf 82' lang='lat' dir='ltr'><strong>Editl</strong></span> <span class='ocrx_word' id='word_1_737' title='bbox 1692 5884 1824 5939; x_wconf 82' lang='lat' dir='ltr'><strong>nihil</strong></span> 
     </span>
    </p>
   </div>
   <div class='ocr_carea' id='block_1_96' title="bbox 1947 3349 3551 3420">
    <p class='ocr_par' dir='ltr' id='par_1_96' title="bbox 1947 3349 3551 3420">
     <span class='ocr_line' id='line_1_97' title="bbox 1947 3349 3551 3420; baseline -0.006 -10"><span class='ocrx_word' id='word_1_738' title='bbox 1947 3357 2069 3412; x_wconf 89' lang='lat' dir='ltr'><strong>dem</strong></span> <span class='ocrx_word' id='word_1_739' title='bbox 2102 3356 2305 3410; x_wconf 89' lang='lat' dir='ltr'><strong>dicitur</strong></span> <span class='ocrx_word' id='word_1_740' title='bbox 2334 3354 2515 3419; x_wconf 84' lang='lat' dir='ltr'><strong>Jesus,</strong></span> <span class='ocrx_word' id='word_1_741' title='bbox 2549 3352 2689 3408; x_wconf 90' lang='lat' dir='ltr'><strong>sicut</strong></span> <span class='ocrx_word' id='word_1_742' title='bbox 2735 3352 2980 3406; x_wconf 88' lang='lat' dir='ltr'><strong>declarat</strong></span> <span class='ocrx_word' id='word_1_743' title='bbox 3007 3349 3273 3420; x_wconf 82' lang='lat' dir='ltr'><strong>Angelus,</strong></span> <span class='ocrx_word' id='word_1_744' title='bbox 3302 3364 3423 3402; x_wconf 86' lang='lat' dir='ltr'><strong>eum</strong></span> <span class='ocrx_word' id='word_1_745' title='bbox 3452 3362 3551 3418; x_wconf 90' lang='lat' dir='ltr'><strong>per</strong></span> 
     </span>
    </p>
   </div>
   <div class='ocr_carea' id='block_1_97' title="bbox 1946 3440 3549 3513">
    <p class='ocr_par' dir='ltr' id='par_1_97' title="bbox 1946 3440 3549 3513">
     <span class='ocr_line' id='line_1_98' title="bbox 1946 3440 3549 3513; baseline -0.006 -11"><span class='ocrx_word' id='word_1_746' title='bbox 1946 3449 2217 3505; x_wconf 90' lang='lat' dir='ltr'><strong>somnium</strong></span> <span class='ocrx_word' id='word_1_747' title='bbox 2246 3448 2314 3503; x_wconf 90' lang='lat' dir='ltr'><strong>de</strong></span> <span class='ocrx_word' id='word_1_748' title='bbox 2340 3444 2560 3501; x_wconf 86' lang='lat' dir='ltr'><strong>Christo</strong></span> <span class='ocrx_word' id='word_1_749' title='bbox 2607 3445 2851 3513; x_wconf 90' lang='lat' dir='ltr'><strong>loquitur</strong></span> <span class='ocrx_word' id='word_1_750' title='bbox 2899 3442 2966 3497; x_wconf 90' lang='lat' dir='ltr'><strong>ad</strong></span> <span class='ocrx_word' id='word_1_751' title='bbox 3016 3441 3264 3506; x_wconf 79' lang='lat' dir='ltr'><strong>Joseph:</strong></span> <span class='ocrx_word' id='word_1_752' title='bbox 3308 3440 3549 3505; x_wconf 85' lang='lat' dir='ltr'><strong>Vocabis,</strong></span> 
     </span>
    </p>
   </div>
   <div class='ocr_carea' id='block_1_98' title="bbox 1946 3534 3551 3612">
    <p class='ocr_par' dir='ltr' id='par_1_98' title="bbox 1946 3534 3551 3612">
     <span class='ocr_line' id='line_1_99' title="bbox 1946 3534 3551 3612; baseline -0.007 -14"><span class='ocrx_word' id='word_1_753' title='bbox 1946 3542 2143 3612; x_wconf 87' lang='lat' dir='ltr'><strong>inquit,</strong></span> <span class='ocrx_word' id='word_1_754' title='bbox 2178 3557 2361 3595; x_wconf 87' lang='lat' dir='ltr'><strong>nomen</strong></span> <span class='ocrx_word' id='word_1_755' title='bbox 2393 3541 2505 3610; x_wconf 84' lang='lat' dir='ltr'><strong>ejus</strong></span> <span class='ocrx_word' id='word_1_756' title='bbox 2550 3537 2772 3592; x_wconf 80' lang='lat' dir='ltr'><strong>Jesum:</strong></span> <span class='ocrx_word' id='word_1_757' title='bbox 2826 3539 2937 3605; x_wconf 85' lang='lat' dir='ltr'><strong>ipse</strong></span> <span class='ocrx_word' id='word_1_758' title='bbox 2977 3537 3115 3590; x_wconf 85' lang='lat' dir='ltr'><strong>enim</strong></span> <span class='ocrx_word' id='word_1_759' title='bbox 3157 3534 3356 3589; x_wconf 84' lang='lat' dir='ltr'><strong>salvum</strong></span> <span class='ocrx_word' id='word_1_760' title='bbox 3398 3534 3551 3605; x_wconf 79' lang='lat' dir='ltr'><strong>faciet</strong></span> 
     </span>
    </p>
   </div>
   <div class='ocr_carea' id='block_1_99' title="bbox 1949 3626 3546 3709">
    <p class='ocr_par' dir='ltr' id='par_1_99' title="bbox 1949 3626 3546 3709">
     <span class='ocr_line' id='line_1_100' title="bbox 1949 3626 3546 3709; baseline -0.008 -19"><span class='ocrx_word' id='word_1_761' title='bbox 1949 3636 2198 3709; x_wconf 88' lang='lat' dir='ltr'><strong>papulum</strong></span> <span class='ocrx_word' id='word_1_762' title='bbox 2228 3651 2377 3688; x_wconf 88' lang='lat' dir='ltr'><strong>suum</strong></span> <span class='ocrx_word' id='word_1_763' title='bbox 2403 3650 2433 3687; x_wconf 92' lang='lat' dir='ltr'><strong>a</strong></span> <span class='ocrx_word' id='word_1_764' title='bbox 2458 3638 2680 3703; x_wconf 81' lang='lat' dir='ltr'><strong>peccatis</strong></span> <span class='ocrx_word' id='word_1_765' title='bbox 2702 3648 2880 3685; x_wconf 86' lang='lat' dir='ltr'><strong>eorum</strong></span> <span class='ocrx_word' id='word_1_766' title='bbox 2911 3627 3130 3700; x_wconf 81' lang='lat' dir='ltr'><strong>(Matth.</strong></span> <span class='ocrx_word' id='word_1_767' title='bbox 3167 3628 3229 3699; x_wconf 93' lang='grc'><strong>1).</strong></span> <span class='ocrx_word' id='word_1_768' title='bbox 3265 3626 3364 3681; x_wconf 89' lang='lat' dir='ltr'><strong>Ille</strong></span> <span class='ocrx_word' id='word_1_769' title='bbox 3390 3642 3546 3697; x_wconf 91' lang='lat' dir='ltr'><strong>ergo,</strong></span> 
     </span>
    </p>
   </div>
   <div class='ocr_carea' id='block_1_100' title="bbox 1949 3718 3554 3799">
    <p class='ocr_par' dir='ltr' id='par_1_100' title="bbox 1949 3718 3554 3799">
     <span class='ocr_line' id='line_1_101' title="bbox 1949 3718 3554 3799; baseline -0.007 -15"><span class='ocrx_word' id='word_1_770' title='bbox 1949 3730 2147 3799; x_wconf 91' lang='lat' dir='ltr'><strong>inquit,</strong></span> <span class='ocrx_word' id='word_1_771' title='bbox 2202 3743 2281 3780; x_wconf 87' lang='lat' dir='ltr'><strong>me</strong></span> <span class='ocrx_word' id='word_1_772' title='bbox 2325 3728 2442 3798; x_wconf 83' lang='lat' dir='ltr'><strong>fecit</strong></span> <span class='ocrx_word' id='word_1_773' title='bbox 2481 3742 2665 3779; x_wconf 89' lang='lat' dir='ltr'><strong>sanum</strong></span> <span class='ocrx_word' id='word_1_774' title='bbox 2690 3723 2847 3794; x_wconf 88' lang='lat' dir='ltr'><strong>cujus</strong></span> <span class='ocrx_word' id='word_1_775' title='bbox 2876 3731 2933 3777; x_wconf 92' lang='lat' dir='ltr'><strong>et</strong></span> <span class='ocrx_word' id='word_1_776' title='bbox 2958 3737 3154 3777; x_wconf 89' lang='lat' dir='ltr'><strong>nomen</strong></span> <span class='ocrx_word' id='word_1_777' title='bbox 3181 3720 3328 3775; x_wconf 88' lang='lat' dir='ltr'><strong>salus</strong></span> <span class='ocrx_word' id='word_1_778' title='bbox 3350 3728 3452 3774; x_wconf 84' lang='lat' dir='ltr'><strong>est.</strong></span> <span class='ocrx_word' id='word_1_779' title='bbox 3483 3718 3554 3773; x_wconf 84' lang='lat' dir='ltr'><strong>Et</strong></span> 
     </span>
    </p>
   </div>
   <div class='ocr_carea' id='block_1_101' title="bbox 1952 3811 3548 3893">
    <p class='ocr_par' dir='ltr' id='par_1_101' title="bbox 1952 3811 3548 3893">
     <span class='ocr_line' id='line_1_102' title="bbox 1952 3811 3548 3893; baseline -0.006 -18"><span class='ocrx_word' id='word_1_780' title='bbox 1952 3820 1977 3859; x_wconf 68' lang='grc' dir='ltr'>ιι</span> <span class='ocrx_word' id='word_1_781' title='bbox 2008 3821 2283 3893; x_wconf 89' lang='lat' dir='ltr'><strong>quomodo</strong></span> <span class='ocrx_word' id='word_1_782' title='bbox 2315 3821 2517 3891; x_wconf 89' lang='lat' dir='ltr'><strong>poterit</strong></span> <span class='ocrx_word' id='word_1_783' title='bbox 2558 3820 2704 3873; x_wconf 88' lang='lat' dir='ltr'><strong>salus</strong></span> <span class='ocrx_word' id='word_1_784' title='bbox 2741 3816 3061 3884; x_wconf 71' lang='lat' dir='ltr'><strong>praescripta</strong></span> <span class='ocrx_word' id='word_1_785' title='bbox 3102 3815 3222 3885; x_wconf 83' lang='lat' dir='ltr'><strong>lege</strong></span> <span class='ocrx_word' id='word_1_786' title='bbox 3266 3811 3548 3882; x_wconf 91' lang='lat' dir='ltr'><strong>prohiberi</strong></span> 
     </span>
    </p>
   </div>
   <div class='ocr_carea' id='block_1_102' title="bbox 1949 3909 3553 3983">
    <p class='ocr_par' dir='ltr' id='par_1_102' title="bbox 1949 3909 3553 3983">
     <span class='ocr_line' id='line_1_103' title="bbox 1949 3909 3553 3983; baseline -0.007 -10"><span class='ocrx_word' id='word_1_787' title='bbox 1949 3934 2017 3973; x_wconf 90' lang='lat' dir='ltr'><strong>ne</strong></span> <span class='ocrx_word' id='word_1_788' title='bbox 2061 3918 2233 3971; x_wconf 89' lang='lat' dir='ltr'><strong>salvet</strong></span> <span class='ocrx_word' id='word_1_789' title='bbox 2257 3961 2271 3983; x_wconf 87' lang='lat'><strong>,</strong></span> <span class='ocrx_word' id='word_1_790' title='bbox 2319 3928 2412 3970; x_wconf 88' lang='lat' dir='ltr'><strong>aut</strong></span> <span class='ocrx_word' id='word_1_791' title='bbox 2452 3915 2802 3969; x_wconf 88' lang='lat' dir='ltr'><strong>sabbatorum</strong></span> <span class='ocrx_word' id='word_1_792' title='bbox 2831 3913 3149 3968; x_wconf 91' lang='lat' dir='ltr'><strong>conditione</strong></span> <span class='ocrx_word' id='word_1_793' title='bbox 3179 3909 3451 3965; x_wconf 82' lang='lat' dir='ltr'><strong>immutari</strong></span> <span class='ocrx_word' id='word_1_794' title='bbox 3484 3924 3553 3963; x_wconf 88' lang='lat' dir='ltr'><strong>ne</strong></span> 
     </span>
    </p>
   </div>
   <div class='ocr_carea' id='block_1_103' title="bbox 1948 4002 3549 4071">
    <p class='ocr_par' dir='ltr' id='par_1_103' title="bbox 1948 4002 3549 4071">
     <span class='ocr_line' id='line_1_104' title="bbox 1948 4002 3549 4071; baseline -0.006 -6"><span class='ocrx_word' id='word_1_795' title='bbox 1948 4011 2094 4066; x_wconf 88' lang='lat' dir='ltr'><strong>salus</strong></span> <span class='ocrx_word' id='word_1_796' title='bbox 2124 4011 2233 4063; x_wconf 86' lang='lat' dir='ltr'><strong>sit?</strong></span> <span class='ocrx_word' id='word_1_797' title='bbox 2252 4008 2541 4064; x_wconf 83' lang='lat' dir='ltr'><strong>Videamus</strong></span> <span class='ocrx_word' id='word_1_798' title='bbox 2570 4020 2773 4071; x_wconf 88' lang='lat' dir='ltr'><strong>tamen,</strong></span> <span class='ocrx_word' id='word_1_799' title='bbox 2807 4006 3005 4060; x_wconf 82' lang='lat' dir='ltr'><strong>fratres</strong></span> <span class='ocrx_word' id='word_1_800' title='bbox 3028 4004 3338 4059; x_wconf 86' lang='lat' dir='ltr'><strong>cbarissimi</strong></span> <span class='ocrx_word' id='word_1_801' title='bbox 3359 4047 3374 4071; x_wconf 91' lang='lat'><strong>,</strong></span> <span class='ocrx_word' id='word_1_802' title='bbox 3400 4002 3442 4056; x_wconf 87' lang='lat' dir='ltr'><strong>si</strong></span> <span class='ocrx_word' id='word_1_803' title='bbox 3464 4003 3549 4056; x_wconf 87' lang='lat' dir='ltr'><strong>vel</strong></span> 
     </span>
    </p>
   </div>
   <div class='ocr_carea' id='block_1_104' title="bbox 1948 4094 3550 4173">
    <p class='ocr_par' dir='ltr' id='par_1_104' title="bbox 1948 4094 3550 4173">
     <span class='ocr_line' id='line_1_105' title="bbox 1948 4094 3550 4173; baseline -0.005 -16"><span class='ocrx_word' id='word_1_804' title='bbox 1948 4103 2060 4173; x_wconf 84' lang='lat' dir='ltr'><strong>ipsa</strong></span> <span class='ocrx_word' id='word_1_805' title='bbox 2094 4103 2230 4169; x_wconf 83' lang='lat' dir='ltr'><strong>Lex,</strong></span> <span class='ocrx_word' id='word_1_806' title='bbox 2263 4102 2378 4155; x_wconf 93' lang='lat' dir='ltr'><strong>otio</strong></span> <span class='ocrx_word' id='word_1_807' title='bbox 2410 4100 2622 4156; x_wconf 89' lang='lat' dir='ltr'><strong>sabbati</strong></span> <span class='ocrx_word' id='word_1_808' title='bbox 2662 4099 2853 4152; x_wconf 91' lang='lat' dir='ltr'><strong>salutis</strong></span> <span class='ocrx_word' id='word_1_809' title='bbox 2905 4112 3043 4167; x_wconf 92' lang='lat' dir='ltr'><strong>opus</strong></span> <span class='ocrx_word' id='word_1_810' title='bbox 3094 4094 3348 4151; x_wconf 82' lang='lat' dir='ltr'><strong>exclusit.</strong></span> <span class='ocrx_word' id='word_1_811' title='bbox 3403 4094 3550 4161; x_wconf 71' lang='lat' dir='ltr'><strong>Sex,</strong></span> 
     </span>
    </p>
   </div>
   <div class='ocr_carea' id='block_1_105' title="bbox 1939 4225 3552 4304">
    <p class='ocr_par' dir='ltr' id='par_1_105' title="bbox 1939 4225 3552 4304">
     <span class='ocr_line' id='line_1_106' title="bbox 1939 4225 3552 4304; baseline -0.004 -19"><span class='ocrx_word' id='word_1_812' title='bbox 1939 4236 2235 4302; x_wconf 76' lang='lat' dir='ltr'><strong>qiuestionis</strong></span> <span class='ocrx_word' id='word_1_813' title='bbox 2260 4248 2412 4304; x_wconf 83' lang='lat' dir='ltr'><strong>super</strong></span> <span class='ocrx_word' id='word_1_814' title='bbox 2441 4233 2536 4284; x_wconf 84' lang='lat' dir='ltr'><strong>hoc</strong></span> <span class='ocrx_word' id='word_1_815' title='bbox 2570 4228 2803 4283; x_wconf 69' lang='lat' dir='ltr'><strong>videlicet</strong></span> <span class='ocrx_word' id='word_1_816' title='bbox 2857 4245 2968 4281; x_wconf 85' lang='lat' dir='ltr'><strong>esse</strong></span> <span class='ocrx_word' id='word_1_817' title='bbox 3000 4228 3257 4304; x_wconf 69' lang='lat' dir='ltr'><strong>relictum.</strong></span> <span class='ocrx_word' id='word_1_818' title='bbox 3299 4226 3357 4279; x_wconf 87' lang='grc'><strong>111</strong></span> <span class='ocrx_word' id='word_1_819' title='bbox 3412 4225 3552 4304; x_wconf 72' lang='lat' dir='ltr'><strong>libro</strong></span> 
     </span>
    </p>
   </div>
   <div class='ocr_carea' id='block_1_106' title="bbox 1942 4296 3553 4375">
    <p class='ocr_par' dir='ltr' id='par_1_106' title="bbox 1942 4296 3553 4375">
     <span class='ocr_line' id='line_1_107' title="bbox 1942 4296 3553 4375; baseline -0.005 -16"><span class='ocrx_word' id='word_1_820' title='bbox 1942 4296 2260 4375; x_wconf 73' lang='lat' dir='ltr'><strong>Pantagatbi</strong></span> <span class='ocrx_word' id='word_1_821' title='bbox 2303 4296 2437 4357; x_wconf 80' lang='lat' dir='ltr'><strong>nihil</strong></span> <span class='ocrx_word' id='word_1_822' title='bbox 2477 4304 2775 4372; x_wconf 74' lang='lat' dir='ltr'><strong>quwstionis</strong></span> <span class='ocrx_word' id='word_1_823' title='bbox 2808 4316 2964 4371; x_wconf 87' lang='lat' dir='ltr'><strong>super</strong></span> <span class='ocrx_word' id='word_1_824' title='bbox 2996 4300 3197 4352; x_wconf 72' lang='lat' dir='ltr'><strong>videtur</strong></span> <span class='ocrx_word' id='word_1_825' title='bbox 3249 4312 3358 4350; x_wconf 86' lang='lat' dir='ltr'><strong>esse</strong></span> <span class='ocrx_word' id='word_1_826' title='bbox 3407 4296 3553 4351; x_wconf 89' lang='lat' dir='ltr'><strong>dere-</strong></span> 
     </span>
    </p>
   </div>
   <div class='ocr_carea' id='block_1_107' title="bbox 1966 4393 2145 4431">
    <p class='ocr_par' dir='ltr' id='par_1_107' title="bbox 1966 4393 2145 4431">
     <span class='ocr_line' id='line_1_108' title="bbox 1966 4393 2145 4431; baseline -0.011 0"><span class='ocrx_word' id='word_1_827' title='bbox 1966 4393 2145 4431; x_wconf 79' lang='lat' dir='ltr'><strong>ictum.</strong></span> 
     </span>
    </p>
   </div>
   <div class='ocr_carea' id='block_1_108' title="bbox 1944 4379 3553 4514">
    <p class='ocr_par' dir='ltr' id='par_1_108' title="bbox 1944 4379 3553 4514">
     <span class='ocr_line' id='line_1_109' title="bbox 1966 4393 2145 4431; baseline -0.006 -1"><span class='ocrx_word' id='word_1_828' title='bbox 1966 4393 2013 4431; x_wconf 84' lang='lat' dir='ltr'><strong>tc</strong></span> <span class='ocrx_word' id='word_1_829' title='bbox 2076 4394 2145 4430; x_wconf 80' lang='grc'><strong>111.</strong></span> 
     </span>
     <span class='ocr_line' id='line_1_110' title="bbox 1944 4379 3553 4514; baseline -0.003 -16"><span class='ocrx_word' id='word_1_830' title='bbox 1944 4379 1961 4432; x_wconf 66' lang='lat' dir='ltr'><strong>l</strong></span> <span class='ocrx_word' id='word_1_831' title='bbox 2014 4388 2123 4505; x_wconf 56' lang='lat' dir='ltr'><strong>:3qu</strong></span> <span class='ocrx_word' id='word_1_832' title='bbox 2155 4463 2287 4501; x_wconf 88' lang='lat' dir='ltr'><strong>mss.</strong></span> <span class='ocrx_word' id='word_1_833' title='bbox 2320 4454 2553 4514; x_wconf 86' lang='lat' dir='ltr'><strong>quatuor</strong></span> <span class='ocrx_word' id='word_1_834' title='bbox 2585 4443 2745 4498; x_wconf 89' lang='lat' dir='ltr'><strong>eodd.</strong></span> <span class='ocrx_word' id='word_1_835' title='bbox 2790 4442 3077 4497; x_wconf 86' lang='lat' dir='ltr'><strong>Dominum</strong></span> <span class='ocrx_word' id='word_1_836' title='bbox 3136 4448 3368 4493; x_wconf 87' lang='lat' dir='ltr'><strong>nostrum</strong></span> <span class='ocrx_word' id='word_1_837' title='bbox 3396 4439 3553 4514; x_wconf 72' lang='lat' dir='ltr'><strong>;_sed</strong></span> 
     </span>
    </p>
   </div>
   <div class='ocr_carea' id='block_1_109' title="bbox 1943 4511 3553 4589">
    <p class='ocr_par' dir='ltr' id='par_1_109' title="bbox 1943 4511 3553 4589">
     <span class='ocr_line' id='line_1_111' title="bbox 1943 4511 3553 4589; baseline -0.009 -12"><span class='ocrx_word' id='word_1_838' title='bbox 1943 4522 2106 4577; x_wconf 88' lang='lat' dir='ltr'><strong>lectio</strong></span> <span class='ocrx_word' id='word_1_839' title='bbox 2138 4511 2355 4589; x_wconf 79' lang='lat' dir='ltr'><strong>vulgata</strong></span> <span class='ocrx_word' id='word_1_840' title='bbox 2384 4518 2438 4571; x_wconf 92' lang='lat' dir='ltr'><strong>iu</strong></span> <span class='ocrx_word' id='word_1_841' title='bbox 2468 4516 2655 4579; x_wconf 82' lang='lat' dir='ltr'><strong>editis,</strong></span> <span class='ocrx_word' id='word_1_842' title='bbox 2676 4532 2846 4589; x_wconf 80' lang='lat' dir='ltr'><strong>quam</strong></span> <span class='ocrx_word' id='word_1_843' title='bbox 2901 4513 3286 4589; x_wconf 37' lang='lat' dir='ltr'><strong>retiunimus;</strong></span> <span class='ocrx_word' id='word_1_844' title='bbox 3332 4511 3553 4589; x_wconf 75' lang='lat' dir='ltr'><strong>verior_;</strong></span> 
     </span>
    </p>
   </div>
   <div class='ocr_carea' id='block_1_110' title="bbox 1945 4581 3555 4656">
    <p class='ocr_par' dir='ltr' id='par_1_110' title="bbox 1945 4581 3555 4656">
     <span class='ocr_line' id='line_1_112' title="bbox 1945 4581 3555 4656; baseline -0.009 -8"><span class='ocrx_word' id='word_1_845' title='bbox 1945 4611 2070 4649; x_wconf 89' lang='lat' dir='ltr'><strong>nam</strong></span> <span class='ocrx_word' id='word_1_846' title='bbox 2099 4581 2443 4648; x_wconf 71' lang='grc' dir='ltr'><strong>(Ξειησῖριιιιυε</strong></span> <span class='ocrx_word' id='word_1_847' title='bbox 2477 4591 2580 4641; x_wconf 89' lang='lat' dir='ltr'><strong>hoc</strong></span> <span class='ocrx_word' id='word_1_848' title='bbox 2602 4581 2715 4656; x_wconf 67' lang='lat' dir='ltr'><strong>agit</strong></span> <span class='ocrx_word' id='word_1_849' title='bbox 2740 4603 2961 4653; x_wconf 80' lang='lat' dir='ltr'><strong>semper</strong></span> <span class='ocrx_word' id='word_1_850' title='bbox 2982 4627 2996 4650; x_wconf 93' lang='lat'><strong>,</strong></span> <span class='ocrx_word' id='word_1_851' title='bbox 3033 4595 3089 4637; x_wconf 92' lang='lat' dir='ltr'><strong>ut</strong></span> <span class='ocrx_word' id='word_1_852' title='bbox 3132 4585 3184 4656; x_wconf 93' lang='lat' dir='ltr'><strong>in</strong></span> <span class='ocrx_word' id='word_1_853' title='bbox 3228 4581 3452 4636; x_wconf 66' lang='lat' dir='ltr'><strong>Christo</strong></span> <span class='ocrx_word' id='word_1_854' title='bbox 3480 4582 3555 4656; x_wconf 87' lang='lat' dir='ltr'><strong>di-</strong></span> 
     </span>
    </p>
   </div>
   <div class='ocr_carea' id='block_1_111' title="bbox 1944 4654 3556 4720">
    <p class='ocr_par' dir='ltr' id='par_1_111' title="bbox 1944 4654 3556 4720">
     <span class='ocr_line' id='line_1_113' title="bbox 1944 4654 3556 4720; baseline -0.005 -3"><span class='ocrx_word' id='word_1_855' title='bbox 1944 4669 2229 4720; x_wconf 82' lang='lat' dir='ltr'><strong>vinitalem</strong></span> <span class='ocrx_word' id='word_1_856' title='bbox 2260 4675 2493 4718; x_wconf 89' lang='lat' dir='ltr'><strong>astrnat.</strong></span> <span class='ocrx_word' id='word_1_857' title='bbox 2534 4654 2667 4714; x_wconf 81' lang='lat' dir='ltr'><strong>Vide</strong></span> <span class='ocrx_word' id='word_1_858' title='bbox 2697 4659 2987 4713; x_wconf 83' lang='lat' dir='ltr'><strong>observata</strong></span> <span class='ocrx_word' id='word_1_859' title='bbox 3013 4657 3064 4710; x_wconf 92' lang='lat' dir='ltr'><strong>in</strong></span> <span class='ocrx_word' id='word_1_860' title='bbox 3091 4655 3244 4710; x_wconf 87' lang='lat' dir='ltr'><strong>calce</strong></span> <span class='ocrx_word' id='word_1_861' title='bbox 3286 4654 3556 4709; x_wconf 91' lang='lat' dir='ltr'><strong>sermonis</strong></span> 
     </span>
    </p>
   </div>
   <div class='ocr_carea' id='block_1_112' title="bbox 1944 4736 3245 4810">
    <p class='ocr_par' dir='ltr' id='par_1_112' title="bbox 1944 4736 3245 4810">
     <span class='ocr_line' id='line_1_114' title="bbox 1944 4736 3245 4810; baseline -0.003 -17"><span class='ocrx_word' id='word_1_862' title='bbox 1944 4736 2330 4810; x_wconf 67' lang='lat' dir='ltr'><strong>prtecedentis.</strong></span> <span class='ocrx_word' id='word_1_863' title='bbox 2586 4803 2628 4810; x_wconf 84' lang='lat'>__</span> <span class='ocrx_word' id='word_1_864' title='bbox 2670 4803 2717 4810; x_wconf 84' lang='lat'><strong>__</strong></span> <span class='ocrx_word' id='word_1_865' title='bbox 2887 4802 2898 4810; x_wconf 88' lang='lat'><strong>_</strong></span> <span class='ocrx_word' id='word_1_866' title='bbox 2966 4802 2976 4810; x_wconf 88' lang='lat'>_</span> <span class='ocrx_word' id='word_1_867' title='bbox 3144 4808 3150 4810; x_wconf 89' lang='lat'>_</span> <span class='ocrx_word' id='word_1_868' title='bbox 3213 4798 3245 4810; x_wconf 56' lang='grc' dir='ltr'><strong><em>η</em></strong></span> 
     </span>
    </p>
   </div>
   <div class='ocr_carea' id='block_1_113' title="bbox 2018 4802 3553 4874">
    <p class='ocr_par' dir='ltr' id='par_1_113' title="bbox 2018 4802 3553 4874">
     <span class='ocr_line' id='line_1_115' title="bbox 2018 4802 3553 4874; baseline -0.006 -12"><span class='ocrx_word' id='word_1_869' title='bbox 2018 4809 2035 4847; x_wconf 70' lang='grc' dir='ltr'>ί</span> <span class='ocrx_word' id='word_1_870' title='bbox 2076 4809 2217 4861; x_wconf 83' lang='lat' dir='ltr'><strong>Vati.</strong></span> <span class='ocrx_word' id='word_1_871' title='bbox 2260 4809 2369 4861; x_wconf 86' lang='lat' dir='ltr'><strong>duo</strong></span> <span class='ocrx_word' id='word_1_872' title='bbox 2401 4816 2561 4874; x_wconf 87' lang='lat' dir='ltr'><strong>atque</strong></span> <span class='ocrx_word' id='word_1_873' title='bbox 2586 4803 2825 4859; x_wconf 87' lang='lat' dir='ltr'><strong>Urbinas</strong></span> <span class='ocrx_word' id='word_1_874' title='bbox 2854 4802 2933 4856; x_wconf 84' lang='lat' dir='ltr'><strong>sic</strong></span> <span class='ocrx_word' id='word_1_875' title='bbox 2966 4802 3178 4869; x_wconf 79' lang='lat' dir='ltr'><strong>legunt,</strong></span> <span class='ocrx_word' id='word_1_876' title='bbox 3213 4802 3388 4874; x_wconf 73' lang='lat' dir='ltr'><strong>iisque</strong></span> <span class='ocrx_word' id='word_1_877' title='bbox 3417 4813 3553 4874; x_wconf 74' lang='lat' dir='ltr'><strong>eon-</strong></span> 
     </span>
    </p>
   </div>
   <div class='ocr_carea' id='block_1_114' title="bbox 1938 4870 3557 4947">
    <p class='ocr_par' dir='ltr' id='par_1_114' title="bbox 1938 4870 3557 4947">
     <span class='ocr_line' id='line_1_116' title="bbox 1938 4870 3557 4947; baseline -0.004 -13"><span class='ocrx_word' id='word_1_878' title='bbox 1938 4894 2093 4936; x_wconf 89' lang='lat' dir='ltr'><strong>sonat</strong></span> <span class='ocrx_word' id='word_1_879' title='bbox 2120 4881 2244 4933; x_wconf 90' lang='lat' dir='ltr'><strong>cod.</strong></span> <span class='ocrx_word' id='word_1_880' title='bbox 2275 4870 2619 4947; x_wconf 79' lang='lat' dir='ltr'><strong>Pantagatbi.</strong></span> <span class='ocrx_word' id='word_1_881' title='bbox 2646 4874 2813 4937; x_wconf 84' lang='lat' dir='ltr'><strong>Editi,</strong></span> <span class='ocrx_word' id='word_1_882' title='bbox 2838 4874 2980 4945; x_wconf 91' lang='lat' dir='ltr'><strong>quod</strong></span> <span class='ocrx_word' id='word_1_883' title='bbox 2999 4874 3259 4943; x_wconf 63' lang='lat' dir='ltr'><strong>frementi.</strong></span> <span class='ocrx_word' id='word_1_884' title='bbox 3280 4872 3413 4947; x_wconf 78' lang='lat' dir='ltr'><strong>Tota</strong></span> <span class='ocrx_word' id='word_1_885' title='bbox 3438 4870 3557 4928; x_wconf 74' lang='grc' dir='ltr'><strong>111υο</strong></span> 
     </span>
    </p>
   </div>
   <div class='ocr_carea' id='block_1_115' title="bbox 1940 4944 3555 5013">
    <p class='ocr_par' dir='ltr' id='par_1_115' title="bbox 1940 4944 3555 5013">
     <span class='ocr_line' id='line_1_117' title="bbox 1940 4944 3555 5013; baseline -0.005 -6"><span class='ocrx_word' id='word_1_886' title='bbox 1940 4953 2285 5013; x_wconf 64' lang='lat' dir='ltr'><strong>Evangelicaz</strong></span> <span class='ocrx_word' id='word_1_887' title='bbox 2316 4944 2561 5004; x_wconf 67' lang='lat' dir='ltr'><strong>liis-toria:</strong></span> <span class='ocrx_word' id='word_1_888' title='bbox 2583 4944 2861 5002; x_wconf 73' lang='lat' dir='ltr'><strong>i&#39;0ttll‘ttCL‘t</strong></span> <span class='ocrx_word' id='word_1_889' title='bbox 2892 4950 3157 5011; x_wconf 73' lang='lat' dir='ltr'><strong>narratio,</strong></span> <span class='ocrx_word' id='word_1_890' title='bbox 3176 4962 3336 5013; x_wconf 86' lang='lat' dir='ltr'><strong>quam</strong></span> <span class='ocrx_word' id='word_1_891' title='bbox 3360 4944 3555 4999; x_wconf 90' lang='lat' dir='ltr'><strong>hucus-</strong></span> 
     </span>
    </p>
   </div>
   <div class='ocr_carea' id='block_1_116' title="bbox 1936 5016 3551 5092">
    <p class='ocr_par' dir='ltr' id='par_1_116' title="bbox 1936 5016 3551 5092">
     <span class='ocr_line' id='line_1_118' title="bbox 1936 5016 3551 5092; baseline -0.002 -18"><span class='ocrx_word' id='word_1_892' title='bbox 1936 5040 2043 5092; x_wconf 88' lang='lat' dir='ltr'><strong>que</strong></span> <span class='ocrx_word' id='word_1_893' title='bbox 2076 5022 2419 5077; x_wconf 75' lang='lat' dir='ltr'><strong>Gandentins</strong></span> <span class='ocrx_word' id='word_1_894' title='bbox 2454 5031 2773 5091; x_wconf 86' lang='lat' dir='ltr'><strong>prosecutus</strong></span> <span class='ocrx_word' id='word_1_895' title='bbox 2805 5027 2911 5083; x_wconf 93' lang='lat' dir='ltr'><strong>est,</strong></span> <span class='ocrx_word' id='word_1_896' title='bbox 2947 5017 3133 5073; x_wconf 84' lang='lat' dir='ltr'><strong>nobile</strong></span> <span class='ocrx_word' id='word_1_897' title='bbox 3164 5028 3250 5072; x_wconf 70' lang='lat' dir='ltr'><strong>est</strong></span> <span class='ocrx_word' id='word_1_898' title='bbox 3288 5016 3551 5073; x_wconf 83' lang='lat' dir='ltr'><strong>Gauden-</strong></span> 
     </span>
    </p>
   </div>
   <div class='ocr_carea' id='block_1_117' title="bbox 1938 5092 2793 5162">
    <p class='ocr_par' dir='ltr' id='par_1_117' title="bbox 1938 5092 2793 5162">
     <span class='ocr_line' id='line_1_119' title="bbox 1938 5092 2793 5162; baseline -0.009 -12"><span class='ocrx_word' id='word_1_899' title='bbox 1938 5097 2099 5150; x_wconf 69' lang='lat' dir='ltr'><strong>tiaute</strong></span> <span class='ocrx_word' id='word_1_900' title='bbox 2128 5095 2459 5162; x_wconf 59' lang='lat' dir='ltr'><strong>eloquentia!</strong></span> <span class='ocrx_word' id='word_1_901' title='bbox 2490 5092 2793 5157; x_wconf 84' lang='lat' dir='ltr'><strong>Specimeu.</strong></span> 
     </span>
    </p>
   </div>
   <div class='ocr_carea' id='block_1_118' title="bbox 2010 5160 3553 5220">
    <p class='ocr_par' dir='ltr' id='par_1_118' title="bbox 2010 5160 3553 5220">
     <span class='ocr_line' id='line_1_120' title="bbox 2010 5160 3553 5220; baseline -0.005 0"><span class='ocrx_word' id='word_1_902' title='bbox 2010 5178 2033 5213; x_wconf 63' lang='grc' dir='ltr'>Β</span> <span class='ocrx_word' id='word_1_903' title='bbox 2065 5167 2120 5220; x_wconf 91' lang='grc'><strong>111</strong></span> <span class='ocrx_word' id='word_1_904' title='bbox 2157 5160 2332 5219; x_wconf 86' lang='lat' dir='ltr'><strong>tribus</strong></span> <span class='ocrx_word' id='word_1_905' title='bbox 2356 5164 2686 5217; x_wconf 81' lang='lat' dir='ltr'><strong>cditiombus</strong></span> <span class='ocrx_word' id='word_1_906' title='bbox 2719 5162 2953 5216; x_wconf 89' lang='lat' dir='ltr'><strong>habetur</strong></span> <span class='ocrx_word' id='word_1_907' title='bbox 2983 5178 2994 5214; x_wconf 95' lang='lat'>:</span> <span class='ocrx_word' id='word_1_908' title='bbox 3034 5160 3161 5215; x_wconf 75' lang='lat' dir='ltr'><strong>Hier.</strong></span> <span class='ocrx_word' id='word_1_909' title='bbox 3200 5161 3334 5215; x_wconf 86' lang='lat' dir='ltr'><strong>enim</strong></span> <span class='ocrx_word' id='word_1_910' title='bbox 3375 5160 3553 5214; x_wconf 86' lang='lat' dir='ltr'><strong>omnia</strong></span> 
     </span>
    </p>
   </div>
   <div class='ocr_carea' id='block_1_119' title="bbox 1932 5231 3519 5307">
    <p class='ocr_par' dir='ltr' id='par_1_119' title="bbox 1932 5231 3519 5307">
     <span class='ocr_line' id='line_1_121' title="bbox 1932 5231 3519 5307; baseline -0.004 -15"><span class='ocrx_word' id='word_1_911' title='bbox 1932 5240 2126 5293; x_wconf 85' lang='lat' dir='ltr'><strong>usitata</strong></span> <span class='ocrx_word' id='word_1_912' title='bbox 2153 5246 2297 5291; x_wconf 87' lang='lat' dir='ltr'><strong>erant</strong></span> <span class='ocrx_word' id='word_1_913' title='bbox 2334 5237 2389 5290; x_wconf 87' lang='lat' dir='ltr'><strong>in</strong></span> <span class='ocrx_word' id='word_1_914' title='bbox 2424 5234 2621 5307; x_wconf 88' lang='lat' dir='ltr'><strong>populo</strong></span> <span class='ocrx_word' id='word_1_915' title='bbox 2648 5242 2806 5300; x_wconf 87' lang='lat' dir='ltr'><strong>tunc;</strong></span> <span class='ocrx_word' id='word_1_916' title='bbox 2847 5234 2943 5289; x_wconf 89' lang='lat' dir='ltr'><strong>sed</strong></span> <span class='ocrx_word' id='word_1_917' title='bbox 2979 5232 3320 5304; x_wconf 62' lang='grc' dir='ltr'><strong>111-111111Ιί11108</strong></span> <span class='ocrx_word' id='word_1_918' title='bbox 3353 5231 3519 5287; x_wconf 86' lang='lat' dir='ltr'><strong>lectio</strong></span> 
     </span>
    </p>
   </div>
   <div class='ocr_carea' id='block_1_120' title="bbox 2118 5328 2232 5364">
    <p class='ocr_par' dir='ltr' id='par_1_120' title="bbox 2118 5328 2232 5364">
     <span class='ocr_line' id='line_1_122' title="bbox 2118 5328 2232 5364; baseline 0.018 -2"><span class='ocrx_word' id='word_1_919' title='bbox 2118 5328 2232 5364; x_wconf 68' lang='lat' dir='ltr'><strong>IISS.</strong></span> 
     </span>
    </p>
   </div>
   <div class='ocr_carea' id='block_1_121' title="bbox 1936 5324 3549 5451">
    <p class='ocr_par' dir='ltr' id='par_1_121' title="bbox 1936 5324 3549 5451">
     <span class='ocr_line' id='line_1_123' title="bbox 2118 5328 2232 5364; baseline 0.018 -2"><span class='ocrx_word' id='word_1_920' title='bbox 2118 5328 2181 5362; x_wconf 74' lang='lat' dir='ltr'><strong>ns</strong></span> <span class='ocrx_word' id='word_1_921' title='bbox 2219 5350 2232 5364; x_wconf 94' lang='lat'><strong>.</strong></span> 
     </span>
     <span class='ocr_line' id='line_1_124' title="bbox 1936 5324 3549 5451; baseline -0.005 -15"><span class='ocrx_word' id='word_1_922' title='bbox 1936 5324 2243 5437; x_wconf 29' lang='lat' dir='ltr'><strong>Deindcrlsia</strong></span> <span class='ocrx_word' id='word_1_923' title='bbox 2278 5395 2398 5451; x_wconf 44' lang='lat' dir='ltr'><strong>qua.</strong></span> <span class='ocrx_word' id='word_1_924' title='bbox 2428 5388 2737 5446; x_wconf 86' lang='lat' dir='ltr'><strong>sequuntur</strong></span> <span class='ocrx_word' id='word_1_925' title='bbox 2766 5388 2856 5431; x_wconf 86' lang='lat' dir='ltr'><strong>aut</strong></span> <span class='ocrx_word' id='word_1_926' title='bbox 2888 5378 3220 5451; x_wconf 82' lang='lat' dir='ltr'><strong>sabbatorum</strong></span> <span class='ocrx_word' id='word_1_927' title='bbox 3248 5375 3549 5451; x_wconf 77' lang='lat' dir='ltr'><strong>conditione</strong></span> 
     </span>
    </p>
   </div>
   <div class='ocr_carea' id='block_1_122' title="bbox 1932 5447 3549 5517">
    <p class='ocr_par' dir='ltr' id='par_1_122' title="bbox 1932 5447 3549 5517">
     <span class='ocr_line' id='line_1_125' title="bbox 1932 5447 3549 5517; baseline -0.004 -9"><span class='ocrx_word' id='word_1_928' title='bbox 1932 5455 2195 5508; x_wconf 85' lang='lat' dir='ltr'><strong>immutari</strong></span> <span class='ocrx_word' id='word_1_929' title='bbox 2220 5469 2280 5505; x_wconf 87' lang='lat' dir='ltr'><strong>ne</strong></span> <span class='ocrx_word' id='word_1_930' title='bbox 2298 5447 2449 5515; x_wconf 78' lang='lat' dir='ltr'><strong>salus</strong></span> <span class='ocrx_word' id='word_1_931' title='bbox 2474 5453 2561 5514; x_wconf 82' lang='lat' dir='ltr'><strong>sit,</strong></span> <span class='ocrx_word' id='word_1_932' title='bbox 2594 5451 2825 5505; x_wconf 85' lang='lat' dir='ltr'><strong>deerant</strong></span> <span class='ocrx_word' id='word_1_933' title='bbox 2859 5452 2909 5503; x_wconf 93' lang='lat' dir='ltr'><strong>iu</strong></span> <span class='ocrx_word' id='word_1_934' title='bbox 2946 5449 3107 5502; x_wconf 80' lang='lat' dir='ltr'><strong>editis</strong></span> <span class='ocrx_word' id='word_1_935' title='bbox 3127 5492 3140 5515; x_wconf 88' lang='lat'><strong>,</strong></span> <span class='ocrx_word' id='word_1_936' title='bbox 3173 5462 3343 5517; x_wconf 83' lang='lat' dir='ltr'><strong>eaque</strong></span> <span class='ocrx_word' id='word_1_937' title='bbox 3368 5447 3549 5501; x_wconf 82' lang='lat' dir='ltr'><strong>reddi-</strong></span> 
     </span>
    </p>
   </div>
   <div class='ocr_carea' id='block_1_123' title="bbox 1930 5520 3547 5587">
    <p class='ocr_par' dir='ltr' id='par_1_123' title="bbox 1930 5520 3547 5587">
     <span class='ocr_line' id='line_1_126' title="bbox 1930 5520 3547 5587; baseline -0.006 -7"><span class='ocrx_word' id='word_1_938' title='bbox 1930 5528 2111 5580; x_wconf 73' lang='lat' dir='ltr'><strong>dimus</strong></span> <span class='ocrx_word' id='word_1_939' title='bbox 2141 5542 2208 5581; x_wconf 73' lang='lat' dir='ltr'><strong>ex</strong></span> <span class='ocrx_word' id='word_1_940' title='bbox 2241 5523 2401 5584; x_wconf 90' lang='lat' dir='ltr'><strong>Urb.,</strong></span> <span class='ocrx_word' id='word_1_941' title='bbox 2439 5522 2588 5576; x_wconf 84' lang='lat' dir='ltr'><strong>Flor.</strong></span> <span class='ocrx_word' id='word_1_942' title='bbox 2617 5530 2674 5576; x_wconf 88' lang='lat' dir='ltr'><strong>et</strong></span> <span class='ocrx_word' id='word_1_943' title='bbox 2703 5522 2837 5576; x_wconf 84' lang='lat' dir='ltr'><strong>Vati.</strong></span> <span class='ocrx_word' id='word_1_944' title='bbox 2876 5520 3117 5585; x_wconf 76' lang='lat' dir='ltr'><strong>duobus,</strong></span> <span class='ocrx_word' id='word_1_945' title='bbox 3146 5534 3377 5587; x_wconf 88' lang='lat' dir='ltr'><strong>quotum</strong></span> <span class='ocrx_word' id='word_1_946' title='bbox 3413 5533 3547 5572; x_wconf 88' lang='lat' dir='ltr'><strong>cou-</strong></span> 
     </span>
    </p>
   </div>
   <div class='ocr_carea' id='block_1_124' title="bbox 1928 5591 3544 5665">
    <p class='ocr_par' dir='ltr' id='par_1_124' title="bbox 1928 5591 3544 5665">
     <span class='ocr_line' id='line_1_127' title="bbox 1928 5591 3544 5665; baseline -0.006 -12"><span class='ocrx_word' id='word_1_947' title='bbox 1928 5598 2117 5653; x_wconf 51' lang='lat' dir='ltr'><strong>sensui</strong></span> <span class='ocrx_word' id='word_1_948' title='bbox 2151 5596 2476 5665; x_wconf 68' lang='lat' dir='ltr'><strong>suifragatnr</strong></span> <span class='ocrx_word' id='word_1_949' title='bbox 2525 5594 2665 5649; x_wconf 88' lang='lat' dir='ltr'><strong>liber</strong></span> <span class='ocrx_word' id='word_1_950' title='bbox 2700 5593 3045 5665; x_wconf 71' lang='lat' dir='ltr'><strong>Pantagatlii.</strong></span> <span class='ocrx_word' id='word_1_951' title='bbox 3076 5591 3354 5665; x_wconf 77' lang='lat' dir='ltr'><strong>Legebaut</strong></span> <span class='ocrx_word' id='word_1_952' title='bbox 3377 5593 3544 5665; x_wconf 75' lang='lat' dir='ltr'><strong>etiam</strong></span> 
     </span>
    </p>
   </div>
   <div class='ocr_carea' id='block_1_125' title="bbox 1930 5662 3545 5740">
    <p class='ocr_par' dir='ltr' id='par_1_125' title="bbox 1930 5662 3545 5740">
     <span class='ocr_line' id='line_1_128' title="bbox 1930 5662 3545 5740; baseline -0.005 -16"><span class='ocrx_word' id='word_1_953' title='bbox 1930 5670 2060 5724; x_wconf 87' lang='lat' dir='ltr'><strong>editi</strong></span> <span class='ocrx_word' id='word_1_954' title='bbox 2088 5687 2175 5735; x_wconf 60' lang='lat' dir='ltr'><strong>per</strong></span> <span class='ocrx_word' id='word_1_955' title='bbox 2204 5662 2562 5740; x_wconf 77' lang='lat' dir='ltr'><strong>prtescriptam</strong></span> <span class='ocrx_word' id='word_1_956' title='bbox 2594 5667 2757 5735; x_wconf 86' lang='lat' dir='ltr'><strong>legem</strong></span> <span class='ocrx_word' id='word_1_957' title='bbox 2783 5664 3067 5740; x_wconf 40' lang='grc' dir='ltr'><strong>λιιι-111111.</strong></span> <span class='ocrx_word' id='word_1_958' title='bbox 3102 5664 3213 5717; x_wconf 89' lang='grc'><strong>11110</strong></span> <span class='ocrx_word' id='word_1_959' title='bbox 3238 5662 3545 5731; x_wconf 67' lang='lat' dir='ltr'><strong>praescripta</strong></span> 
     </span>
    </p>
   </div>
   <div class='ocr_carea' id='block_1_126' title="bbox 1928 5734 3544 5810">
    <p class='ocr_par' dir='ltr' id='par_1_126' title="bbox 1928 5734 3544 5810">
     <span class='ocr_line' id='line_1_129' title="bbox 1928 5734 3544 5810; baseline -0.004 -16"><span class='ocrx_word' id='word_1_960' title='bbox 1928 5741 2062 5810; x_wconf 82' lang='lat' dir='ltr'><strong>lege,</strong></span> <span class='ocrx_word' id='word_1_961' title='bbox 2090 5734 2176 5795; x_wconf 89' lang='lat' dir='ltr'><strong>uti</strong></span> <span class='ocrx_word' id='word_1_962' title='bbox 2204 5734 2284 5796; x_wconf 56' lang='lat' dir='ltr'><strong>&#39;et</strong></span> <span class='ocrx_word' id='word_1_963' title='bbox 2330 5734 2469 5795; x_wconf 82' lang='lat' dir='ltr'><strong>liber</strong></span> <span class='ocrx_word' id='word_1_964' title='bbox 2498 5734 2848 5807; x_wconf 86' lang='lat' dir='ltr'><strong>Pantagatbi.</strong></span> <span class='ocrx_word' id='word_1_965' title='bbox 2902 5734 3141 5792; x_wconf 89' lang='lat' dir='ltr'><strong>Urbinas</strong></span> <span class='ocrx_word' id='word_1_966' title='bbox 3179 5749 3306 5791; x_wconf 71' lang='grc' dir='ltr'>νει-ο</span> <span class='ocrx_word' id='word_1_967' title='bbox 3337 5750 3544 5806; x_wconf 72' lang='lat' dir='ltr'><strong>priapo-</strong></span> 
     </span>
    </p>
   </div>
   <div class='ocr_carea' id='block_1_127' title="bbox 1924 5812 2177 5883">
    <p class='ocr_par' dir='ltr' id='par_1_127' title="bbox 1924 5812 2177 5883">
     <span class='ocr_line' id='line_1_130' title="bbox 1924 5812 2177 5883; baseline -0.008 -15"><span class='ocrx_word' id='word_1_968' title='bbox 1924 5816 2025 5868; x_wconf 82' lang='lat' dir='ltr'><strong>sita</strong></span> <span class='ocrx_word' id='word_1_969' title='bbox 2048 5812 2177 5883; x_wconf 84' lang='lat' dir='ltr'><strong>lege.</strong></span> 
     </span>
    </p>
   </div>
  </div>
