4070 6346
538 323 645 383 927

545 534 786 591 crevisse
843 535 1113 607 fastigium
1176 533 1498 605 dignitatis,
1574 532 1834 602 peculiari
1904 533 2146 586 carmine

546 630 707 703 307
747 631 1016 701 gloriatur
1041 671 1057 696 ,
1086 629 1273 684 dicens
1299 646 1313 682 :
1342 626 1575 683 Pusillus
1603 637 1785 681 eramﬂ
1805 629 1938 681 inter
1962 630 2147 696 fratres

550 740 722 792 meos,
757 733 813 779 et
851 733 1074 777 ca-tera.
1114 721 1336 778 Utiliter
1366 736 1497 793 ergo
1546 738 1645 789 per
1674 723 1853 776 omnia
1899 720 2147 777 Christus

550 818 628 873 ait
657 836 669 872 :
705 817 1140 891 Nolitejudicare
1164 817 1445 870 secundum
1476 818 1680 885 faciem,
1715 818 1804 871 sed
1826 818 2034 888 justum
2054 821 2148 890 ju-

549 910 747 965 dicium
780 912 1021 981 judicate
1067 908 1242 977 (Joau.
1279 924 1378 977 vu,
1427 906 1546 979 ‘24).
1591 909 1658 963 Et
1700 912 1824 975 quis
1857 922 2144 977 nostrum,

551 1005 886 1067 charissiini,
916 1004 982 1056 ad
1008 1004 1220 1067 singula
1241 1020 1359 1072 qum
1384 1004 1609 1072 pra'dixi
1634 1004 1899 1059 servanda
1920 1006 2149 1059 idooeus

552 1097 866 1154 invenitur?
896 1096 1044 1153 Beati
1073 1099 1162 1169 qui
1204 1099 1499 1153 custodiunt
1530 1098 1793 1167 judicium
1821 1141 1835 1165 ,
1867 1110 1912 1153 et
1954 1100 2149 1165 faciunt

542 1191 807 1264 justitiam
838 1190 889 1243 in
939 1190 1081 1243 omni
1133 1199 1356 1259 tempore
1382 1189 1558 1261 (Psal.
1592 1206 1679 1255 cv,
1710 1191 1788 1254 5).
1828 1191 1995 1253 Igitur
2025 1207 2147 1245 cum

550 1283 847 1355 generalis,
880 1295 937 1337 ut
971 1298 1136 1351 supra
1171 1283 1280 1338 dixi
1316 1283 1365 1347 δ,
1400 1284 1473 1338 sit
1522 1285 1625 1339 ista
1670 1286 1944 1339 sententia
1973 1327 1987 1349 ,
2014 1287 2151 1355 {spe-

551 1380 764 1434 cialiter
795 1390 975 1432 tamen
1029 1378 1287 1450 dirigitur
1333 1379 1398 1433 ad
1452 1379 1672 1434 .lndieos
1697 1423 1711 1445 ,
1742 1380 1829 1446 qui
1870 1377 2149 1434 Christum

552 1472 825 1527 mirabilia
861 1470 1149 1527 iacientem
1178 1516 1191 1539 ,
1228 1473 1504 1527 hominem
1544 1472 1980 1539 solummodo.“
2016 1470 2150 1526 l'acie

546 1563 903 1635 judicabant,
939 1565 1108 1620 Deum
1135 1580 1271 1621 vero
1299 1568 1351 1619 in
1398 1566 1689 1619 virtutibus
1728 1582 1831 1620 non
1882 1564 2149 1619 videntes.

557 1656 860 1713 Hirreticos
908 1660 1073 1713 etiam
1110 1658 1205 1713 Dei
1258 1657 1456 1711 Filium
1511 1659 1989 1727 hlasphemantes,
2046 1673 2149 1711 non

555 1750 915 1807 mediocriter
963 1751 1233 1806 sententia
1267 1753 1366 1805 ista
1400 1752 1691 1807 contundit
1717 1798 1729 1820 ,
1760 1754 1903 1822 quod
1936 1752 2154 1807 humili-

1610 323 1669 378 S.
1708 320 2091 380 GAUDENTII
2134 319 2392 377 BRIXIIE
2434 320 2742 379 EPISCOPI

540 452 599 500 et
647 457 708 499 se
753 458 821 499 ex
846 440 1154 498 humilitate
1201 455 1299 512 per
1342 440 1436 496 Dei
1480 439 1709 512 gratiam
1753 440 1821 493 ad
1874 454 2143 494 summum
2174 444 2221 501 Λ

3738 323 3835 384 928

2822 441 3094 504 SERMO
3136 443 3281 506 XII.

2476 558 2559 600 DE
2586 556 2873 603 DIVERSIS
2905 561 3234 606 οΑΡιτυιις
3271 563 3624 607 SECUNDUS.

2324 641 2401 696 De
2420 658 2479 697 eo
2493 644 2629 713 quod
2655 646 2727 698 ait
2753 645 3006 771 Dorlniuus
3019 646 3211 773 lesusd:
3238 648 3392 704 Nunc
3412 648 3677 719 judicium
3701 658 3783 705 est

2821 736 2833 773 ξ
2863 736 3002 773 intus
3036 736 3161 773 inun
3212 739 3245 773 t.

2821 736 3002 786 {hujus
3036 736 3245 775 uiuum.

2322 806 2487 879 308
2529 807 2657 861 Post
2699 808 2843 863 illam
2880 810 2975 865 Dei
3007 812 3189 866 Patris
3223 829 3414 868 vocem
3446 829 3553 885 qua
3580 814 3845 885 gloriﬁca-

2256 910 2365 953 tum
2400 900 2593 955 Filium
2634 918 2822 955 rursus
2867 904 3281 974 gloriﬁcandum
3329 906 3580 974 dixerat,
3618 908 3707 963 tibi
3738 907 3848 962 Sal—

2252 1002 2411 1046 vator
2465 993 2679 1047 locutus
2739 1004 2824 1049 est
2863 997 2929 1050 ad
2989 997 3411 1053 circumstantes
3452 1001 3684 1067 turbas,
3714 999 3847 1071 quod

2251 1086 2507 1156 proxime
2537 1088 2895 1143 disseruimus
2917 1136 2929 1158 ,
2962 1092 3122 1161 hujus
3154 1094 3535 1149 testimonium
3565 1096 3723 1151 vocis
3751 1112 3850 1151 non

2254 1181 2337 1235 Siti
2365 1195 2525 1235 causa
2560 1180 2805 1245 honoiis,
2840 1184 2933 1238 Sf‘d
2963 1197 3163 1241 nostra:
3193 1188 3317 1244 fidei
3364 1189 3708 1244 instruenda:
3735 1204 3851 1257 gra-

2255 1276 2327 1331 tia
2377 1276 2542 1331 fuisse
2581 1278 2857 1345 delatum;
2888 1282 3015 1351 quid
3069 1284 3252 1337 statim
3310 1285 3661 1354 subsequens
3717 1284 3848 1339 idem

2255 1368 2517 1424 Dominus
2547 1371 2834 1442 adjecerit,
2868 1384 3047 1429 textus
3077 1376 3239 1445 hujus
3270 1393 3393 1446 qua:
3424 1377 3591 1433 modo
3630 1378 3850 1433 decursa

2255 1471 2358 1528 est,
2391 1463 2595 1518 indicat
2621 1464 2963 1536 Evangelicre
2997 1468 3270 1523 lectionis.
3303 1468 3499 1537 Nunc,
3527 1469 3742 1536 inquit,
3767 1473 3854 1542 ju-

2255 1556 2449 1609 dicium
2490 1568 2561 1611 est
2592 1557 2751 1632 hujus
2775 1558 2953 1612 mundi
2982 1558 3162 1629 (Joan.
3199 1577 3300 1621 xu.
3330 1559 3446 1634 5i).
3492 1561 3854 1616 Consideran-

2257 1650 2382 1704 dum
2408 1663 2561 1721 puto,
2583 1653 2780 1708 fratres
2810 1654 3144 1722 charissimi,
3166 1656 3476 1723 cujusmndi
3508 1655 3855 1711 dist-rittiinc

2258 1742 2547 1800 imminere
2585 1747 2875 1813 judicium.
2907 1746 2961 1803 Si
2994 1748 3060 1802 de
3090 1748 3274 1804 futuro
3298 1749 3511 1818 judicio
3537 1794 3551 1817 ,
3603 1764 3715 1817 quo
3766 1762 3855 1815 per

551 1851 722 1898 tatem
768 1855 1039 1912 suscepta:
1070 1844 1254 1899 carnis
1283 1844 1500 1909 intuiti,
1540 1846 1823 1899 immensae
1854 1847 2153 1901 divinitatis
2185 1846 2232 1905 B
2260 1838 2437 1905 ignem
2486 1839 2821 1907 iudicabitur
2873 1840 2964 1895 hic
3012 1842 3247 1895 tumidus
3272 1886 3286 1909 ,
3319 1843 3510 1897 sentiri
3560 1844 3851 1909 voluisset,

556 1949 827 1991 conentur
860 1938 1038 1993 metiri
1086 1939 1473 1993 substantiam.
1507 1938 1617 1992 Nos
1661 1952 1841 1993 autem
1870 1982 1884 2003 ,
1914 1940 2110 1994 fratres
2136 1986 2150 2010 ,

552 2034 726 2102 gratia
767 2035 879 2104 ejus
929 2032 1114 2085 salvati
1152 2050 1244 2103 per
1271 2033 1423 2102 fidem
1467 2032 1702 2105 (Ep/tes.
1734 2050 1791 2097 ll,
1816 2033 1881 2105 8)
1911 2080 1923 2101 ,
1947 2034 2153 2103 justum

547 2124 819 2196 judicium
846 2124 1184 2195 judicemus,
1212 2126 1527 2196 aequitatem
1556 2138 1843 2181 servantes
1874 2138 1895 2165 ο
1924 2128 1973 2181 in
2006 2128 2152 2181 omni

555 2220 775 2273 actione
843 2204 1285 2275 conversationis
1351 2233 1575 2274 uosme.
1639 2221 1733 2274 list
1788 2222 1932 2273 enim
1990 2221 2157 2274 ratio-

552 2316 749 2371 nahilis
775 2316 973 2371 animae
1000 2317 1208 2385 justum
1235 2317 1529 2385 judicium,
1567 2326 1626 2371 ut
1650 2316 1814 2387 eligat
1844 2316 1955 2371 Deo
1986 2316 2156 2384 magis

552 2410 794 2474 servire,
826 2425 987 2480 quam
1026 2410 1259 2474 saeculo;
1293 2420 1351 2463 ut
1391 2418 1597 2464 statuat
1640 2408 1913 2463 mandatis
1952 2408 2153 2463 Christi

552 2496 783 2575 obsequi
814 2545 829 2571 ,
864 2520 971 2558 non
1022 2504 1227 2560 diaboli
1260 2503 1508 2559 consiliis
1548 2504 1867 2573 depravari;
1900 2513 1960 2558 ut
1993 2502 2155 2569 spiri-

553 2598 793 2653 tualihus
844 2598 1116 2655 inhrerere
1157 2596 1183 2635 ἀ
1214 2599 1475 2655 decernat
1509 2598 1743 2667 studiis,
1796 2614 1907 2653 non
1964 2613 2157 2652 carna-

555 2692 699 2746 lihus
732 2692 886 2745 vitiis
934 2691 1233 2761 implicari;
1265 2703 1321 2747 et
1367 2702 1427 2746 ut
1454 2702 1711 2747 mternam
1760 2692 2155 2747 beatitudinem

554 2781 861 2838 futurorum
885 2827 900 2851 ,
925 2784 1264 2840 brevissimis
1294 2784 1481 2840 mundi
1538 2786 1907 2855 voluptatibus
1953 2786 2158 2854 judicet

559 2878 1007 2947 prmponendam.
1073 2878 1227 2934 Recti
1280 2878 1463 2948 itaque
1515 2879 1699 2933 cordis
1749 2896 1906 2950 a-qno
1952 2879 2157 2950 judicio

556 2969 869 3038 gradiamnr
898 2971 950 3025 in
982 2972 1235 3026 omnibus
1258 2974 1566 3042 prmceptis,
1592 2983 1645 3027 et
1674 2973 2157 3041 jttstilicationilms

556 3059 809 3131 Domini,
839 3072 896 3116 ιιι
922 3066 1194 3133 possimus
1236 3067 1361 3121 vitae
1394 3076 1613 3122 aeterna).
1652 3068 1985 3122 Consortium
2027 3083 2153 3136 pro-

557 3156 757 3210 mereri
790 3157 861 3209 ab
892 3157 1009 3227 ipso
1040 3158 1131 3213 Dei
1167 3158 1304 3214 Filio
1330 3160 1678 3230 simpiterno,
1709 3162 1869 3228 cujus
1898 3161 2153 3229 omnipo-

2259 1949 2367 1988 non
2395 1933 2620 1989 dixisset
2651 1952 2790 1989 nunc
2813 1947 2888 1990 est
2913 1978 2928 2002 ,
2971 1936 3068 1992 sed
3117 1937 3349 1991 dixisset
3381 1935 3398 1975 ί
3434 1947 3559 1990 tunc
3616 1936 3746 1990 erit:
3772 1950 3855 1989 ve-

2260 2042 2381 2081 rum
2412 2026 2536 2093 quia
2580 2028 2651 2083 de
2707 2030 2965 2098 praisenti
3016 2029 3344 2099 loquebatur
3383 2029 3594 2099 judicio
3620 2072 3635 2090 ,
3669 2027 3855 2083 intueri

2257 2123 2540 2189 convenit,
2570 2124 2714 2194 quod
2741 2124 2900 2179 fuerit
2928 2124 3057 2179 illtid
3085 2140 3329 2194 pra-sens
3354 2124 3545 2178 mundi
3569 2124 3669 2194 jud
3695 2123 3852 2177 cium.

2258 2216 2532 2287 Numquid
2578 2219 2631 2273 in
2679 2220 2855 2289 primo
2896 2218 3130 2273 adventu
3162 2232 3262 2272 suo
3308 2218 3566 2272 Christus
3602 2216 3853 2269 mundum

2254 2310 2535 2380 judicasse
2576 2312 3017 2379 existimabitur,
3061 2302 3221 2381 quem
3271 2313 3455 2381 potius
3502 2311 3745 2365 salvasse
3767 2326 3855 2365 co-

2260 2406 2572 2475 gnoscitur,
2607 2407 2744 2461 sicut
2791 2410 2909 2477 ipse
2940 2416 3169 2463 testatus
3195 2416 3274 2462 est
3306 2407 3500 2463 dicens
3532 2422 3546 2459 :
3582 2404 3705 2461 Non
3733 2402 3857 2459 enim

2258 2498 2391 2551 misit
2427 2498 2563 2553 Deus
2596 2498 2789 2552 Filium
2816 2480 2965 2553 suum
2994 2510 3046 2553 ut
3065 2501 3271 2571 judicet
3299 2500 3577 2564 mundum,
3642 2509 3667 2545 ε
3696 2499 3781 2552 sed
3808 2508 3857 2552 ut

2258 2590 2482 2643 salvetur
2536 2592 2760 2645 mundus
2814 2609 2907 2660 per
2950 2594 3119 2662 ipsum
3171 2591 3355 2663 (Joan.
3414 2589 3651 2661 “1.17).
3705 2590 3771 2645 Ει
3809 2591 3856 2644 in

2260 2682 2556 2751 Evangelio
2605 2684 2751 2739 beati
2802 2684 2963 2739 Luca:
2998 2686 3231 2756 legitur,
3264 2700 3413 2740 cum‘
3440 2684 3668 2755 quidam
3716 2684 3858 2739 vicus

2258 2775 2517 2830 Samarize
2568 2778 2833 2832 uoluisset
2879 2781 3159 2848 suscipere
3214 2779 3605 2842 Salvatorem,
3644 2778 3858 2849 indigne

2258 2867 2500 2922 ferentes
2548 2870 2790 2935 Aposmli
2823 2870 3061 2925 Jacobus
3107 2883 3159 2925 et
3212 2870 3477 2931 Joannes,
3511 2871 3769 2926 dixerunt
3798 2872 3856 2925 ad

2256 2978 2383 3018 eum
2414 2982 2425 3017 :
2460 2962 2701 3032 Domine,
2727 2967 2801 3019 vis
2823 2966 3055 3019 dicamus
3082 2974 3138 3018 ut
3180 2966 3313 3036 ignis
3346 2965 3626 3019 descendat
3656 2966 3719 3017 de
3740 2966 3855 3019 crelo

2257 3075 2410 3127 super
2434 3076 2517 3113 eos
2543 3102 2557 3124 ,
2587 3060 2632 3112 et
2670 3070 2936 3113 consumat
2975 3076 3082 3124 eos,
3112 3060 3241 3113 sicut
3273 3057 3420 3113 Elias
3443 3058 3604 3127 fecit?
3631 3056 3657 3094 ιι
3682 3060 3745 3111 At
3780 3058 3861 3112 ille

2258 3151 2561 3223 indignatus
2589 3154 2853 3225 prohibuit
2881 3153 3033 3223 (Luc.
3067 3170 3140 3213 Ix.
3174 3152 3264 3224 54)
3285 3195 3297 3207 .
3326 3152 3370 3206 Ο
3396 3153 3473 3206 ira
3512 3153 3855 3208 misericors!

553 3249 719 3303 tentia
776 3263 900 3305 cum
951 3250 1108 3305 Patre
1136 3293 1149 3316 ,
1181 3252 1472 3324 etSpirilu
1505 3265 1697 3309 sancto
1725 3300 1738 3323 ,
1775 3263 2059 3325 permanet
2099 3255 2151 3309 in
2183 3239 2229 3302 C
2261 3242 2398 3311 Quid
2448 3262 2577 3315 ergo
2621 3255 2707 3301 est
2748 3246 2889 3317 Quod
2934 3246 3051 3299 ait:
3088 3246 3245 3299 Nunc
3278 3246 3544 3315 judicium
3595 3256 3670 3298 est
3713 3244 3859 3317 hujus

554 3343 736 3399 omnia
766 3344 972 3399 secula.
998 3354 1021 3379 ε
1052 3344 1247 3400 Amen.

1267 3569 1276 3586 ς
1293 3584 1300 3590 ,

549 3849 675 3905 dem
728 3848 936 3905 Grmcis
984 3848 1235 3904 versibus
1284 3848 1519 3903 reddidit
1548 3847 1888 3918 Apollinaris
1919 3851 2156 3908 Alexan-

550 3920 1187 3993 driiius.’Landicensis
1222 3920 1482 3975 Ecclesia
1512 3924 1820 3993 presbyter.
1862 3924 2008 3977 circa
2053 3943 2151 3981 an-

552 4008 682 4066 num
713 3992 840 4054 560;
871 4004 1053 4064 atque,
1081 3994 1226 4047 inter
1274 3996 1629 4060 recentiores,
1683 3992 1993 4065 elegantem
2039 3999 2157 4066 ejus

550 4064 925 4135 Metaphrasin
962 4080 1139 4138 graece
1187 4075 1243 4120 et
1299 4066 1465 4119 latine
1505 4066 1653 4138 dedit
1682 4064 1930 4138 Ulyinpia
1964 4064 2156 4123 Fulvia

550 4138 780 4201 Morata,
816 4152 977 4204 quam
1020 4137 1241 4191 exhibet
1286 4138 1445 4192 Joan.
1492 4136 1763 4191 Albertus
1781 4136 2066 4194 Fabricius
2101 4143 2153 4194 itt

547 4209 738 4264 codice
766 4208 1119 4279 Pseudepigr.
1155 4209 1217 4263 ν.
1265 4209 1328 4262 Τ.
1365 4226 1482 4277 pag.
1534 4210 1661 4265 906.
1716 4209 1942 4264 Videtur
1990 4216 2154 4267 etiam

551 4280 696 4335 hunc
727 4284 994 4350 psalmum
1027 4283 1366 4350 expressisse
1405 4281 1618 4335 Marcus
1651 4282 1920 4335 Antonius
1954 4283 2156 4337 Flami-

548 4353 672 4408 nius
703 4353 1033 4407 uitidissimo
1066 4356 1160 4406 illo
1192 4354 1436 4407 carmine
1478 4352 1626 4424 quod
1673 4352 2003 4423 Paraphrasi
2058 4357 2157 4410 tri-

543 4426 691 4495 ginta
726 4425 1064 4479 Psalmorum
1095 4425 1362 4493 prtelixit:

673 4519 820 4586 Eram
848 4521 1301 4586 paternaahjectns
1336 4524 1382 4572 in
1407 4523 1551 4572 domo
1576 4536 1720 4586 puer,

737 4584 1033 4643 Cunctisth
1054 4584 1288 4635 fratribus
1310 4588 1437 4635 meis

675 4644 852 4705 Minor,
881 4648 1110 4707 pusillum
1136 4649 1183 4695 iu
1206 4654 1371 4696 monte
1394 4648 1652 4710 pascebam
1670 4660 1900 4710 gregem.

623 4740 647 4768 α
689 4730 801 4784 Hac
831 4730 1140 4801 compendii
1176 4730 1404 4785 formula
1441 4733 1611 4784 utitur
1645 4746 1751 4784 non
1788 4748 1896 4784 uno
1929 4732 1981 4786 in
2033 4733 2153 4789 loco

550 4802 925 4861 Gaudentius.
986 4812 1044 4855 ut
1100 4802 1277 4856 Serm.
1343 4803 1374 4855 4
1410 4820 1419 4855 :
1456 4804 1690 4855 Assumet
1745 4820 1914 4856 secum
1952 4804 2152 4860 vicinus

551 4874 847 4942 proximum
875 4890 1024 4926 suum
1046 4918 1059 4941 ,
1092 4885 1139 4927 et
1162 4883 1379 4939 cwtera;
1414 4875 1591 4927 Serm.
1627 4873 1715 4928 14.
1752 4876 1813 4927 Si
1839 4891 2105 4944 sumpsero
2133 4918 2148 4943 ,

546 4945 716 5015 inquit
744 4986 758 5007 ,
793 4961 984 5012 pennas
1028 4962 1186 5005 meas,
1212 4958 1261 4998 et
1283 4956 1502 5004 caetera:
1530 4944 1714 5001 Serm.
1759 4948 1827 5001 19
1855 4964 1867 4999 :
1912 4948 2050 5011 Quid
2074 4966 2151 5003 me

549 5014 703 5069 vultis
731 5014 1006 5069 occidere?
1033 5015 1314 5077 hominem.
1348 5027 1393 5070 et
1416 5030 1602 5070 cietera
1625 5034 1642 5081 ;
1670 5031 1724 5072 et
1752 5019 1904 5071 alibi.
1943 5018 2145 5074 Eadem

549 5087 778 5140 formula
835 5101 987 5140 usum
1049 5104 1264 5155 quoque
1295 5090 1650 5144 Philastrium
1705 5091 2017 5144 observavit
2048 5091 2150 5145 Fa-

550 5158 777 5223 bricins,
812 5171 932 5226 Cap.
972 5159 1075 5214 150
1102 5178 1111 5211 :
1151 5159 1381 5224 Spiritus
1421 5161 1627 5214 Domini
1653 5180 1812 5226 super
1840 5179 1939 5221 me.
1968 5173 2015 5215 et
2048 5180 2146 5217 cte-

548 5241 691 5297 lera;
723 5240 776 5284 et
825 5244 944 5298 cap.
981 5232 1086 5284 144
1112 5247 1126 5285 :
1158 5231 1302 5299 Opus
1332 5232 1484 5298 Legis
1516 5240 1768 5302 scriptum
1794 5236 1845 5287 in
1901 5234 2146 5289 cordibus

549 5309 658 5356 suis
676 5347 688 5369 ,
708 5312 755 5356 et
772 5310 972 5356 caetera.
997 5303 1087 5357 Sic
1110 5305 1384 5358 Euuodius
1400 5305 1708 5358 'l‘icinensis
1728 5307 1823 5359 lih.
1847 5322 1916 5358 iv.
1931 5324 1941 5358 :
1958 5322 2071 5372 εει,
2087 5306 2157 5360 4..

546 5373 671 5429 Ιηνὶ
701 5387 785 5427 tuo
828 5384 1074 5445 perpetua
1118 5374 1428 5429 liberalitate
1474 5378 1781 5432 transfundo
1827 5378 2143 5443 mancipium

536 5448 679 5518 juris
706 5447 804 5499 mei
832 5445 996 5513 illud,
1028 5455 1074 5499 et
1096 5456 1321 5511 etvtera;
1351 5448 1672 5515 Fulgentius
1715 5450 2018 5514 Rusiiensis
2050 5465 2138 5518 ep.

547 5520 612 5575 5:
650 5518 881 5593 Fructus
895 5526 1067 5593 autem
1088 5520 1301 5589 sp'ritus
1331 5530 1403 5573 est
1431 5522 1674 5585 charitas,
1710 5523 1980 5593 gaudium,
2013 5538 2140 5592 par,

546 5601 593 5645 et
624 5603 828 5645 ctetera.
867 5588 1008 5645 Usus
1056 5588 1183 5658 quin
1216 5595 1380 5644 etiam
1412 5593 1526 5646 Cic.
1558 5593 1612 5645 ‘2.
1645 5588 1890 5647 de'Orat.
1926 5592 1984 5647 Si
2013 5588 2142 5647 inihi

543 5663 687 5734 ﬁlius
714 5664 917 5735 genitus
938 5703 953 5723 ,
986 5664 1130 5733 isque
1155 5665 1298 5731 prius
1328 5664 1564 5726 moritur,
1594 5674 1640 5717 et
1663 5680 1847 5719 caueri
1874 5673 1967 5726 ;et
1998 5664 2139 5720 infra

540 5736 665 5807 cod.
694 5737 787 5790 liti.
816 5736 950 5804 Ages
974 5735 1238 5807 Asellum,
1270 5745 1318 5788 et
1345 5751 1559 5801 uetera;
1594 5746 1643 5789 et
1674 5742 1723 5790 in
1750 5738 1888 5793 Tou.
1918 5736 1983 5807 1η
2010 5753 2135 5807 par-

534 5806 715 5860 titione
742 5807 890 5879 quasi
924 5806 1144 5859 membra
1165 5816 1305 5874 sunt,
1338 5816 1393 5858 ut
1419 5808 1671 5877 corporis,
1705 5821 1881 5879 caput,
1905 5806 2133 5873 humeri,

534 5885 742 5943 Manus,
770 5877 951 5941 latera,
973 5890 1151 5942 crura,
1178 5879 1349 5947 pedes,
1384 5886 1430 5933 et
1461 5893 1666 5934 autem.
1701 5877 1779 5934 Eat
1814 5880 1920 5935 hoc
1952 5888 2130 5931 autem

2261 3337 2444 3390 mundi
2467 3337 2648 3411 (Joan.
2676 3356 2774 3399 xu.
2803 3339 2921 3410 3|)?
2952 3338 3245 3398 Judicinm.
3280 3338 3513 3403 fratres,
3549 3338 3752 3407 duplici
3783 3353 3859 3392 ra-

2261 3430 2407 3484 tione
2434 3443 2613 3499 potest
2645 3432 2895 3504 intelligi.
2922 3432 3055 3487 Nam
3087 3441 3141 3487 et
3187 3433 3544 3487 decernentis
3594 3432 3857 3487 sententia

2254 3522 2518 3591 judicium
2569 3526 2809 3593 dicitur,
2865 3536 2919 3581 et
2970 3526 3296 3597 supplicium
3353 3525 3611 3592 patientis
3670 3526 3857 3580 dicitur

2260 3630 2417 3684 poena
2447 3635 2460 3672 :
2492 3618 2757 3686 judicium
2806 3620 3036 3674 alterum
3087 3617 3303 3687 agentis
3336 3628 3464 3685 est,
3491 3617 3729 3673 alterum
3775 3632 3859 3687 pa-

2256 3707 2464 3765 tientis.
2503 3710 2725 3767 i.ludeu
2770 3712 2898 3766 facit
2942 3710 3205 3780 judicium
3232 3750 3247 3775 ,
3279 3723 3409 3764 reus
3465 3709 3653 3773 subit;
3680 3718 3733 3764 et
3782 3717 3857 3764 est

2265 3866 2454 3921 latium
2486 3869 2683 3934 linguai
2714 3885 2811 3924 usu
2854 3871 3051 3923 laetam
3082 3883 3270 3923 vocem
3302 3867 3546 3922 italicam
3576 3910 3590 3927 .
3623 3885 3651 3921 e
3685 3877 3855 3923 ctetera

2269 3944 2489 4013 n_otabat
2518 3943 2800 4013 lllenagius
2834 3942 2888 3997 in
2917 3940 3230 4011 Originibus
3265 3941 3467 4011 lingua:
3501 3939 3707 3996 italicae
3747 3956 3851 3996 ver.

2270 4008 2317 4061 E
2342 4022 2551 4066 caetera.

2338 4082 2363 4120 ι’
2409 4084 2478 4138 Ut
2508 4103 2671 4152 supra
2703 4086 2831 4138 dixi.
2868 4085 3019 4140 Flor.
3061 4084 3205 4137 Vatt.
3251 4084 3361 4139 duo
3388 4126 3401 4145 .
3444 4095 3503 4140 et
3545 4085 3687 4139 liber
3725 4084 3853 4139 Pan-

2265 4157 2467 4224 tagathi
2494 4166 2545 4210 ut
2574 4156 2882 4228 prmlocutus
2907 4174 3039 4210 sunt.
3069 4156 3243 4209 Lusus
3267 4158 3718 4210 aittauuensinm.

2338 4238 2358 4265 ε
2407 4228 2467 4281 In
2514 4231 2655 4281 omni
2720 4230 2923 4281 actione
2984 4230 3392 4282 conversationis
3462 4240 3687 4283 nostrae.
3731 4229 3850 4283 MSS.

2263 4308 2498 4367 quatuor
2528 4300 2697 4354 Codd.
2726 4310 2782 4354 et
2811 4301 2950 4353 liber
2979 4299 3303 4369 Pantagathi
3338 4301 3388 4353 in
3421 4303 3565 4353 omni
3596 4314 3737 4355 actu.

2334 4368 2361 4406 ἀ
2404 4372 2471 4425 Ut
2526 4372 2886 4432 spiritualibus
2932 4368 3199 4425 inhaerere.
3251 4374 3381 4426 Urh.
3445 4382 3501 4424 et
3542 4372 3692 4425 Vatt.
3756 4372 3853 4425 duo

2264 4450 2321 4493 ut
2353 4443 2675 4513 spiritalibus
2703 4442 2972 4505 inliterere,
3006 4459 3162 4510 quam
3200 4458 3386 4497 vocem
3414 4445 3745 4512 spiritalibus
3768 4460 3849 4498 re-

2266 4515 2403 4585 tinet
2424 4519 2590 4569 etiam
2633 4516 2769 4570 Cod.
2801 4516 3145 4578 Pantagathi.
3172 4514 3309 4568 Vide
3354 4530 3478 4575 sun.
3511 4515 3691 4571 Serm.
3723 4518 3775 4583 2,
3801 4531 3849 4585 p.

2181 4556 2235 4617 Ι)
2424 4556 2603 4643 ἐξέξιίἰῖ
2634 4556 2777 4655 5:1,:
2801 4556 3145 4641 ὲέἐῗξεέἓὶιῖἶ
3166 4556 3309 4656 όζῖιῗ
3330 4556 3463 4640 eis".

2334 4666 2357 4694 θ
2403 4661 2584 4713 Amen.
2647 4661 2701 4712 In
2759 4658 2907 4713 Flor.
2966 4669 3020 4711 et
3081 4656 3222 4710 Vatt.
3298 4657 3516 4711 duobus
3568 4658 3848 4712 subditur:

2260 4726 2405 4801 Finit
2437 4731 2499 4783 de
2526 4730 2860 4801 Paralgtico;
2882 4732 2932 4783 in
2951 4745 3053 4783 ms.
3086 4745 3218 4784 vero
3244 4729 3596 4799 Pantagathi,
3627 4728 3851 4801 EIpltCil

2256 4799 2320 4853 de
2339 4800 2673 4873 Paralytico.

2332 4871 2351 4909 ί
2394 4875 2484 4927 Sic
2517 4871 2667 4928 Flor.
2704 4883 2759 4928 et
2792 4874 2940 4928 Vatt.
2970 4874 3077 4928 duo
3100 4887 3197 4938 pro
3224 4887 3292 4925 eo
3322 4873 3467 4938 quod
3496 4872 3548 4926 in
3584 4874 3750 4928 editis
3775 4881 3852 4927 est

2254 4959 2393 4996 nunc
2420 4946 2555 5011 erit;
2588 4958 2641 4998 at
2674 4948 2725 5000 in
2756 4948 2881 5001 cod,
2920 4945 3233 5013 Pantagathi
3265 4956 3387 4997 tunc
3414 4946 3513 4997 erit
3536 4962 3553 5008 ;
3575 4947 3663 4998 uhi
3697 4947 3849 5000 etiam

2254 5015 2371 5080 ejus
2430 5033 2591 5070 manu
2649 5035 2749 5083 pro
2804 5018 3020 5072 dixisset
3065 5016 3358 5082 repositum
3413 5027 3502 5070 est
3549 5018 3849 5083 diceret,in

2254 5095 2405 5140 textu
2440 5104 2573 5142 vero
2607 5092 2939 5145 occurrebat
2970 5090 3193 5142 dixerat.

2324 5168 2349 5205 8
2398 5160 2539 5213 Vatt.
2572 5160 2681 5214 duo
2712 5163 2791 5216 sic
2824 5163 3048 5220 habt-ut.
3078 5170 3128 5211 ct
3159 5159 3297 5212 liber
3319 5158 3680 5227 Pantagathi;
3724 5160 3848 5215 editi

2247 5243 2380 5285 vero
2434 5241 2489 5283 ut
2538 5232 2849 5285 salvaretur.
2894 5232 3355 5288 Cuncinitaulem
3392 5233 3624 5289 lectioni
3659 5244 3849 5288 nostra}

2248 5302 2411 5356 etiam
2449 5302 2676 5371 Vulgata
2708 5304 2897 5358 editio.

2320 5371 2346 5409 ίι
2388 5376 2566 5429 Codex
2594 5375 2829 5429 llrbinas
2860 5376 3127 5444 prohibuit
3146 5391 3253 5428 eos.
3284 5374 3513 5440 Vulgata
3544 5375 3715 5429 editio
3745 5386 3843 5429 tam

2245 5462 2421 5516 grzece
2442 5489 2455 5505 .
2488 5465 2649 5515 quam
2699 5448 2886 5511 latine,
2912 5450 3072 5502 aliter
3119 5450 3275 5513 legit:
3306 5451 3555 5521 στραφεὶς
3598 5448 3652 5503 δὲ
3685 5449 3843 5504 ἐπετί-

2246 5540 2402 5579 μησεν
2428 5522 2627 5591 αὐτοῖς,Δ
2657 5528 2703 5571 et
2729 5535 3007 5573 conversus
3027 5521 3306 5591 incrcpavit
3340 5523 3485 5591 illos.

2322 5591 2334 5625 ί
2386 5591 2569 5644 Lectio
2595 5589 2740 5644 Flor.
2774 5592 2982 5645 codicis
3007 5595 3084 5648 sic
3118 5587 3279 5645 habet
3306 5608 3318 5644 :
3345 5587 3531 5644 Judex
3558 5591 3683 5659 facit
3709 5592 3845 5663 judi-

2243 5664 2674 5735 cium.jttdiciuut
2700 5665 2895 5732 patitur
2927 5682 3073 5729 reus;
3098 5675 3142 5718 et
3167 5674 3239 5717 est
3272 5663 3545 5735 utriusque
3564 5666 3839 5735 judicium.

2241 5733 2428 5801 Itaque
2456 5738 2623 5790 verba
2657 5734 2775 5807 haec
2807 5748 2853 5788 et
2881 5747 2954 5788 est
2982 5739 3253 5807 utriusque
3271 5733 3539 5807 judicium
3566 5733 3841 5801 'Iauiqttam

2237 5808 2473 5871 genuina
2518 5804 2901 5861 Gaudentiano
2959 5812 3130 5864 testui
3168 5804 3529 5871 addidimus,
3559 5810 3840 5873 e,icientcs

2240 5878 2483 5947 ineptum
2532 5879 2807 5947 glossema
2840 5880 2986 5949 quod
3037 5878 3091 5936 in
3142 5878 3322 5935 editos
3372 5875 3713 5949 irrepserat,
3746 5880 3837 5935 hac
