4070 6346
236 294 349 354 929

1106 292 1341 355 SERMO
1380 292 1508 365 ΧΠ,
1552 293 1640 353 DE
1680 290 1999 353 DIVERSIS
2036 288 2405 353 CAPITULIS
2454 290 2835 354 SECUNDUS.

3442 295 3548 356 930

232 406 827 477 utriusquejudicium.
847 407 1102 465 Montium
1129 427 1264 467 vero
1286 428 1412 467 cum
1430 412 1562 468 dicit
1594 412 1844 480 Seriptu-
1871 412 1924 472 Α
1948 409 2229 477 veritatis;
2260 420 2315 465 et
2340 412 2468 481 quia
2498 412 2642 467 Deus
2672 409 2993 467 hominibus
3025 409 3222 482 agendi
3255 412 3552 483 quodcum-

234 516 293 555 ra
322 500 491 571 309
517 514 611 555 aut
639 500 850 571 facere,
877 515 967 556 aut
1000 506 1107 574 pati
1134 506 1422 575 judicium,
1458 525 1565 562 non
1598 508 1839 561 elemen-

241 602 418 647 torum
452 595 905 651 Irt‘:tli0tt:tbtiiltllt
951 611 1177 652 naturas
1206 599 1447 667 iudicat,
1480 603 1575 655 sed
1620 606 1839 655 accolas

233 687 420 741 mundi
468 688 745 757 signiticat
788 707 801 743 ε
833 690 994 744 sit-uti
1026 706 1148 745 cum
1180 692 1377 748 domus
1408 692 1573 746 Israel
1602 692 1830 757 dicitur,

242 794 350 834 non
388 781 647 848 parietes,
678 784 760 835 vel
790 791 950 847 tecta,
978 784 1072 837 sed
1100 787 1353 839 homines
1384 784 1647 838 Israelitie
1683 800 1840 838 mon-

235 881 502 929 strantur.
558 873 701 944 Ergo
728 873 1041 931 dominator
1079 878 1321 933 omnium
1378 877 1661 944 Chrisuis,
1716 886 1844 947 post

234 968 553 1025 inusitatum
597 986 770 1024 sacra:
827 970 1067 1041 Virginis
1119 984 1380 1042 partum,
1434 981 1559 1042 post
1615 971 1844 1026 adorata

234 1063 496 1118 munilico
518 1078 799 1131 magorum
833 1064 980 1119 cultu
1004 1067 1298 1134 cunabula,
1329 1076 1450 1136 post
1472 1066 1842 1133 multiplicem

236 1154 548 1210 doctrinam
580 1156 822 1211 cmlestis
859 1157 1099 1228 eloquii,
1135 1168 1260 1229 post
1292 1160 1570 1213 variarum
1602 1158 1846 1211 curatio-

239 1264 367 1303 num
422 1246 666 1302 medelas
711 1248 945 1315 iniperio
969 1250 1120 1304 verbi
1152 1251 1395 1320 potentis
1423 1250 1654 1306 ell’ectas
1674 1290 1687 1313 ,
1726 1258 1848 1318 post

236 1339 381 1395 istud
416 1354 660 1408 praesens
691 1343 1065 1395 testiinonium
1102 1343 1280 1397 Patris
1305 1352 1356 1410 ,α
1388 1358 1514 1397 cum
1558 1353 1706 1398 esset
1733 1342 1845 1412 jam

234 1433 524 1502 proximus
556 1431 832 1499 PassiOni,
860 1434 939 1489 sic
965 1436 1044 1488 ait
1070 1454 1081 1488 :
1112 1433 1271 1489 Nunc
1292 1435 1559 1507 judicium
1586 1446 1658 1489 est
1686 1436 1846 1506 hujus

235 1528 417 1580 mundi
469 1524 674 1597 (Joan.
723 1527 875 1600 xu);
928 1541 1203 1600 tamquam
1250 1532 1292 1584 si
1343 1530 1555 1585 diceret
1604 1548 1617 1584 :
1659 1529 1841 1594 Nunc,

237 1636 387 1674 nunc
414 1629 501 1675 est
529 1623 692 1686 hujus
721 1622 907 1677 mundi
934 1622 1234 1693 judicium,
1271 1633 1450 1679 utrum
1481 1623 1712 1678 credere
1742 1623 1843 1677 cli-

236 1724 331 1785 gat
385 1723 509 1781 post
559 1714 883 1769 Passionem
942 1716 1307 1771 voluntariam
1368 1717 1570 1769 virtute
1624 1714 1845 1785 propria

1946 518 2051 570 que
2075 502 2245 557 velint
2271 503 2435 574 310
2458 504 2688 558 liberum
2724 503 2975 574 permisit
3003 504 3311 570 arbitrium,
3351 515 3370 541 ε
3389 521 3550 559 exer-

1945 605 2076 650 cent
2143 598 2195 649 iii
2251 595 2528 651 Christum
2587 597 2914 667 sacrilegam
2976 605 3326 668 potestatem.
3399 596 3552 654 Unde

1947 689 2121 743 Pilato
2143 690 2377 745 dicenti:
2398 689 2710 746 Potestatem
2728 690 2892 748 habeo
2918 692 3259 764 cruciﬁgendi
3287 702 3354 758 te,
3383 702 3431 746 et
3462 708 3556 761 po-

1946 790 2177 836 testatein
2200 783 2363 836 habeo
2385 784 2684 837 dimittendi
2714 795 2799 849 te;
2834 785 3095 839 Domitius
3124 783 3200 838 ita
3228 783 3513 854 respondit
3538 802 3550 839 :

1950 874 2073 928 Non
2107 874 2324 930 haberes
2348 886 2673 946 potestatem,
2699 878 2800 931 nisi
2824 878 2950 931 data
2990 876 3079 932 tibi
3121 887 3251 931 esset
3306 877 3557 947 desurper

1950 965 2134 1038 (Joan.
2174 970 2314 1038 XIX.)
2361 970 2603 1040 Denique
2647 980 2701 1023 ut
2751 969 3067 1025 ostenderet
3106 968 3370 1023 Dominus
3409 967 3557 1026 istud

1948 1060 2092 1130 quod
2117 1060 2326 1118 dixerat
2354 1064 2534 1116 mundi
2553 1061 2841 1135 judicium,
2870 1062 3187 1118 Passionem
3217 1078 3369 1117 suam
3402 1076 3555 1130 esse;

1951 1156 2025 1209 ita
2046 1156 2322 1227 c0pulat‘it
2348 1157 2540 1213 dicetis
2567 1174 2579 1209 :
2613 1156 2768 1211 Nunc
2790 1157 3050 1228 judicium
3074 1166 3150 1210 est
3171 1156 3330 1226 hujus
3351 1155 3554 1223 mundi,

1950 1266 2088 1304 nunc
2135 1250 2293 1323 hujus
2326 1252 2504 1305 mundi
2551 1252 2793 1323 princeps
2838 1252 3069 1306 mittetur
3113 1251 3387 1320 deorsum,
3439 1252 3557 1307 sive

1949 1341 2240 1411 expelletur
2276 1346 2419 1413 foras
2449 1342 2629 1415 (Joan.
2676 1342 2807 1416 xu),
2840 1342 2970 1438 ἀδιιι
3027 1343 3079 1398 in
3136 1344 3344 1400 Gra‘cis
3372 1358 3558 1401 exem-

1954 1436 2196 1506 plaribus
2228 1436 2482 1507 legimus.
2520 1438 2647 1491 Erat
2673 1439 2820 1492 enini
2850 1436 3039 1492 Passio
3059 1437 3264 1492 ChriSIi
3287 1453 3559 1508 expugna-

1950 1532 2029 1587 tio
2074 1532 2255 1587 futura
2291 1532 2521 1587 diaboli.
2554 1531 2709 1588 Unde
2736 1545 2959 1587 saueius
2992 1531 3258 1603 propheta
3288 1531 3456 1587 David
3488 1531 3558 1588 ad

1950 1627 2069 1697 ejus
2096 1643 2389 1698 personam
2421 1626 2660 1696 loquitur
2686 1644 2696 1679 :
2729 1624 2796 1680 Ut
2815 1626 3121 1699 justiﬁceris
3150 1626 3203 1679 in
3232 1625 3559 1681 sermonibus

1951 1722 2075 1786 tuis,
2107 1731 2154 1773 et
2187 1722 2361 1774 vincas
2384 1737 2501 1774 cuin
2522 1720 2782 1792 judicaris
2809 1717 2929 1787 (Ps.
2956 1722 3035 1786 L).
3068 1718 3221 1773 Licet
3253 1728 3435 1772 autem
3470 1716 3561 1775 hic

240 1808 549 1877 resurgenii
574 1849 587 1869 ,
642 1818 698 1860 ut
747 1823 814 1863 ex
866 1807 973 1862 lide
1022 1811 1265 1863 salvetur
1294 1854 1308 1877 ,
1351 1824 1418 1862 an
1466 1825 1592 1864 cum
1637 1808 1844 1864 Judaeis
1870 1812 1921 1875 B
1950 1828 2141 1867 versus
2158 1821 2212 1867 et
2242 1814 2349 1868 alio
2377 1827 2542 1867 sensu
2574 1813 2747 1880 possit
2776 1808 3031 1881 intelligi,
3068 1809 3195 1863 huic
3223 1818 3403 1863 tamen
3426 1808 3561 1864 satis

240 1902 551 1972 negandum
590 1902 798 1968 judicet
826 1918 951 1957 eum
983 1902 1235 1959 iudicem
1271 1903 1361 1973 qui
1411 1914 1708 1973 negaturus
1735 1904 1843 1959 erit

240 1996 500 2068 pronrios
532 2005 862 2065 negatores,
904 1996 1096 2050 dicens
1142 1996 1208 2049 ad
1258 1996 1383 2050 illos
1428 2014 1442 2049 :
1492 1994 1683 2050 Nescio
1712 2013 1841 2052 vos:

238 2089 492 2143 discedite
522 2106 553 2141 a
580 2105 659 2141 me
694 2089 748 2142 in
775 2090 949 2160 ignem
980 2099 1233 2143 internum
1253 2132 1267 2151 ,
1302 2091 1529 2160 aperurii
1555 2090 1845 2161 iniquitatis

237 2180 258 2254 (
288 2180 417 2235 Luc.
457 2197 550 2235 xui
575 2184 615 2252 ).
658 2181 787 2237 Sive
820 2182 991 2253 magis
1036 2181 1136 2252 (et
1168 2184 1238 2236 ita
1275 2182 1627 2237 sentiendum
1656 2190 1847 2239 aucto-

236 2272 399 2329 ritate
416 2274 753 2328 COIIIBl‘ettlis
775 2273 981 2343 eloquii
1011 2274 1199 2328 utilius
1226 2276 1651 2346 approbamus),
1687 2274 1847 2331 Nunc

234 2368 501 2440 judicium
548 2377 619 2420 est
661 2365 819 2437 hujus
840 2368 1025 2419 mundi
1058 2366 1250 2437 (Joan.
1286 2366 1429 2440 xu);
1468 2369 1519 2423 id
1546 2378 1631 2424 est
1654 2384 1850 2439 appro-

238 2460 541 2531 pinquavit
588 2458 723 2512 hora
768 2469 825 2513 ut
869 2460 1057 2513 mundi
1105 2458 1449 2526 Creatorem,
1499 2476 1562 2515 ac
1601 2460 1847 2515 Judicem

237 2554 484 2609 mundus
527 2552 742 2620 judicet
789 2552 1140 2623 judicandus.
1204 2554 1464 2610 Similiter
1514 2571 1746 2626 namque
1792 2555 1846 2610 in

245 2645 557 2714 Evangelio
591 2643 750 2699 Luca:
783 2644 1024 2715 loquitur
1051 2645 1117 2700 ad
1168 2647 1485 2715 pontiﬁces,
1534 2658 1589 2703 et
1623 2648 1850 2721 presby-

247 2750 420 2805 teros,
457 2738 557 2794 bet
581 2749 850 2807 strategos
881 2740 1231 2809 magiStratus
1260 2741 1467 2811 templi,
1500 2741 1590 2811 qui
1622 2742 1688 2795 ad
1720 2758 1847 2798 eum

238 2833 825 2904 comprehendendum
884 2843 1149 2889 venerant
1192 2854 1205 2889 :
1254 2835 1417 2901 Quasi
1466 2838 1533 2890 ad
1587 2838 1848 2893 latronem

239 2930 423 2985 existis
455 2945 572 2982 cum
600 2928 791 3000 gladiis
819 2940 867 2982 et
898 2928 1160 2999 fustibus;
1192 2946 1308 2983 cum
1335 2932 1563 3000 quotidie
1590 2932 1849 2985 vobiscum

248 3026 445 3097 fuerim
472 3027 525 3078 in
558 3026 771 3093 templo,
802 3035 851 3081 et
880 3043 983 3080 non
1011 3027 1314 3081 exteiidistis
1343 3044 1529 3081 manus
1557 3044 1714 3099 super
1739 3044 1849 3092 me;

248 3124 337 3173 sed
371 3118 485 3173 Iitec
514 3126 613 3185 est,
652 3118 846 3188 inquit,
884 3132 1053 3174 vestra
1085 3120 1237 3185 hora,
1266 3129 1313 3174 et
1353 3130 1576 3191 potestas
1613 3121 1849 3174 tenebra-

1948 1907 2235 1977 congruit;
2272 1921 2394 1960 nam
2435 1906 2698 1960 Dominus
2724 1904 2883 1959 Jesus
2913 1903 2967 1958 in
3000 1903 3264 1958 Passione
3291 1918 3389 1957 sua
3414 1902 3562 1972 judi-

1949 2006 2105 2054 catur
2155 2009 2212 2055 et
2263 2000 2475 2067 vincit,
2526 1999 2759 2053 moritur
2815 2007 2871 2052 et
2928 1996 3243 2067 triumphat.
3298 1995 3561 2053 Diabolus

1948 2102 2129 2147 autem
2161 2107 2260 2146 cur
2286 2094 2549 2162 princeps
2583 2091 2743 2161 hujus
2774 2088 2963 2145 mundi
2998 2091 3234 2157 dicatur,
3265 2088 3558 2145 advertite.

1951 2186 2207 2241 Diabolus
2238 2185 2403 2255 hujus
2432 2185 2620 2239 mundi
2656 2185 2912 2255 princeps
2946 2184 3301 2252 usurpatione
3328 2182 3555 2255 dicitur,

1955 2295 2064 2333 non
2094 2286 2311 2333 natura.
2344 2276 2561 2333 Etenim
2606 2277 2877 2332 seducens
2924 2278 3221 2330 humanum
3268 2290 3462 2346 genus,
3499 2283 3560 2332 ut

1952 2370 2222 2425 derelicto
2255 2370 2367 2425 Deo
2394 2369 2573 2439 ipsum
2602 2371 2858 2424 Satanam
2891 2384 2987 2437 per
3017 2368 3311 2423 simulacra
3343 2371 3556 2424 coleret

1959 2461 2288 2528 manul‘acta,
2312 2462 2682 2532 principatum
2708 2461 2983 2516 violenter
3007 2463 3202 2527 tenuit,
3229 2471 3285 2517 et
3307 2462 3562 2517 exercuit

1956 2556 2318 2626 tyrannidem,
2352 2557 2405 2609 in
2440 2563 2651 2609 tantum
2680 2562 2741 2609 tit
2760 2553 3153 2609 advenientem
3182 2569 3367 2609 verum
3398 2554 3555 2611 Prinr

1953 2638 2130 2719 cipem
2183 2664 2341 2703 suum
2398 2664 2505 2703 non
2564 2659 2988 2719 recognosceret
3040 2650 3319 2714 mundus,
3380 2650 3556 2719 ipsius

1954 2744 2158 2814 quippe
2205 2743 2407 2797 diaboli
2456 2742 2735 2813 prestigiis
2781 2742 3111 2797 obcaicatus.
3162 2741 3299 2797 Nam
3342 2742 3399 2796 in
3448 2741 3555 2800 hoc

1956 2836 2154 2890 mundo
2205 2846 2315 2889 erat
2366 2835 2656 2900 Christus,
2705 2843 2763 2889 ut
2812 2835 3160 2907 Evangelista
3213 2843 3461 2901 testatur,
3513 2845 3563 2892 et

1954 2929 2177 2983 mundus
2224 2945 2316 3000 per
2354 2928 2529 2998 ipsum
2571 2930 2742 2999 factus
2782 2936 2895 2993 est,
2942 2937 2987 2980 et
3027 2926 3251 2981 mundus
3283 2943 3401 2981 eum
3446 2944 3550 2982 non

1957 3023 2212 3095 cognovit.
2246 3020 2311 3074 In
2337 3022 2549 3091 prapria
2580 3021 2737 3086 venit,
2777 3030 2823 3075 et
2855 3022 2938 3074 sui
2970 3037 3073 3075 non
3106 3031 3409 3090 receperunt
3441 3036 3559 3075 eum

1955 3113 2157 3182 (Joan.
2186 3112 2264 3183 ι).
2302 3112 2498 3167 Passus
2528 3123 2609 3168 est
2640 3128 2771 3184 ergo
2808 3115 3066 3167 llomiuus
3094 3128 3152 3168 se
3179 3112 3341 3183 hujus
3368 3112 3558 3171 mundi

245 3228 362 3265 rum
393 3210 557 3282 (Luc.
595 3210 762 3279 xxu).
798 3211 1046 3267 PoteSIas
1074 3213 1423 3267 tenebrarum
1456 3213 1657 3282 quippe
1689 3213 1848 3281 hujus
1874 3212 1923 3277 ε
1950 3208 2159 3280 judicio
2200 3207 2432 3277 judicari
2454 3253 2466 3275 ,
2518 3206 2583 3262 ad
2617 3206 2763 3261 hunc
2802 3207 3019 3262 hostem
3062 3208 3283 3276 generis
3333 3206 3559 3265 humani

243 3304 433 3358 mundi
485 3313 600 3371 est,
648 3303 732 3358 vel
766 3303 1042 3359 hominum
1077 3307 1478 3361 mundanorum
1502 3350 1515 3373 ,
1548 3307 1638 3376 qui
1684 3307 1735 3359 in
1770 3316 1851 3361 te-

244 3397 433 3451 nebris
478 3395 721 3465 perﬁdiae
768 3398 1086 3463 constituti,
1140 3398 1323 3453 luineu
1369 3399 1559 3453 nolunt
1592 3401 1839 3470 aspicere

245 3580 411 3638 modo
438 3597 450 3633 :
484 3579 659 3652 Iudex
683 3579 805 3650 facit
837 3581 1117 3649 iudicium,
1138 3600 1252 3637 reus
1274 3584 1433 3650 subit,
1460 3585 1623 3649 idest,
1656 3586 1853 3652 patitur

241 3654 533 3727 judicium.
565 3650 858 3727 \‘attaduo
882 3655 1062 3724 legunt
1090 3656 1358 3727 judicium
1389 3659 1586 3726 patitur
1616 3650 1778 3725 reus;
1811 3666 1859 3711 et

247 3734 323 3779 est
354 3726 607 3799 uniusque
628 3726 891 3795 judicium
907 3726 1232 3799 ;_qu;e|icet
1277 3728 1523 3783 nonnihil
1556 3730 1847 3799 depravata

246 3801 375 3859 sint,
401 3798 690 3850 leCtioticiu
719 3806 898 3851 tamen
918 3796 1063 3853 Flor.
1090 3800 1296 3853 codicis
1319 3796 1665 3856 ctinlirtnant.
1690 3803 1848 3855 Eatu-

247 3868 385 3943 deni
408 3867 629 3943 exhibet
660 3870 823 3921 etiam
856 3870 978 3923 cod.
1014 3869 1222 3925 Octavii
1252 3872 1571 3942 Pantagatlii
1601 3915 1615 3939 ,
1647 3890 1755 3943 quo
1790 3876 1849 3929 lit

249 3951 309 4013 tit
339 3941 425 3992 vix
458 3940 726 3999 dubitem,
753 3943 881 4013 quin
909 3944 1023 3994 haec
1047 3953 1320 4011 tamquam
1364 3940 1486 3999 vera
1519 3956 1571 3999 et
1606 3940 1846 4013 genuina

249 4011 636 4086 Gaudeiitiatio
689 4012 862 4086 textui
912 4015 1245 4086 restituenda
1278 4014 1348 4067 sit
1374 4055 1388 4079 ,
1424 4017 1453 4068 l~
1476 4011 1845 4086 gelidumque,

240 4082 412 4153 judea:
454 4084 576 4153 facit
610 4082 909 4153 judicium,
943 4084 1204 4153 judicium
1252 4088 1450 4154 patitur
1482 4082 1644 4152 reus,
1689 4082 1749 4140 et-
1771 4082 1848 4141 est

255 4155 523 4227 utriusque
543 4155 807 4225 judicium
832 4172 849 4219 ;
873 4156 951 4210 sic
977 4157 1122 4211 enim
1154 4155 1315 4211 habet
1340 4158 1636 4227 praedictus
1670 4159 1807 4214 liber
1833 4201 1846 4224 ,

252 4224 570 4298 Florentino
599 4227 918 4280 concinens.
1241 4295 1244 4298 ,

324 4305 350 4333 ἰ
385 4295 533 4351 Fior.
588 4298 736 4370 cod.,
792 4314 909 4370 cuin
956 4308 1085 4352 esset
1133 4295 1245 4368 jam
1287 4301 1403 4370 jam
1452 4301 1752 4370 proximus,
1796 4309 1852 4357 at

252 4368 393 4442 liber
422 4368 739 4442 l’autagitlii
774 4368 974 4424 retinet
1004 4368 1297 4426 lectionem
1327 4368 1623 4442 vulgatam.

324 4441 351 4479 δ
384 4441 435 4494 ln
475 4459 578 4516 nis.
618 4440 1146 4516 Urli._non_habetur
1178 4459 1281 4516 vox
1314 4440 1645 4516 magistratus
1690 4443 1849 4516 (qua:

254 4512 597 4586 deestetiain
627 4513 679 4567 in
711 4513 850 4567 libro
876 4512 1244 4584 Pantagatlii),
1274 4512 1418 4570 unde
1444 4518 1497 4568 tit
1528 4526 1582 4570 ut
1605 4512 1852 4586 suspicer

260 4594 366 4640 taui
418 4584 612 4648 istam,
662 4600 821 4651 quani
868 4595 1189 4654 sequentem
1236 4602 1424 4641 vocem
1474 4584 1850 4655 templi,_esse

257 4658 625 4710 additamenta
652 4655 1022 4721 librariorum,
1051 4657 1144 4726 qui
1178 4661 1420 4726 ineptum
1444 4662 1715 4725 glossema
1738 4676 1851 4713 ora:

258 4744 465 4799 pagina:
520 4728 882 4794 adscriptum,
948 4732 1000 4783 in
1054 4738 1259 4783 textum
1312 4734 1653 4785 admiserint.
1706 4730 1851 4785 Nihil

257 4806 535 4925 grolecto,
577 4800 719 4868 quod
748 4800 915 4853 sciam
937 4843 952 4867 ,
984 4803 1197 4871 strategi
1227 4800 1295 4855 ad
1328 4805 1588 4873 templum
1621 4806 1855 4873 pertine-

298 4882 419 4925 ant.
453 4872 549 4925 sed
585 4886 698 4924 retu
732 4873 1331 4925 lltlltLlrctllCllrahﬂnl.
1359 4884 1416 4925 tit
1448 4892 1512 4925 ex
1544 4874 1655 4925 .lul.
1687 4875 1853 4925 Poll..

298 4882 419 4931 aut,
453 4872 549 4926 sed
585 4886 698 4924 rem
732 4873 1331 4938 militarentcarahant,
1359 4884 1416 4926 ut
1444 4872 1512 4927 ex
1544 4874 1655 4929 Jul.
1687 4875 1853 4940 Poll.,

258 4944 365 5018 111ζ
399 4957 449 4997 c.
488 4944 576 5006 it),
609 4944 741 5018 satis
771 4942 961 5011 liquet.
998 4944 1134 4999 Hinc
1163 4947 1408 5018 strategia
1440 4947 1579 5017 apud
1620 4946 1854 5001 Plinium

259 5014 458 5068 dii-itur
494 5014 853 5087 praelecttti'.i_,
885 5031 979 5069 seu
1016 5032 1091 5070 rei
1139 5014 1393 5072 militaris
1438 5014 1767 5087 imperium,
1800 5027 1860 5072 tit
1906 5077 1913 5085 _

261 5086 359 5143 lib.
409 5100 581 5160 tv,7c.
630 5085 688 5139 Η
738 5103 751 5139 :
801 5084 1025 5140 Thracia
1068 5089 1201 5141 inter
1230 5084 1577 5144 validissimus
1632 5091 1861 5160 Europa:

260 5171 465 5230 gentes,
501 5159 555 5210 in
600 5160 887 5227 strati-gias
924 5161 1295 5230 quinquaginta
1330 5160 1530 5227 divisa;
1558 5174 1610 5217 et
1658 5162 1749 5216 lib.
1786 5177 1858 5227 Vl,

259 5229 308 5285 c.
340 5232 396 5293 9,
425 5231 494 5305 de
518 5229 795 5305 Armenia,
822 5234 898 5283 sic
929 5231 1001 5283 ait
1048 5247 1060 5305 ς
1091 5229 1371 5305 Dividitur
1401 5235 1452 5285 in
1487 5239 1858 5305 prtefecturasj,

258 5319 389 5373 quas
422 5302 457 5354 ii
489 5301 775 5368 strategias
803 5311 1003 5353 vocant.
1046 5303 1266 5356 Plautus
1301 5308 1462 5371 item,
1494 5301 1715 5360 Ciireiil.
1754 5301 1863 5361 act.

262 5388 332 5433 ii,
386 5387 463 5447 se.
516 5387 608 5447 ut,
659 5373 724 5436 6,
776 5382 1059 5444 strategum
1092 5390 1198 5429 non
1231 5377 1436 5441 sacris,
1490 5380 1584 5432 sed
1622 5376 1865 5447 profanis

262 5445 669 5514 magistratibus
698 5458 953 5498 accenset
981 5462 993 5497 :

355 5556 463 5624 δερ
478 5563 734 5624 strategus.
750 5571 844 5607 nec
862 5566 1095 5620 tyrannus
1118 5561 1395 5623 quisquam,
1410 5572 1504 5611 nec
1522 5573 1866 5624 agoranomus.

355 5619 463 5671 Nec
478 5622 788 5681 demarchus,
817 5619 909 5670 nec
932 5619 1233 5673 comarchus.
1245 5619 1262 5671 ἶ
1266 5663 1277 5674 .

264 5730 433 5800 Igitur
460 5742 710 5797 quamvis
752 5727 1034 5797 legendum
1085 5744 1338 5784 censeam
1391 5730 1460 5783 ad
1512 5731 1782 5802 pontifices
1825 5738 1873 5785 et

265 5804 607 5874 prwsbyteros
627 5843 643 5867 ,
677 5810 723 5855 et
750 5810 999 5871 strategos
1018 5842 1035 5867 ,
1062 5802 1151 5871 qui
1182 5802 1250 5855 ad
1281 5818 1398 5856 eum
1439 5804 1875 5873 comprehenden-

265 5874 393 5932 dum
423 5882 691 5938 venerant,
719 5880 897 5927 tamen
930 5874 1345 5945 mutarenolui;
1379 5874 1475 5930 sed
1499 5875 1871 5945 conjecturam

1878 4552 1932 4612 D

1960 3302 2443 3374 prax-ipitandnrn,
2489 3302 2605 3355 sive
2635 3300 3059 3371 expellendum,
3094 3298 3217 3369 quia
3261 3311 3556 3370 utrumque

1947 3414 2112 3454 unum
2162 3411 2285 3452 esse
2333 3395 2703 3467 dignoscitur;
2760 3406 2781 3432 ο
2820 3403 2876 3451 et
2925 3411 3031 3467 qua
3076 3397 3290 3452 ratione
3342 3411 3548 3465 unum,

1957 3598 2133 3639 meam
2176 3580 2397 3635 lectoris
2433 3579 2641 3649 judicio
2674 3582 2948 3651 permitto.
2988 3581 3276 3653 Postquam
3309 3584 3425 3640 haec
3449 3583 3557 3639 Pa-

1960 3658 2158 3710 tavinis
2191 3655 2333 3724 typis
2378 3656 2683 3725 vulgassent
2712 3669 2857 3708 anno
2892 3654 3050 3718 1720,
3084 3654 3215 3710 Acta
3252 3655 3558 3725 Lipsiensia

1955 3729 2163 3783 nivosis
2208 3722 2687 3793 Octobris'n‘i‘i,
2741 3741 2864 3795 pag.
2914 3726 3043 3787 488.
3091 3722 3393 3782 docuerunt
3434 3746 3559 3795 tne,

1954 3799 2201 3869 quamvis
2251 3812 2357 3851 ii0n
2411 3796 2529 3851 sine
2576 3798 2737 3864 felle,
2788 3798 2980 3871 haberi
3026 3806 3283 3871 strategos
3339 3799 3554 3871 templi,

1956 3872 2285 3950 στρατηγοὺς
2311 3876 2406 3950 ςοῦ
2450 3871 2611 3945 ἱεροῦ,
2657 3878 2762 3924 aCL
2799 3884 2871 3937 ιν,
2904 3869 2957 3933 1,
2999 3879 3059 3950 Pl
3082 3887 3135 3934 γ’
3299 3872 3422 3950 {ddi
3443 3869 3556 3940 i’o.

1954 3941 2092 3996 ter'at
2116 3941 2281 3996 etiam
2309 3941 2468 3994 Lucae
2494 3941 2630 4000 iisti,
2658 3948 2710 4004 4,
2744 3957 2865 4007 qua:
2895 3941 3138 4009 profecto
3168 3943 3283 3996 loca
3320 3943 3555 3999 fortasse

1960 4023 2086 4067 tunc
2141 4014 2286 4066 aliud
2336 4013 2549 4081 agentis
2606 4011 2944 4081 diligentiam
3000 4012 3277 4081 fugerunt.
3337 4014 3560 4069 Dubitat

1960 4084 2318 4138 nihilominus
2341 4082 2413 4135 cl.
2442 4080 2804 4155 Liglttfoottis,
2833 4082 2961 4135 llor.
2986 4080 3240 4155 lleliraic.
3269 4086 3321 4138 in
3352 4085 3556 4155 Evang.

1953 4155 2115 4210 Lucae
2164 4171 2214 4208 c.
2264 4169 2417 4217 xxii,
2469 4168 2597 4206 num
2648 4154 2927 4216 tribunus,
2976 4154 3060 4207 vel
3106 4156 3356 4209 centurio
3402 4154 3556 4212 istius

1957 4226 2219 4299 praesidii,
2252 4226 2547 4297 στρατηγὸς
2573 4230 2668 4299 τοῦ
2698 4224 2859 4299 ἱεροῦ,
2891 4225 3158 4299 dicendus
3188 4228 3367 4299 potius
3396 4225 3561 4299 fuerit

1954 4294 2248 4372 septima;
2272 4305 2367 4372 ea;
2398 4294 2669 4372 Λνςτωνίας,
2706 4294 2867 4372 quem
2903 4294 3025 4372 vide
3046 4334 3061 4358 ,
3093 4296 3142 4349 si
3188 4296 3365 4361 lubet;
3396 4297 3473 4351 uti
3504 4307 3559 4353 et

1955 4363 2203 4425 Gr'otiui'n
2238 4368 2294 4420 in
2328 4365 2513 4419 Matth.
2552 4363 2838 4432 xxvtﬁis,
2870 4368 2956 4419 cui
2990 4378 3239 4435 aperitin.
3270 4378 3385 4435 est,
3421 4384 3559 4436 pra:-

1956 4441 2154 4494 sidium
2180 4439 2327 4493 istud
2372 4452 2479 4491 ii0n
2512 4436 2683 4490 luiSse
2708 4437 2763 4490 in
2796 4436 3027 4507 Tetnplo
3058 4437 3431 4501 ordinarium,
3462 4441 3559 4495 sed

1958 4512 2111 4566 festis
2151 4510 2344 4565 diebus
2384 4508 2509 4561 illuc
2555 4524 2623 4562 ex
2670 4508 2906 4564 Antonia
2955 4510 3303 4563 translatum.
3359 4508 3559 4567 Verum

1956 4582 2133 4638 doctis
2177 4583 2284 4636 illis
2318 4580 2448 4633 viris
2487 4578 2646 4633 valde
2683 4579 3001 4647 disnlicuii,
3049 4582 3191 4649 quod
3239 4580 3558 4647 Β.ι1ἰΙιῘΙιΙη,

1956 4656 2044 4710 cui
2075 4670 2184 4708 non
2218 4655 2342 4708 ideo
2371 4650 2665 4719 quidquam
2694 4656 2763 4707 de
2785 4667 3014 4708 summa:
3046 4651 3372 4707 eruditionis
3402 4652 3564 4711 laude

1958 4730 2261 4782 di-lt'actttm
2297 4724 2482 4788 velini,
2518 4722 2764 4778 modeste
2800 4723 2923 4779 licet
2952 4738 3015 4781 ac
3043 4724 3240 4779 leviter
3266 4725 3564 4781 velliCaVe-

1958 4800 2082 4853 riui.
2114 4798 2220 4854 Sed
2267 4811 2399 4866 pace
2428 4810 2620 4849 eorum
2642 4838 2657 4862 ,
2702 4798 2771 4851 de
2802 4796 3055 4864 Barthio,
3106 4795 3336 4868 ejusque
3362 4800 3562 4855 erratis

1960 4872 1977 4936 (
2006 4872 2168 4925 homo
2206 4871 2350 4924 enim
2380 4880 2527 4944 eiat;
2564 4870 2714 4944 sicut
2735 4879 2790 4944 et
2820 4884 2938 4944 nos,
2983 4881 3036 4924 et
3067 4871 3264 4944 c:t°l;eri_
3300 4885 3491 4927 omnes
3512 4868 3558 4944 ),

1962 4952 2161 5012 praeter
2192 4946 2327 4995 alios
2346 4984 2359 5006 ,
2394 4942 2559 4994 immo
2592 4951 2643 4993 et
2674 4939 2870 4994 Fabric
2897 4955 2988 4994 um
3015 4956 3234 5009 qucque
3252 4941 3414 5011 limus
3442 4939 3562 4998 edi-

1963 5011 2126 5067 tionis
2158 5029 2209 5079 p.
2238 5013 2326 5077 l7,
2352 5013 2617 5067 videndus
2645 5026 2874 5065 onunuo
2909 5011 3197 5068 Reinesius
3228 5017 3279 5067 in
3311 5016 3559 5084 epistolis

1962 5087 2027 5138 ad
2077 5084 2448 5155 Christianum
2505 5085 2820 5148 Itauniiuin;
2884 5092 2943 5136 ut
2990 5099 3095 5138 non
3154 5096 3437 5155 propterea
3488 5085 3559 5140 ob

1964 5157 2181 5210 unicum
2214 5154 2471 5226 Coielerii
2505 5155 2727 5226 verbum
2752 5194 2767 5219 ,
2801 5168 2831 5207 a
2882 5170 2967 5210 ine
2997 5154 3195 5226 simpli:
3218 5158 3322 5212 iter
3350 5158 3560 5226 reposi—

1967 5238 2109 5295 tum,
2148 5237 2350 5281 tantam
2384 5224 2514 5279 mihi
2550 5224 2698 5279 litem
2732 5241 2953 5282 movere
2980 5224 3271 5283 debuerint
3295 5224 3557 5284 ActOrum

1969 5299 2332 5369 Lipsietisinm
2363 5297 2698 5369 conditores.

2042 5367 2063 5409 δ
2103 5370 2245 5425 Vatt.
2296 5371 2403 5423 duo
2450 5380 2503 5422 et
2534 5367 2709 5431 Flor.,
2753 5380 2990 5425 exercent
3038 5371 3092 5424 in
3140 5369 3406 5425 Christum
3431 5369 3556 5427 Dei.

1969 5442 2104 5499 Cod.
2141 5441 2480 5511 Pantagntlii,
2511 5444 2783 5495 exercendi
2814 5444 2867 5495 in
2898 5440 3166 5496 Christum
3197 5439 3316 5495 Dei.

2044 5512 2071 5550 ά
2102 5514 2257 5568 Patet
2308 5512 2391 5565 vel
2447 5512 2609 5575 hinc,
2668 5522 2869 5582 quanta
2922 5523 3047 5567 tunc
3096 5514 3358 5581 temporis
3412 5522 3563 5573 esset

1973 5588 2269 5640 auctoritas
2314 5582 2629 5639 Griechruni
2690 5585 3121 5653 exemplarium,
3168 5584 3330 5638 etiam
3382 5589 3473 5640 ubi
3527 5605 3560 5643 a

1976 5658 2203 5725 Vulgata
2253 5659 2597 5711 recederent.
2632 5656 2786 5726 Legit
2830 5666 3011 5710 autem
3043 5656 3228 5726 Craica
3260 5655 3429 5711 editio
3474 5662 3559 5715 ἐκ·

1978 5724 2280 5788 ϐληθήσεται.
2323 5730 2450 5795 ἐξω,
2500 5724 2762 5796 ejicietur,
2811 5731 2923 5779 sivi:
2954 5724 3243 5792 expelletur
3276 5728 3455 5798 foras,
3505 5738 3564 5787 ut

1980 5803 2118 5858 idem
2148 5801 2481 5855 Gaudentius
2513 5803 2671 5869 paulo
2697 5800 2920 5854 interius
2946 5800 3128 5852 vertit.

2058 5883 2079 5911 θ
2110 5871 2261 5928 Unus
2289 5888 2353 5928 ex
2380 5870 2524 5926 Vatt.
2553 5870 2741 5937 codd.,
2771 5885 2919 5941 aequa
2940 5871 3143 5928 ratione
3169 5885 3326 5926 unum
3346 5910 3365 5941 ,
3401 5874 3568 5953 percit
