4070 6346
498 310 661 381 ⁷955,

1611 305 1669 364 8.
1712 302 2094 363 GAUDENTII
2134 300 2396 363 BRIXIE
2438 301 2743 364 EPISCOPI

3729 299 3829 361 956

526 429 715 501 pedes;
740 435 794 483 et
816 424 1275 497 quemadmodum
1299 424 1465 480 ludas
1489 424 1610 495 pio,
1644 423 1938 492 debitoque
1962 422 2127 496 315
2154 430 2204 486 Α
2232 426 2535 481 Salvatoris
2560 468 2573 490 ,
2602 428 2704 483 sub
2735 434 3006 498 prietextu
3041 423 3259 495 pietatis
3307 432 3487 479 tamen
3507 466 3522 489 ,
3579 422 3670 479 illa
3722 424 3827 493 ipsa

524 523 869 578 adversarius
907 521 1201 591 obsequio,
1227 520 1354 575 dum
1388 529 1652 588 patronus
1682 532 1983 587 pauperum
2014 518 2131 571 vult

523 614 730 679 videri,
763 612 891 668 furti
925 627 1052 668 reus
1078 612 1327 682 arguitur
1357 627 1370 663 :
1407 609 1501 665 sed
1534 608 1665 664 illud
1689 606 1999 675 mnisimus,
2044 607 2129 662 vel

525 708 708 780 potius
735 705 1133 764 res-erravimus
1157 752 1170 774 ,
1204 702 1335 776 quid
1384 704 1526 758 inter
1574 704 1677 757 hoc
1708 702 1925 757 locutus
1967 700 2131 756 fuerit

528 800 793 857 Dominus
838 798 1023 855 Jesus.
1086 797 1252 863 Sine,
1302 796 1510 865 inqttit,
1554 811 1713 860 eam,
1748 795 1869 849 sive
1908 794 2061 847 sinite
2114 810 2128 845 :

526 906 552 935 ιι
576 905 868 966 utrumque
890 896 1037 950 enim
1070 900 1126 949 et
1148 892 1199 947 in
1223 891 1465 958 Graecis,
1502 900 1558 945 et
1610 888 1819 944 Latinis
1854 887 2132 956 exempla-

526 992 679 1048 ribus
715 989 1021 1053 invenitur;
1052 987 1145 1043 sed
1171 988 1345 1055 magis
1368 1000 1672 1056 congruere
1702 984 1917 1039 videtur
1945 982 2130 1038 sensui

526 1102 648 1143 cum
672 1085 871 1156 legitur
895 1082 1086 1147 sinite,
1122 1092 1231 1136 etc.
1253 1121 1267 1145 ,
1303 1090 1526 1149 propter
1559 1078 1652 1132 illa
1697 1092 1822 1144 qua:
1852 1076 2133 1146 pluraliter

528 1182 936 1247 subsequuntur
966 1195 978 1231 :
1012 1191 1263 1248 pauperes
1296 1174 1432 1229 enim
1462 1189 1664 1241 semper
1716 1172 1912 1224 habetis
1964 1168 2135 1222 vobis-

525 1290 661 1329 cum.
710 1269 1077 1340 Quaerendum
1124 1282 1256 1339 ergo
1284 1308 1299 1333 ,
1341 1265 1724 1328 dilectissimi,
1772 1262 2129 1332 quamobrem

522 1367 591 1423 ad
610 1364 764 1421 ludat
786 1363 958 1421 solius
976 1362 1143 1418 verba
1168 1358 1456 1431 pluraliter
1476 1356 1827 1425 restiontlerit
1846 1354 2131 1419 Dominus,

527 1460 697 1517 Sinite
723 1475 837 1515 eam
865 1504 879 1527 ,
934 1466 989 1511 ut
1040 1458 1091 1509 itt
1120 1456 1257 1508 diem
1287 1453 1571 1523 sepultura:
1602 1467 1727 1506 mea:
1756 1460 1917 1505 servet
1949 1448 2085 1503 illud
2114 1465 2132 1502 :
2164 1476 2185 1487 ι

524 1555 792 1627 Pauperes
829 1554 965 1609 enim
1000 1565 1203 1621 semper
1234 1549 1433 1603 habetis
1462 1548 1725 1601 vobiscum
1754 1590 1768 1611 ,
1826 1561 1907 1599 me
1961 1553 2133 1598 autem

529 1667 632 1706 non
662 1665 863 1720 semper
894 1644 1071 1716 (Joan
1105 1659 1182 1699 xtl
1209 1660 1223 1709 ;
1252 1641 1423 1696 Math.
1458 1655 1618 1705 xxvr;
1655 1637 1825 1693 Marc.
1851 1634 1992 1709 λιν).
2024 1635 2131 1690 Ad-

525 1742 794 1801 ntirabilis
823 1756 953 1797 vere
974 1785 987 1807 ,
1019 1754 1084 1793 ac
1117 1738 1345 1793 nimium
1377 1733 1673 1805 providens
1694 1730 1899 1787 Clitisti
1926 1731 2133 1799 patien-

2234 520 2462 576 fallacia:
2517 522 2686 576 verba
2732 522 3153 592 deprompserat
3186 542 3197 573 :
3235 520 3408 587 Quare
3451 520 3547 573 hoc
3604 536 3824 592 unguen-

2233 623 2337 667 tunt
2405 615 2771 669 venumdatam
2831 632 2934 669 non
2993 624 3105 679 est,
3167 615 3375 683 inquit,
3432 613 3663 665 denariis
3731 621 3827 667 tre-

2234 708 2391 761 centis
2417 750 2430 771 ,
2465 719 2513 762 et
2540 708 2719 761 datum
2758 717 2831 761 est
2859 707 3174 779 pauperibus
3202 704 3402 780 (Joan.
3432 720 3513 760 xu
3541 704 3559 774 )
3591 705 3616 758 ?
3663 703 3831 759 Irreli-

2228 804 2420 873 giosus
2438 802 2597 874 315
2618 802 2864 869 nimium,
2892 812 2944 856 et
2962 802 3098 857 satis
3122 802 3475 870 importunus
3493 797 3812 868 dispositor,

2238 904 2260 931 ε
2285 897 2431 949 avari
2474 895 2800 951 fraudatoris
2832 895 3115 959 allectum,
3155 893 3367 949 crimen
3412 893 3671 947 videlicet
3718 907 3836 961 pro-

2235 989 2439 1059 prium,
2475 990 2578 1043 sub
2628 991 2816 1058 Specie
2853 989 3143 1061 religionis
3172 990 3301 1043 dum
3347 997 3537 1056 tegere
3582 968 3832 1055 conatur,

2233 1082 2527 1148 expressit.
2588 1082 2935 1152 lircligiosus
3004 1083 3185 1149 plane.
3245 1092 3411 1151 atque
3455 1080 3829 1150 importunus;

2234 1174 2357 1245 quia
2388 1175 2534 1244 quod
2581 1175 2647 1231 ad
2689 1176 2960 1231 honorent
2991 1173 3196 1230 Christi
3234 1176 3440 1229 factum
3493 1175 3696 1236 fuerat,
3730 1190 3831 1229 non

2235 1268 2397 1321 modo
2414 1268 2753 1337 superfluum
2783 1268 3145 1339 computavit,
3168 1284 3357 1323 verum
3383 1269 3550 1323 etiam
3583 1283 3835 1323 sermone

2236 1360 2645 1432 improbissimo
2690 1361 3064 1429 reprehendit.
3092 1361 3401 1415 Fraudator
3446 1360 3644 1425 etiam;
3693 1362 3833 1430 quia,

2236 1455 2479 1509 loeuluut
2520 1467 2735 1519 tenens,
2770 1454 3096 1525 exportabat
3122 1470 3183 1509 ea
3216 1469 3341 1523 qum
3380 1454 3751 1508 mittebantur
3776 1451 3835 1508 ad

2236 1564 2368 1602 usus
2430 1549 2811 1617 indigentium,
2872 1550 3016 1602 sicut
3074 1546 3425 1617 evangelista
3482 1546 3838 1616 conqueritur

2236 1640 2419 1710 (Joan.
2463 1658 2555 1707 χιι,
2608 1643 2685 1697 6i.
2724 1646 2940 1696 Avarus
2967 1657 3215 1712 quoque;
3245 1641 3509 1705 quoniam
3542 1654 3651 1695 non
3681 1640 3839 1694 satia.

2236 1736 2418 1803 batur,
2470 1736 2745 1807 stipendia
2794 1752 3097 1808 pauperum
3140 1736 3391 1807 quotidie
3438 1734 3835 1799 subtrahendo,

522 1838 595 1894 tia
622 1837 721 1892 un
765 1848 1055 1891 commune
1082 1831 1340 1886 omnibus
1387 1826 1675 1897 discipulis
1703 1824 1944 1895 loquitur
1968 1866 1982 1887 ,
2017 1822 2043 1860 ι’
2075 1831 2132 1878 ιιι
2161 1820 2207 1881 Β
2235 1832 2331 1886 sed
2364 1841 2419 1885 et
2441 1832 2741 1902 sepultura:
2764 1830 2969 1886 Christi
3002 1832 3233 1902 pretium
3266 1832 3317 1885 in
3351 1831 3577 1901 propria
3610 1829 3835 1883 ardebat

523 1931 594 1987 ab
637 1928 974 1986 adversantis
1011 1925 1165 1982 Judae
1211 1924 1545 1981 contumelia
1599 1927 1904 1987 temperet;
1950 1933 2131 1988 neque

524 2022 724 2080 acriter
752 2032 808 2075 ut
831 2021 885 2074 in
911 2018 1278 2075 fraudatorem
1313 2015 1613 2079 invehitur,
1656 2012 1751 2067 sed
1782 2010 2130 2067 dissimulato

523 2116 643 2187 ejus
670 2114 904 2170 crimine
925 2154 939 2178 ,
993 2126 1153 2182 quem
1181 2119 1236 2165 et
1267 2108 1617 2176 EvangeliSta
1652 2105 1823 2161 furem
1856 2114 2084 2159 noverat
2114 2144 2129 2170 ,

524 2209 636 2267 leni
662 2210 874 2264 monitu
903 2205 1191 2261 universos
1224 2202 1432 2274 pariter
1466 2200 1725 2267 inStruit;
1759 2200 1965 2255 docens
1991 2200 2131 2253 inte—

524 2304 627 2362 rim
653 2344 668 2367 ,
714 2302 852 2359 illud
886 2301 1029 2373 quod
1060 2300 1231 2355 Maria
1259 2297 1504 2364 fecerat,
1541 2297 1857 2353 necessario
1894 2310 2022 2365 erga
2070 2309 2130 2349 se

522 2397 856 2455 celebratum
874 2394 1045 2451 fuisse
1066 2392 1364 2464 sepultura:
1388 2391 1669 2463 mysterio.
1692 2390 1962 2444 Cancrum
1992 2401 2129 2456 pau-

520 2492 744 2563 peribus
799 2487 1071 2560 largiendi
1128 2487 1276 2543 omni
1311 2499 1594 2555 tempore,
1632 2494 1653 2522 ο
1708 2483 1779 2539 iis
1803 2483 1893 2553 qui
1926 2482 2132 2536 vellent

520 2601 645 2642 esse
690 2598 851 2655 posse
904 2582 1155 2653 capiam,
1196 2580 1323 2651 quia
1364 2593 1585 2647 semper
1632 2576 1916 2632 nobiscum
1958 2576 2070 2630 sint
2112 2594 2123 2628 :

519 2676 547 2715 ἀ
576 2678 681 2734 sibi
711 2691 844 2732 vero
874 2678 926 2731 in
978 2688 1149 2730 carne
1192 2674 1304 2745 jam
1361 2688 1472 2727 non
1526 2672 1619 2726 diu
1645 2687 1671 2724 a
1705 2684 1977 2741 quoquam
2030 2669 2129 2722 mi-

522 2770 910 2837 nistrandunt,
969 2770 1095 2841 quia
1172 2779 1295 2837 post
1365 2767 1742 2822 imminentem
1812 2765 2126 2821 Passionem

515 2882 860 2939 resurgens,
908 2867 1173 2921 continuo
1226 2871 1551 2931 susceptum
1606 2878 1810 2933 corpus
1866 2863 2129 2919 ducturus

516 2972 664 3020 esset
712 2962 780 3017 ad
836 2961 1062 3018 t'mlum.
1112 2959 1324 3015 Idcirco
1368 2967 1551 3014 autem
1616 2957 1929 3027 supradicta
1986 2958 2127 3013 leni—

518 3065 670 3125 tate,
746 3070 808 3110 ac
890 3054 1208 3125 promiscuo
1292 3051 1557 3117 monitu,
1610 3052 1766 3106 Juda‘:
1845 3065 2127 3107 sermones

516 3148 768 3205 Christus
820 3155 1097 3214 evacuat,
1174 3161 1244 3201 ne
1320 3155 1415 3200 aut
1486 3144 1592 3215 ipsi
1666 3143 1821 3200 Judte
1879 3143 2129 3199 occasio-

2234 1924 2384 1979 lucra
2429 1935 2798 1980 convertere:
2830 1926 3103 1979 convertit
3145 1933 3328 1978 autem
3365 1939 3473 1977 non
3508 1924 3560 1977 iu
3596 1938 3837 1977 momen-

2234 2026 2393 2073 tauea
2423 2033 2536 2072 suae
2567 2018 2889 2083 cuniditatis
2934 2019 3101 2079 lucra.
3137 2016 3231 2072 sed
3274 2017 3474 2072 salutis
3505 2016 3833 2072 detrimenta

2232 2120 2517 2180 perpetua.
2554 2110 2836 2181 Siquidem
2878 2126 2986 2165 non
3021 2112 3190 2166 multo
3231 2122 3380 2181 post,
3413 2113 3671 2167 universa
3718 2128 3835 2181 qua:

2234 2203 2319 2257 vel
2364 2204 2563 2273 impius
2595 2203 2681 2257 fur
2718 2203 3021 2274 collegerat
3050 2219 3115 2259 ex
3150 2204 3436 2259 fraudibus
3482 2207 3835 2276 perpetratis,

2233 2296 2318 2349 vel
2365 2311 2486 2365 quae
2531 2298 2835 2367 sacrilegus
2883 2296 3088 2352 Christi
3146 2298 3377 2353 traditor
3424 2314 3526 2370 pro
3586 2302 3837 2356 mercede

2233 2388 2535 2458 iniquitatis
2566 2400 2873 2457 acceperat,
2908 2405 3029 2445 cum
3073 2392 3183 2445 vita
3216 2394 3425 2461 pariter
3456 2393 3664 2447 amisit.
3712 2392 3836 2449 Nam

2232 2483 2621 2553 praedictorum
2691 2482 2998 2539 facinorum
3050 2486 3386 2541 conscientia
3446 2489 3835 2558 strangulatus,

2232 2586 2460 2631 mortem
2495 2576 2732 2631 debitam
2776 2576 2973 2647 laqueo
3009 2578 3225 2633 sibimet
3268 2579 3460 2633 intulit
3506 2592 3834 2649 przeparato,

2230 2668 2517 2722 confestim
2556 2667 2573 2704 τ
2612 2668 2912 2737 rapiendas
2943 2669 3010 2724 ad
3054 2668 3253 2725 inferni
3289 2670 3589 2741 supplicia.
3620 2682 3646 2720 ς
3688 2672 3836 2741 Quod

2231 2769 2410 2814 autem
2462 2770 2797 2831 unguentum
2852 2761 2988 2816 illud
3045 2762 3111 2816 ad
3162 2765 3489 2835 obsequium
3547 2766 3836 2832 profecerit

2234 2853 2529 2908 Dominica:
2570 2857 2890 2925 sepultura',
2940 2855 3083 2909 idem
3132 2855 3397 2911 Salvator
3437 2857 3491 2911 in
3537 2858 3835 2927 Evangelia

2230 2946 2466 3002 Mattluei
2515 2952 2759 3017 apertius
2805 2949 3159 3003 declaravit:
3213 2949 3449 3015 Mittens,
3486 2952 3685 3018 ittquit,
3733 2954 3835 3007 ha’c

2232 3054 2553 3113 unguentum
2578 3043 2675 3096 hoc
2705 3044 2759 3097 in
2790 3060 2979 3114 corpus
3026 3062 3214 3109 meum,
3246 3046 3314 3098 ad
3361 3046 3720 3116 sepeliendum
3760 3061 3836 3101 me

2234 3139 2356 3206 fecit
2402 3135 2617 3208 (Matth.
2673 3135 2845 3207 xxvi).
2886 3136 3147 3203 Quamtis
3188 3152 3321 3207 ergo
3372 3138 3638 3192 Dominus
3678 3139 3832 3193 .lcsus

517 3261 639 3302 nem
684 3242 987 3300 excusandi
1035 3241 1239 3297 furoris
1271 3241 1543 3297 tribueret
1572 3282 1586 3304 ,
1620 3249 1713 3295 aut
1743 3238 1905 3295 alicui
1938 3239 2116 3310 Apos-
2146 3221 2189 3284 C
2224 3230 2578 3284 conscientia:
2609 3228 2776 3300 judex
2808 3241 2977 3290 esset.
3005 3230 3181 3284 noluit
3205 3239 3383 3284 tamen
3412 3230 3614 3285 ludam
3647 3231 3716 3287 de
3746 3247 3831 3288 oc-

517 3342 751 3397 totorum
822 3338 1117 3409 quidquam
1192 3334 1436 3405 scrupuli
1512 3333 1721 3399 daret,
1792 3334 1935 3404 piam
2009 3331 2116 3387 for-

516 3445 660 3490 tasse
696 3430 997 3503 suspicanti
1044 3428 1198 3485 Judae
1230 3427 1678 3498 suggestionem;
1730 3425 1817 3481 vel
1871 3436 2023 3480 certe
2054 3438 2121 3479 ne

514 3530 769 3599 cuiquam
798 3536 989 3596 postea
1024 3525 1282 3590 lecturo,
1332 3521 1553 3592 aliquod
1603 3520 1991 3577 oﬂendiculunt
2036 3537 2123 3576 rc-

513 3630 778 3678 servaret.
807 3618 975 3673 ludas
1019 3619 1163 3673 enim
1192 3616 1323 3671 licet
1369 3615 1555 3669 studio
1596 3613 1842 3681 fraudis,
1897 3624 1949 3669 et
1990 3614 2118 3668 odio

512 3760 725 3833 optimo:
761 3756 897 3811 llinc
923 3754 1298 3833 myrothecium
1320 3795 1335 3819 ,
1365 3752 1649 3833 unguenti
1682 3752 2109 3833 repositorium,

512 3823 657 3900 a'pud
686 3829 801 3887 Gtc.
834 3844 871 3883 ll
900 3823 1197 3900 adAttjm,
1225 3842 1314 3897 ep.
1358 3827 1384 3881 1
1413 3842 1426 3877 :
1455 3823 1834 3900 Merthecium
1862 3824 2113 3900 Isocratis

513 3896 679 3958 totum
715 3900 1033 3965 consumpsi.
1073 3896 1302 3953 Frustra
1330 3901 1523 3969 igitur,
1576 3905 1634 3950 ut
1673 3912 1740 3952 ex
1786 3898 1870 3949 his
1894 3896 2067 3965 liquet
2094 3941 2108 3963 ,

513 3980 719 4031 Auctor
740 3972 1282 4044 llieronymianarum
1314 3968 1674 4044 qitazstionum
1694 4010 1709 4032 ,
1742 3970 1922 4044 nimio
1949 3983 2114 4044 repu-

508 4048 706 4118 guaudi
740 4044 923 4102 studio
950 4041 993 4099 ἐι
1029 4055 1177 4100 certa
1212 4041 1693 4101 Benedictinorum
1726 4041 2116 4096 emendatione

513 4120 790 4178 dissentit.

587 4203 614 4231 ι
636 4194 776 4247 Hinc
816 4190 1041 4258 colligas
1074 4190 1231 4254 licet,
1275 4184 1637 4258 Gaudentium
1672 4194 1918 4258 nostrum
1953 4183 2118 4258 fuisse

511 4265 721 4320 (ιῑίιὶοω
750 4266 887 4317 artis
922 4256 1030 4315 non
1059 4258 1371 4326 imperitum
1401 4303 1415 4325 ,
1458 4258 1584 4311 dum
1614 4257 1684 4310 ita
1719 4256 2013 4325 diligenter
2066 4256 2118 4308 itt

512 4332 859 4392 conferendis
909 4330 1214 4387 Bibliorum
1245 4328 1652 4397 exemplaribus
1707 4343 1997 4391 versatur;
2044 4329 2123 4381 ait

512 4408 751 4476 quippe:
783 4404 945 4469 Siue,
999 4405 1211 4476 inquit,
1255 4417 1427 4476 eam,‘
1456 4402 1561 4454 sive
1591 4401 1757 4476 sinite
1788 4418 1799 4453 :
1828 4411 2120 4476 utrumque

512 4471 723 4532 enim-el
756 4477 811 4531 in
862 4478 1044 4548 graecis
1071 4471 1167 4548 'etr
1193 4472 1371 4548 latinis
1402 4472 1779 4548 exciitplarili‘us
1822 4471 2112 4548 invenitur;

511 4552 603 4605 sed
635 4552 795 4619 magis
821 4542 1103 4619 congruere
1125 4545 1326 4619 videtur
1354 4544 1529 4619 sensui
1562 4559 1679 4596 cum
1703 4542 1895 4612 legitur
1923 4542 2108 4604 sinite,

515 4614 739 4692 propter
780 4621 874 4673 illa
920 4614 1035 4681 ante
1068 4614 1339 4692 pluraliter
1392 4616 1770 4692 subsequuntur
1802 4628 2113 4692 :_paup_eres

512 4684 650 4748 enim
688 4707 891 4760 semper
942 4689 1141 4744 habetis
1180 4687 1461 4760 vobiscum.
1494 4684 1965 4760 Vzir_iantos_itettt
2000 4685 2113 4760 lec-

512 4764 692 4819 tiones
720 4754 847 4816 alibi
882 4763 1139 4817 observat
1169 4772 1333 4812 serm.
1372 4756 1470 4821 ιιι,
1507 4772 1559 4822 p.
1590 4756 1695 4811 510
1722 4772 1734 4807 :
1771 4754 1928 4808 Nunc
1958 4758 2113 4827 hujus

507 4836 691 4889 mundi
720 4835 959 4905 princeps
1010 4832 1260 4905 mittetur
1300 4828 1614 4905 deorsum,
1671 4828 1777 4879 sive
1808 4828 2115 4896 expelletur

512 4905 662 4961 foras
680 4947 695 4970 ,
720 4899 780 4959 ut
809 4906 860 4958 in
885 4904 1079 4958 (ἐι-(τεὴ
1108 4899 1488 4966 exemplaribus
1517 4900 1751 4969 legimus.

584 4977 611 5016 δ
640 4969 997 5030 Restituimus
1048 4974 1339 5029 leCtionent
1390 4971 1641 5023 subsidio
1681 4969 1804 5023 cod.
1841 4969 1974 5027 Urb.
2024 4971 2111 5025 cui

512 5047 843 5117 sull'ragatur
863 5048 1029 5102 etiam
1056 5045 1197 5099 liber
1226 5042 1564 5117 lfatttagathi.
1605 5039 1841 5117 Uterque
1870 5043 1982 5096 Vat.
2020 5042 2116 5097 ba-

511 5121 600 5175 bet
634 5136 647 5172 :
687 5114 755 5171 'ut
804 5119 868 5173 ab
898 5120 1200 5172 adversante
1228 5114 1385 5187 .luda:
1424 5114 1739 5167 contumelia
1768 5124 2114 5187 temperetur;

546 5208 629 5245 uae
656 5191 900 5261 quidem,
937 5192 1063 5243 licet
1091 5186 1290 5241 mendo
1324 5202 1432 5240 non
1458 5198 1676 5251 vacent,
1710 5186 1890 5241 tamen
1926 5204 2115 5242 emen-

506 5206 785 5318 ﬂalioneut
821 5271 1063 5316 nostram
1097 5257 1347 5313 nonnihil
1368 5259 1723 5311 conﬁrmant.
1755 5260 2005 5313 Deterior
2031 5268 2115 5312 est

545 5257 785 5318 titionem
821 5271 1063 5316 nostram
1097 5257 1347 5313 nonnihil
1368 5259 1723 5311 conﬁrmant.
1755 5260 2005 5313 Deterior
2031 5268 2116 5312 est

505 5336 721 5390 caeteris
772 5336 985 5403 vulgata
1024 5332 1187 5385 lectio
1219 5330 1273 5384 itt
1301 5329 1486 5397 editis,
1523 5338 1575 5381 ut
1606 5332 1931 5384 adversantis
1959 5328 2116 5383 ludar

508 5407 873 5461 contumeliam
902 5411 1169 5470 temperet.

584 5489 606 5517 ο
642 5478 717 5533 Ita
753 5492 893 5532 unus
922 5492 990 5531 ex
1021 5475 1163 5529 Vatt.
1192 5492 1207 5539 ;
1242 5475 1416 5539 alter,
1442 5474 1485 5527 si
1503 5476 1594 5545 qui
1616 5474 1834 5539 vellent,
1873 5475 1957 5529 cui
1982 5489 2116 5529 con-

504 5552 675 5675 senttit
727 5551 859 5606 Urb.
908 5558 966 5604 et
1020 5546 1145 5603 cod.
1181 5547 1527 5617 Pantagathi.
1564 5546 1741 5612 Editi,
1770 5547 1816 5599 si
1857 5546 1982 5615 quid
2014 5548 2115 5599 vel-

529 5639 589 5675 en
620 5662 635 5675 .

529 5631 635 5676 ent.

575 5690 603 5730 ά
633 5695 795 5749 Deest
814 5708 922 5747 vox
943 5695 1064 5765 jam
1086 5692 1138 5765 in
1170 5689 1368 5755 editis,
1401 5702 1629 5765 eamque.
1649 5688 2023 5765 supplevimus
2048 5702 2115 5743 ex

504 5774 743 5888 (ιιιειέιωι
799 5760 958 5820 mss.’
996 5764 1195 5832 quibus
1227 5761 1506 5816 consentit
1531 5761 1696 5815 etiam
1750 5761 1887 5817 liber
1919 5760 2117 5815 Panta-

508 5846 599 5888 aat
642 5851 682 5888 t.

508 5836 682 5909 gathi.

2144 4507 2196 4567 D

2226 3324 2387 3381 cultis
2413 3325 2530 3395 ejus
2561 3325 2740 3380 acrius
2768 3328 3076 3393 increpare,
3123 3341 3211 3395 ne,
3248 3327 3513 3393 quoniam
3543 3328 3827 3385 verisimili

2226 3423 2438 3477 ratione
2463 3420 2750 3475 videbatur
2780 3421 3009 3483 locutus,
3048 3428 3335 3488 putaretur
3364 3422 3597 3476 forsitan
3633 3425 3828 3492 injuste

2222 3525 2541 3585 correptus;
2618 3513 2832 3585 hatque
2874 3512 3001 3568 hinc
3043 3514 3346 3571 iracundia:
3386 3518 3595 3586 justam
3635 3534 3825 3573 concc-

2226 3611 2371 3683 pisse
2399 3625 2644 3675 causam,
2674 3617 2733 3663 ut
2763 3610 3001 3665 inimicis
3029 3609 3338 3665 necandum
3367 3611 3641 3677 traderet,
3669 3629 3822 3683 quem

2296 3761 2318 3788 θ
2344 3751 2538 3819 Aptior
2578 3750 2693 3804 visa
2724 3757 2809 3805 est
2835 3749 3001 3805 lectio
3033 3751 3317 3821 utriusque
3352 3751 3474 3807 Vat.
3503 3754 3634 3809 cod.
3665 3770 3819 3822 quam

2222 3822 2605 3879 substituimus
2636 3823 2888 3891 vulgatae.
2921 3839 3041 3890 quzc
3073 3822 3307 3877 habebat
3335 3826 3483 3879 avari
3503 3826 3819 3894 fraudutoris

2221 3894 2427 3961 affectu.
2464 3894 2596 3949 llltul
2628 3898 2771 3947 ettim
2798 3894 2938 3963 quod
2969 3894 3154 3947 statim
3182 3898 3435 3963 sequitur
3462 3900 3660 3952 crimen
3688 3901 3819 3952 ιὶᾱε·

2223 3970 2338 4020 licet
2374 3968 2661 4033 proprium,
2716 3966 2884 4034 magis
2924 3966 3182 4020 Cohaeret.
3236 3966 3420 4022 Etiam
3468 3976 3597 4026 cod.
3628 3968 3817 4024 Panta-

2220 4039 2367 4108 gatlti
2404 4039 2567 4093 habet
2589 4038 2733 4090 arari
2760 4037 3079 4111 fraudatoris
3110 4037 3393 4103 a/fectum;
3425 4048 3480 4094 et
3508 4041 3672 4111 paulo
3702 4052 3817 4109 post

2220 4112 2309 4166 ubi
2342 4112 2553 4179 vulgata
2578 4110 2905 4184 esetnplaria
2950 4113 3135 4184 legunt
3162 4112 3452 4175 sepultura:
3479 4112 3675 4167 Christi
3705 4130 3818 4184 pre-

2221 4186 2349 4237 tium
2379 4186 2429 4234 in
2460 4182 2673 4254 propria
2700 4180 2914 4254 ardebat
2959 4182 3105 4234 lucra
3135 4192 3454 4247 convertere,
3508 4188 3652 4238 idettt
3685 4180 3815 4240 liber

2223 4256 2276 4308 in
2310 4251 2521 4326 propria
2546 4251 2777 4307 trahebat
2799 4255 2978 4326 lucra;
3000 4254 3141 4321 quod
3174 4256 3439 4321 scriptum
3473 4270 3551 4310 est
3575 4257 3641 4310 ad
3666 4273 3811 4310 orant

2221 4323 2429 4395 pagina-
2460 4341 2620 4380 manu
2653 4329 2825 4393 ipsius
2850 4323 3196 4395 Pantagathi,
3220 4344 3346 4381 cum
3381 4330 3432 4380 in
3458 4336 3633 4393 ιοιιιιι,
3652 4332 3813 4383 omis-

2219 4394 2444 4471 ὲὶείιμιειξ
2474 4407 2801 4471 sequuntur,
2838 4394 2954 4450 haec
2987 4394 3195 4471 tantum
3241 4409 3605 4471 (si-currerent
3642 4402 3813 4471 “put.

2222 4478 2355 4523 tura:
2380 4468 2571 4523 Christi
2599 4470 2817 4529 nntium
2846 4484 2899 4520 tn
2927 4470 3141 4539 pr0pria
3169 4470 3392 4525 ardtbat
3423 4470 3591 4524 lucra.

2296 4541 2315 4578 ί
2346 4540 2471 4595 Cusi
2527 4542 2780 4605 legebant
2807 4541 3092 4607 rapiendas
3134 4552 3241 4603 est;
3286 4549 3386 4596 sed
3422 4544 3566 4597 Vatt.
3600 4544 3727 4611 duri,
3761 4552 3813 4600 et

2220 4611 2352 4667 Urb.
2398 4613 2678 4684 rapiendas
2735 4611 2803 4684 ad
2851 4612 3043 4680 inferni
3092 4614 3387 4683 supplicia;
3435 4614 3571 4669 liber
3618 4617 3809 4670 Paula-

2217 4684 2365 4753 gatlti
2398 4683 2674 4756 rapiendus
2701 4683 3007 4756 ad_in[erna
3036 4685 3310 4756 supplicia.
3352 4687 3427 4741 De
3455 4703 3522 4740 eo
3546 4697 3691 4756 quod
3728 4690 3809 4743 hic

2218 4758 2290 4810 ait
2316 4754 2654 4811 Gaudentius
2682 4757 2748 4809 de
2775 4754 2939 4820 Juda,
2967 4754 3320 4824 netnpequod
3347 4754 3575 4811 mortem
3590 4762 3809 4814 debitam

2218 4830 2403 4899 laqueo
2428 4828 2625 4899 sibimet
2659 4827 2831 4881 intulit
2863 4844 2958 4898 pru
2973 4837 3187 4899 parato;
3217 4830 3456 4883 videnda
3483 4828 3676 4886 JaCobi
3708 4834 3808 4887 Pe-

2219 4897 2411 4955 riiouii
2466 4898 2673 4953 erudita
2731 4897 3050 4953 dissertatio
3100 4897 3169 4954 de
3228 4911 3412 4958 morte
3457 4900 3614 4958 Juda:
3666 4906 3807 4960 edita

2218 4970 2392 5037 Lugd.
2416 4971 2535 5025 Bat.
2564 4988 2707 5023 anno
2739 4970 2900 5025 i702.

2292 5053 2315 5089 tt
2345 5042 2407 5097 Et
2443 5044 2529 5096 hic
2555 5057 2771 5110 quoque
2801 5059 2897 5111 pro
2926 5051 3243 5114 unguentum
3273 5044 3415 5099 illud
3443 5061 3473 5101 a
3509 5044 3809 5103 Gaudentio

2218 5126 2587 5181 Cttltscrzpllllll
2616 5116 2784 5167 luisse
2806 5131 3029 5183 myrum,
3062 5129 3155 5168 seu
3183 5132 3372 5186 myron
3402 5119 3552 5177 illud,
3584 5136 3647 5171 ex
3679 5136 3808 5174 con—

2219 5200 2383 5239 senSu
2418 5200 2550 5239 mss.
2580 5186 2740 5239 Codd.
2789 5188 2948 5239 valde
2997 5186 3343 5252 Cottiirinius.
3396 5191 3524 5243 Nam
3578 5190 3725 5245 Flor.
3757 5202 3811 5247 et

2224 5256 2353 5312 Urb.
2374 5258 2551 5323 legunt
2578 5259 2713 5322 quod
2737 5270 2906 5329 autem
2932 5275 3109 5327 myron
3134 5257 3292 5311 illud.
3326 5260 3497 5316 Watt.
3532 5264 3810 5329 veruquod

2219 5339 2389 5405 autem
2411 5344 2595 5405 ingrati
2618 5328 2911 5405 illud;t'od.
2939 5329 3256 5405 Pantagathi
3274 5337 3471 5387 mirum
3492 5334 3651 5399 illud,
3666 5328 3808 5405 quod

2220 5401 2284 5453 ad
2308 5414 2457 5455 oraui
2477 5402 2624 5466 libri,
2645 5406 2810 5468 ipsnis
2835 5401 3327 5471 Pautagathimanu
3350 5409 3425 5459 ita
3455 5401 3808 5461 reformatum

2219 5483 2300 5526 est
2328 5489 2340 5524 :
2370 5477 2553 5550 μύρον,
2602 5481 2942 5550 unguentum.
2990 5478 3166 5550 Itaque
3195 5488 3619 5546 unguentum,ut
3640 5479 3811 5546 suspi-

2219 5559 2336 5611 Cor,
2366 5545 2632 5616 glossema
2655 5558 2735 5599 εει
2751 5545 3067 5599 abindoctis
3084 5545 3325 5601 librariis
3342 5550 3397 5602 in
3414 5559 3618 5603 textum
3636 5545 3810 5616 ejecta

2219 5632 2360 5691 vera
2388 5617 2617 5691 lectione
2643 5616 3057 5691 iutlttt'tuntsEx
3078 5619 3196 5691 hoc
3215 5623 3455 5685 repetito
3476 5637 3630 5676 VOCIS
3658 5623 3811 5691 Itujtts

2220 5688 2362 5753 apud
2387 5688 2748 5745 Gaudentium
2770 5703 2891 5751 usu,
2926 5689 3159 5743 alterius
3186 5690 3290 5745 loci
3322 5693 3653 5747 emendandi
3682 5688 3812 5748 indi-

2219 5760 2364 5814 cium
2387 5762 2547 5814 avide
2569 5760 2899 5829 arripuimus
2930 5763 2981 5815 in
3015 5776 3268 5817 sermone
3290 5763 3361 5818 de
3377 5764 3535 5821 Petro
3558 5766 3806 5821 etPaulo.

2295 5828 2319 5867 ¹³
2364 5832 2441 5888 lta
2470 5847 2603 5887 mss.
2651 5828 2887 5902 quatuor
2916 5832 3073 5891 codd.
3104 5848 3337 5905 quorum
3384 5838 3679 5895 lectionem
3729 5852 3810 5895 se-
