4070 6346
219 305 316 368 937

1021 305 1260 367 SERMO
1299 305 1442 377 XIII,
1488 302 1576 365 DE
1618 305 1933 369 DIVERSIS
1957 306 2327 369 CAPITULIS
2367 305 2689 368 TERTIUS.

3406 316 3511 374 9'58

215 421 330 477 sine
358 419 472 475 ullo
505 419 822 490 peccamine
858 419 1140 478 habuisset
1172 422 1464 478 infensum.
1501 421 1646 478 Nihil
1677 439 1809 495 ergo
1835 428 1885 489 Α
1915 424 2063 479 mine
2112 424 2449 494 promereri;
2491 424 2713 480 dicente
2762 424 3031 496 Apostolo
3065 442 3077 479 :
3114 425 3386 500 Numquid
3431 430 3514 483 in-

215 515 467 570 acerbum
499 513 753 570 Christus
779 515 954 570 voluit
983 531 1084 586 pro
1111 519 1310 574 merito
1341 519 1630 574 sceleratas
1658 534 1811 575 men-

218 609 284 663 tis
333 608 481 666 illius
534 609 705 681 loqui,
760 625 828 666 ne
869 609 1038 666 Judas
1086 627 1208 667 eum
1264 612 1480 668 tradere
1532 613 1814 670 videretur

218 701 403 760 iratus.
449 703 585 759 Vult
627 704 774 760 enim
816 703 1082 761 Dominus
1126 721 1255 762 vere
1295 705 1474 776 justus
1514 707 1702 776 judex,
1756 715 1816 762 ut

218 797 396 853 meriti
429 792 635 870 proprii
669 797 769 853 sibi
807 797 879 852 sit
918 813 1083 854 causa
1130 801 1508 872 unusquisque
1552 819 1565 854 :
1610 801 1727 856 vult
1758 811 1816 857 et

214 887 413 960 justum
457 905 559 960 pro
605 890 720 945 sola
751 889 960 961 iustitia
994 891 1104 961 pati
1137 907 1150 944 :
1187 892 1303 946 vult
1348 901 1404 947 et
1442 892 1714 962 iniquum,
1765 893 1812 948 si

218 982 268 1038 in
295 982 462 1056 316
499 983 706 1038 malitia
737 983 1149 1053 perduraverit,
1180 1001 1336 1046 reum
1368 989 1565 1042 mortis
1590 987 1814 1058 proprio

217 1073 442 1132 arbitrio
469 1074 726 1145 iudicari.
758 1074 1037 1146 Figuravit
1067 1078 1217 1134 enim
1247 1079 1395 1134 Deus
1424 1079 1726 1148 hominem,
1757 1089 1818 1136 ut

215 1167 491 1237 Scriptura
544 1177 776 1226 testatur
805 1169 961 1242 (Gen.
996 1187 1036 1238 ι,
1066 1171 1182 1245 26),
1234 1181 1289 1228 et
1318 1174 1383 1230 ad
1417 1174 1708 1246 imaginem
1741 1176 1818 1231 si-

217 1261 540 1319 militudinis
577 1277 691 1319 sua:
718 1264 847 1320 fecit
875 1263 1051 1332 illum,
1083 1277 1140 1322 et
1165 1267 1376 1322 dimisit
1408 1284 1532 1324 eum
1568 1269 1618 1323 in
1655 1285 1816 1325 manu

218 1358 428 1414 consilii
449 1357 554 1414 sui.
595 1359 786 1414 Posuit
824 1370 950 1414 ante
995 1375 1118 1416 eum
1160 1361 1362 1433 ignem,
1396 1373 1454 1418 et
1481 1379 1703 1435 aquam,
1734 1363 1819 1418 di-

217 1463 344 1505 cens
396 1465 410 1503 :
472 1450 554 1504 Ad
608 1451 749 1522 quod
805 1452 1056 1520 uolueris,
1116 1455 1332 1509 extende
1389 1471 1605 1509 manuni
1675 1466 1818 1510 tuam

222 1539 409 1613 (Eccli.
456 1542 573 1614 xv).
629 1542 848 1611 Posuit,
909 1544 1106 1615 inquit,
1159 1556 1286 1601 ante
1343 1546 1623 1604 hominem
1676 1548 1821 1604 Deus

217 1649 432 1706 aquam,
481 1646 537 1691 et
583 1635 788 1707 ignem,
831 1637 882 1692 id
931 1646 1018 1692 cst
1061 1638 1434 1711 refrigerium,
1481 1651 1534 1696 et
1566 1655 1818 1711 poenam;

216 1725 633 1795 remissionem,
693 1738 750 1784 et
798 1729 1164 1801 supplicium;
1218 1731 1411 1799 vitam,
1460 1741 1518 1789 et
1559 1743 1816 1789 mortem.

1903 519 2084 588 justus
2115 516 2280 585 Deus,
2311 517 2399 588 qui
2430 517 2588 590 infert
2631 518 2765 572 iram
2804 517 2983 590 (Rom.
3017 517 3141 589 tu)?
3187 530 3242 575 et
3275 521 3511 576 iterum:

1917 611 2179 679 Quoniam
2225 627 2328 665 non
2379 620 2660 666 coronatur
2697 612 2813 683 quis
2861 613 2916 665 in
2962 629 3130 685 agone
3176 613 3516 678 contendens,

1914 705 2017 758 nisi
2060 705 2288 775 legitime
2317 705 2588 759 certaverit
2629 703 2700 778 (ll
2747 704 2887 760 Tim.
2922 704 3006 778 ιι).
3043 704 3341 763 Certamen
3391 722 3521 763 nos-

1914 809 2059 854 trum
2108 807 2300 854 contra
2349 799 2480 853 vitia
2527 801 2712 855 carnis
2764 811 2870 866 est,
2929 809 3120 858 contra
3163 803 3520 874 cupiditatem

1914 894 2182 962 pecuniae,
2211 902 2406 948 contra
2437 894 2606 948 animi
2635 894 2977 951 iracundiam
3011 913 3024 950 :
3051 912 3172 968 quae
3211 907 3337 952 sunt
3365 912 3521 953 arma

1916 983 2146 1052 diaboli,
2177 985 2375 1056 quibus
2415 985 2780 1042 resistendum
2821 997 2906 1044 est
2938 990 3129 1058 utique
3171 991 3326 1061 galea
3366 989 3522 1060 ﬁdei,

1917 1076 2088 1133 lorica
2109 1078 2486 1147 continentize,
2515 1078 2914 1136 misericordia:
2940 1081 3160 1153 clypeo,
3192 1083 3245 1136 in
3274 1099 3373 1152 quo
3404 1100 3524 1155 pos-

1917 1169 2101 1234 simus,
2133 1178 2190 1224 ut
2211 1171 2288 1226 ait
2313 1171 2636 1242 Apostolus,
2661 1172 3037 1243 omniajacula
3067 1176 3371 1246 nequissimi
3394 1192 3522 1233 can-

1920 1266 2098 1320 dentia
2118 1267 2449 1340 exstinguere
2497 1265 2714 1339 (Ephes.
2763 1268 2864 1339 vi).
2893 1268 3106 1324 Etenim
3141 1267 3169 1308 δ
3215 1270 3347 1325 sicut
3392 1288 3530 1342 aqua

1921 1357 2203 1427 exstinguit
2233 1357 2516 1430 ignem,ita
2544 1362 2870 1430 eleemosyna
2894 1360 3088 1415 resistit
3108 1359 3524 1434 peccato(Eccli.

1922 1467 2001 1516 ιιι,
2035 1450 2164 1521 55),
2194 1451 2248 1506 id
2278 1459 2387 1518 est,
2413 1451 2556 1506 sicut
2586 1467 2724 1522 aqua
2753 1453 3011 1522 baptismi
3037 1454 3293 1510 salutaris
3321 1457 3533 1512 exstin-

1921 1544 2039 1614 guit
2085 1543 2362 1599 ﬂammam
2402 1544 2676 1615 gehennae
2707 1561 2802 1616 per
2828 1546 3083 1618 gratiam,
3131 1548 3202 1603 ita
3234 1548 3534 1622 eleemosy-

1924 1653 2118 1692 narum
2148 1637 2319 1696 ﬂuvio
2345 1638 2528 1694 omnis
2561 1641 2654 1694 ille
2681 1651 3036 1696 coacervatus
3080 1653 3203 1712 post
3248 1653 3533 1716 acceptam

1925 1729 2118 1796 fidem,
2151 1740 2503 1800 peccatorum
2535 1731 2674 1801 ignis
2702 1732 3107 1803 exstinguitur;
3137 1733 3183 1790 si
3205 1745 3386 1792 tamen
3411 1746 3541 1806 post

215 1822 371 1891 Quis,
427 1838 549 1891 oro,
601 1839 710 1879 non
760 1822 996 1894 refugiat
1046 1826 1402 1896 supplicium,
1459 1841 1703 1897 pinnam,
1763 1825 2369 1894 ethonversionem,
2420 1843 2530 1883 non
2584 1828 2783 1883 iterum
2856 1829 3138 1886 renovatis
3211 1831 3539 1888 criminibus

216 1925 484 1982 mortem;
545 1924 600 1972 et
653 1917 819 1986 eligat
872 1917 1243 1987 refrigerium,
1305 1920 1704 1986 remissionem,
1756 1935 1821 1977 ac

219 2011 423 2066 vitam?
470 2009 578 2068 Sed
608 2010 700 2067 ille
739 2011 872 2082 fugit
898 2023 1136 2069 mortem
1185 2015 1277 2085 qui
1331 2031 1429 2085 per
1466 2016 1659 2072 itinera
1697 2033 1821 2088 gra-

227 2105 373 2161 ditur
423 2104 669 2160 vitalium
718 2104 1137 2172 mandatorum;
1192 2107 1288 2163 ille
1333 2107 1539 2164 donum
1588 2110 1824 2180 percipit

225 2200 352 2254 vita:
380 2208 407 2237 α
435 2197 532 2268 qui
564 2214 663 2268 per
681 2198 921 2256 laborem
954 2200 1323 2270 spiritualium
1347 2203 1654 2258 studiorum
1679 2219 1825 2259 mor-

224 2289 356 2347 tales
385 2301 544 2346 actus
574 2291 764 2346 evitat.
801 2289 1037 2361 Ideoque
1080 2291 1291 2348 dictum
1321 2303 1412 2350 est
1441 2311 1454 2347 :
1489 2294 1622 2350 Ecce
1661 2313 1821 2367 aqua,

225 2392 270 2440 et
315 2384 456 2454 ignis
499 2383 617 2438 :aal
668 2384 808 2457 quod
867 2382 1112 2448 volueris,
1159 2385 1376 2440 extende
1423 2402 1631 2441 manum
1684 2397 1828 2442 tuam

228 2474 418 2550 (Eccli.
473 2477 598 2547 xv);
649 2476 752 2531 hoc
795 2485 880 2532 est
929 2491 1066 2547 Opus
1116 2487 1290 2534 tuum.
1339 2477 1398 2534 In
1431 2495 1596 2536 manu
1627 2482 1830 2552 quippe

227 2583 396 2640 opera
449 2569 926 2637 demonstrantur,
975 2570 1100 2640 quia
1150 2587 1251 2627 nec
1294 2575 1584 2630 tormentis
1634 2573 1830 2644 subjici

229 2667 350 2723 sine
395 2665 628 2722 crimine
657 2680 973 2736 possumus,
1016 2681 1120 2722 nec
1161 2667 1447 2737 praemium
1495 2669 1616 2724 sine
1656 2677 1834 2724 certa-

228 2854 339 2910 cuti
375 2866 595 2916 sumus;
643 2851 942 2920 respondet
986 2851 1132 2906 enim
1163 2850 1409 2919 apprime
1440 2848 1584 2918 quod
1623 2864 1825 2915 praece-

228 2926 326 2992 dit,
358 2933 633 2995 putaretur
660 2924 880 2994 forsitan
896 2923 1090 2993 injuste
1112 2931 1397 2991 correptus.
1424 2920 1568 2995 Editi
1593 2920 1826 2975 habent:

228 2991 382 3068 atque
411 2997 534 3050 hinc
563 2991 836 3068 iracundia
881 2991 994 3065 ejus
1024 3002 1237 3068 tantam
1270 2991 1564 3068 concepisse
1592 3007 1825 3068 causam,

228 3062 390 3125 male.
419 3068 748 3123 Invenerunt
776 3062 1006 3120 fortasse
1034 3065 1265 3131 librarii,
1298 3063 1388 3117 ubi
1423 3063 1561 3116 linea
1601 3062 1824 3131 desinit,

228 3151 385 3213 atque
404 3138 531 3194 hinc
568 3138 856 3192 iracundiae
876 3140 993 3213 jus,
1026 3134 1514 3213 ex_qu_o_fecerunt
1555 3133 1829 3213 iracundia

229 3206 389 3287 ejus;
420 3222 525 3265 tam
553 3226 706 3276 vero,
759 3206 984 3287 quodin
1033 3207 1310 3287 principio
1353 3206 1634 3287 sequentis
1681 3206 1825 3287 posi-

1925 1919 2262 1976 inardescat.
2318 1919 2370 1974 Is
2417 1919 2568 1975 enim
2625 1921 2719 1991 qui
2789 1921 3162 1993 eleemosynis
3231 1924 3538 1980 remedium

1925 2022 2277 2084 peccatorum
2344 2013 2619 2082 pcenitens
2677 2013 2896 2084 quaerit,
2961 2025 2983 2052 ο
3045 2014 3211 2070 debet
3253 2018 3366 2086 jam
3425 2031 3533 2073 non

1925 2119 2091 2175 agere
2169 2103 2504 2174 paenitenda,
2548 2119 2641 2185 .ne
2714 2105 2863 2174 quod
2931 2121 3040 2160 uno
3085 2107 3260 2164 latere
3327 2111 3538 2166 exstin-

1925 2199 2135 2272 guitur,
2186 2200 2294 2256 alio
2342 2198 2736 2255 succcndatur.
2792 2198 3047 2254 Fluvium
3097 2201 3342 2258 diximus
3389 2204 3537 2260 elee-

1929 2309 2324 2366 mosynarum,
2393 2301 2451 2348 ut
2526 2293 2835 2364 largitatem
2908 2293 3150 2348 donandi
3227 2297 3535 2351 sentires:

1929 2383 1959 2424 ει
2008 2387 2103 2443 sed
2169 2401 2328 2442 rarus
2379 2386 2613 2458 quisque
2681 2397 2766 2441 est
2827 2387 2918 2456 qui
2980 2385 3069 2442 vel
3128 2402 3310 2444 rorem
3376 2405 3536 2460 spar-

1928 2487 2022 2550 gat
2065 2478 2226 2551 317
2257 2477 2627 2551 eleemosynse
2676 2491 2777 2534 suo
2820 2477 3115 2549 refrigerio
3164 2480 3538 2550 profuturum.

1936 2585 1959 2612 ο
1990 2575 2280 2645 Egreditur
2307 2574 2376 2630 de
2405 2574 2640 2630 ecclesia
2671 2571 3042 2639 Christianus,
3076 2584 3131 2628 et
3162 2575 3345 2630 surdis
3388 2579 3541 2632 auri-

1934 2669 2036 2726 bus
2079 2676 2398 2740 precantem
2445 2682 2745 2740 pauperem
2796 2666 3062 2736 praaterit.
3095 2666 3114 2704 ε
3149 2666 3224 2722 ita
3250 2683 3349 2724 nos
3397 2668 3560 2730 Deus.

1932 2849 2231 2924 appellatur
2259 2859 2306 2904 et
2337 2850 2531 2905 dicitur
2562 2849 2893 2907 Christianus
2921 2851 2947 2904 ?
2978 2848 3239 2905 Pharisaei
3259 2850 3352 2906 tibi
3373 2851 3540 2924 magis

1933 2923 2172 2976 conaruit
2200 2937 2404 2975 nomen.
2980 2939 2984 2943 ι

2054 2993 2185 3048 abes
2220 2993 2343 3046 hinc
2375 3007 2484 3062 quo
2525 2992 2806 3063 antiquum
2837 2992 3106 3049 Ecclesia:
3150 3008 3357 3049 morem
3405 3010 3567 3050 con-.

1930 3064 2119 3118 ﬁrmes
2145 3109 2159 3132 ,
2192 3079 2316 3118 cum
2349 3079 2620 3133 pauperes
2651 3065 2851 3132 stipem
2897 3063 3217 3132 accepturi,
3254 3079 3353 3133 pro
3401 3075 3540 3121 tem-

1929 3135 2145 3205 plorum
2171 3135 2380 3189 foribus
2409 3134 2720 3207 adstabant.
2748 3136 2908 3207 .lioan.
2930 3134 3238 3207 Chrysost.,
3271 3135 3418 3190 hom.
3448 3137 3540 3206 28,

1930 3207 1996 3262 ad
2031 3207 2285 3276 populum
2315 3205 2744 3274 Antiochenum,
2773 3205 3055 3260 Bernardo
3082 3206 3340 3260 Brixiano
3369 3209 3540 3263 inter-

370 3263 519 3343 erat,
572 3263 1054 3350 congeminantes;
1118 3263 1368 3333 fecerunt
1414 3263 1635 3330 tantam.
1682 3263 1821 3331 Cod.
1853 3263 1899 3327 C
1934 3263 2150 3346 pre'te':
2185 3276 2474 3350 PrOpterea
2505 3288 2627 3332 ante
2653 3263 2920 3350 ecclesias,
2952 3287 2999 3331 et
3036 3287 3326 3347 martyrum
3357 3295 3542 3350 monu-

230 3355 555 3425 Pantagathi
592 3349 722 3423 legit
743 3363 896 3422 atque
942 3349 1067 3405 hinc
1092 3350 1386 3405 iracundia:
1422 3350 1615 3418 iustam
1646 3363 1831 3403 conce«

232 3443 370 3501 pisse
397 3441 631 3480 causam.

311 3497 455 3555 llSic
502 3495 686 3562 Flor.,
737 3493 869 3551 Urb.
916 3502 972 3549 et
1013 3493 1151 3548 liber
1189 3491 1536 3563 Pantagatbi.
1586 3491 1639 3545 In
1686 3492 1834 3548 Vatt.

233 3585 389 3637 vero,
432 3568 522 3640 qui
562 3583 657 3640 pro
670 3567 874 3640 labore.
910 3565 1053 3640 Editi
1084 3565 1340 3636 legebant
1370 3565 1459 3635 qui
1487 3581 1577 3636 per
1606 3563 1837 3620 laborem

233 3637 453 3714 spiritus
469 3637 767 3714 mortalium
799 3637 1115 3714 studiorum.

306 3711 335 3753 δ
384 3711 567 3767 Locus
598 3711 702 3765 iste
744 3725 776 3764 a
818 3708 1048 3779 Dupinio
1075 3725 1181 3762 non
1225 3709 1358 3764 satis
1402 3718 1552 3764 recte
1577 3718 1838 3779 acceptus

235 3794 346 3852 est,
379 3784 583 3854 quippe
626 3783 716 3848 qui
765 3778 1012 3854 eumlsic
1041 3779 1246 3854 Gallice
1291 3783 1690 3852 interpretatur
1726 3797 1737 3832 :
1785 3778 1837 3832 Il

235 3851 450 3910 exhortc
473 3851 506 3908 ἆ
534 3854 812 3921 ιάιιιιιόιιε,
840 3851 966 3924 qu‘il
988 3869 1050 3906 ne
1066 3851 1192 3921 [eiut
1211 3854 1354 3924 point
1382 3851 1450 3906 de
1475 3867 1741 3924 comparer
1769 3868 1840 3904 au

235 3926 507 4000 Baptéine,
565 3942 648 4000 en”
682 3921 1019 4000 disant'Aque
1050 3921 1245 4000 coniuge
1297 3924 1430 4000 lfeau
1477 3923 1550 4000 d_u
1590 3921 1840 4000 Bupteme

236 3992 395 4053 eteiut
423 3998 468 4051 le
496 4000 581 4068 feu
601 3998 713 4052 d‘en
724 3999 822 4064 fer,
845 3992 1101 4068 demente
1122 3994 1460 4068 l’abondance
1481 3992 1841 4068 despuiuones

235 4071 394 4126 éteint
418 4069 464 4123 le
492 4063 577 4137 feu
607 4070 669 4122 de
701 4063 753 4120 lu
773 4066 1019 4138 cupidité,
1051 4066 1140 4136 qui
1170 4075 1303 4120 reste
1323 4066 1471 4138 aprés
1500 4063 1547 4117 le
1571 4064 1838 4138 ligptéme;

239 4085 394 4126 etetnt
418 4085 464 4123 te
492 4085 577 4137 feu
607 4085 669 4122 ae
701 4085 753 4120 ta
773 4085 1019 4138 cuptatte,
1051 4085 1140 4136 qut
1170 4085 1303 4120 reste
1323 4085 1360 4118 ιι·
1393 4085 1471 4119 res
1500 4085 1547 4117 te
1571 4085 1838 4131 (supreme;

239 4158 308 4196 ou
338 4141 411 4194 du
460 4141 630 4194 moius
671 4139 909 4210 empéche
954 4138 1078 4206 qu‘it
1118 4153 1182 4190 ne
1225 4085 1557 4206 s’en/liimme.
1589 4135 1842 4210 _Pro_rsus

240 4213 407 4269 male.
431 4206 776 4266 Gaudentius
800 4210 875 4262 ait
910 4225 922 4262 :
957 4217 1282 4277 peccatorum
1309 4209 1446 4279 ignis
1473 4206 1838 4279 exstinguitur,

240 4287 284 4340 si
313 4294 482 4338 tamen
508 4292 621 4355 post
653 4276 1070 4355 conversionem1
1097 4296 1200 4355 non
1226 4276 1420 4355 iterum
1458 4277 1715 4332 renovatis
1740 4276 1844 4329 cri-

241 4357 465 4410 minibus
508 4349 862 4417 inardescat;
929 4359 985 4406 at
1042 4349 1310 4419 DUpinius
1371 4366 1481 4405 non
1538 4356 1624 4404 est
1692 4362 1845 4402 asse-

242 4439 423 4484 CUIUS.

323 4509 346 4539 °
374 4496 559 4554 Editio
591 4496 842 4566 Lugdun.
877 4494 1180 4566 foedissime
1225 4501 1510 4566 corrupta,
1542 4491 1707 4566 debet
1730 4491 1846 4562 jam

244 4587 352 4625 non
376 4585 532 4641 agere
556 4564 944 4641 paenitentiam;
976 4575 1030 4619 ut
1051 4564 1556 4641 qc_od._Pantagathi
1585 4575 1846 4641 una-cum

1938 3360 2132 3412 menta,
2165 3365 2260 3420 pro
2285 3348 2484 3416 foribus
2504 3365 2760 3421 pauperes
2783 3349 2975 3421 sedent
3001 3393 3015 3417 ,
3036 3359 3100 3421 ut
3133 3364 3228 3421 nos
3254 3365 3317 3403 ea:
3354 3348 3541 3421 hujus-

1939 3421 2080 3475 modi
2106 3418 2401 3489 spectaculo
2421 3418 2643 3472 multum
2673 3420 2940 3491 capiamus
2967 3419 3243 3484 utilitatis;
3268 3431 3323 3473 et
3351 3418 3450 3477 in'l
3472 3423 3538 3476 ad

1937 3491 2063 3548 Cor.
2092 3507 2188 3555 xu,
2224 3491 2372 3545 hom.
2403 3491 2496 3554 50,
2523 3491 2798 3546 Germano
2817 3492 2999 3546 Brixio
3023 3493 3324 3558 interprete
3357 3509 3368 3543 :
3401 3492 3542 3558 Quid

1938 3575 2013 3618 est
2036 3565 2175 3618 enim
2201 3562 2356 3617 vilius
2386 3573 2432 3616 et
2461 3563 2715 3635 abjectius
2744 3563 3183 3635 mendicantibus?
3197 3564 3287 3616 sed
3309 3573 3481 3617 tamen
3507 3567 3543 3618 ii

1937 3652 2139 3706 quoque
2181 3633 2670 3706 usuntdmaximum
2718 3634 2938 3706 implent
2975 3636 3030 3688 in
3077 3633 3309 3689 ecclesiis
3343 3676 3356 3698 ,
3387 3636 3542 3705 affixi

1939 3703 2102 3778 portis
2123 3706 2320 3776 templi.
2346 3703 2630 3778 Vulgatum
2651 3717 2736 3761 est
2756 3707 2885 3759 illud
2909 3705 3033 3761 Act.
3059 3721 3139 3770 ιιι,
3157 3706 3212 3769 2,
3227 3706 3297 3759 de
3317 3703 3542 3773 claudo,

1940 3777 2100 3855 quem
2127 3777 2694 3855 ponebant__quotidie
2739 3778 2872 3855 πρᾷς
2915 3783 3007 3838 τήν
3044 3779 3203 3854 θύραν
3235 3785 3331 3855 ςτρῦ
3378 3779 3539 3853 ἱεροῦ,

1939 3848 2008 3922 ad
2027 3859 2232 3922 portam
2260 3848 2459 3918 templi,
2483 3857 2540 3902 ut
2571 3859 2764 3919 peteret
2783 3848 3167 3922 'eleemosyna'm
3192 3849 3255 3902 ab
3279 3848 3545 3922 introeun-

1942 3921 2074 3976 tibus
2107 3938 2126 3976 :
2158 3922 2248 3975 hic
2275 3929 2455 3975 autem
2505 3936 2623 3975 mos
2675 3921 2982 3976 custoditus
3030 3929 3114 3974 est
3144 3921 3546 3975 recentioribus

1943 3995 2106 4047 etiam
2138 3991 2370 4056 saeculis,
2409 3999 2470 4045 ut
2507 3991 2670 4046 habet
2700 3991 2994 4046 concilium
3030 3990 3373 4045 Bituricense
3417 3996 3547 4046 anni

1945 4063 2106 4126 1585,
2141 4063 2224 4117 tit.
2251 4062 2285 4117 9
2310 4078 2323 4116 :
2354 4060 2619 4116 Curabunt
2645 4063 2880 4116 custodes
2907 4062 3241 4115 ecclesiarum
3265 4101 3279 4125 ,
3305 4078 3369 4114 ne
3402 4079 3544 4116 men-

1943 4133 2049 4187 dici
2078 4150 2168 4202 per
2184 4133 2451 4186 ecclesiam
2473 4144 2743 4203 vagentur,
2777 4142 2868 4186 aut
2890 4134 3102 4185 chorum
3125 4132 3386 4203 introeant
3411 4149 3545 4199 pra:-

1945 4201 2085 4260 textu
2111 4205 2449 4273 eleemosynw
2477 4201 2732 4274 petendas,
2763 4203 2926 4257 divini
2954 4203 3143 4274 officii,
3175 4201 3253 4254 vel
3283 4203 3546 4258 concionis

1945 4285 2173 4344 tempore
2200 4291 2218 4340 ;
2249 4275 2338 4328 sed
2368 4277 2421 4327 in
2459 4274 2655 4344 foribus
2701 4276 3037 4328 ecclesiarum
3074 4274 3422 4342 eleemosynas
3451 4291 3548 4328 ea:-

1943 4358 2187 4414 spectent.
2222 4345 2414 4400 Exstat
2444 4345 2520 4399 Pii
2557 4345 2620 4413 V,
2649 4346 2914 4412 pontiﬁcis
2945 4345 3199 4412 maximi,
3233 4345 3456 4398 constit.
3490 4361 3548 4414 v,

1992 4434 2078 4472 um
2104 4419 2355 4488 primum,
2378 4416 2523 4488 edita
2553 4432 2702 4470 anno
2728 4416 2888 4485 1566,
2919 4432 3022 4486 qua
3054 4428 3325 4487 pauperes
3349 4416 3548 4485 stipem

1948 4487 2204 4560 petentes
2230 4490 2299 4542 ab
2325 4487 2688 4560 ecclesiarum
2717 4492 2888 4557 septis
2913 4498 3087 4543 arcet.

2027 4561 2043 4599 ί
2098 4560 2369 4627 Tempora
2419 4559 2537 4615 haec
2585 4561 2861 4614 bellorum
2929 4557 3336 4615 calamitatibus
3393 4557 3550 4627 plena

246 4641 371 4697 aliis
402 4629 534 4696 mss.
558 4629 618 4694 et
647 4639 998 4704 editionibus,
1026 4638 1170 4692 debet
1190 4639 1310 4708 jam
1350 4629 1454 4690 no'n
1493 4649 1646 4708 agere
1685 4631 1847 4704 poeni-
1877 4662 1933 4724 Β
1955 4641 2113 4724 erant
2133 4631 2378 4724 “quibus
2407 4631 2868 4724 orbisﬂRomanus
2898 4632 3270 4701 premebatur.
3326 4629 3552 4724 Hieron.

249 4715 423 4772 tenda.

321 4784 349 4825 ά
377 4785 467 4842 Sic
512 4783 658 4839 Vatt.
702 4782 828 4842 duo.
865 4794 1098 4850 quorum
1149 4780 1314 4835 lectio
1359 4779 1462 4834 hoc
1491 4779 1612 4834 loco
1636 4775 1854 4850 caiteris

249 4858 366 4914 visa
411 4867 500 4913 est
539 4847 904 4909 emendation-1
945 4850 1081 4906 Cod.
1117 4851 1444 4922 Pantagatlii
1477 4851 1712 4920 legebat.
1764 4847 1854 4922 sed

248 4931 423 4984 carnis
466 4929 680 4998 quisque
712 4935 804 4990 est,
860 4925 1104 4993 pessime
1134 4920 1384 4998 quiideiii;
1429 4925 1578 4998 at_iu
1608 4920 1855 4998 margine

249 4989 769 5074 reposituutl'uerat
794 4989 984 5067 quotus
1019 5011 1115 5074 pro
1155 4989 1354 5074 carnis,
1390 5003 1448 5049 ut
1487 4989 1856 5074 itaberetilsed

248 5064 441 5144 qu-otus
482 5071 700 5144 quisque
730 5064 822 5135 est,
873 5066 1127 5144 app0sita
1173 5067 1610 5144 interrogatione
1663 5065 1715 5117 ιιι
1749 5064 1857 5144 line

248 5136 564 5208 commatis,
615 5136 739 5208 quae
786 5153 918 5193 sane
969 5137 1129 5192 lectio
1177 5140 1270 5192 toti
1305 5137 1432 5192 huic
1481 5139 1605 5193 loco
1649 5136 1856 5207 optime

248 5219 526 5284 congruit.
581 5213 760 5269 Editio
801 5210 919 5266 Col.
969 5219 1024 5263 et
1049 5209 1264 5284 _Lugd..
1292 5210 1393 5284 sed
1441 5225 1594 5263 rarus
1637 5209 1725 5278 qui
1772 5219 1858 5284 e_s_,°

249 5277 454 5354 Paris,
489 5285 578 5341 sed
598 5301 748 5339 rarus
769 5284 886 5353 quis
917 5291 1011 5336 est.
1040 5277 1412 5354 Consentium
1433 5296 1565 5354 vero
1599 5277 1713 5354 tres
1743 5277 1862 5334 edi-

250 5352 519 5414 tionesin
548 5357 695 5411 aliud
729 5352 1010 5416 mendum,
1039 5353 1283 5423 legentes
1308 5367 1404 5406 suo
1435 5352 1710 5423 refrigerio
1742 5364 1863 5421 pro-

253 5432 456 5503 futuro,
493 5427 636 5498 quod
657 5426 1074 5503 emendaviiuus
1104 5422 1173 5478 ex
1203 5423 1419 5503 duobus
1444 5422 1592 5503 yatt.

331 5512 356 5539 θ
384 5492 525 5556 MSS:
554 5510 788 5566 quatuor
828 5496 992 5551 codd.
1026 5499 1212 5568 legunt
1245 5514 1255 5549 :
1287 5492 1572 5568 Egreditur
1602 5493 1664 5568 de
1700 5493 1864 5546 eccle-

253 5574 336 5629 sia
363 5563 720 5637 Christianus,
753 5573 796 5623 si
830 5579 996 5623 tamen
1036 5563 1368 5622 Christianus
1407 5582 1425 5631 ;
1457 5580 1580 5635 quae
1629 5563 1864 5637 fortasse

293 5659 518 5701 ermana
565 5653 649 5698 est
699 5635 901 5706 lecnio,
944 5655 1176 5710 eamque
1223 5637 1462 5710 ostendit
1509 5637 1678 5710 etiam
1723 5635 1864 5690 liber

293 5661 518 5701 ermana
565 5661 649 5698 BSt
701 5661 901 5706 IBCIIO,
944 5661 1176 5710 eamque
1223 5661 1462 5694 osmltuu
1509 5661 1678 5692 etiam
1724 5661 1864 5690 itucr

253 5661 610 5786 gaulugathi.
646 5713 838 5770 Simile
871 5712 1036 5788 habet
1063 5711 1373 5788 Cyprianus
1403 5709 1455 5788 in
1481 5707 1673 5788 eodem
1702 5721 1868 5788 argui

261 5781 464 5844 mento'
481 5787 551 5842 de
579 5801 748 5853 apere
775 5793 833 5836 et
858 5781 1144 5839 eleemosh
1175 5782 1314 5849 Quid
1345 5781 1468 5850 facit
1505 5781 1562 5834 in
1589 5781 1741 5833 domo
1769 5781 1868 5853 Dei

260 5859 526 5936 perﬁdum
551 5848 769 5931 pectus?
796 5854 936 5921 Quid
960 5858 984 5910 ?
1005 5859 1088 5924 qui
1111 5848 1320 5909 Christo
1341 5848 1554 5910 omnino
1573 5867 1677 5908 non
1706 5848 1870 5906 credit

665 5951 946 6012 ΡΔτιιυι..
1000 5947 1145 6009 XX.

1959 4704 2218 4774 Epitapli.
2273 4703 2465 4771 Nepot.
2501 4721 2513 4757 :
2545 4702 2738 4758 Horret
2769 4703 2971 4757 animus
3017 4716 3305 4774 temporum
3355 4712 3557 4756 nostro-

1954 4773 2072 4830 rum
2098 4777 2278 4830 ruinas
2307 4775 2562 4846 persequi.
2604 4775 2805 4846 Viginti
2836 4783 2884 4829 et
2914 4793 2975 4829 eo
2999 4773 3226 4846 amplius
3256 4776 3382 4828 anni
3411 4786 3554 4831 sunt.

1957 4848 2096 4920 quod
2119 4849 2250 4901 inter
2277 4844 2808 4920 ConstantinOpolim.
2844 4856 2891 4900 et
2916 4847 3074 4920 Alpes
3091 4844 3558 4920 rlulias_,_quotidie

1960 4919 2228 4990 Romanus
2273 4920 2486 4990 sanguis
2539 4916 2855 4990 effunditur.
2916 4919 3222 4990 Scythiam,
3251 4916 3553 4984 Thraciam,

1961 4988 2322 5043 Macedoniam
2348 5031 2362 5051 ,
2388 4987 2714 5044 Dardaniam
2739 5035 2751 5055 ,
2786 4987 3006 5044 Daciam
3036 5031 3051 5055 ,
3082 4988 3512 5042 Thessalonicam
3540 5029 3556 5051 ,

1959 5061 2228 5116 Achaiam.
2265 5059 2476 5125 Epiros,
2517 5061 2857 5124 Daimatiain,
2886 5073 3198 5127 cunctasque
3226 5059 3555 5122 Pannonias,

1963 5131 2186 5197 Gothus,
2217 5131 2488 5197 Sarmata,
2517 5133 2756 5199 Quadus,
2790 5131 2990 5186 Alanus
3014 5173 3028 5199 ,
3064 5132 3268 5190 Hunni,
3305 5130 3558 5194 Vandali,

1963 5203 2348 5276 Marcomanni,
2373 5213 2593 5276 vastant,
2618 5202 2850 5266 trahunt,
2877 5205 3110 5276 rapiunt.
3132 5202 3334 5276 confer
3351 5200 3554 5276 Zosim.

1961 5275 2055 5329 lib.
2089 5291 2143 5328 tv
2176 5275 2309 5329 Hist.
2345 5273 2878 5330 novae.Gaudentius
2913 5273 3140 5339 Merula,
3167 5274 3260 5327 lib.
3290 5289 3326 5327 ιι
3356 5275 3422 5327 de
3447 5275 3561 5327 Att—

1963 5347 2146 5415 tiquit.
2178 5345 2322 5402 Gall.
2357 5346 2558 5417 Cisalp.
2605 5361 2655 5404 c.
2684 5349 2751 5402 M
2775 5388 2788 5409 ,
2825 5359 3121 5417 postquam
3157 5344 3408 5417 recitavit
3438 5359 3563 5397 mox

1964 5414 2186 5472 allatum
2234 5414 2549 5488 Hieronymi
2584 5418 2784 5487 locum,
2823 5414 2941 5473 hinc
2969 5414 3152 5472 Subdit
3185 5433 3198 5470 :
3247 5414 3415 5488 Miror
3459 5429 3565 5468 non

1966 5489 2225 5562 adjecisse
2276 5489 2424 5542 illum
2443 5485 2786 5557 'Cisalpinam
2815 5489 3046 5545 Galliam
3064 5529 3081 5562 2
3109 5502 3265 5562 quam
3294 5503 3326 5539 a
3357 5485 3569 5539 Marco-

1968 5557 2187 5632 mannis
2202 5568 2456 5632 vastatam
2505 5562 2666 5631 fuisse
2690 5607 2704 5630 ,
2729 5562 3028 5632 praesertim
3055 5557 3338 5632 Insubrum
3369 5572 3568 5632 agrum

1971 5633 2109 5686 circa
2138 5628 2516 5704 Mediolanum,
2545 5628 2704 5704 refert
2729 5628 2955 5686 Flavius
2985 5628 3259 5704 Vopiscus,
3291 5629 3379 5698 qui
3419 5628 3570 5704 post:

1971 5704 2187 5757 modum
2209 5703 2492 5774 Aureliano
2524 5697 2833 5774 imperante,
2855 5709 3004 5756 tanta
3023 5697 3171 5754 clade
3200 5697 3569 5774 Romanosad

1976 5774 2304 5848 Placentiam
2329 5772 2567 5848 affecere,
2596 5770 3132 5848 utipenc'ltomanunt
3159 5770 3442 5826 solveretur
3467 5771 3574 5848 im-

1977 5847 2196 5917 perium.
2247 5847 2426 5904 Locus
2460 5843 2690 5919 VOpisci'
2726 5855 2811 5904 est
2843 5846 2896 5900 in
2946 5844 3259 5910 Aureliano,
3308 5856 3428 5914 cap.
3461 5843 3574 5911 18‘;

2927 5938 3006 6001 30
