4070 6346
505 292 613 354 985

1592 282 1649 340 S.
1689 277 2066 340 GAUDENTII
2106 273 2370 336 ΒΒΙΧΙΕ
2411 274 2724 337 EPlSCOPl

3705 277 3802 336 9η

496 407 748 462 viribus:
782 403 936 460 Nihil
975 403 1111 457 enim
1149 402 1416 457 intulimus
1447 400 1500 453 in
1537 398 1673 452 hunc
1708 398 1984 459 mundum,
2017 395 2106 450 sed
2133 396 2182 455 Α
2213 395 2503 451 veritatem
2534 396 2659 452 ﬁdei
2697 395 2974 463 salutaris,
3021 409 3184 468 quam
3212 393 3414 465 pariter
3441 393 3689 463 excipere
3712 392 3804 448 bu-

494 515 587 554 nec
614 502 821 570 auferre
846 497 1050 569 aliquid
1075 512 1343 569 possumus
1368 491 1408 564 (l
1437 491 1572 546 Tim.
1601 490 1702 562 vl).
1738 489 1928 544 Nudus
1952 488 2106 551 exivi,

493 590 575 644 ait
619 599 842 645 sanctus
867 590 990 651 Job,
1016 589 1077 641 de
1123 596 1270 641 utero
1319 585 1501 637 matris
1540 598 1684 647 mcw,
1719 583 1890 636 nudus
1922 582 2110 634 iterum

488 693 718 739 revertar
747 686 800 737 in
842 693 1031 737 terram
1056 680 1203 752 (Job.
1229 678 1288 749 ι).
1327 678 1442 732 Hoc
1481 691 1668 732 secnm
1721 674 1952 745 quisque
1984 689 2110 743 por-

495 786 578 833 tat
608 792 674 831 ex
702 775 1052 830 facultatibus
1097 788 1235 840 quas
1275 772 1508 841 accepit,
1542 769 1686 841 quod
1715 769 1769 823 in
1819 783 1956 835 opus
1983 766 2110 823 reli-

502 871 682 942 gionis
717 868 1066 938 impenderit,
1101 866 1247 937 quod
1292 880 1392 935 pro
1418 864 1715 918 dilectione
1741 862 1836 916 Dei
1891 860 2106 923 fecerit,

493 961 786 1030 praeceptis
831 959 951 1028 ejus
993 959 1425 1027 obtemperans;
1464 955 1678 1010 dicetur
1732 953 1877 1010 enim
1907 953 1959 1006 in
2019 952 2108 1006 die

489 1054 691 1125 judicii
725 1073 737 1107 :
766 1063 791 1090 τι
823 1053 956 1108 Ecce
997 1053 1148 1107 homo
1170 1099 1184 1120 ,
1227 1061 1274 1107 et
1325 1068 1482 1123 Opera
1527 1052 1680 1122 ejus;
1711 1066 1816 1104 non
1847 1049 2060 1104 dicetur
2091 1065 2104 1102 :

497 1150 640 1206 Ecce
667 1146 948 1210 homo,bet
984 1147 1225 1214 pmentia
1243 1142 1669 1214 ejus,etdivitiae
1693 1143 1838 1212 ejus,
1856 1149 1911 1196 et
1932 1139 2106 1195 haere-

491 1241 586 1296 des
613 1241 752 1310 ejus.
782 1240 960 1309 Opera
987 1237 1216 1308 requirit
1237 1237 1330 1307 qui
1366 1245 1637 1305 praecepta
1669 1233 1941 1290 commisit
1971 1232 2104 1295 ;mi-

493 1334 810 1391 sericordi.c
832 1348 1096 1404 repensor
1120 1340 1205 1387 est
1247 1332 1338 1402 qui
1371 1329 1560 1386 docuit
1590 1329 1873 1398 pietatem,
1904 1326 1997 1396 qui
2024 1325 2104 1379 di-

495 1427 791 1482 lectionem
823 1426 907 1480 sui
939 1426 990 1480 in
1018 1433 1422 1494 praeceptorum
1450 1423 1670 1492 probari
1699 1419 1945 1476 custodia
1967 1435 2106 1490 prac-

493 1519 690 1574 ﬁnivit.
743 1516 878 1572 Nam
957 1517 1062 1574 sibi
1136 1517 1440 1587 praestitum
1495 1525 1712 1584 reputat
1763 1525 1783 1552 ε
1841 1513 2102 1583 quidquid

492 1627 667 1682 egeno
714 1612 1016 1681 praestitum
1067 1610 1194 1664 erit.
1245 1607 1402 1664 Unde
1448 1608 1580 1662 alibi
1627 1607 1856 1678 legimus
1891 1603 1956 1659 :d
2000 1605 2103 1673 Qui

494 1707 766 1761 miseretur
799 1705 1066 1775 pauperis,
1096 1703 1208 1758 Deo
1229 1705 1430 1774 fenerat
1453 1701 1637 1773 (Prov.
1670 1702 1806 1769 six).
1841 1700 1908 1754 Et
1937 1700 2100 1770 plane

2215 501 2370 540 mana
2401 487 2566 542 corda
2615 502 2720 542 non
2784 488 3039 556 capiunt,
3081 488 3338 558 paulatim
3390 486 3643 557 dignatur
3696 484 3803 540 suis

2212 580 2431 649 aperire
2461 579 2763 649 discipulis.
2800 579 2820 618 ί
2847 580 2967 636 Jam
3013 580 3081 637 de
3111 582 3321 636 unitate
3365 579 3672 634 divinitatis
3701 593 3805 634 sua:

2211 685 2333 727 cum
2363 681 2514 740 patre
2555 673 2789 743 plurima
2820 673 2874 728 in
2899 674 3290 743 superioribus
3326 673 3492 728 dictis
3529 671 3803 740 docuerat,

2211 765 2397 820 Esicut
2431 766 2680 834 proximo
2707 765 2967 822 Tractatu
3002 767 3235 838 exposui
3264 785 3275 819 :
3309 765 3614 821 ostendens
3642 765 3808 818 intan-

2211 868 2321 912 tum
2351 858 2484 912 nihil
2530 858 2821 914 divisionis
2869 875 2996 916 esse
3028 860 3167 915 inter
3195 859 3444 927 Patrem,
3480 867 3536 913 et
3578 857 3804 924 Filium,

2211 960 2268 1005 ut
2295 953 2460 1007 etiam
2487 969 2796 1010 sermonem
2832 971 3029 1021 suum,
3068 969 3230 1025 quem
3276 953 3623 1024 loqueretur,
3657 968 3808 1008 suum

2211 1043 2416 1098 diceret
2441 1061 2546 1099 non
2586 1061 2728 1108 esse,
2763 1045 2868 1101 nisi
2919 1046 3097 1101 Patris
3141 1053 3309 1101 esset.
3357 1045 3585 1100 Dixerat
3615 1044 3758 1100 enim
3795 1063 3808 1099 :

2210 1134 2276 1188 Et
2308 1153 2476 1192 sermo
2503 1155 2668 1205 meus,
2701 1156 2850 1206 quem
2871 1139 3113 1207 audistis,
3148 1157 3292 1194 meus
3325 1155 3430 1193 non
3451 1149 3549 1205 est,
3584 1138 3674 1193 sed
3706 1142 3813 1211 ejus

2206 1231 2296 1301 qui
2322 1232 2461 1286 misit
2489 1249 2591 1298 me,
2627 1231 2802 1287 Patris
2834 1233 3016 1308 (Joan.
3045 1250 3161 1299 xw,
3193 1232 3264 1288 24
3285 1231 3329 1304 ).
3351 1233 3476 1300 Quo
3506 1232 3661 1287 dicto
3688 1233 3812 1288 satis

2206 1324 2428 1392 claruit,
2480 1327 2653 1382 Patris
2690 1337 3101 1398 contemptores
3124 1343 3246 1384 esse
3287 1329 3575 1383 universos
3613 1325 3814 1382 doctri-

2207 1433 2332 1471 nam
2383 1417 2504 1473 Filii
2554 1420 2819 1490 unigeniti
2845 1430 3304 1486 contemnentes;
3341 1421 3606 1492 quoniam
3656 1437 3811 1493 quem

2205 1525 2359 1564 suum
2391 1526 2702 1568 sermonem
2730 1511 2862 1568 dicit
2892 1513 3086 1580 Filius,
3121 1515 3266 1570 hunc
3293 1529 3453 1570 suum
3491 1525 3658 1586 negat
3699 1529 3814 1572 esse

2205 1601 2310 1657 nisi
2339 1602 2410 1657 sit
2439 1603 2638 1659 Patris.
2672 1605 2822 1661 Tunc
2855 1607 3002 1661 enim
3035 1607 3157 1662 Filii
3189 1622 3373 1662 sermo
3403 1618 3492 1662 est
3517 1650 3532 1673 ,
3566 1607 3612 1662 si
3643 1606 3813 1663 Patris

2203 1710 2388 1750 sermo
2417 1705 2530 1761 est;
2563 1699 2685 1768 quia
2717 1702 2893 1752 omnia
2921 1716 3254 1769 quiscumque
3280 1699 3430 1755 habet
3471 1699 3636 1754 Pater
3663 1741 3679 1766 ,
3709 1717 3814 1754 mea

489 1797 742 1864 fenerat;
777 1797 1009 1865 recipiet
1047 1797 1196 1851 enim
1233 1811 1427 1864 magna
1476 1810 1572 1864 pro
1611 1793 1865 1854 modicis,
1899 1803 1956 1847 et
1997 1807 2106 1847 εαξ-
2137 1793 2186 1852 Β
2213 1799 2355 1852 sunt,
2389 1787 2564 1858 inquit
2612 1787 2810 1859 (Joan.
2843 1806 2956 1852 va,
2999 1789 3132 1860 15).
3183 1789 3252 1844 Ει
3296 1790 3410 1844 alio
3459 1790 3513 1845 in
3575 1791 3700 1846 loco
3753 1789 3816 1846 ad

493 1893 654 1948 lestia
711 1908 809 1963 pro
859 1891 1096 1946 terrenis
1141 1891 1210 1944 ab
1239 1891 1356 1959 ipso
1401 1887 1497 1942 Dei
1552 1885 1692 1941 Filio
1740 1887 2098 1955 sempiterno,
2204 1879 2423 1935 Patrem
2482 1881 2614 1936 dicit
2673 1898 2686 1935 :
2747 1883 3011 1950 Quoniam
3084 1893 3175 1936 tua
3239 1883 3415 1937 omnia
3479 1900 3596 1937 mea
3652 1892 3814 1949 sunt,

491 1985 648 2056 cujus
675 1999 902 2053 regnum
926 1998 1049 2038 cum
1075 1981 1335 2047 Patre,et
1357 1995 1480 2035 cum
1500 1979 1708 2049 Spiritu
1737 1987 1948 2045 sancto,
1977 1993 2106 2049 per-
2201 1979 2249 2024 et
2305 1988 2417 2025 mea
2469 1982 2556 2026 tua
2609 1972 2964 2041 sunt(Joan.
3021 1990 3160 2039 xvu,
3221 1973 3351 2046 10);
3401 1991 3498 2045 per
3559 1977 3815 2030 unitatem

495 2086 682 2135 manet
711 2078 764 2133 in
787 2076 971 2132 omnia
1000 2075 1224 2131 sarcula.
2200 2063 2460 2119 videlicet
2490 2065 2687 2120 divina:
2730 2067 3077 2133 substantiae,
3108 2083 3228 2138 qum
3269 2069 3445 2123 nescit
3483 2067 3686 2138 aliquid
3727 2066 3814 2122 ha-

1042 2190 1314 2256 SERMO
1359 2190 1536 2254 le.
2202 2154 2337 2256 bere
2383 2173 2543 2212 suum
2595 2157 2740 2256 quod
2773 2166 2980 2256 naturae
3011 2175 3121 2214 sua:
3153 2175 3260 2256 non
3301 2160 3393 2214 sit.
3439 2159 3598 2216 Nunc
3639 2170 3815 2217 autem

734 2342 819 2385 DE
847 2338 1137 2384 DIVEBSIS
1170 2335 1499 2381 CAPITULIS
1531 2332 1844 2387 QUARTUS.

744 2437 768 2462 ε
798 2423 877 2479 De
904 2423 1243 2496 promissione
1264 2420 1513 2474 adventus
1547 2415 1830 2471 Paracleti.

565 2543 727 2615 322
769 2537 1068 2594 lneﬂ'abilis
1105 2534 1452 2606 providentia
1493 2531 1758 2602 unigeniti
1824 2530 1918 2585 lilii
1980 2529 2095 2594 Dei,

565 2688 592 2716 ἰ
623 2675 831 2733 Similis
881 2673 1108 2728 omnino
1154 2680 1242 2726 est
1291 2671 1442 2725 locus
1480 2668 1672 2739 lgnatii
1731 2668 1784 2721 in
1840 2666 2005 2736 epist.
2030 2662 2095 2718 ad

495 2751 861 2822 Smyrnenses
902 2764 937 2822 εΔ
966 2743 1383 2822 Qonsentaneum
1421 2749 1495 2822 est
1536 2740 1604 2794 ad
1630 2739 1805 2822 Deum
1831 2753 2100 2822 conuersos

496 2809 777 2892 paenitere;
815 2818 876 2892 _in
920 2817 1124 2883 inferno
1164 2809 1520 2892 enim_nullus
1563 2812 1758 2892 estqui
1787 2809 2094 2892 fon/iterur.

500 2879 634 2948 Ecce
650 2879 790 2945 enim
805 2879 988 2948 homo,
1009 2896 1054 2942 et
1089 2900 1250 2956 opera
1278 2887 1388 2956 ejus
1419 2884 1748 2956 antefaciem
1781 2882 1947 2956 illius.
1970 2879 2099 2934 For-

2207 2248 2552 2320 subsequens
2581 2251 2827 2322 adjnngit
2856 2254 3064 2320 statim,
3097 2253 3349 2308 eamdem
3380 2269 3602 2324 quoque
3644 2255 3815 2311 sancti

2210 2341 2450 2412 Spiritus
2507 2346 2770 2401 unitatem
2826 2346 2979 2402 credi
3036 2356 3340 2417 oportere,
3398 2347 3528 2403 dum
3588 2349 3816 2419 plenitu-

2207 2436 2395 2494 dinem
2469 2440 2736 2495 doctrinze
2812 2455 2927 2496 suae
2983 2438 3010 2477 ιι
3069 2456 3165 2512 per
3221 2443 3397 2512 ipsum
3473 2442 3814 2499 Paracletum

2207 2531 2456 2600 praedicit
2511 2531 3004 2588 consummandam
3040 2573 3054 2596 ,
3113 2533 3303 2589 dicens
3359 2551 3373 2588 :
3430 2533 3564 2590 Haec
3621 2536 3814 2591 locutus

2207 2666 2306 2730 sis,
2341 2668 2584 2743 hom._li
2618 2687 2630 2723 :
2667 2669 2778 2724 Deo
2804 2673 2941 2725 enim
2972 2671 3310 2743 eleemosyuis
3349 2687 3643 2743 pauperum
3681 2675 3814 2743 fene-

2207 2749 2386 2804 ratur;
2413 2753 2466 2794 at
2495 2741 2830 2814 Cyprianus,
2861 2751 3019 2798 tract.
3063 2742 3131 2798 de
3167 2741 3420 2812 Oper.'et
3457 2741 3808 2814 Eleemdsyn.

2207 2821 2260 2886 c_t
2289 2821 2445 2886 tract.
2475 2812 2542 2867 de
2574 2812 2727 2869 Orat.
2764 2816 2914 2868 Dom.
2938 2856 2954 2886 ,
2990 2814 3091 2870 hoc
3121 2816 3502 2870 testimonium
3533 2815 3617 2870 sic
3641 2812 3769 2886 legit
3796 2831 3810 2869 ;

2213 2881 2610 2956 Quiimiserelur
2625 2886 2868 2956 pauperis
2888 2927 2902 2947 ,
2930 2885 3095 2940 Deum
3117 2888 3336 2955 fenerat.
3363 2886 3636 2942 Similiter
3661 2881 3812 2941 tr'act.

497 2974 648 3020 tasse
681 2971 808 3015 tunc
849 2951 1429 3027 temporis'obtin'ebat
1473 2951 1692 3028 opinio,
1725 2954 1890 3028 verba
1934 2951 2100 3028 haaca
2130 2964 2176 3028 (ς
2207 2952 2513 3028 deullabitu
2542 2951 2676 3026 mg.
2714 2951 3091 3011 {Pati-inionio
3117 2951 3218 3011 'tuo
3267 2956 3439 3012 Deum
3489 2961 3690 3028 fenero.
3743 2958 3816 3013 De

497 3036 721 3092 Chrism
749 3025 979 3086 Domino
1019 3029 1186 3082 fuisse
1217 3028 1448 3095 prolata,
1474 3035 1531 3080 nt
1563 3027 1727 3080 habet
1759 3025 2102 3080 Nieremher-

499 3109 621 3178 gius
639 3107 709 3160 de
727 3105 934 3178 origine
956 3115 1125 3178 saepe
1152 3101 1434 3178 scriptura:
1458 3097 1550 3152 lib.
1578 3114 1675 3178 xu,
1703 3113 1751 3151 c.
1777 3095 2098 3178 l5.-l-€adettt

503 3165 666 3244 porro
697 3165 994 3237 sententia,
1022 3171 1156 3226 Ecce
1183 3165 1338 3224 homo
1368 3182 1415 3244 et
1443 3172 1755 3244 operaiejus,
1786 3169 1840 3222 in
1873 3165 2104 3244 Medita-

499 3239 746 3307 tionibus
778 3246 1051 3300 invenitur
1081 3258 1204 3313 qua:
1235 3251 1350 3295 tum
1376 3242 1695 3308 Augustini,
1723 3251 1838 3294 tum
1872 3239 2104 3313 Bernar-

499 3323 554 3377 di
601 3321 820 3374 nomine
862 3307 1357 3378 circumferuntur;
1405 3307 1550 3366 illius
1591 3313 1816 3382 quidem
1851 3325 1973 3378 cap.
2010 3307 2102 3372 59.

503 3393 670 3461 hujus
701 3405 824 3458 cap.
855 3390 890 3440 2
917 3405 929 3440 :
972 3387 1068 3461 sed
1100 3387 1152 3440 in
1185 3400 1251 3461 eo
1289 3387 1589 3461 falsusmest
1629 3382 2100 3461 Niiarett_ibergius,

502 3453 650 3536 quod
689 3476 752 3536 ea
774 3453 1058 3536 putaverit
1085 3458 1263 3528 ‘verba
1299 3471 1418 3510 esse
1447 3453 1650 3536 Christi
1683 3453 1955 3536 Domini;
1979 3468 2106 3536 pro-

503 3525 591 3592 (Ξιιι
617 3525 956 3589 ἀιιὺὶἁθιιίιη
981 3525 1265 3597 desumpta
1297 3536 1425 3580 sunt
1453 3543 1518 3581 ex
1546 3527 1699 3581 Laio:
1727 3540 1867 3589 LXII,
1901 3525 1955 3578 Η
1977 3565 1990 3584 .
2026 3531 2108 3576 at-

504 3624 612 3676 que
637 3622 664 3655 ιι
694 3602 837 3658 LXX
871 3605 938 3676 ita
973 3599 1229 3676 reddita;
1252 3598 1644 3676 ἰδούᾐὸλΣρτήρ
1682 3597 2106 3676 ᾳοιηπαραογέγοσ

504 3669 606 3744 δίεν,
627 3676 767 3748 ἔχων
784 3677 870 3730 τὸν
887 3674 1290 3748 έρςυτοῡμιςτθὸν,
1315 3671 1472 3726 καὶτὸ
1486 3669 1630 3748 ἕργοῷ
1648 3672 1804 3748 «brat?
1822 3669 1922 3743 πρὸ
1942 3687 2108 3742 προσ·

508 3738 864 3805 diaconatus-013.
902 3742 1032 3797 Ecce
1061 3738 1310 3798 Salvator
1347 3753 1467 3795 tuus
1510 3738 1668 3805 bénit,
1704 3738 1896 3793 habens
1921 3738 2110 3790 mérce-

509 3821 629 3876 dem
670 3834 815 3890 suam
845 3832 1050 3890 secum,
1095 3824 1157 3890 et-
1190 3823 1505 3890 opusktuum
1547 3821 1665 3866 ante
1711 3812 2109 3890 faciemsuant;

504 3894 574 3947 de
599 3906 706 3960 quo
733 3887 934 3960 videsis
974 3881 1632 3960 Usserium,_Pr_olegom.
1663 3881 1731 3937 ad
1755 3881 1950 3960 l_g__nat_ii
1997 3881 2111 3960 epi-

508 3951 680 4018 stolas
709 3975 830 4029 cap.
869 3959 956 4024 11,
991 3968 1259 4029 extremo.
1293 3951 1536 4026 Epistola
1565 3967 1743 4010 autem
1769 3954 1865 4029 illa
1895 3951 2110 4029 lguatii,

509 4051 672 4104 quam
703 4023 912 4104 laudat
945 4023 1455 4104 ’Nierembergius,
1506 4037 1591 4104 est
1641 4042 1710 4104 es
1768 4023 2114 4104 interpolatis

515 4097 657 4173 apud
679 4103 1038 4165 Cotelerium,
1081 4116 1201 4173 pag.
1231 4099 1319 4173 9|;
1356 4113 1479 4173 nam
1523 4099 1574 4173 in
1609 4097 1836 4173 epistola
1877 4097 2113 4165 genuina

516 4167 583 4230 ad
626 4173 941 4246 Smyrnzeos
986 4167 1369 4246 testimonium
1408 4169 1540 4246 illud
1581 4167 1966 4246 pr0plteticum
2007 4181 2112 4220 non

516 4240 789 4309 habetur,
819 4245 1070 4314 quamvis
1111 4243 1304 4314 iisdem
1349 4241 1577 4295 omnino
1626 4240 1806 4314 verbis
1863 4246 2120 4293 occurrat

516 4319 681 4375 etiam
707 4312 849 4384 apud
877 4315 1211 4369 Clementem
1245 4313 1454 4367 Potteri
1487 4329 1606 4382 pag.
1641 4312 1769 4384 642.

589 4388 614 4428 b
648 4381 1004 4442 Exhibuimus
1028 4387 1170 4440 bona
1197 4385 1300 4439 [ide
1333 4381 1598 4451 integram
1628 4383 1916 4438 lectionem
1947 4381 2113 4434 trium

520 4431 1925 4524 "aisais."inmissis};.;;"631I."'eriiiii;:'1}.
1951 4431 2118 4506 gaias;
2146 4431 2200 4491 D

519 4533 800 4601 legebatur
822 4537 868 4581 et
899 4523 1128 4601 potentia
1149 4529 1282 4601 ejus,
1316 4535 1362 4579 et
1378 4527 1605 4601 hwredes
1620 4529 1667 4598 ej
1675 4523 2012 4601 us._(_)perum
2035 4523 2122 4601 qui

521 4597 780 4676 pr'tecepta
803 4600 1057 4676 commisit
1082 4615 1099 4663 ;
1131 4597 1596 4676 seti‘tnanitesms
1635 4597 1727 4676 est
1760 4597 1936 4649 hiatus
1963 4597 2121 4676 culpa

520 4665 871 4730 librariorum
902 4671 1173 4724 inductus.
1204 4669 1352 4722 FIOr.
1383 4665 1507 4721 cod.
1533 4667 1613 4723 sic
1644 4668 1806 4722 habet
1834 4676 1913 4719 :ct
1946 4675 2124 4732 poten-

525 4748 598 4799 tia
625 4747 760 4816 ejus,
792 4743 1091 4816 etAhtered_es
1115 4742 1248 4811 ejus.
1288 4737 1461 4816 φρένα
1495 4739 1712 4816 requirit
1749 4739 1837 4816 qui
1867 4746 2126 4816 praecepta

523 4810 794 4870 commisit.
833 4813 994 4866 Liber
1017 4810 1382 4878 Pantagallti:
1415 4818 1459 4860 et
1491 4810 1684 4863 divitia:
1711 4812 1844 4881 ejus,
1880 4819 1927 4860 et
1965 4811 2127 4862 luere-

527 4888 615 4940 des
648 4889 781 4957 ejus.
819 4883 987 4957 Opera
1017 4881 1231 4957 requirit
1258 4881 1347 4957 qui
1379 4890 1635 4957 pracepta
1660 4881 2039 4957 commisit;__ut
2059 4895 2127 4934 ex

527 4951 810 5024 utriusque
841 4951 965 5008 cod.
989 4954 1288 5024 collatione
1307 4953 1571 5024 integram
1599 4955 1888 5007 lcetiohem
1914 4951 2124 5024 elicias.

606 5039 628 5068 ε
661 5023 847 5082 Lectio
886 5027 1124 5079 uniusex
1160 5023 1302 5077 Vatt.
1341 5023 1534 5076 Caeteri
1577 5038 1705 5078 mss.
1735 5023 1936 5078 habent
1971 5023 2128 5092 quid—

527 5098 654 5165 quid
669 5115 824 5172 egeno
841 5095 1367 5172 prtestiterit._Verum
1385 5092 1559 5172 facilis
1583 5095 1682 5150 fuit
1696 5095 2126 5172 lapsuslibrarii;

530 5164 659 5227 dum
688 5164 1132 5224 énim'incnriose
1157 5169 1285 5236 legit
1310 5167 1452 5237 quod
1478 5182 1576 5238 per
1597 5168 1986 5233 compendium
2013 5164 2128 5220 for-

535 5254 682 5298 tasse
718 5242 820 5294 hoc
855 5240 1020 5294 modo
1059 5239 1328 5307 scriptum
1378 5239 1576 5304 fuerat,
1624 5241 1842 5311 praestit.
1877 5241 1972 5294 erit
1996 5279 2010 5301 ,
2062 5253 2130 5291 ex

531 5316 748 5369 dllnlms
776 5311 959 5366 verbis
982 5327 1145 5365 unum
1171 5311 1447 5366 conﬂavit.
1481 5311 1607 5366 Duae
1635 5313 1912 5366 editiones
1945 5312 2130 5378 legunt

528 5383 784 5458 quidquid
811 5399 968 5458 egeno
990 5384 1300 5458 priestiteris
1324 5425 1340 5449 ,
1372 5382 1568 5458 quibus
1596 5383 1833 5458 concinit
1864 5383 2000 5436 liber
2027 5381 2132 5458 Qq-

532 5450 1037 5526 t'avii'Pauta'gathi;
1068 5453 1259 5509 Colon.
1291 5469 1422 5509 vero
1441 5452 1629 5518 editio,
1661 5453 1952 5520 mendose,
1981 5450 2133 5523 quid-

533 5528 657 5598 quid
687 5544 845 5598 egeno
877 5527 1152 5595 prwsteris.

605 5598 632 5635 ά
665 5594 755 5654 Sic
793 5594 935 5653 Vatt.
966 5601 1098 5662 duo,
1133 5607 1187 5652 et
1218 5597 1479 5658 Urbinas,
1518 5594 1757 5664 itemque
1779 5596 1904 5650 cod.
1939 5597 2133 5652 Panta-

529 5671 701 5742 gathi.
751 5670 1169 5742 Floruq‘noqne,
1195 5668 1554 5742 sedimmutat
1570 5668 1798 5742 verbum
1815 5669 2057 5742 pauperis
2069 5670 2128 5742 in

531 5738 864 5812 pauperibus.
903 5739 1045 5794 Editi
1073 5756 1086 5793 :
1115 5740 1216 5804 Qui
1239 5738 1510 5812 miseretur
1538 5739 1880 5812 pauperibus,
1916 5739 2023 5793 Deo
2052 5741 2131 5808 fc-

529 5807 780 5876 neratur;
804 5812 1010 5882 recipiet
1047 5812 1205 5864 enim.
1240 5808 1334 5866 Sic
1355 5807 1520 5863 etiam
1547 5808 1758 5880 Eligius
1792 5807 2121 5869 Noviome’n-

2209 3025 2407 3091 quibus
2452 3029 2586 3082 locis
2629 3025 2754 3083 vide
2799 3028 3068 3092 Gronov.,
3119 3029 3442 3085 Observatis
3485 3025 3556 3084 ad
3601 3029 3812 3085 Eccles.

2211 3095 2418 3170 Script.
2445 3115 2566 3168 cap.
2592 3100 2643 3154 1.
2674 3115 2794 3170 pag.
2829 3099 2918 3155 10.

2283 3177 2306 3206 °
2339 3169 2554 3242 Titulus
2587 3171 2674 3225 hic
2705 3169 2774 3225 ita
2819 3172 3023 3242 legitur
3053 3173 3104 3226 in
3149 3171 3366 3228 duobus
3394 3171 3548 3242 Vatt.
3583 3181 3640 3228 et
3668 3172 3720 3227 in
3752 3172 3814 3227 li-

2209 3239 2308 3294 bro
2350 3241 2694 3314 Pantagathi.
2743 3239 2899 3314 Flor.—
2937 3258 3071 3297 vero
3120 3244 3209 3314 sic,
3255 3243 3417 3314 habet
3455 3263 3468 3297 :
3505 3241 3705 3314 Incipit
3758 3245 3816 3297 de

2212 3313 2550 3382 promissione
2583 3315 2835 3368 adventus
2869 3313 3142 3368 Paracliti.
3171 3313 3332 3371 Urb.:
3370 3313 3450 3370 De
3482 3313 3817 3382 promissione

2209 3381 2457 3506 optgentus
2481 3383 2754 3440 Paracliti.
2790 3385 3075 3441 Editioues
3109 3405 3121 3440 :
3154 3383 3235 3441 De
3263 3381 3611 3457 promissione
3660 3387 3818 3442 Para-

2211 3471 2236 3506 c
2263 3471 2353 3506 et.

2211 3457 2353 3509 cleti.

2287 3523 2305 3561 ί
2338 3526 2426 3601 Sic
2457 3527 2602 3582 Vatt.
2637 3527 2744 3582 duo
2765 3572 2780 3596 ,
2814 3537 2871 3584 et
2900 3527 3040 3584 liber
3067 3529 3420 3601 Pantagathi.
3453 3529 3604 3587 Editi
3644 3539 3819 3587 autem

2213 3613 2336 3651 nam
2367 3600 2431 3652 de
2462 3601 2686 3654 unitate.

2289 3681 2313 3718 ε
2369 3669 2675 3726 Nonnullos
2743 3670 3036 3726 Gaudentii
3105 3681 3370 3728 tractatus
3438 3673 3820 3740 intercidisse,

2213 3750 2465 3813 apertum
2503 3743 2561 3796 tit
2604 3759 2668 3796 ex
2702 3742 2804 3796 hoc
2836 3743 2956 3798 loco
2987 3759 3093 3799 non
3125 3745 3337 3811 solum,
3374 3746 3472 3801 sed
3516 3746 3685 3802 etiam
3727 3747 3822 3802 ini-

2215 3818 2292 3870 tio
2335 3823 2496 3868 tract.
2553 3815 2631 3887 lt
2665 3823 2720 3868 et
2763 3814 2856 3878 12;
2905 3831 3030 3887 nam
3076 3815 3129 3870 in
3175 3817 3377 3887 quibus
3409 3817 3481 3872 ibi
3515 3819 3729 3883 innuit,
3769 3830 3823 3873 se

2216 3888 2516 3956 explanare
2563 3885 2769 3954 aliquid
2828 3885 3204 3954 promisisse,
3244 3898 3338 3942 aut
3371 3889 3624 3955 proxime
3658 3889 3825 3944 disse-

2218 3961 2419 4020 ruisse,
2478 3973 2584 4012 non
2641 3967 2889 4022 exstant;
2948 3959 3412 4025 quemadmodum
3470 3963 3643 4015 etiam
3699 3958 3825 4014 illud

2217 4028 2361 4099 quod
2393 4029 2469 4082 ait
2495 4029 2675 4085 Serm.
2706 4029 2741 4082 ‘2
2765 4070 2777 4093 ,
2815 4044 2869 4099 p.
2900 4029 3009 4084 242
3042 4047 3054 4082 :
3101 4031 3164 4084 de
3195 4032 3571 4100 prwcinctione
3632 4031 3826 4086 lumbo-

2218 4118 2333 4155 rum
2362 4104 2654 4170 frequcntcr
2682 4116 2710 4155 a
2749 4113 2810 4154 se
2849 4101 3008 4155 latius
3059 4101 3256 4156 dictum
3305 4101 3500 4167 fuisse,
3560 4117 3828 4170 nusquam

2219 4171 2477 4227 occurrit.
2517 4171 2646 4226 Item
2679 4187 2844 4226 serm.
2891 4172 2978 4236 15,
3013 4173 3130 4228 hare
3166 4185 3574 4228 commemorat
3607 4193 3622 4230 :
3659 4173 3828 4229 Disse-

2219 4244 2418 4297 ruimus
2444 4243 2524 4314 (ut
2543 4243 2868 4319 meministis)
2880 4260 3091 4319 omnem
3119 4253 3314 4319 tcgtum
3339 4245 3578 4299 lectionis
3591 4249 3704 4319 ejus
3719 4260 3828 4316 qua

2222 4326 2506 4369 comantem
2536 4314 2777 4368 describit
2800 4317 2852 4368 in
2871 4313 3124 4369 Bethania
3148 4313 3454 4384 Dominum,
3495 4313 3829 4384 explanantes

2223 4387 2536 4439 discubitum
2566 4384 2779 4458 Lazari,
2829 4387 3082 4440 rationem
3130 4385 3252 4458 loci,
3287 4397 3333 4441 et
3365 4391 3636 4458 temporis,
3690 4387 3828 4442 Hor-

2225 4458 2326 4511 tha:
2357 4457 2716 4520 ministerium,
2747 4458 2940 4511 sororis
2969 4459 3082 4526 ejus
3111 4457 3432 4529 obsequium,
3454 4457 3712 4529 unguenti
3741 4461 3831 4514 vir-

2226 4540 2407 4594 tutem,
2466 4530 2819 4602 rationemque
2873 4529 3327 4602 criniumquibus
3376 4528 3557 4584 Maria
3607 4533 3828 4602 pretioso

2227 4617 2374 4671 mer
2407 4611 2584 4654 unctos
2615 4597 2808 4653 Christi
2836 4601 2980 4654 tersit
3029 4597 3202 4671 pedes.
3237 4601 3445 4656 Cuncta
3479 4597 3830 4671 hu-c'pariter

2229 4672 2279 4726 in
2315 4687 2556 4738 prmsens
2587 4687 2615 4724 a
2648 4671 2804 4726 nobis
2834 4671 3249 4742 desiderantur;
3289 4683 3455 4741 prout
3511 4673 3685 4728 etiam
3717 4689 3830 4742 qua:

2229 4752 2390 4797 tract.
2423 4745 2476 4809 8,
2511 4759 2562 4813 p.
2595 4743 2703 4798 9.74
2728 4785 2742 4805 ,
2775 4741 3077 4810 explicasse
3117 4743 3323 4797 indicat
3353 4745 3438 4799 his
3469 4745 3658 4800 verbis
3691 4763 3704 4799 :
3737 4741 3831 4800 illis

2227 4814 2486 4868 cohaerent
2516 4832 2575 4867 ea
2602 4831 2719 4884 qua:
2747 4830 2838 4867 suo
2867 4815 2920 4867 in
2949 4814 3066 4868 loco
3093 4855 3107 4878 ,
3138 4823 3194 4868 ut
3241 4817 3474 4869 meminit
3505 4817 3715 4870 dilectio
3755 4833 3833 4872 re-

2229 4895 2374 4960 stra,_
2391 4887 2683 4939 minutatim
2712 4886 2962 4960 disserui,
2997 4885 3080 4938 ubi
3108 4888 3380 4956 confestim
3414 4887 3669 4960 Dominus
3697 4887 3833 4960 lega-

2230 4966 2309 5030 tos
2333 4956 2574 5030 Gentium
2602 4957 2929 5030 gratulanter
2969 4959 3317 5030 amplectens,
3345 4966 3398 5030 rel
3424 4959 3480 5011 in
3513 4963 3695 5024 paucis
3724 4956 3831 5014 cre-

2231 5029 2470 5081 dentibus
2500 5028 2656 5094 ﬁdem
2691 5028 2975 5101 praevidens
3004 5029 3463 5082 innumerabilium
3503 5034 3829 5101 populorum,

2232 5101 2362 5153 dixit
2386 5101 2645 5170 Apostolis
2689 5098 2707 5152 .'
2761 5098 2912 5153 Venit
2945 5103 3073 5152 hora
3103 5110 3157 5152 ut
3185 5098 3514 5170 gloriﬁcetur
3541 5098 3719 5158 Filius
3745 5098 3836 5158 ho-F

2234 5171 2405 5224 minis.
2437 5171 2575 5224 Vide
2603 5172 2679 5225 sis
2708 5179 2966 5224 annotata
2996 5171 3061 5224 :Id
3096 5173 3240 5225 hunc
3272 5172 3479 5227 locum.

2309 5238 2336 5277 ¹¹
2369 5241 2458 5296 Sic
2488 5241 2788 5306 editiones;
2831 5258 2962 5296 mss.
2999 5257 3132 5296 vero
3183 5259 3272 5311 per
3299 5244 3474 5310 ipsum
3509 5243 3835 5300 Paracletum

2235 5313 2486 5386 prtedicat
2515 5314 2995 5386 consunmutndam.
3019 5312 3150 5369 Urb.
3173 5331 3264 5386 pc_r
3285 5321 3460 5382 ipsum
3491 5314 3832 5384 Paraclitum,

2234 5385 2492 5458 idemque
2521 5386 2694 5458 codex
2726 5385 3044 5458 alibi_etiam
3081 5383 3523 5458 progparacletus
3555 5388 3687 5458 legit
3729 5383 3834 5458 Pa?-

2232 5456 2475 5519 raclitus;
2505 5455 2600 5510 sed
2635 5467 2814 5510 utrum
2848 5453 3152 5510 Paracletus
3185 5456 3476 5526 legendum
3502 5453 3698 5524 sit,'an
3730 5457 3836 5514 Pa-

2234 5527 2474 5590 raclitus,
2509 5544 2614 5580 non
2647 5528 2778 5580 satis
2808 5537 3020 5581 constat
3055 5529 3194 5583 inter
3222 5528 3494 5584 eruditos.
3551 5530 3744 5586 Exstat
3767 5529 3834 5589 de

2235 5597 2339 5653 hac
2371 5601 2611 5672 PCJUCUS
2653 5598 2990 5672 Hayjnonis,
3037 5597 3499 5672 Halberstatensis
3541 5603 3827 5672 episcopi,

2234 5683 2402 5742 super
2432 5669 3111 5739 EvangeliaDominicalia
3137 5671 3333 5742 dignus
3363 5671 3526 5737 plane
3555 5669 3650 5742 qui
3679 5689 3711 5727 a
3737 5669 3828 5729 no-

2235 5741 2322 5815 his
2353 5740 2438 5815 hic
2468 5742 2807 5815 describatur
2842 5761 2855 5795 :
2891 5739 3346 5815 Quidnin__ercus
3376 5739 3585 5798 veniens
3615 5747 3666 5798 in
3696 5745 3832 5815 pala-

2232 5814 2308 5868 tio
2333 5813 2489 5884 regis,
2519 5829 2634 5869 cum
2655 5814 2909 5885 legeretur
2937 5811 3070 5870 illud
3099 5811 3464 5887 Erangelium,
3484 5824 3534 5874 et
3555 5811 3828 5888 diceretur,
