4070 6346
257 359 362 416 945

1057 366 1288 425 SERMO
1325 368 1473 440 XIV,
1517 371 1604 428 DE
1644 372 1964 431 DlVERSlS
2001 376 2368 438 CAPITULIS
2406 383 2782 452 QUARTUSJ

250 472 366 513 sum
429 456 593 532 323
667 459 804 514 vobis
859 461 1005 530 apud
1079 479 1166 517 ros
1233 482 1466 521 manens.
1540 466 1853 523 Paracletus
1880 482 1927 538 Α
1958 474 2048 526 ubi
2087 491 2190 528 non
2225 476 2390 532 habet
2421 479 2523 532 nisi
2557 479 2672 534 sola
2703 495 2861 537 mens
2891 480 3068 537 ﬁdelis
3098 498 3407 550 accessum,
3439 501 3568 557 quae

250 561 421 608 autem
448 556 538 608 ille
563 555 792 625 Spiritus
821 568 1032 611 sanctus
1053 576 1205 628 quem
1244 563 1409 616 mittet
1435 561 1596 617 Pater
1622 580 1767 619 meus
1798 565 1850 617 in

252 648 461 702 nomine
489 665 600 704 meo
617 692 631 716 ,
664 649 755 704 ille
775 667 862 706 vos
884 652 1087 708 docebit
1112 656 1289 709 omnia
1314 701 1327 724 ,
1363 666 1412 710 et
1433 658 1731 713 admonebit
1755 674 1848 713 vos

251 741 424 793 omnia
447 759 561 808 qua:
590 759 682 814 ego
713 744 824 798 dixi
863 747 1004 800 robis
1054 745 1230 817 (Joan.
1273 728 1364 805 xiv
1386 793 1401 817 ,
1435 748 1551 821 25).
1584 752 1850 808 Prtenun-

251 830 391 887 tiare
435 833 659 903 quidem
715 837 888 892 beatis
936 841 1221 908 Apostolis
1253 843 1478 912 eloquio
1515 846 1620 899 isto
1664 846 1854 916 digna-

253 933 338 982 tus
386 938 470 982 est
511 937 568 984 et
599 944 757 985 suum
805 942 928 1003 post
963 935 1374 992 incumbentem
1427 939 1745 995 Passionctn
1782 941 1861 994 ad

250 1019 421 1074 etelos
473 1037 790 1090 regressum
812 1067 826 1089 ,
861 1033 918 1080 et
959 1028 1134 1082 sancti
1167 1028 1408 1097 Spiritus
1441 1046 1605 1101 super
1647 1049 1746 1088 eos
1781 1033 1851 1090 de

249 1113 403 1168 cmlis
453 1115 746 1170 adventum
775 1158 788 1179 ,
821 1132 942 1172 cum
975 1118 1108 1174 dicit
1143 1139 1154 1174 :
1205 1120 1338 1176 ch
1369 1122 1586 1178 locutus
1614 1143 1729 1178 sum
1758 1143 1850 1179 vo-

247 1207 321 1260 bis
347 1210 496 1275 apud
536 1226 627 1265 ros
665 1228 897 1267 manens.
937 1212 1246 1270 Paracletus
1276 1227 1448 1270 autem
1477 1217 1570 1272 ille
1618 1219 1851 1287 Spiritus

247 1309 464 1355 sanctus
492 1319 643 1374 quem
672 1305 837 1360 mittet
868 1304 1029 1360 Pater
1058 1324 1226 1362 meus.
1257 1309 1364 1366 Sed
1397 1327 1579 1382 neque
1612 1313 1850 1381 Spiritus

247 1402 472 1450 sanctus
505 1396 558 1450 in
589 1397 732 1453 coelo
759 1407 880 1453 erat
926 1399 1135 1469 solum,
1173 1413 1224 1456 et
1259 1403 1312 1457 in
1359 1413 1506 1458 terra
1540 1421 1647 1459 non
1686 1415 1846 1472 erat;

251 1502 428 1558 neque
474 1488 645 1545 Filius
679 1495 751 1547 ita
795 1491 964 1548 caelos
995 1509 1324 1552 ascensurus
1367 1507 1520 1564 erat,
1553 1508 1612 1554 ut
1667 1508 1850 1556 terras

243 1582 621 1653 relinqueret;
672 1600 848 1658 neque
901 1587 1062 1643 Pater
1093 1597 1306 1644 tantum
1357 1591 1641 1646 etelestetu
1695 1591 1852 1648 thro-

245 1691 374 1731 num
410 1677 689 1746 possidet,
730 1679 819 1734 nbi
851 1696 1100 1737 remeare
1132 1682 1340 1752 Filius,
1369 1694 1425 1740 et
1455 1687 1480 1715 ³
1511 1685 1657 1740 unde
1688 1700 1852 1742 sanc-

247 1777 334 1822 tus
365 1771 558 1825 venire
612 1770 850 1839 Spiritus
883 1775 1227 1842 perhibetur.
1252 1775 1385 1830 Nam
1420 1778 1684 1847 propheta
1721 1780 1848 1835 hea-

1958 566 2248 623 adorandte
2282 569 2565 626 Trinitatis
2597 575 2860 629 unitatem
2893 576 3062 632 sentit
3091 623 3105 647 ,
3139 579 3338 644 credit,
3384 581 3562 634 couti-

1956 667 2131 726 tetur,
2167 676 2230 716 ac
2282 663 2582 733 praedicat;
2642 668 2982 735 etquoniam
3023 670 3191 742 digne
3247 673 3563 747 exprimere

1955 767 2063 806 non
2099 763 2321 824 potest,
2360 758 2410 810 in
2446 773 2513 811 eo
2549 758 2632 813 vel
2685 761 2930 816 maxime
2957 763 3244 832 gloriatur.
3283 765 3399 833 Quo
3428 781 3563 837 ergo

1954 844 2037 898 ibo
2057 890 2070 912 ,
2105 847 2282 917 inquit
2309 892 2322 914 ,
2356 867 2388 904 a
2421 849 2629 922 Spiritu
2660 855 2792 908 tuo?
2818 864 2864 907 et
2891 871 2922 906 a
2951 857 3087 926 [acie
3112 868 3200 911 tua
3219 875 3322 930 quo
3346 861 3564 916 vatiam?

1957 938 2018 992 Si
2049 943 2332 996 ascendere
2365 945 2418 996 in
2465 944 2650 1000 caelum
2679 989 2694 1012 ,
2738 957 2793 1001 tu
2820 948 2932 1003 illic
2965 966 3020 1004 es
3041 968 3060 1005 :
3088 953 3134 1005 si
3163 952 3478 1009 descendero
3504 955 3562 1008 in

1951 1031 2212 1102 infernum
2238 1075 2252 1098 ,
2312 1037 2436 1090 ades
2461 1054 2480 1091 :
2510 1039 2554 1092 si
2581 1055 2846 1112 sumpsero
2896 1060 3094 1114 pennas
3143 1062 3284 1099 meas
3311 1048 3363 1099 in
3391 1048 3562 1101 direc-

1953 1133 2062 1177 tum
2092 1126 2116 1156 θ
2147 1136 2194 1179 et
2223 1125 2469 1184 habitabo
2500 1132 2552 1184 in
2581 1143 2838 1203 postremo
2871 1137 3029 1190 maris
3065 1153 3085 1191 .°
3115 1138 3426 1194 etenimillic
3447 1158 3563 1196 ma-

1953 1235 2051 1272 nus
2075 1219 2240 1292 324
2268 1231 2357 1275 tua
2402 1223 2586 1277 tenebit
2633 1241 2744 1288 me,
2777 1238 2826 1281 et
2853 1228 3069 1284 deducet
3097 1247 3178 1284 me
3222 1232 3435 1288 dextera
3471 1245 3564 1289 tua

1953 1310 2069 1382 (Ps.
2102 1315 2382 1386 cxxxvm).
2422 1315 2756 1373 ‘ludivisam
2791 1320 3079 1378 Trinitatis
3135 1336 3382 1381 naturam
3422 1343 3557 1383 eon-

1950 1403 2117 1460 fessio
2169 1408 2268 1462 ista
2301 1411 2554 1478 signavit.
2590 1412 2705 1480 Quo
2736 1414 2839 1481 ibo,
2867 1417 3071 1486 inquit,
3118 1435 3148 1471 a
3180 1421 3373 1488 spiritu
3417 1425 3559 1477 tuo?

1954 1500 2073 1569 ipso
2104 1517 2299 1573 nempe
2342 1505 2655 1574 Paracleto,
2697 1509 2856 1579 cujus
2886 1511 3277 1581 plenitudinem
3331 1532 3558 1572 sumen-

1954 1605 2036 1651 tes
2065 1595 2348 1664 Apostoli,
2403 1601 2825 1669 promissionem
2865 1605 2959 1660 Dei
3013 1606 3247 1661 fatentur
3279 1609 3561 1678 impletam

1952 1687 2098 1743 Petri
2113 1693 2484 1745 oretestantis:
2511 1692 2622 1746 Hoc
2635 1695 2858 1766 estquod
2877 1698 3071 1752 dictum
3093 1710 3165 1753 est
3185 1719 3274 1772 per
3297 1701 3416 1755 Joel
3435 1720 3560 1775 pro-

1952 1783 2157 1855 phetam
2185 1801 2203 1838 .·
2227 1783 2292 1838 In
2315 1787 2602 1842 novissimis
2632 1790 2845 1860 diebus(
2862 1791 3564 1867 dicitDominus)effundam

246 1863 490 1918 tissimus
515 1863 827 1934 huiusmodi
860 1867 1276 1924 confessionem
1309 1871 1477 1925 refert
1499 1873 1562 1924 ad
1589 1872 1805 1929 Patrem
1830 1891 1842 1927 :
1875 1880 1924 1940 Β
1950 1875 2014 1927 de
2042 1874 2243 1947 Spiritu
2272 1894 2383 1930 meo
2401 1895 2559 1948 super
2597 1896 2800 1934 omnem
2827 1898 3032 1936 carnem
3058 1883 3198 1955 (Act.
3231 1863 3302 1951 1t,
3323 1863 3454 1942 licet
3480 1889 3564 1961 ιι).

249 1956 365 2024 Quo
395 1958 512 2023 ibo,
548 1958 728 2028 inquit
754 2001 768 2024 ,
803 1977 834 2014 a
859 1960 1064 2034 Spiritu
1097 1964 1235 2017 tuo?
1261 1961 1289 2000 δ
1323 1973 1371 2019 et
1402 1982 1433 2018 a
1463 1965 1598 2034 facie
1629 1978 1718 2020 tua
1746 1985 1850 2039 quo

242 2051 483 2105 cadam?
515 2051 578 2107 Si
606 2054 885 2108 escendero
935 2060 990 2109 in
1038 2057 1257 2125 caelum,
1310 2067 1363 2111 tu
1396 2057 1506 2112 illic
1533 2076 1586 2114 es
1611 2079 1628 2114 :
1670 2063 1715 2114 si
1755 2063 1846 2116 de.-

243 2145 495 2198 scendero
517 2145 572 2198 in
601 2146 888 2216 infernum,
922 2150 1045 2202 ades
1069 2167 1087 2204 :
1117 2151 1163 2204 si
1196 2167 1463 2223 sumpsero
1491 2170 1683 2224 pennas
1711 2171 1850 2210 meas

242 2235 296 2289 in
345 2237 636 2304 directum,
671 2248 720 2293 et
764 2239 1064 2296 habitavere
1115 2242 1171 2297 in
1227 2252 1485 2314 postremo
1531 2248 1694 2300 maris
1725 2246 1846 2319 (Ps.

243 2331 532 2403 cxxxvm).
567 2331 630 2389 Si
678 2350 978 2408 sumpsero,
1014 2335 1233 2407 inquit,
1270 2355 1467 2408 pennas
1514 2356 1687 2408 meas,
1739 2352 1844 2398 etc.

243 2423 392 2478 Bene
423 2425 571 2495 quod
619 2442 830 2497 pennas
881 2446 1008 2486 suas
1066 2430 1248 2496 habet,
1281 2432 1476 2503 quibus
1504 2436 1801 2504 assumptis
1832 2479 1848 2502 ,

243 2534 597 2590 quocumque
628 2521 945 2590 desiderat,
1000 2535 1275 2594 penetrat.
1307 2526 1581 2583 Cancrum
1613 2531 1854 2601 qualiter

242 2614 512 2685 propheta
559 2616 614 2671 in
673 2632 907 2689 corpore
945 2623 1324 2690 constitutus,
1392 2623 1479 2678 vel
1536 2622 1589 2677 in
1647 2626 1847 2680 coelum

249 2723 583 2767 ascensurus
614 2714 767 2782 eratf,
816 2714 902 2770 vel
937 2716 990 2768 in
1025 2715 1298 2772 infernum
1331 2718 1723 2785 descensurus,
1769 2722 1854 2776 vel

243 2808 398 2855 trans
427 2802 615 2856 ultima
648 2804 823 2858 maria
857 2810 1244 2874 perrecturus?
1274 2808 1418 2877 Quas
1454 2810 1850 2882 Iandem,quas

243 2891 409 2949 habet
462 2895 720 2966 pennas?
749 2897 879 2952 Alas
912 2899 1034 2953 fidei
1095 2916 1250 2956 mens
1281 2902 1561 2957 credentis
1593 2906 1848 2972 assumit,

249 2999 272 3027 ο
332 2998 390 3043 ut
419 2989 708 3046 sublimior
735 3008 764 3046 a
798 2992 1065 3062 terrenis,
1108 3003 1165 3049 et
1211 3003 1356 3050 totus
1387 2996 1439 3051 in
1485 2996 1682 3067 spiritu
1713 3013 1849 3053 con-

242 3081 491 3145 stitutus,
528 3085 691 3152 possit
720 3086 1159 3157 comprehendere
1189 3104 1306 3142 cum
1339 3089 1578 3144 omnibus
1617 3093 1810 3145 sanctis
1835 3134 1849 3157 ,

241 3193 357 3248 qua:
381 3178 448 3232 sit
475 3176 751 3253 longitudo
771 3221 788 3247 ,
817 3191 866 3235 et
892 3180 1119 3236 latitudo
1139 3225 1154 3250 ,
1186 3193 1233 3237 et
1263 3184 1486 3238 altitudo
1506 3227 1521 3251 ,
1555 3194 1606 3240 et
1637 3190 1850 3256 profun-

239 3270 366 3324 dum
397 3272 624 3326 scientiw
664 3273 758 3326 Dei
789 3273 1013 3345 (Ep/tes.
1047 3274 1149 3344 nt).
1187 3275 1325 3330 Istas
1362 3277 1489 3332 fidei
1520 3279 1636 3333 alas
1664 3276 1838 3333 htere-

241 3362 334 3418 tici
365 3379 473 3419 non
505 3364 806 3433 habentes,
847 3367 914 3421 de
965 3369 1077 3424 Deo
1109 3368 1391 3438 diSputant
1426 3412 1439 3434 ,
1492 3381 1546 3425 et
1596 3387 1695 3442 per
1731 3381 1840 3427 ter-

237 3471 368 3513 rena
398 3458 696 3514 volvuntur
727 3477 740 3526 ;
798 3469 853 3514 et
883 3475 910 3512 a
943 3461 1280 3516 sublimitate
1311 3462 1481 3517 divini
1516 3463 1833 3525 intellectus

237 3551 306 3606 ad
335 3553 580 3622 caduca,
614 3561 779 3624 atque
832 3555 1072 3610 carnalia
1129 3555 1512 3623 deducuntur,
1549 3557 1846 3628 cogitatio-

239 3659 371 3699 num
405 3647 741 3701 terrestrium
772 3643 797 3682 ά
832 3647 1071 3716 pondere
1102 3649 1449 3720 praagravati.
1484 3647 1592 3704 Nec
1623 3649 1690 3704 ad
1735 3666 1837 3705 no-

241 3735 415 3793 titiam
449 3747 680 3808 possuot
705 3737 854 3794 illius
887 3740 1166 3795 immensa:
1190 3739 1496 3796 divinitatis
1525 3741 1795 3798 accedere
1819 3784 1832 3808 ,

237 3988 575 4052 Paraclitus;
635 3987 770 4043 dixit
801 4004 819 4043 :
848 3987 1167 4042 Paracletus
1221 3987 1420 4041 deberet
1476 3987 1600 4040 dici.
1651 3986 1843 4039 Tamen

236 4078 330 4117 nos
370 4078 474 4114 non
523 4061 776 4115 audemus
802 4059 942 4138 i_l_lud
969 4068 1192 4138 mutare,
1224 4075 1287 4138 ea:
1316 4058 1700 4138 consuetudine.
1737 4056 1845 4138 Pa-

233 4134 452 4188 raclitus
503 4133 742 4187 barbare
799 4129 906 4184 dici
959 4131 1070 4184 vult
1119 4130 1363 4198 Scaliger
1411 4131 1496 4184 LI
1547 4128 1614 4183 de
1662 4128 1843 4182 causis

234 4204 298 4260 L.
334 4205 394 4259 L.
443 4220 493 4259 c.
535 4205 629 4266 26,
675 4202 920 4272 quamvis
975 4203 1114 4255 hanc
1172 4216 1360 4254 vocem
1420 4201 1557 4254 tueri
1615 4208 1845 4272 conetur

233 4277 476 4332 Joannes
526 4269 766 4341 Baptista
821 4273 1130 4334 Thiersius.
1175 4273 1396 4326 dissert.
1441 4273 1508 4326 de
1553 4269 1840 4324 retinenda

233 4365 368 4405 Voce
403 4347 735 4410 Paraclitus;
765 4354 821 4399 at
851 4344 1181 4399 Paracletum
1213 4342 1515 4412 penultima
1548 4342 1704 4410 longa
1726 4358 1844 4392 mn-

236 4421 367 4476 nino
399 4419 501 4474 dici
535 4419 760 4478 debere.
791 4416 1432 4494 ContenditQuintianus
1460 4413 1844 4494 Stoillntntrni-

234 4508 364 4560 ceps
398 4501 607 4550 noster,
687 4489 1030 4558 Epographia
1084 4488 1140 4552 4,
1197 4502 1318 4560 cap.
1369 4487 1425 4545 4,
1462 4501 1512 4555 ρ.
1544 4484 1680 4560 Ξῖϐ,
1707 4484 1840 4560 edit.

235 4554 460 4620 Veneta:
493 4562 662 4628 1568,
696 4554 835 4628 apud
870 4554 1539 4632 HieronytnumScmutn.
1569 4555 1712 4632 God1
1739 4554 1844 4608 0e—

233 4637 365 4691 tavii
400 4624 1268 4704 Pantagaihiconstanter'habet
1297 4629 1634 4688 Paracletus,
1669 4624 1842 4679 Para-

238 4709 448 4780 cletum,
479 4705 788 4780 PttraC!610-_
903 4775 935 4780 __
970 4777 980 4780 _
1327 4770 1359 4780 ..
1572 4770 1600 4780 Α-
1629 4769 1640 4780 ο

306 4789 332 4816 ει
375 4765 467 4835 Sic
495 4776 820 4850 Parisiensis
853 4775 1042 4850 editio,
1076 4783 1129 4827 et
1159 4771 1300 4850 liber
1322 4769 1666 4840 Pantagathi.
1693 4765 1840 4850 Yett.

233 4851 396 4906 codd.
431 4859 612 4904 autem
645 4865 658 4900 :
701 4849 840 4901 unde
880 4847 1110 4919 Spiritus
1148 4845 1320 4899 venire
1357 4839 1567 4919 sanctus
1605 4839 1839 4912 perhibe-

231 4931 335 4978 tur.
381 4924 506 4977 Duze
544 4921 667 4974 alite
708 4915 975 4975 editiones
1014 4918 1208 4972 vitiose
1241 4937 1254 4968 :
1316 4915 1455 4968 unde
1506 4921 1717 4968 sanctus
1756 4929 1842 4966 ve-

234 4997 350 5050 nire
383 4995 618 5067 Spiritus
654 4990 974 5067 prohibetur.
1015 5061 1027 5067 _
1404 5055 1443 5067 ﬁ
1531 5064 1540 5067 _
1662 5055 1691 5067 ν,
1718 5056 1730 5067 ,

303 5067 330 5106 b
372 5055 724 5122 Ft'orentio'us
747 5106 762 5128 ,
810 5062 952 5115 Vatt.
998 5061 1105 5114 duo
1137 5067 1192 5113 et
1226 5058 1364 5112 liber
1404 5055 1730 5124 Pantagathi
1765 5097 1779 5119 ,
1808 5072 1841 5108 a

231 5140 366 5211 facie
390 5146 480 5191 tua
504 5152 606 5211 quo
631 5136 831 5211 fugiant
859 5135 1152 5211 ?_Constat
1180 5145 1246 5211 ex
1278 5129 1533 5211 hoc'loeo
1559 5128 1838 5211 ,“aliisque

231 5198 338 5266 non
386 5198 606 5281 paucis,
631 5198 1010 5282 'Gitudentium
1052 5201 1534 5282 peculiaridaliqua
1570 5198 1836 5282 Yersione

229 5271 402 5339 usum.
424 5271 626 5341 fuisse,
671 5280 770 5334 nisi
814 5277 953 5332 forte
1002 5271 1071 5328 ea
1094 5273 1195 5327 fuit
1233 5271 1458 5340 antiqua
1499 5271 1627 5325 Itala
1661 5312 1677 5336 ,
1709 5285 1832 5326 cum

229 5369 422 5411 eorum
451 5368 572 5423 quae
633 5349 876 5418 proiert,
907 5358 1315 5423 saape_nu_me_ro
1354 5351 1450 5397 aut
1501 5341 1644 5423 nulla
1682 5388 1710 5423 ζ
1734 5351 1835 5423 aut

233 5427 435 5496 exigua
470 5411 772 5496 'admo'dum
805 5411 1036 5496 vestigia
1067 5417 1119 5470 in
1153 5414 1382 5483 Vulgata
1421 5457 1435 5480 ,
1489 5414 1572 5467 vel
1607 5415 1657 5465 in
1690 5411 1836 5467 LXX

231 5490 692 5559 inte'rpretatione
723 5490 1216 5566 deprehendamus.
1273 5565 1276 5566 ν
1359 5562 1368 5566 Α
1591 5554 1604 5566 ο

305 5553 338 5610 ον
374 5553 835 5637 ὑθρτθνδιίεείηίβ
865 5560 994 5637 βάθη
1032 5558 1368 5637 ιθὲἵθωηᾘω
1393 5553 1706 5637 sublimi-om
1732 5565 1838 5609 (er-

229 5643 394 5706 renis,
424 5626 480 5693 ut
505 5647 640 5709 totus
667 5638 721 5689 in
750 5635 958 5709 spiritu.
989 5626 1133 5709 qun—tl
1178 5627 1389 5701 σφάλμα
1417 5626 1835 5709 emendavitnus

231 5731 299 5770 ex
329 5699 543 5767 duobus
574 5707 720 5761 Vatt.
767 5699 968 5775 quibus
999 5699 1325 5770 suffragatur
1369 5699 1532 5753 etiam
1563 5699 1832 5768 scriptura

231 5785 356 5841 cod.
382 5779 593 5838 Octavii
623 5775 961 5844 Pantagathi.

304 5856 332 5893 τί
373 5856 466 5912 Sic
495 5852 644 5908 Flor.
678 5860 732 5904 et
761 5841 905 5902 Vati.
936 5845 1064 5900 duo.
1087 5842 1152 5916 plu
1191 5842 1354 5898 editis
1379 5885 1392 5908 ,
1443 5841 1672 5911 pondere.
1714 5857 1834 5911 gra-

230 5934 358 5982 θηιὶ.

1953 1967 2025 2022 Et
2047 1988 2079 2023 a
2111 1974 2242 2043 facie
2272 1982 2359 2026 tua
2382 1991 2484 2046 quo
2510 1975 2698 2028 vadam
2721 1975 2839 2046 (Ps.
2867 1978 3138 2050 cxxxvnt)
3167 1981 3192 2034 ἲ
3219 1979 3266 2034 Α
3289 1980 3428 2037 Filio
3457 1982 3566 2038 sci-

1955 2062 2107 2128 licet,
2159 2065 2246 2133 qui
2283 2065 2448 2122 facies
2481 2067 2659 2121 Patris
2691 2079 2815 2134 est;
2860 2073 3116 2137 quoniam
3149 2071 3312 2127 Pater
3342 2073 3564 2129 videtur

1955 2157 2006 2211 in
2041 2156 2184 2211 Filio
2206 2201 2220 2222 ,
2246 2158 2406 2227 juxta
2433 2161 2604 2228 ipsius
2630 2161 2843 2216 Domini
2873 2162 3174 2218 Salvatoris
3205 2167 3558 2232 sententiam,

1953 2250 2041 2319 qui
2068 2250 2379 2305 obsecranti
2413 2252 2662 2322 Philippo
2692 2295 2707 2319 ,
2743 2253 2997 2322 Domine,
3039 2257 3250 2311 ostende
3278 2258 3426 2312 nobis
3452 2257 3562 2311 Pa-

1953 2351 2104 2407 trem,
2137 2350 2184 2396 et
2208 2344 2405 2413 sufﬁcit
2445 2346 2624 2410 nobis,
2670 2347 2741 2401 ita
2764 2347 3089 2416 respondit:
3131 2348 3300 2404 Tanto
3327 2359 3564 2421 tempore

1952 2449 2066 2487 sum
2107 2433 2367 2489 vobiscum
2400 2453 2418 2490 :
2448 2447 2494 2490 et
2527 2454 2631 2491 non
2683 2440 2967 2510 agnovistis
2996 2455 3078 2493 me
3106 2442 3130 2494 ?
3162 2440 3440 2515 Philippe,
3472 2445 3563 2513 qui

1951 2526 2082 2580 vidit
2115 2545 2225 2593 me,
2259 2529 2394 2582 ridet
2422 2537 2471 2584 et
2499 2528 2716 2584 Patre-tn
2745 2547 2933 2585 meum.
2983 2531 3257 2598 Quomodo
3292 2543 3348 2586 tu
3377 2534 3508 2589 dicis
3539 2551 3560 2589 :

1955 2620 2167 2673 ostende
2187 2619 2332 2674 nobis
2359 2619 2576 2676 Patrem
2599 2623 2624 2676 ?
2655 2621 2781 2676 Non
2807 2623 2978 2676 credis
2998 2625 3124 2694 quia
3151 2640 3246 2693 ego
3276 2626 3330 2677 in
3363 2623 3556 2693 Patre,

1953 2721 1999 2764 et
2025 2710 2185 2764 Pater
2215 2713 2269 2766 in
2301 2729 2380 2765 me
2407 2721 2481 2766 est
2521 2711 2706 2782 (Joan.
2743 2713 2900 2783 xiv)?
2942 2713 3022 2768 Ne
3053 2729 3183 2769 vero
3212 2713 3417 2769 divisus
3451 2731 3557 2786 pu-

1954 2815 2164 2860 taretur
2188 2807 2267 2861 vel
2299 2805 2535 2874 Spiritus
2582 2817 2804 2862 sanctus
2833 2823 2862 2861 a
2886 2806 3050 2862 Patre
3071 2849 3086 2874 ,
3133 2809 3291 2877 cuius
3322 2809 3561 2876 Spiritus

1954 2907 2057 2962 est,
2089 2900 2176 2954 vel
2233 2899 2399 2954 Filius
2427 2901 2496 2954 ab
2525 2915 2590 2954 eo
2618 2899 2942 2956 crederetur
2971 2900 3287 2968 seiunctus,
3319 2902 3476 2972 cujus
3505 2911 3562 2958 et

1955 2990 2124 3046 facies
2146 3033 2159 3055 ,
2192 2999 2248 3046 et
2275 2991 2498 3047 dextera
2526 3033 2542 3058 ,
2573 3001 2630 3046 et
2658 2993 2958 3061 sapientia,
3005 3003 3058 3047 et
3085 2993 3262 3047 virtus
3292 3002 3416 3060 est;
3449 3009 3557 3050 non

1953 3081 2066 3136 ait:
2102 3081 2163 3137 Si
2194 3082 2472 3138 ascendero
2513 3085 2568 3136 in
2615 3084 2831 3149 caelum,
2877 3083 3108 3155 Spiritus
3149 3095 3268 3139 tuus
3297 3084 3410 3138 illic
3438 3093 3559 3152 est;

1954 3178 2064 3238 vel.
2096 3181 2254 3248 facies
2287 3190 2408 3242 tua,
2440 3187 2488 3232 et
2515 3178 2746 3248 Spiritus
2778 3188 2896 3233 tuus
2944 3177 3059 3232 illic
3096 3187 3216 3232 sunt
3243 3195 3261 3232 :
3291 3179 3386 3233 sed
3421 3221 3433 3240 .
3468 3189 3547 3246 tu,

1945 3272 2120 3342 inquit
2149 3317 2161 3339 ,
2195 3272 2305 3326 illic
2334 3291 2383 3328 es
2408 3289 2424 3324 :
2455 3288 2576 3327 cum
2637 3272 2777 3327 Filio
2831 3273 3020 3341 utique
3047 3314 3060 3335 ,
3112 3280 3168 3326 et
3195 3286 3317 3327 cum
3347 3271 3558 3340 Spiritu

1951 3376 2174 3430 sancto;
2208 3367 2464 3436 quoniam
2494 3365 2781 3421 Trinitatis
2827 3364 3124 3420 adoranda:
3174 3378 3286 3418 una
3335 3363 3558 3418 eadem-

1947 3477 2054 3532 que
2114 3461 2372 3516 divinitas
2403 3474 2624 3528 semper
2652 3458 2856 3527 ubique
2885 3466 2988 3512 est.
3022 3454 3124 3512 Sed
3157 3464 3216 3509 ut
3263 3455 3468 3521 Patris,
3498 3464 3556 3510 et

1947 3553 2102 3621 Filii,
2136 3564 2190 3608 et
2237 3553 2475 3622 Spiritus
2525 3551 2698 3606 sancti
2725 3591 2740 3617 ,
2773 3565 2876 3604 una
2931 3548 3241 3603 traderetur
3270 3547 3552 3602 credenti-

1945 3648 2049 3703 bus
2081 3647 2248 3710 fides,
2283 3654 2340 3700 et
2393 3643 2646 3700 distincta
2700 3642 2975 3699 cenfessio
3005 3686 3020 3709 ,
3054 3649 3343 3712 propterea
3390 3639 3554 3696 Pater

1949 3751 2003 3795 et
2036 3739 2230 3794 Filium
2261 3740 2511 3804 mittere,
2545 3745 2601 3793 et
2639 3735 2910 3807 Spiritum
2942 3745 3192 3792 sanctum
3244 3732 3502 3791 scribitur
3523 3749 3537 3764 °

2029 3995 2052 4021 ε
2093 3974 2348 4048 Uterque
2385 3984 2545 4042 νει..
2593 3993 2640 4038 et
2688 3985 2990 4039 habitavero
3017 4001 3069 4037 tn
3103 3989 3328 4037 extrema
3355 3982 3550 4048 maris;

1950 4056 2136 4121 Flor.,
2177 4067 2225 4109 et
2264 4057 2504 4110 habitabo
2552 4057 2602 4108 in
2653 4068 2912 4126 postrema
2942 4056 3123 4108 maris.
3157 4053 3324 4107 Liber
3354 4053 3554 4108 Panta-

1949 4129 2098 4198 gathi
2128 4171 2141 4193 ,
2175 4138 2222 4180 et
2252 4127 2548 4180 habitavero
2595 4129 2649 4198 in
2677 4137 2937 4198 postrema
2975 4128 3154 4198 maris.

2027 4197 2047 4235 τ
2089 4198 2470 4253 ReStituendte
2526 4192 2745 4252 lectioni
2803 4197 3013 4250 nullum
3074 4192 3375 4249 subsidium
3410 4192 3556 4247 fere-

1949 4269 2083 4323 bant
2133 4268 2294 4323 eodd.
2358 4284 2479 4323 cum
2514 4276 2693 4321 tamen
2728 4270 2782 4322 in
2814 4268 2979 4321 editis
3009 4264 3362 4319 manifestum
3404 4275 3553 4317 esset

1951 4341 2210 4396 mendum
2246 4381 2261 4404 ,
2315 4340 2402 4394 ubi
2447 4354 2545 4408 pro
2584 4338 2875 4416 indivisam
2918 4332 3552 4416 habetneind'iuulsam",

1948 4413 2137 4480 itaque
2165 4403 2350 4465 voCem
2396 4403 2535 4464 hanc
2584 4420 2699 4464 tuto
2739 4409 3025 4479 eiecimus.
3055 4404 3195 4462 Cod.
3243 4403 3378 4459 Urb.
3427 4404 3560 4480 legit

1950 4474 2210 4537 invulsam
2262 4483 2535 4537 Trinitatis
2587 4474 2833 4558 naturan
2859 4523 2874 4543 ,
2907 4481 3056 4532 nullo
3095 4491 3302 4558 sensu}
3345 4485 3398 4558 at
3429 4474 3554 4556 eod.

1951 4554 2302 4626 Pantagatbi,
2334 4555 2426 4625 qui
2468 4569 2607 4608 unus
2652 4556 2753 4606 hoc
2785 4552 3247 4626 locesannsest,
3277 4547 3560 4626 indivisam

1954 4625 2230 4680 Trinitatis
2254 4620 2496 4700 naturam
2522 4641 2536 4686 ;
2568 4640 2738 4696 quare
2769 4635 2822 4680 et
2854 4620 3390 4700 aliornm_libro_rum
3415 4620 3560 4700 vitio

1952 4699 2240 4762 medetur,
2273 4707 2327 4752 et
2373 4687 2751 4764 conject-uram
2799 4705 3047 4749 noSIram
3098 4693 3152 4746 in
3200 4689 3367 4759 priori
3389 4687 3560 4764 _Gau-

1951 4769 2121 4826 dentii
2153 4759 2393 4824 editione
2439 4759 2712 4839 vulgatam
2758 4767 2982 4839 egregie
3030 4759 3559 4839 centi_rtnat._Porro

1874 4815 1922 4875 υ
1950 4815 2430 4911 sagax-astas
2452 4815 2710 4896 ’ῇιῖεηειηί
2734 4815 3140 4908 asa
3170 4835 3268 4911 is.
3303 4851 3318 4889 .
3349 4831 3468 4911 sa.
3501 4847 3552 4888 c.

1951 4905 1982 4966 Ι
1989 4916 2012 4968 1
2038 4956 2050 4977 ,
2076 4912 2370 4966 indivutsus
2402 4929 2590 4972 comes,
2616 4928 2722 4966 non
2748 4905 3037 4980 propterea
3061 4906 3420 4973 credideram,
3450 4905 3553 4961 hac

1945 4986 2097 5040 Vocis
2140 4985 2381 5038 novitate
2430 4984 2796 5040 Gaudentium
2827 4982 2895 5036 de
2918 4980 3187 5036 Trinitate
3228 4981 3556 5047 loquentem

1947 5058 2024 5109 uti
2049 5055 2310 5132 voluisse.
2326 5055 2790 5132 Emendationem
2814 5064 3081 5132 praeterea
3101 5063 3346 5132 nostram
3368 5049 3554 5132 adhuc

1946 5127 2120 5196 magis
2153 5125 2513 5180 indubitatam
2547 5125 2804 5179 reddebat
2840 5124 2984 5196 quod
3027 5125 3190 5196 paulo
3225 5129 3345 5192 post
3366 5124 3553 5188 sequi-

1947 5195 2072 5252 turi:
2110 5196 2193 5250 Ne
2222 5213 2339 5273 uero
2363 5196 2579 5273 divisus
2607 5206 2879 5273 putaretur
2908 5195 2986 5249 vel
3019 5195 3248 5273 Spiritus
3275 5201 3487 5273 sanctus
3518 5209 3551 5246 a

1945 5268 2137 5335 Patre,
2173 5269 2251 5322 vel
2281 5265 2458 5321 Filius
2482 5269 2545 5320 ab
2572 5263 2633 5321 eo
2659 5267 2958 5339 crederetur
2985 5263 3251 5339 sejunctas
3271 5306 3284 5324 ,
3321 5263 3550 5339 _Vig_ilius

1939 5334 2238 5404 Tapsensis
2259 5383 2298 5416 ,_
2326 5339 2500 5416 li_l_t._v
2543 5339 2610 5416 de
2641 5339 2817 5416 Irim.
2870 5334 3250 5416 Ipeno'rrabilis
3277 5334 3546 5416 plenitudo

1939 5413 2240 5467 substantia:
2287 5411 2535 5465 indivisae
2567 5408 2858 5464 Trinitatis.
2892 5409 3264 5464 Tertullianus
3296 5408 3504 5472 pariter
3531 5445 3548 5469 ,

1939 5485 2157 5538 advers.
2205 5483 2480 5558 Praxeam
2523 5483 2750 5558 (ταβλες
2801 5480 3078 5558 Radix,_et
3113 5478 3284 5558 frutex
3310 5477 3427 5529 dua:
3464 5489 3548 5558 res

1939 5563 2091 5619 sunt,
2125 5555 2213 5629 sed
2249 5548 2604 5629 conjunctae;
2621 5551 2685 5606 Et
2726 5557 2842 5629 fons
2863 5597 2877 5620 ,
2908 5560 2954 5602 et
2983 5551 3177 5629 ﬂumen
3199 5548 3318 5629 date
3347 5548 3546 5629 species

1937 5616 2086 5685 sunt.
2109 5627 2198 5680 sed
2249 5616 2520 5703 indivisa}.
2553 5625 2619 5679 Et
2657 5616 2816 5703 paulo
2836 5616 3016 5703 post:
3053 5618 3189 5703 Ecce
3213 5616 3540 5703 .enimndicp

1942 5699 2108 5751 alium
2136 5713 2243 5751 esse
2277 5696 2486 5749 Patrem
2507 5737 2522 5762 ,
2557 5706 2604 5749 et
2635 5687 2798 5748 alium
2824 5691 3069 5762 Filium,
3099 5699 3146 5743 et
3173 5687 3547 5762 alium_Spiri-

1946 5779 2053 5823 tum
2081 5785 2100 5823 ,ο
2132 5785 2233 5842 non
2287 5778 2455 5842 tamen
2487 5757 2796 5842 diversitate
2828 5759 3070 5842 aliumuF
3071 5763 3223 5814 ilium
3251 5775 3289 5842 tt
3331 5757 3489 5842 Patre
3524 5798 3542 5824 ,

1942 5841 2034 5895 sed
2059 5840 2464 5902 distributione;
2498 5855 2592 5893 nec
2637 5837 2911 5891 divisione
2939 5833 3100 5888 alium
3131 5874 3144 5900 ,
3198 5831 3289 5886 sed
3318 5830 3541 5885 distinc-

1940 5911 2095 5966 tione.

3457 395 3565 452 ato
3629 383 3648 398 ‘
